3878 6312
417 215 512 270 6'51

413 429 591 500 signo,
635 429 930 499 genialibus
962 429 1134 483 lusum
1166 430 1312 493 toris,
1347 438 1400 484 et
1441 430 1777 502 voluptatum
1813 449 2009 490 conse-

413 524 688 590 quentimn
720 520 944 575 ﬁnibus»
974 521 1214 593 (Arnob,
1243 523 1331 576 lib.
1356 538 1450 590 vtt,
1480 542 1599 596 pug.
1631 526 1734 581 106
1753 537 1798 580 et
1817 529 2000 600 καφ).

411 617 480 668 At
511 615 624 669 hare
652 631 865 670 rursum
913 615 999 670 ille
1025 629 1089 670 ex
1117 615 1393 672 Clemente
1415 619 1779 675 Alexandrino
1801 633 2011 677 mutua-

409 716 494 760 tus
518 719 618 763 est.
667 708 910 762 Totidem
957 711 1155 778 quippe
1209 709 1324 764 lucc
1376 709 1515 766 illius
1546 722 1671 767 sunt
1719 715 1921 770 verba:
1951 715 2008 771 Ὀ

410 804 628 878 Κύπριος
657 802 684 857 ὁ
712 803 1005 878 Πυγμαλίων
1035 805 1219 864 ἐκεῖνος
1257 805 1568 877 ἐλεφαντίνου
1607 809 1799 882 ἠράσθη
1855 811 2008 882 αγάλο

405 915 588 965 ματος.
617 897 676 949 τὸ
704 891 910 969 ἄγαλμα
934 892 1225 969 Ἀφροδίτης
1251 892 1330 959 ἦν,
1354 899 1445 951 καὶ
1459 903 1623 969 γυμνὴ
1648 895 1725 957 ἦν·
1753 903 1956 956 νικᾶται
1981 899 2006 954 ὁ

405 989 625 1062 Κύπριος
651 994 723 1059 τῷ
755 991 1018 1059 σχήματι,
1056 991 1142 1040 καὶ
1172 989 1489 1063 συνέρχεται
1516 997 1589 1062 τῷ
1617 991 1888 1064 ἀγάλματι.
1922 997 2008 1047 καί

404 1085 556 1135 τοῦτο
582 1081 942 1154 Φιλοστέφανος
969 1083 1179 1156 ἱστορεῖ.
1215 1080 1476 1155 Ἀφροδίτη
1507 1081 1560 1138 δὲ
1587 1081 1706 1143 ἄλλη
1729 1087 1778 1139 ἐν
1805 1084 1964 1159 Κνίδῳ
1986 1129 2002 1153 ,

403 1174 533 1233 λίθος
554 1171 632 1239 ἧν,
662 1179 747 1228 καὶ
771 1176 895 1234 καλὴ
919 1173 994 1234 ἦν.
1026 1177 1198 1251 ἔτερος
1225 1178 1419 1251 ἠράσθη
1449 1179 1664 1242 ταύτης,
1698 1184 1783 1233 καί
1822 1183 2005 1254 μίγνυ-

403 1290 487 1322 ται
513 1277 585 1342 τῷ
609 1270 742 1342 λίθῳ.
776 1268 1087 1330 Ποσίδιπττος
1131 1272 1347 1346 ἱστορεῖ·
1381 1271 1406 1326 ὁ
1455 1276 1546 1344 μὲν
1572 1273 1822 1350 πρότερος
1853 1277 1901 1329 ἐν
1929 1285 2004 1350 τῷ

401 1367 521 1438 περὶ
561 1364 838 1438 κύπρον,ὀ
869 1361 924 1417 δὲ
961 1364 1133 1439 ἕτερος
1161 1365 1206 1416 ἐν
1253 1373 1325 1437 τῷ
1366 1369 1485 1443 περὶ
1527 1365 1701 1422 Κνίδου
1730 1366 2003 1439 (Clemens

401 1457 712 1515 Μέλπειαν..
738 1457 977 1510 Admonit
1021 1455 1091 1508 ad
1137 1466 1296 1525 gent.,
1350 1475 1469 1529 pag.
1503 1460 1620 1528 58).
1689 1458 2001 1531 Pygmalion

402 1549 491 1602 ille
515 1547 736 1629 Cyprius
761 1549 1030 1602 eburneam
1057 1551 1246 1602 antovit
1275 1560 1534 1616 statuam;
1557 1562 1665 1605 erat
1695 1569 1756 1604 ea
1785 1553 2000 1606 simula-

401 1658 542 1695 crum
588 1641 810 1707 Veneria,
838 1655 886 1696 et
909 1653 1014 1697 erat
1042 1644 1257 1698 nudum.
1292 1643 1527 1700 Movelur
1557 1646 1724 1716 figura
1753 1646 1994 1714 Cyprius,

401 1747 448 1790 et
478 1737 578 1790 coit
621 1755 737 1790 cum
784 1739 1024 1809 imagine,
1066 1748 1114 1793 el
1163 1739 1258 1791 hoc
1305 1750 1481 1792 narrat
1529 1738 1990 1809 Philostephanus.
2027 1735 2073 1794 Β

409 1827 578 1884 Venus
607 1840 772 1884 autem
795 1832 898 1886 alia
923 1833 976 1885 in
1005 1827 1168 1886 Cnido
1197 1841 1307 1885 erat
1329 1832 1492 1898 lapis,
1534 1843 1581 1886 et
1601 1842 1710 1886 erat
1741 1833 1956 1902 pulchra
1974 1875 1989 1898 ,

399 1924 534 1978 alius
559 1941 666 1978 eam
693 1926 901 1991 amavit,
934 1935 981 1979 et
1009 1941 1124 1978 cum
1150 1925 1322 1996 lapide
1359 1924 1567 1980 Veneris
1607 1927 1753 1980 habet
1779 1943 1992 1982 consue-

402 2020 646 2082 tuainetn,
676 2030 728 2072 ut
775 2023 930 2092 refert
965 2019 1321 2092 Posidippus;
1354 2023 1495 2092 prior
1519 2023 1722 2093 quidem
1744 2024 1796 2077 in
1826 2023 1994 2095 Opere

399 2113 673 2184 deCypro,
696 2114 825 2168 alter
845 2132 960 2169 vero
982 2117 1033 2169 in
1064 2115 1229 2184 Opere
1291 2116 1355 2170 de
1394 2115 1578 2170 Cnido.
1615 2117 1824 2173 Videsis
1871 2135 1992 2188 qua}

397 2210 466 2264 de
494 2212 559 2264 iis
589 2211 640 2264 in
671 2211 844 2280 primo
871 2211 1172 2281 Apparatus
1199 2211 1369 2265 nostri
1407 2220 1552 2266 tomo
1589 2211 1986 2268 adnotavimus.

399 2308 546 2377 (tam.
577 2309 866 2380 tApparat.
892 2307 978 2362 lib.
1016 2323 1094 2373 Ill,
1126 2307 1350 2369 dissert.,
1385 2324 1423 2373 ι,
1447 2325 1562 2380 cap.
1591 2310 1647 2376 8,
1676 2312 1836 2376 arm,
1867 2327 1987 2380 pag.

397 2400 503 2455 74:;
523 2401 563 2473 ).

470 2497 698 2552 Ubinam
729 2499 888 2571 igitur
913 2501 1174 2569 gentium,
1207 2502 1281 2555 ait
1305 2501 1595 2569 Arnobius,
1627 2512 1744 2558 erat
1765 2514 1991 2574 utraque

397 2591 492 2646 illa
519 2592 720 2660 Venus,
739 2609 860 2664 qua:
887 2595 1145 2652 ell‘renem
1172 2606 1226 2651 et
1254 2597 1567 2652 indomitam
1600 2597 1792 2652 horum
1834 2598 1992 2667 juve—

397 2702 523 2740 nnm
546 2688 892 2756 petulantiam
914 2691 1231 2757 propulsare
1247 2705 1311 2745 ac
1335 2704 1589 2744 coercere
1612 2706 1718 2744 non
1741 2691 1989 2745 curavit?

395 2777 661 2850 Numquid
695 2781 1314 2852 respondebuntetlmici
1344 2781 1467 2836 huic
1485 2781 1605 2838 dea:
1652 2782 1987 2853 voluptatum

394 2885 449 2928 et
497 2875 732 2930 libidinis
787 2875 1089 2945 magistrze,
1119 2876 1457 2947 gratissimas
1506 2874 1678 2931 fuisse
1723 2875 1987 2945 ejusmodi

394 2970 783 3025 contumelias?
811 2969 916 3026 Sed
964 2970 1079 3026 lure
1117 2969 1257 3038 dcte,
1285 2971 1360 3026 uti
1388 2969 1692 3026 fatebantur
1716 2969 1944 3040 gentiles
1970 3011 1985 3034 ,

394 3060 850 3118 libidinosissimte
897 3064 1218 3129 simulacra,
1247 3071 1303 3117 et
1345 3062 1749 3118 sceleratissimi
1795 3076 1986 3118 eorum

395 3163 662 3208 amatores
689 3155 970 3210 ultricibus
995 3156 1226 3211 ﬂammis
1249 3155 1384 3210 tradi
1407 3156 1589 3226 utique
1615 3155 1901 3210 debebant.

465 3248 729 3304 Cancrum
770 3251 978 3306 tametsi
1022 3250 1140 3305 dea:
1183 3250 1373 3304 molles
1411 3260 1466 3304 et
1496 3249 1846 3318 voluptuariaa
1872 3250 1988 3304 hate

393 3342 624 3398 libenter
650 3342 1041 3413 permisissent,
1089 3341 1346 3413 numquid
1367 3341 1556 3397 eadem
1587 3341 1817 3395 aliorum
1856 3341 1986 3395 deo-

393 3454 510 3492 rum
541 3436 638 3492 fuit
667 3437 918 3492 mollities
961 3446 1017 3492 et
1054 3436 1343 3492 suettrdia‘!
1370 3436 1426 3513 Si
1454 3451 1582 3506 ergo
1624 3435 1796 3505 major
1823 3435 1877 3488 itt
1908 3435 1987 3489 eis

390 3533 491 3588 fuit
535 3531 701 3586 animi
736 3532 961 3602 aequitas
1001 3540 1056 3585 et
1085 3529 1374 3595 fortitudo',
1419 3529 1668 3592 ubinam,
1693 3531 1767 3582 ait
1814 3532 1988 3582 Arno-

389 3626 510 3680 bius
537 3624 661 3694 (lib.
696 3640 781 3690 vr,
821 3642 941 3695 pag.
972 3622 1138 3693 207),
1191 3631 1308 3677 erat
1355 3621 1564 3690 Jupiter
1607 3621 1984 3688 Fulntinator,

391 3733 512 3772 cum
543 3716 888 3786 Capitolium,
922 3725 976 3770 et
1006 3715 1152 3769 ilium
1183 3715 1472 3784 ipsumntet
1499 3712 1857 3783 Capitolinum
1895 3712 1988 3768 Jo-

389 3824 510 3864 vem
540 3824 659 3864 cum
684 3823 850 3862 uxore
877 3816 932 3863 et
964 3807 1072 3862 lilia
1100 3807 1236 3861 edax
1267 3806 1403 3878 ignis
1430 3807 1590 3862 toties
1629 3807 1888 3876 corripuit
1933 3817 1987 3861 et

389 3901 728 3972 absumpsit?
760 3901 857 3957 Ubi
883 3901 1022 3956 Juno
1051 3901 1266 3970 Argiva,
1299 3899 1514 3970 quando
1541 3899 1682 3954 illius
1725 3899 1984 3968 templum

389 4009 510 4049 cum
538 3994 820 4050 sacerdote
844 3993 1138 4066 Chryside;
1185 3993 1272 4047 ubi
1298 3993 1515 4064 Serapis
1544 3992 1826 4064 {Egyptius
1860 4009 1984 4048 cum

390 4089 564 4154 Iside;
590 4089 677 4143 ubi
701 4087 860 4143 Liber
881 4088 1223 4143 Eleutherius
1245 4104 1366 4142 cum
1393 4086 1649 4154 Athenis;
1679 4087 1766 4141 ubi
1795 4087 1981 4154 Diana,

389 4197 508 4237 cum
544 4181 774 4252 Ephesi;
807 4180 895 4235 ubi
929 4181 1234 4236 Dodonaeus
1278 4179 1518 4251 Jupiter,
1546 4196 1668 4234 cum
1710 4179 1978 4247 Dodome;

389 4275 480 4330 ubi
506 4259 743 4346 denique
791 4274 984 4346 Apollo
1009 4276 1225 4330 divinus
1259 4290 1380 4330 cum
1422 4291 1609 4331 eorum
1661 4276 1889 4344 templa,
1930 4287 1984 4330 et

387 4367 674 4422 simulacra
703 4377 795 4422 aut
841 4369 1069 4438 spoliata
1110 4383 1139 4422 a
1188 4367 1551 4438 praedonibus,
1599 4377 1691 4423 aut
1734 4369 1984 4425 incendio

389 4471 704 4534 consumpta
734 4463 894 4516 sunt?
923 4473 978 4516 at
1032 4462 1148 4516 haec
1197 4460 1374 4517 adhuc
1416 4477 1482 4517 ex
1511 4461 1628 4531 .jam
1675 4462 1836 4516 citato
1862 4463 1982 4518 Cle-
2012 4511 2066 4570 D

389 4557 587 4610 mentis
613 4556 959 4611 Alexandrini
990 4555 1128 4611 libro
1149 4557 1380 4613 delibata
1405 4557 1598 4622 fuisse,
1618 4573 1682 4612 ex
1706 4558 1771 4614 iis
1801 4558 1980 4629 colligi

386 4658 586 4720 pOIest,
610 4665 730 4720 qua}
753 4650 804 4702 in
827 4650 1107 4720 superiore
1128 4649 1303 4704 adltuc
1321 4651 1624 4722 Apparatus
1648 4650 1818 4706 nostri
1837 4664 1982 4706 tomo

387 4741 619 4796 diximus
642 4741 786 4814 (tam.
815 4758 829 4794 ι
859 4744 1136 4812 Apparet,
1159 4743 1306 4809 ibid.,
1339 4761 1455 4815 pag.
1481 4743 1584 4798 729
1614 4751 1657 4797 et
1677 4749 1862 4814 κοίῃ).
1887 4743 1981 4798 Ni-

389 4835 463 4888 hil
493 4835 669 4906 itaque
692 4835 774 4890 lus
803 4836 1137 4904 adjiciemus,
1166 4838 1269 4893 nisi
1302 4840 1496 4910 triplex
1542 4839 1727 4904 fuisse,
1749 4837 1981 4908 Capitoli

387 4929 693 4984 incendium
729 4949 742 4983 :
771 4946 932 4982 unum
967 4930 1110 4985 bello
1157 4933 1298 4988 civili
1329 4933 1579 5005 Scipione
1626 4943 1681 4988 et
1728 4933 1980 4989 Norbano

385 5021 543 5078 Coss.
565 5022 791 5078 alterum
822 5021 1104 5077 Vitelliano
1129 5024 1290 5088 bello,
1325 5025 1420 5080 sed
1446 5025 1764 5092 Capitolium
1788 5041 1817 5080 a
1847 5025 1980 5082 Ves-

386 5117 611 5187 pasiano
653 5128 836 5186 postea
885 5117 1258 5172 instauratum.
1289 5117 1527 5173 Tertium
1566 5130 1690 5174 ante
1717 5118 1820 5174 Titi
1848 5117 1980 5174 Ves-

386 5211 591 5282 pasiani
624 5209 768 5265 illius
796 5209 887 5264 lilii
909 5219 1160 5275 mortem,
1198 5226 1260 5266 ac
1285 5227 1468 5268 rursus
1493 5229 1522 5266 a
1553 5212 1858 5268 Domitiano
1887 5228 1976 5269 re-

386 5304 704 5359 :edilicatum
734 5312 835 5358 est.
877 5303 1093 5373 Legesis
1131 5303 1465 5371 Marlianum,
1502 5306 1869 5362 Pancirolum.
1923 5316 1980 5363 et

388 5397 650 5452 Donatum
698 5395 766 5450 de
794 5397 924 5452 urbe
954 5396 1154 5464 Rou‘ta,
1201 5408 1361 5470 atque
1407 5401 1599 5455 citatos
1627 5401 1697 5456 ab
1740 5402 1818 5458 eis
1847 5419 1980 5458 auc-

385 5506 531 5549 tores
581 5492 706 5568 (tom
735 5509 791 5548 tu
837 5493 1086 5565 Antiquit.
1109 5510 1336 5566 romam,
1358 5513 1477 5569 pag.
1497 5495 1586 5566 77,
1617 5498 1721 5554 5H
1753 5508 1799 5552 ct
1823 5497 1975 5568 577).

1657 209 2109 270 DISSERTATIO
2147 213 2423 272 eum»
3575 227 3662 286 οδε

414 348 468 388 et
497 338 668 405 ipsum
714 337 990 392 miscuisse
1031 337 1278 392 lascivias
1317 351 1437 391 cum
1485 337 1727 407 ejusdem
1769 344 2002 398 numinis
2031 347 2081 405 Α

2702 360 2996 402 Ακτιευιυε
3034 362 3106 401 Vl.

2115 450 2400 518 Ostenditur
2421 467 2565 518 quam
2583 456 2767 506 inﬁrma
2788 461 2853 507 sit
2881 459 3187 508 ethnicorum
3209 460 3470 518 resnousio.
3493 463 3659 513 simula-

2175 529 2256 586 cra
2279 515 2483 586 deorum
2507 519 2618 586 ideo
2637 523 2926 586 retinenda;
2948 530 3002 571 ut
3039 522 3315 586 imperitum
3337 515 3502 586 vulgus
3515 537 3660 578 eorum

2176 580 2352 650 timore
2395 579 2639 650 in__oflicio
2663 590 2716 650 et
2751 581 2995 650 religione
3019 579 3374 646 contineretur;
3397 579 3450 637 ac
3482 587 3588 650 quid
3607 602 3662 640 ex

2176 641 2415 690 hactenus
2436 642 2582 693 dictis
2604 641 2956 707 colligendum.

2184 747 2454 802 Postrema
2489 749 2825 806 ethnicorum
2855 752 2921 806 ad
2953 768 3014 807 ea
3034 794 3048 816 ,
3079 769 3199 824 qua:
3228 753 3476 810 hactenus
3502 766 3662 813 contra

2111 841 2365 898 simulaca
2404 843 2626 898 deorum
2655 845 3043 916 disputavimus
3070 847 3317 920 (Arnob.,
3339 848 3422 903 lib.
3448 865 3522 914 Ix,
3562 868 3662 922 pag.

2112 932 2234 1005 108)
2255 979 2270 1001 ,
2303 937 2583 1006 responsio
2614 947 2749 1004 erat,
2775 954 2836 994 se
2878 939 3051 1008 palam
3101 940 3298 995 docere
3342 941 3466 996 deos
3495 944 3542 996 in
3576 942 3665 998 illis

2109 1027 2377 1091 residere,
2413 1029 2664 1100 ipsosque
2712 1046 2834 1086 esse
2870 1031 3024 1098 deos,
3071 1047 3174 1088 non
3207 1033 3419 1103 quidem
3444 1037 3571 1106 quod
3607 1036 3665 1090 ita

2109 1135 2220 1174 rem
2244 1137 2304 1174 se
2328 1122 2525 1178 habere
2551 1123 2851 1192 crederent,
2872 1125 2965 1180 sed
2993 1134 3050 1180 ut
3074 1126 3202 1181 falsa
3221 1127 3320 1181 hac
3336 1129 3664 1196 persuasione,

2107 1228 2169 1267 ac
2202 1217 2549 1284 praesentium
2579 1217 2803 1272 deorum
2833 1227 3040 1273 terrore
3070 1221 3317 1288 imperita
3347 1220 3482 1290 vulgi
3515 1222 3667 1275 multi-

2107 1306 2256 1373 tudo,
2280 1324 2399 1379 qua:
2440 1311 2678 1365 maxima
2708 1311 2948 1366 omnium
2992 1313 3265 1366 civitatum
3298 1328 3419 1384 pars
3444 1324 3584 1380 erat,
3623 1316 3666 1370 in

2103 1399 2283 1454 officio
2310 1410 2362 1456 et
2385 1400 2642 1473 religione
2663 1403 3055 1458 contineretur.
3081 1404 3146 1460 Et
3171 1415 3321 1460 certe
3348 1404 3528 1460 Cicero
3546 1421 3668 1460 eam-

2102 1491 2224 1547 dem
2251 1493 2321 1548 oh
2351 1496 2613 1550 rationem
2637 1497 2889 1552 censebat
2921 1499 2972 1552 in
3003 1498 3224 1553 urbibus
3254 1498 3446 1568 templa
3465 1541 3480 1562 ,
3517 1509 3567 1553 et
3600 1499 3666 1552 lu-

2101 1604 2197 1643 eos
2218 1587 2271 1642 in
2316 1591 2459 1660 agris
2481 1633 2495 1653 .
2529 1601 2716 1646 contra
2747 1591 3032 1647 Persarum
3071 1593 3394 1648 sententiam
3414 1635 3427 1658 ,
3457 1608 3567 1649 esse
3590 1592 3668 1649 de-

2103 1680 2229 1736 bere
2249 1679 2468 1754 (Cicer.,
2501 1684 2590 1738 lib.
2634 1701 2670 1738 ll
2719 1685 2782 1740 de
2809 1684 3012 1756 Legib.,
3047 1703 3167 1757 pag.
3195 1685 3348 1757 555).
3381 1685 3452 1740 Ea
3500 1687 3667 1756 quippe

2099 1773 2314 1843 opinio,
2343 1791 2446 1844 qua
2473 1784 2696 1830 cunctas
2736 1775 2932 1841 urbes,
2985 1787 3040 1831 et
3085 1779 3321 1846 templa,
3351 1786 3506 1846 atque
3553 1777 3668 1832 adeo

2098 1867 2382 1922 simulacra
2410 1868 2481 1924 dii
2516 1869 2754 1924 incolere
2799 1868 3130 1936 creduntur,
3166 1870 3480 1942 religionem
3525 1867 3673 1924 aufert

2097 1959 2404 2015 civitatibus
2430 1962 2680 2017 omnibus
2703 1961 2888 2018 utilem
2915 2005 2931 2029 ,
2961 1979 3023 2018 ac
3045 1962 3296 2019 homines
3314 1962 3546 2034 singulos
3571 1961 3673 2016 red-

2095 2053 2173 2109 dit
2201 2057 2463 2113 castiores
2490 2068 2543 2113 et
2571 2058 2945 2129 religiosiores

2167 2151 2238 2206 At
2260 2169 2416 2220 quem
2439 2195 2453 2218 ,
2497 2154 2791 2223 reSpondet
2822 2154 3094 2210 Arnobius
3135 2155 3398 2227 (Arnob.,
3455 2157 3546 2209 loc.
3576 2155 3671 2223 rit.)

2097 2256 2358 2302 terrorem
2382 2248 2558 2312 malis,
2591 2248 2872 2318 improbis,
2903 2260 2956 2304 et
2995 2250 3300 2316 sceleratis,
3349 2248 3537 2320 quibus
3575 2249 3671 2318 ple-

2096 2357 2197 2395 nus
2221 2356 2437 2408 semper
2465 2341 2563 2394 fuit
2592 2341 2822 2396 mundus
2842 2384 2857 2406 ,
2889 2342 3132 2396 incutere
3165 2352 3397 2412 possunt
3444 2341 3670 2395 falsorum

2095 2434 2320 2487 deorum
2353 2432 2677 2486 simulacra?
2704 2433 2895 2489 Nonne
2925 2433 3007 2498 hi,
3037 2433 3194 2488 sicuti
3229 2433 3418 2488 caeteri
3471 2445 3638 2486 omnes
3657 2472 3669 2495 ,

2093 2527 2336 2596 apprime
2385 2535 2648 2581 noverant
2680 2527 2765 2581 illa
2821 2527 3040 2597 impune
3068 2542 3097 2580 a
3130 2527 3381 2598 tyrannis
3402 2568 3417 2590 ,
3462 2524 3669 2586 furibus.

2094 2618 2461 2690 prtedonibus,
2493 2628 2548 2675 et
2583 2620 2724 2687 aliis,
2758 2629 2815 2674 ut
2841 2635 3005 2690 supra
3038 2619 3240 2674 dictum
3279 2630 3390 2684 est,
3426 2615 3668 2688 appetita,

2093 2712 2325 2782 spoliata
2344 2755 2357 2777 ,
2411 2713 2621 2781 direpta
2643 2756 2658 2780 ,
2714 2723 3075 2784 tranSportata
3097 2756 3113 2779 ,
3162 2711 3486 2776 deturbata,
3513 2725 3570 2764 ac
3595 2723 3672 2779 per

2092 2821 2361 2861 summum
2393 2805 2628 2861 dedecus
2651 2848 2665 2867 ,
2694 2817 2748 2861 et
2778 2807 3127 2876 ignominiam
3158 2815 3391 2862 tractata
3413 2848 3428 2871 ,
3460 2802 3670 2859 tandem«

2091 2913 2196 2969 que
2224 2914 2417 2955 eversa
2449 2909 2504 2954 et
2528 2899 2771 2955 funditus
2803 2899 2999 2954 diruta.

2166 2992 2368 3048 Deinde
2411 3009 2540 3049 vero
2577 2994 2702 3064 quid
2760 3009 2828 3048 ex
2869 2993 3173 3049 simulacris
3229 2993 3456 3049 cuilibet
3493 2989 3669 3047 homini

2095 3086 2440 3140 metuendum
2484 3097 2600 3142 erat
2628 3086 2829 3160 (lbid.,
2879 3103 3002 3158 pag.
3051 3085 3227 3156 209)?
3274 3085 3537 3157 Numquid
3583 3083 3668 3138 falx

2037 3161 2062 3182 ’⁴
2094 3179 2311 3233 Saturni
2342 3180 2622 3240 messoria,
2651 3180 2726 3234 ait
2752 3181 2955 3234 Auctor
2993 3189 3200 3244 noster,
3257 3178 3515 3250 numquid
3543 3176 3668 3231 lovis

2095 3270 2322 3326 riciniati
2345 3270 2571 3334 fulmen,
2599 3270 2828 3326 lunonis
2867 3281 3087 3338 caestus,
3121 3286 3218 3327 seu
3251 3272 3547 3341 cingulum,
3576 3267 3668 3324 bla-

2093 3364 2192 3418 tris
2218 3363 2378 3418 deum
2403 3374 2675 3436 tympana,
2707 3363 2941 3419 Palladis
2961 3364 3138 3435 galea,
3171 3364 3425 3420 Mercurii
3456 3374 3666 3433 petasus,

2092 3457 2316 3514 baculus
2360 3455 2688 3528 Esculapii,
2721 3456 2936 3512 Cereris
2973 3473 3222 3512 mamma:
3265 3457 3528 3528 grandes,
3554 3453 3669 3510 For-

2092 3565 2266 3621 tume,
2301 3569 2396 3608 seu
2424 3552 2744 3623 Amaltheae,
2774 3561 2832 3607 ut
2856 3553 2930 3608 ait
2968 3553 3264 3607 Pausanias
3289 3567 3482 3617 cornu,
3509 3549 3605 3613 vel,
3627 3556 3670 3599 ut

2090 3647 2178 3702 alii
2209 3647 2413 3712 dicunt,
2444 3646 2792 3715 cornucopia,
2839 3660 2902 3699 ac
2947 3644 3162 3698 tandem
3194 3643 3412 3699 ridiculi
3458 3641 3666 3698 Anubis.

2089 3741 2541 3813 quemadmodum
2575 3739 2840 3796 Diodorus
2865 3739 3109 3803 Siculus,
3135 3737 3473 3802 Macrobius,
3503 3735 3665 3790 Lucia-

2089 3853 2192 3892 nus
2211 3848 2266 3892 et
2303 3837 2392 3892 alii
2415 3838 2712 3901 declarant,
2759 3838 2948 3890 canina
2973 3836 3138 3891 facies
3167 3838 3184 3907 (
3209 3835 3467 3901 Pansam,
3491 3833 3574 3888 lib.
3596 3846 3667 3891 tv.

2089 3931 2346 4001 1109.14;
2379 3941 2423 3983 et
2444 3930 2533 3984 lib.
2582 3947 2676 3994 vlt,
2723 3947 2842 4000 pag.
2893 3930 3038 3993 235;
3073 3929 3290 3983 Diodor.
3318 3928 3509 3991 Sicul.,
3549 3925 3626 3980 lib.
3656 3939 3666 3975 ι

2089 4023 2359 4087 Biblioth.,
2403 4042 2524 4096 pag.
2558 4024 2657 4091 55;
2689 4023 2944 4090 Macr-0b.,
2973 4024 3062 4077 lib.
3096 4040 3110 4078 I
3143 4023 3518 4094 Metamorph.,
3564 4037 3665 4092 pag.

2088 4117 2185 4173 9.0!
2213 4135 2228 4183 ;
2263 4119 2505 4185 Lucium,
2531 4119 2594 4172 de
2623 4118 2886 4186 Sacri/ia,
2917 4135 3037 4188 pag.
3074 4115 3255 4187 186),?
3283 4117 3495 4172 Nemini
3542 4123 3666 4168 CClll‘

2088 4209 2328 4280 homini,
2372 4213 2416 4267 si
2465 4226 2595 4266 sane
2647 4211 2845 4266 mentis
2875 4226 3112 4281 unquam
3143 4209 3266 4275 fuit,
3303 4207 3609 4279 persuaderi
3645 4219 3667 4254 a

2086 4321 2357 4377 quoquam
2404 4305 2575 4374 potuit
2618 4304 2668 4357 in
2717 4302 2834 4369 his,
2885 4319 3003 4372 qua:
3035 4303 3193 4372 paulo
3225 4313 3355 4357 ante
3381 4319 3408 4356 a
3445 4301 3590 4355 nobis
3622 4297 3663 4348 in

2086 4398 2192 4453 hoc
2219 4398 2418 4467 capite,
2447 4406 2501 4450 et
2527 4395 2908 4451 dissertatione
2939 4393 3208 4464 superiori
3235 4394 3522 4464 explanata
3560 4397 3667 4443 sunt

2091 4490 2343 4562 (Dissert.
2369 4490 2421 4544 in
2464 4489 2682 4557 Μίνωα,
2708 4506 2824 4560 cap.
2861 4489 2944 4556 15,
2988 4498 3088 4543 art.
3136 4487 3214 4559 ‘2),
3267 4485 3470 4557 aliquid
3521 4482 3666 4538 fuisse

2091 4581 2412 4638 formidaudi
2432 4598 2495 4635 ac
2516 4581 2803 4648 tremendi,
2833 4591 2924 4636 aut
2952 4594 3058 4652 quo
3081 4580 3278 4652 aliquis
3311 4595 3343 4633 a
3375 4591 3537 4649 pravo
3560 4584 3665 4629 actu

2088 4677 2377 4750 aliquando
2405 4677 2792 4733 deterreretur.

2160 4771 2394 4826 Tantum
2417 4785 2546 4825 vero
2575 4770 2747 4836 abest,
2764 4779 2822 4823 ut
2847 4767 2957 4834 illa,
2977 4767 3187 4836 aliaque
3211 4766 3440 4822 deorum
3465 4759 3663 4819 simula-

2087 4882 2177 4923 cra
2207 4867 2376 4923 malos
2423 4867 2670 4922 homines
2697 4881 2728 4919 a
2756 4865 2964 4921 scelere
3010 4865 3193 4936 aliquo
3242 4863 3567 4925 averterint;
3614 4864 3662 4910 ut

2086 4977 2188 5017 nec
2215 4961 2389 5032 legum
2417 4962 2702 5026 severitas,
2734 4975 2834 5015 nec
2879 4959 3044 5014 ullum
3087 4959 3337 5031 supplicii
3367 4971 3532 5029 genus
3555 4953 3660 5009 illo-

2084 5075 2202 5115 rum
2251 5059 2512 5114 hactenus
2553 5055 2936 5126 compresserit
2984 5053 3284 5110 audaciam.
3330 5053 3468 5121 Quin
3517 5051 3660 5103 immo

2085 5151 2211 5206 inde
2241 5152 2440 5222 saepius
2474 5149 2686 5220 pejores
2713 5148 2838 5204 facti
2867 5157 2995 5204 sunt
3013 5157 3067 5203 et
3097 5147 3418 5202 deteriores.
3460 5142 3658 5199 Falsum

2085 5254 2170 5300 est
2195 5245 2353 5316 igitur
2379 5243 2818 5306 simulacrorum,
2840 5242 2954 5298 sive
2979 5241 3204 5298 deorum
3237 5242 3290 5296 in
3321 5240 3403 5296 eis
3435 5238 3657 5294 habitan-

2083 5338 2214 5392 tium
2249 5343 2395 5391 metu
2423 5336 2687 5391 sinceram
2719 5334 3038 5405 religionem
3066 5334 3291 5388 stabiliri
3340 5342 3656 5386 autconsero

2085 5429 2218 5483 vari.
2253 5427 2438 5499 Neque
2464 5427 2514 5483 id
2550 5427 2792 5498 ipsismet
2819 5425 3081 5492 ethnicis,
3107 5436 3200 5480 aut
3231 5425 3296 5480 iis
3325 5424 3516 5479 saltem
3537 5462 3551 5485 ,
3575 5417 3654 5489 qui

2081 5519 2221 5591 apud
2252 5520 2374 5575 illos
2406 5519 2666 5591 sapientia
2693 5529 2748 5576 et
2774 5518 3016 5574 doctrina
3047 5517 3402 5589 prmstabant,
3436 5510 3656 5584 incogni-

2080 5622 2193 5668 tum
2221 5628 2344 5669 esse
2374 5614 2566 5684 potuit.
2590 5612 2721 5667 Nam
2747 5611 2938 5668 Cicero
2980 5611 3193 5666 Cottam
3239 5609 3435 5664 alicubi
3474 5607 3547 5660 sic
3585 5603 3654 5657 lo-

2079 5716 2335 5778 quentem
2365 5707 2490 5764 fecit
2515 5726 2528 5763 :
2563 5725 2581 5758 ε
2611 5707 2786 5776 Quid?
2810 5706 2856 5761 si
2881 5707 2969 5778 qui
3002 5705 3254 5762 dixerunt
3281 5713 3446 5760 totam
3469 5701 3532 5757 de
3557 5697 3650 5754 diis

2082 5798 2478 5856 immortalibus
2521 5799 2831 5870 opinionem
2879 5799 3058 5855 fictam
3092 5813 3212 5856 esse
3245 5796 3312 5852 ab
3363 5791 3648 5851 hominibus
