3878 6312
197 237 278 295 633

1341 228 1405 285 IN
1437 224 1819 294 ARNOBIUM,
1849 225 2002 282 CAP.
2047 223 2241 284 XXIII.

3323 225 3428 285 654

197 348 466 424 sapientibus
505 345 810 416 reipublica
839 360 1024 414 causa,
1057 355 1116 402 ut
1137 360 1272 417 quos
1298 344 1436 401 ratio
1462 358 1568 399 non
1597 358 1723 415 pos-
1752 346 1805 406 Α
1827 337 1920 399 des
1944 357 2012 399 es
2042 341 2331 409 Maerobio,
2363 344 2458 415 qui
2480 352 2602 414 post
2637 343 2834 400 citatos
2860 358 2891 400 a
2918 359 2979 402 se
3016 344 3326 402 Trebatium
3372 352 3430 401 et

194 454 284 510 set,
308 456 390 497 eos
414 438 473 496 ad
515 438 749 497 ofﬁcium
782 439 971 512 religio
1013 439 1272 506 duceret,
1303 454 1482 494 nonne
1509 452 1726 493 ontnem

195 537 456 608 religionem
483 532 718 589 funditus
746 534 1113 590 sustulerunt?
1147 554 1167 586 ι
1200 530 1427 604 (Ciam,
1472 530 1559 586 lib.
1584 546 1621 586 Il
1664 530 1728 585 de

194 628 343 685 Natur.
365 628 515 693 deam,
542 644 659 699 pag.
684 626 849 699 2I‘2.)
1020 701 1025 705 '

226 728 305 779 ~At
343 737 401 777 ex
427 719 506 775 bis
530 721 801 784 omnibus,
851 736 971 792 qua:
1023 721 1075 776 itt
1122 720 1225 777 hoc
1263 730 1320 776 et
1356 719 1729 791 superioribus

188 815 391 873 articulis
430 814 689 883 disputata
717 824 879 878 sunt,
908 813 1064 870 facile
1089 814 1314 886 quilibet
1339 814 1595 883 colligere
1634 827 1731 883 po-

189 909 289 965 terit
333 907 392 962 ab
437 904 671 961 Arnobio
725 905 1066 962 validissimis
1119 907 1385 961 rationum
1440 904 1732 960 momentis

185 1000 481 1071 comprobari
511 998 733 1054 deorum
783 1000 1039 1071 imagines
1067 1009 1122 1055 et
1162 1000 1451 1055 simulacra
1508 1013 1731 1069 prorsus

185 1094 444 1150 damnanda
484 1109 606 1150 esse
633 1104 688 1151 et
713 1093 1025 1165 rejicienda.
1072 1092 1314 1150 Gentiles
1363 1092 1629 1164 siquidem
1677 1091 1730 1146 in

182 1189 383 1243 animum
413 1202 564 1243 suum
594 1188 793 1244 frustra
821 1188 1145 1244 induxerant
1172 1202 1233 1243 ea
1256 1228 1272 1254 ,
1305 1189 1418 1244 sive
1438 1196 1562 1243 ante
1580 1229 1596 1252 ,
1620 1185 1736 1242 sive

184 1292 280 1353 post
318 1295 491 1335 eorum
530 1280 923 1337 dedicationem
953 1295 1016 1337 ac
1056 1281 1555 1347 consecrationem,
1599 1278 1733 1336 deos

182 1373 458 1444 ﬁeri,atque
481 1373 549 1429 ab
572 1374 678 1430 illis
706 1374 940 1431 conferri
970 1375 1069 1431 sibi
1101 1389 1259 1446 posse
1286 1390 1466 1447 opem,
1493 1375 1731 1430 favorem

182 1476 224 1521 et
248 1465 507 1521 beneﬁcia.
560 1466 705 1522 Nihil
745 1469 1023 1525 enimvero
1048 1468 1101 1524 in
1131 1469 1210 1523 eis
1232 1476 1380 1533 erat,
1413 1468 1516 1523 nisi
1544 1483 1576 1523 a
1606 1482 1732 1522 vera

179 1558 420 1616 divinitate
445 1575 671 1630 prorsus
696 1561 1015 1631 abhorrens,
1044 1577 1107 1619 ac
1127 1577 1278 1618 suam
1306 1563 1623 1633 plerumque
1661 1562 1734 1618 ob

180 1651 523 1723 turpitudinem
565 1669 694 1711 vero
719 1664 775 1711 et
803 1657 1008 1727 optimo
1052 1657 1163 1714 Deo
1191 1657 1404 1727 penitus
1433 1656 1730 1728 indignum.

1833 436 2117 508 Virgilium
2144 437 2400 494 observat
2430 438 2535 495 hoc
2573 438 2874 495 hostiarum
2904 455 3095 511 genus,
3124 440 3279 513 cujus
3316 439 3431 496 sola

1829 528 2008 584 anima
2047 542 2314 597 sacratur,
2356 532 2426 588 ab
2468 532 2842 604 haruspicibus
2868 534 3160 591 animalem
3198 530 3432 590 hostiam

1830 625 2006 679 vocari
2040 624 2325 697 (Macrob.,
2358 626 2448 681 lib.
2478 644 2534 683 ttt
2566 626 2863 696 Saturnal.,
2909 645 3027 701 cap.
3060 629 3115 697 5,
3164 645 3286 701 pag.
3326 627 3435 684 322

1829 726 1876 772 et
1897 717 2089 791 seqq.).
2128 719 2326 778 Strabo
2354 730 2536 777 autem
2557 765 2572 789 ,
2602 723 2693 778 ubi
2740 722 2810 778 de
2842 722 3128 780 Persarum
3157 723 3435 779 sacriﬁciis

1829 811 2087 882 disputat,
2137 813 2256 871 haec
2299 816 2574 871 memoria:
2617 815 2860 888 prodidit
2901 834 2917 872 :
2971 836 2991 871 ι
3041 817 3237 872 Dicunt
3263 816 3434 872 Deum

1832 904 1965 960 ttihil
1992 906 2131 962 velle
2158 916 2356 979 prater
2394 909 2587 964 hostiae
2641 912 2898 965 animam.
2936 928 2956 963 ›
2992 909 3221 980 (Strab.,
3249 908 3336 964 lib.
3364 924 3436 965 xv

1833 996 2043 1072 Geogr.,
2105 1017 2223 1072 pag.
2282 999 2437 1074 752.)
2466 1002 2627 1072 Atqui
2671 1002 2877 1058 ethnici
2926 1001 3123 1059 frustra
3180 1001 3439 1070 putabant

1833 1090 1966 1147 deos
1984 1092 2242 1159 animata,
2267 1092 2382 1147 sive
2413 1093 2723 1163 hujusmodi
2745 1094 2962 1150 victima
2988 1094 3187 1150 nutriri
3214 1112 3228 1149 :
3261 1112 3282 1147 ι
3316 1092 3435 1149 Nisi

1833 1182 1994 1249 forte,
2032 1203 2052 1235 ι
2080 1185 2156 1240 uti
2186 1186 2456 1242 Arnobius
2474 1185 2652 1242 facere
2673 1187 2873 1258 arguit,
2905 1205 2925 1239 ι
2966 1187 3264 1243 hostiarum
3290 1186 3425 1243 deus

1836 1277 2048 1333 animas
2073 1278 2318 1345 devorat,
2344 1289 2439 1334 aut
2462 1280 2571 1334 aris
2598 1278 2916 1337 ardentibus
2936 1279 3186 1336 nidorem
3205 1272 3435 1336 consec-3

1837 1379 2000 1438 tatur,
2032 1381 2086 1427 et
2131 1370 2309 1428 fumos
2332 1414 2347 1439 ,
2380 1374 2726 1445 pasciturque
2772 1373 2840 1429 de
2874 1373 3101 1439 cnissis,
3132 1386 3267 1445 quas
3308 1385 3438 1427 evo-

1837 1467 2261 1523 ntuntardentia
2283 1468 2510 1533 viscera,
2550 1467 2729 1524 adhuc
2768 1467 2903 1524 suda
2940 1467 3010 1523 de
3052 1467 3353 1541 sanguine,
3383 1474 3440 1522 et

1838 1562 2111 1633 prioribus
2139 1563 2389 1618 humecta
2416 1561 2485 1618 de
2513 1563 2691 1618 succis
2718 1582 2738 1616 ι
2792 1562 3032 1630 (Arnob.,
3064 1562 3159 1619 lib.
3187 1578 3280 1630 vn,
3313 1577 3434 1633 pag.

1836 1654 1987 1724 212).
2023 1655 2214 1711 Cnissa
2244 1665 2447 1723 autem,
2475 1671 2652 1728 graece
2673 1660 2882 1722 κνίσσα,
2912 1657 2998 1713 vel
3036 1660 3210 1724 κνίσα,
3251 1664 3334 1712 est
3359 1654 3443 1711 ni-

178 1744 285 1813 Qua:
308 1746 515 1817 quidem
545 1748 723 1805 adhuc
752 1749 948 1805 mirum
975 1751 1027 1806 in
1058 1749 1278 1806 modum
1308 1767 1376 1807 ex
1421 1750 1486 1807 iis
1538 1752 1733 1806 contir.
1767 1738 1813 1799 B
1839 1747 1960 1813 dor,
1985 1736 2081 1803 seu
2109 1747 2422 1802 animalium
2450 1748 2661 1815 arvina,
2704 1760 2758 1805 et
2784 1748 3079 1821 pinguedo,
3111 1750 3225 1806 sive
3260 1748 3439 1804 fumus

181 1848 378 1906 utantur,
408 1855 531 1911 quae
556 1840 669 1912 jam
689 1841 818 1898 alibi
848 1842 987 1899 haud
1010 1843 1179 1900 semel
1218 1843 1733 1911 animadvertimus,

180 1930 251 1986 tibi
275 1932 421 1988 etiam
450 1935 739 1992 manifeste
760 1978 775 2003 ,
824 1937 896 1993 uti
930 1939 1233 2009 opinamur,
1261 1937 1451 2004 cuivis,
1479 1938 1736 2010 pra-judio

180 2022 287 2078 catis
322 2027 665 2095 apiniottibus
694 2044 801 2084 non
834 2031 1047 2101 penitus
1067 2041 1369 2099 excaecata,
1400 2032 1738 2088 ostendimus

181 2115 285 2171 nihil
324 2110 446 2175 inde
485 2128 678 2176 contra
708 2123 969 2194 imagines
1001 2125 1133 2193 piea
1155 2126 1462 2181 christianis
1501 2124 1607 2181 coli
1642 2140 1736 2181 so-

184 2209 281 2265 litas
300 2228 446 2283 posse
461 2215 757 2287 quidquam
779 2219 968 2274 confici
990 2217 1255 2290 (Dissert.,
1281 2219 1336 2273 in
1365 2217 1585 2286 Minuta,
1617 2235 1737 2289 cap.

181 2300 251 2369 19,
268 2315 355 2361 art.
373 2305 427 2373 ἒς
462 2317 593 2363 tom.
619 2308 926 2381 tApparat.,
957 2311 1045 2366 lib.
1065 2328 1118 2376 v,
1139 2311 1412 2377 αἰπεινή.
1431 2329 1547 2382 cap.
1565 2311 1736 2377 9,art.

174 2395 217 2461 5.
241 2415 343 2471 pag.
366 2402 471 2459 745
485 2414 535 2459 et
553 2407 744 2476 seqq.).
777 2403 885 2461 Sed
914 2405 982 2462 de
1013 2404 1098 2461 his
1125 2406 1301 2461 adhuc
1334 2407 1385 2463 in
1399 2407 1736 2479 subsequen—

171 2488 285 2547 tibtts
309 2494 782 2555 dissertationibus
809 2500 1007 2555 nostris
1038 2499 1326 2571 agendum.

710 2638 938 2697 CAPUT
965 2639 1160 2697 XXIII.

599 2776 676 2832 De
711 2778 978 2849 gentilium
1003 2778 1289 2848 sacriﬁciis.

673 2930 970 2973 ABTICULUS
990 2931 1200 2973 PRIIUS.

164 3047 321 3119 Olljluts
336 3057 654 3119 argumentis
678 3053 927 3106 Arnobius
942 3055 1069 3105 nulla
1093 3056 1333 3107 sacriﬁcia
1355 3056 1454 3107 diis
1476 3055 1741 3119 gentilium

208 3113 417 3183 facienda
440 3133 562 3170 ese
598 3118 924 3179 demonstret,
971 3125 1122 3181 atque
1161 3119 1408 3183 Oppositus
1449 3113 1737 3183 eorumdem

208 3179 463 3254 gentilium
494 3183 730 3254 rationes
766 3187 978 3243 evertat,
1027 3179 1111 3233 ubi
1144 3179 1210 3233 de
1228 3179 1395 3234 hostia
1431 3181 1645 3245 animali,
1670 3182 1738 3247 de

208 3245 356 3293 caissa
371 3251 425 3296 et
448 3245 631 3296 hostia
654 3247 831 3295 anima.

219 3347 269 3404 Si
317 3349 426 3407 ﬁcti
469 3351 942 3424 eommentitiique
986 3353 1094 3407 sint
1122 3351 1224 3420 dii,
1256 3353 1302 3408 si
1331 3352 1474 3407 nulla
1504 3352 1734 3424 proinde

163 3437 214 3495 iis
240 3444 449 3514 templa,
477 3445 736 3511 delubra,
762 3441 881 3500 fana
907 3443 1291 3507 construenda,
1310 3444 1355 3498 si
1385 3444 1600 3499 illorum
1633 3444 1743 3500 sint

160 3531 284 3590 falsa:
302 3538 599 3609 imagines,
625 3538 808 3595 ﬁctitia
827 3539 980 3609 signa
1000 3546 1056 3593 et
1079 3537 1389 3603 simulacra,
1412 3552 1590 3593 nonne
1614 3537 1740 3592 inde

157 3629 374 3698 sequitur
402 3632 551 3687 nulla
586 3646 807 3701 prorsus
832 3630 1096 3686 sacriﬁcia
1127 3630 1327 3686 debere
1357 3644 1608 3699 umquam
1636 3628 1742 3683 illis

158 3718 286 3776 ﬁeri?
320 3724 484 3796 Atqui
519 3726 714 3796 prima:
755 3724 1172 3796 propositiones,
1206 3724 1280 3779 uti
1330 3721 1577 3793 superius
1605 3721 1743 3777 vidi-

155 3830 274 3884 mus,
317 3820 386 3876 ab
441 3820 697 3877 Arnobio
748 3820 1102 3876 invictissime
1154 3820 1471 3891 probantur.
1519 3818 1662 3889 Ergo
1686 3826 1743 3874 et

154 3909 318 3967 ultima
343 3915 511 3969 simul
538 3929 667 3969 cum
701 3913 812 3968 illis
841 3923 948 3967 tam
997 3922 1185 3983 aperte
1226 3912 1593 3967 demonstrata
1623 3920 1702 3966 est
1723 3952 1738 3975 ,

155 4014 203 4055 ttt
240 4018 304 4061 ne
332 4006 562 4061 minima
599 4005 817 4076 quidem
865 4004 1095 4076 amplius
1139 4004 1457 4074 probatione
1501 4001 1742 4072 indigere

154 4096 393 4155 videatur.
424 4100 640 4156 Verum
672 4098 942 4170 prioribus
983 4098 1088 4153 illis
1129 4098 1405 4153 erroribus
1429 4096 1738 4167 singillatim

152 4189 444 4258 confutatis,
499 4203 560 4250 et
615 4191 757 4247 hunc
810 4206 1024 4263 quoque
1060 4176 1415 4261 posteriorem
1471 4188 1741 4243 Arnobius

151 4286 430 4352 speciatim,
462 4303 529 4344 ac
561 4284 921 4357 peculiaribus
942 4283 1240 4339 rationibus
1266 4297 1294 4335 a
1325 4297 1384 4336 se
1420 4281 1741 4353 impttgnan~

149 4375 256 4434 dum
277 4381 704 4453 essejudicavit.

207 4471 556 4531 Manifestum
598 4475 775 4544 itaque
801 4474 980 4543 primo
1022 4471 1151 4527 facit
1186 4470 1387 4526 nullam
1415 4471 1626 4541 penitus
1654 4484 1741 4525 su-

145 4565 315 4623 crilicii
348 4569 520 4625 ullius
552 4568 663 4623 diis
689 4567 968 4638 gentilium
1012 4565 1242 4621 faciendi
1278 4572 1495 4619 causam
1522 4578 1683 4635 posse
1711 4579 1739 4619 a

144 4673 399 4729 quoquam
420 4662 707 4733 adsignari
731 4660 972 4730 (Arnob.,
996 4658 1084 4713 lib.
1107 4675 1201 4722 vn,
1218 4675 1337 4730 pag.
1369 4658 1474 4714 212
1490 4667 1534 4713 et
1553 4654 1740 4730 seqq.).

143 4751 271 4813 Nihil
297 4761 446 4815 enim
473 4755 777 4823 commodi,
808 4764 900 4811 aut
924 4754 1078 4823 lucri,
1113 4764 1205 4809 aut
1232 4753 1438 4809 fructus
1456 4768 1524 4809 ex
1555 4754 1620 4808 iis
1645 4752 1740 4818 dii,

143 4849 182 4901 si
222 4853 309 4921 qui
352 4853 511 4919 sint,
561 4851 843 4922 percipere
885 4863 1118 4919 unquam
1163 4854 1473 4918 potuerunt.
1521 4844 1740 4900 Falsum

141 4941 395 5013 siquidem
426 4953 520 5001 est
548 4958 650 5000 eos
675 4942 953 4997 sacriﬁciis
981 4940 1074 5005 ali,
1102 4938 1404 5008 etjnutriri.
1436 4937 1569 4992 Nam
1596 4936 1744 5007 quis-

142 5036 251 5103 quis
274 5037 382 5092 cibi
426 5047 483 5093 et
514 5035 771 5092 alimenti
808 5031 1011 5105 aliquid
1047 5033 1264 5105 accipit,
1313 5031 1359 5086 is
1389 5030 1633 5085 mortalis
1673 5029 1746 5084 sit

139 5142 364 5200 oportet.
402 5133 487 5189 Dii
517 5147 654 5186 vero
678 5129 1014 5186 immortales
1034 5143 1156 5184 esse
1184 5125 1403 5184 debent.

206 5225 415 5282 Deinde
447 5225 609 5297 quod
647 5225 869 5280 deorum
904 5223 1167 5279 altaribus
1211 5222 1531 5278 admovetur
1569 5219 1745 5275 inani-

141 5330 331 5377 matttm
365 5322 507 5378 illud
533 5331 646 5386 εει,
666 5328 758 5373 aut
792 5320 1086 5374 animatum
1117 5316 1329 5390 (Ibid.).
1355 5317 1431 5383 At,
1449 5315 1522 5370 dii
1553 5322 1748 5370 neutro

139 5411 201 5465 ali
229 5424 484 5483 possunt.
528 5412 654 5468 Non
700 5411 999 5466 inanimato
1030 5409 1280 5482 quidem,
1324 5408 1426 5463 nisi
1474 5406 1746 5477 corporei,

138 5503 285 5562 sicuti
311 5507 579 5563 homines
611 5505 881 5567 dicantur,
915 5519 978 5559 ac
1018 5502 1247 5573 proinde
1276 5500 1347 5555 dii
1382 5514 1486 5554 non
1511 5499 1639 5554 sint.
1666 5496 1747 5552 Ad

139 5596 248 5654 haec
278 5616 412 5657 vero
444 5600 645 5656 nullus
669 5598 988 5654 difﬁtehitur
1018 5597 1083 5651 iis
1102 5595 1394 5650 animatum
1424 5592 1598 5664 potius
1618 5604 1750 5645 con-

140 5697 314 5754 venire
354 5711 527 5769 quam
564 5695 943 5750 inanimatum.
985 5690 1294 5747 Animatum
1342 5686 1517 5751 enim,
1565 5693 1628 5739 ut
1674 5682 1752 5739 ait

140 5790 430 5858 Arnobius,
454 5797 547 5845 est
568 5787 813 5842 animalis
840 5786 1028 5842 hostia.
1061 5783 1193 5853 Qua:
1215 5791 1397 5838 autem
1424 5793 1488 5837 ea
1516 5778 1606 5848 sit,
1635 5776 1748 5834 dis-

1764 4521 1820 4583 D

1840 1858 1999 1913 quem
2027 1858 2152 1898 cum
2175 1843 2352 1899 hostia
2379 1844 2745 1911 comburitur,
2790 1845 2927 1915 ignis
2954 1844 3189 1900 exhalat.
3237 1842 3442 1901 Ultimo

1840 1930 2158 1992 autem'hoc
2183 1951 2346 1993 sensu
2375 1938 2444 1993 ab
2469 1948 2695 1994 auctore
2718 1947 2906 1994 nostro
2933 1939 3217 2009 accipitur.

1912 2031 1983 2086 At
2008 2030 2240 2102 gentiles
2260 2045 2451 2085 revera
2473 2029 2771 2086 credidisse
2801 2029 2934 2086 deos
2957 2045 3087 2086 suos
3118 2029 3203 2086 his
3244 2028 3441 2087 cnissis

1842 2127 1991 2198 pasci
2020 2138 2078 2182 et
2100 2125 2351 2193 saturari,
2397 2139 2465 2181 ex
2497 2125 2582 2180 his
2620 2124 2847 2197 colliges
2884 2123 3180 2181 Clementis
3207 2124 3444 2180 Alexan-

1840 2219 1981 2276 drini
2006 2217 2185 2275 verbis
2218 2236 2233 2273 :
2268 2222 2393 2280 Ζεὺς
2417 2217 2474 2274 δὲ
2522 2219 2740 2297 ὕστερον
2798 2220 3075 2294 ἐπιφανής,
3123 2219 3166 2273 ei
3206 2218 3316 2279 θεὸς
3357 2214 3439 2286 ἦν,

1840 2317 1993 2388 τάχα
2010 2336 2113 2370 που
2143 2322 2236 2375 τῆς
2255 2317 2470 2375 κνίσσης
2489 2321 2591 2370 τῶν
2615 2314 2923 2386 ὀπτωμένων
2938 2320 3095 2389 κριῶν
3117 2311 3436 2386 μεταλαϐὼν,

1843 2407 1902 2471 ἧς
1930 2406 1984 2464 δὲ
2008 2409 2068 2465 τὸ
2102 2410 2259 2485 γέρας
2301 2409 2486 2481 λαχεῖν
2533 2407 2865 2482 ὁμολογοῦσιν
2909 2408 3054 2481 ὑμῶν
3091 2408 3137 2462 οἱ
3173 2408 3277 2462 θεοὶ
3305 2402 3445 2479 (Cle-

1843 2519 1985 2558 mens
2013 2501 2323 2567 Almanam,
2357 2502 2620 2556 Admonit.
2646 2501 2715 2555 ad
2738 2510 2901 2572 gent.,
2936 2517 3057 2572 pag.
3096 2496 3205 2572 12).
3236 2496 3443 2571 Jupiter

1842 2607 2012 2652 autem
2038 2613 2155 2651 cum
2178 2606 2354 2667 postea
2380 2595 2728 2665 apparuisset,
2758 2594 2804 2648 si
2828 2592 3035 2665 quidem
3062 2592 3189 2647 deus
3215 2598 3347 2655 erat,
3374 2599 3436 2644 ut

1842 2691 1929 2764 qui
1974 2706 2211 2745 assarum
2244 2689 2478 2744 carnium
2527 2688 2752 2743 cnissatn
2803 2690 2935 2759 forte
2985 2686 3246 2752 sensisset,
3290 2684 3442 2752 cujus

1845 2783 2042 2854 prtentii
2066 2798 2124 2838 se
2162 2798 2271 2837 esse
2295 2781 2574 2857 participes
2602 2781 2755 2835 vestri
2791 2778 2875 2834 dei
2900 2779 3226 2847 conﬁtentur.
3253 2776 3442 2848 Neque

1842 2875 2021 2931 minus
2066 2874 2353 2946 perspicue
2395 2872 2450 2929 id
2506 2871 2719 2944 probari
2764 2880 2941 2943 potest
2968 2870 3289 2926 auctoritate
3328 2867 3440 2925 Lu-

1842 2968 2007 3034 ciani,
2039 2968 2132 3038 qui
2162 2966 2401 3035 quidem,
2428 2965 2679 3037 quamvis
2705 2963 2963 3021 ethnicus
2991 2962 3178 3028 homo,
3205 2975 3334 3018 suos
3362 2969 3442 3014 ta-

1842 3078 1967 3119 men
1991 3062 2124 3118 deos
2156 3061 2259 3117 hoc
2303 3068 2610 3139 σαρκοσμῷ,
2643 3058 2877 3115 irridere
2907 3072 3072 3113 ausus
3102 3063 3187 3112 est
3216 3071 3232 3110 :
3286 3074 3305 3108 t
3354 3054 3437 3109 Dii

1765 3130 1810 3195 (ἶ
1837 3157 1989 3229 juxta
2015 3157 2203 3212 Jovem
2223 3130 2631 3223 adsidetttes,'in
2661 3164 2859 3209 terram
2880 3150 3207 3222 despiciunt,
3230 3156 3286 3206 et
3307 3162 3444 3219 quo-

1841 3266 1949 3324 quo
1973 3265 2190 3307 versum
2219 3250 2429 3306 intento
2453 3248 2631 3321 capite
2659 3290 2676 3316 ,
2709 3247 3189 3318 circumspectant,
3216 3240 3441 3299 sicunde

1842 3343 2225 3402 subvolantem
2258 3344 2435 3415 ignem
2457 3341 2699 3406 videant,
2723 3339 2810 3395 vel
2833 3338 3077 3394 nidorem
3109 3337 3162 3392 in
3183 3350 3310 3392 aere
3329 3348 3447 3390 sur-

1842 3447 2084 3510 gentem,
2114 3436 2145 3498 ἦ
2175 3438 2550 3515 ἀναφερομένην
2574 3437 2812 3500 mitra-aa,
2843 3434 3094 3502 circaque
3119 3428 3323 3484 fumum
3353 3440 3442 3483 ro-

1845 3540 2046 3585 tantem
2075 3544 2220 3585 esse.
2268 3528 2424 3597 Quod
2458 3528 2503 3582 si
2532 3527 2650 3598 quis
2686 3525 2830 3582 forte
2854 3538 3069 3580 sacrum
3108 3521 3287 3589 faciat,
3312 3535 3447 3593 epu-

1845 3622 2027 3677 lantur
2048 3635 2258 3688 omnes,
2291 3620 2437 3675 fumo
2470 3618 2763 3684 inhiantes,
2812 3632 2877 3673 ac
2904 3631 3213 3672 muscarum
3244 3614 3298 3670 in
3325 3628 3449 3669 mo-

1844 3732 1960 3773 rem
2001 3717 2318 3786 sangttinem
2354 3722 2714 3786 exsugentes.
2760 3712 2963 3768 circum
3000 3724 3122 3767 aras
3157 3707 3386 3766 elI‘usum
3421 3726 3440 3758 ι

1844 3815 2089 3881 Lucium,
2121 3814 2185 3868 de
2207 3812 2474 3883 Sacriﬁc.,
2498 3827 2619 3883 pag.
2650 3809 2802 3882 185).

1919 3910 2025 3969 Sed
2056 3908 2199 3965 hanc
2220 3907 2666 3965 absurdissimam
2694 3902 3007 3976 opinionem
3032 3899 3308 3956 Arnobius
3328 3896 3450 3954 ideo

1847 4002 2079 4067 refellit;
2106 3999 2229 4072 quia
2257 3999 2391 4053 nihil
2421 3998 2582 4068 plane
2611 4011 2680 4052 ex
2704 3993 2979 4050 immolata
3006 3991 3247 4063 qualibet
3274 3990 3448 4046 hostia

1844 4096 1911 4151 ad
1941 4095 2166 4151 deorum
2210 4090 2568 4147 substantiam
2608 4085 2873 4160 pervenit.
2914 4082 3185 4155 Quidquid
3207 4083 3354 4139 enim
3382 4082 3454 4139 ab

1845 4187 2137 4261 gentilibus
2170 4181 2578 4249 immolabatur,
2606 4178 2925 4236 remanebat
2947 4178 3001 4232 in
3032 4187 3196 4239 terra,
3224 4182 3318 4229 aut
3340 4188 3455 4230 sur-

1846 4298 1966 4339 sum
2011 4280 2389 4344 stthleVatum,
2425 4286 2591 4348 atque
2642 4275 2694 4330 itt
2743 4274 2959 4330 cineres
2999 4272 3343 4335 dissolutum,
3396 4271 3448 4327 in

1845 4390 1964 4430 eam
1994 4371 2292 4428 residebat.
2336 4369 2473 4427 Hinc
2512 4383 2724 4425 rursum
2765 4366 2906 4422 idem
2935 4365 3205 4423 Luciuntts
3256 4382 3271 4420 :
3321 4363 3377 4421 Ἠ
3396 4363 3451 4421 δέ

1844 4469 2034 4524 κνίσσα
2056 4466 2332 4526 θεσπέσιος
2351 4465 2433 4520 καί
2457 4462 2765 4542 ἴεροπρεπής
2786 4468 2959 4538 χωρεῖ
2980 4458 3103 4527 ἅνω,
3131 4464 3211 4515 καὶ
3226 4462 3278 4522 ἐς
3299 4461 3453 4517 αὐτὸν

1848 4558 1933 4617 τὸν
1987 4562 2195 4637 οὐρανὸν
2250 4554 2586 4614 διασκδνᾶται
2631 4556 2811 4631 ⁸ἠρέμα
2860 4551 3011 4624 (Luc.
3037 4594 3054 4618 ,
3102 4551 3271 4620 ibid.,
3327 4567 3449 4623 pag.

1853 4652 2006 4725 186).
2048 4649 2221 4705 Nidor
2265 4650 2400 4703 enim
2451 4648 2540 4702 ille
2584 4662 2729 4701 sacer
2783 4656 2934 4716 atque
2986 4645 3186 4700 divinus
3245 4662 3452 4700 sursum

1851 4748 2037 4818 fertur,
2085 4755 2233 4815 atque
2260 4743 2315 4796 in
2339 4741 2507 4813 ipsum
2534 4739 2715 4796 caelum
2748 4740 3031 4808 subvectus,
3060 4739 3312 4810 paulatim
3342 4738 3449 4811 dif-

1850 4838 2107 4911 funditur.

1852 4926 1855 4931 ’
1922 4929 2283 4999 Quamobrem
2312 4925 2564 4984 Clemens
2587 4925 2982 4982 Alexandrinus
3007 4925 3134 4982 inde
3152 4935 3297 4982 recte
3318 4939 3451 4981 con-

1853 5028 1968 5083 ficit
1992 5026 2109 5081 haec
2128 5041 2156 5078 a
2181 5023 2493 5081 cbristianis
2509 5023 2858 5080 meritissimo
2872 5022 2996 5093 jure
3018 5023 3232 5094 penitus
3256 5020 3405 5091 rejici
3431 5039 3444 5075 :

1851 5124 2069 5184 Εἰκότως
2116 5119 2221 5201 ἄρα
2284 5129 2359 5195 τῷ
2431 5126 2501 5194 μή
2552 5122 2808 5193 νικωμένῳ
2869 5116 3072 5180 ἡδοναῖς
3142 5117 3323 5172 θυσίαν
3389 5116 3448 5169 οὐ

1852 5217 2181 5292 προσάγομεν
2210 5255 2226 5280 ,
2277 5214 2414 5268 κάτω
2473 5233 2574 5268 που
2634 5215 2720 5266 καὶ
2768 5208 2885 5267 οὐδὲ
2942 5212 3092 5286 μέχρι
3138 5215 3291 5283 νεφῶν
3350 5215 3451 5263 τῶν

1852 5310 2201 5383 παχυτάτων,
2235 5311 2435 5385 μακρὰν
2464 5305 2519 5363 δὲ
2553 5310 2639 5362 καὶ
2660 5308 2877 5369 τούτων.
2906 5314 2999 5366 τῆς
3036 5302 3120 5360 διὰ
3145 5308 3236 5358 τοῦ
3258 5308 3449 5357 καπνοῦ

1852 5402 2244 5473 ἀναθυμιάσεως
2303 5401 2585 5474 φθανούσης
2616 5440 2632 5465 ,
2690 5395 2740 5451 εἴ
2788 5417 2890 5452 που
2942 5396 3111 5468 φθάνει
3170 5389 3453 5464 (Clemens

1851 5493 2160 5557 Alexandr.,
2213 5508 2286 5549 vn
2335 5490 2617 5556 SIromat.,
2661 5506 2784 5560 pag.
2823 5486 2973 5560 707).
3032 5485 3217 5541 Merito
3246 5500 3366 5557 ergo
3407 5485 3453 5541 ri

1850 5604 1955 5642 non
1979 5584 2241 5654 o/Terimus
2258 5582 2590 5652 sacriﬁcium,
2616 5584 2703 5647 qui
2726 5577 3068 5650 uoluptatibus
3094 5594 3197 5632 non
3222 5578 3449 5644 capitur,

1853 5696 1969 5733 cum
1988 5678 2207 5750 inferius
2236 5692 2327 5730 nec
2348 5691 2508 5746 usque
2527 5673 2596 5727 ad
2618 5671 2965 5726 crassissimus
2989 5670 3147 5724 nubes
3168 5669 3447 5739 perveniat,

1851 5775 1943 5831 sed
1975 5776 2124 5846 longe
2172 5773 2325 5830 etiam
2363 5771 2426 5827 ab
2452 5771 2517 5825 iis
2545 5768 2809 5835 consistat,
2849 5781 2968 5839 qua:
3020 5766 3076 5837 ﬁt
3125 5781 3217 5837 per
3254 5768 3452 5838 fumum
