3878 6312
182 288 271 347 637
1014 317 1025 323 ·
1394 306 1462 363 ΙΝ
1491 308 1747 368 ARNOBI

1859 353 1869 380 ,
1910 314 2063 377 CAP.
2107 317 2292 376 XXIII.

3348 333 3454 390 658

184 406 257 478 qui
296 408 567 479 perpetuis
608 411 886 470 sacriﬁciis
917 428 1039 473 aras
1082 429 1331 488 onerant,
1377 422 1445 478 ad
1472 430 1742 482 extremas
1768 431 1822 490 Α
1846 431 1918 484 mi
1939 430 2089 488 labes
2110 448 2209 490 nec
2226 434 2576 496 diuturnitate
2592 456 2905 512 vanescere,
2931 460 3032 502 nec
3053 447 3299 505 manibus
3328 450 3453 506 ullis

186 501 426 569 angustias
449 503 703 573 orbitate,
741 507 970 575 morbis,
1002 510 1313 585 naufragiis,
1338 515 1566 587 aliisque
1592 519 1748 573 malls
1851 524 1954 577 elui
2003 536 2198 595 petest.
2262 530 2482 600 (Cicer.,
2537 534 2625 591 lib.
2663 554 2737 604 ιι,
2779 539 2843 594 de
2876 501 3450 617 iegiblppagTSS—b’ﬁ

191 601 229 617 ,.
255 591 543 617 ,ηεημωεμ
574 596 773 617 ηιμ.
820 616 861 617 μ
913 602 968 617 ,.,
1000 602 1044 617 ..
1359 608 1369 617 .
1501 610 1511 617 .
1680 610 1690 617 .

188 601 232 649 et
255 591 546 650 infortuniis
574 596 776 654 redacti
806 602 968 656 sunt?
998 602 1188 661 Nonne
1226 608 1466 663 omnium
1499 610 1750 681 ingratis-

190 685 287 741 simi
312 696 490 742 essent
528 688 626 756 dii,
659 691 729 759 si,
752 692 869 750 haec
898 710 1020 763 cpm
1070 698 1299 768 possint,
1345 703 1553 758 nollent
1582 705 1752 776 impe-

191 778 299 848 dire,
324 781 559 852 nihilque
588 785 788 841 vellent
820 789 1026 858 piorum
1054 807 1292 849 annuere
1319 796 1643 865 postulatis?

243 876 301 928 At
325 875 487 946 prius,
513 878 744 948 inquies,
777 881 1072 939 hostiarum
1103 889 1363 960 sanguine
1392 901 1444 947 et
1472 892 1751 951 sacriﬁciis

191 969 512 1039 comparanda
540 980 594 1027 et
619 974 847 1031 emenda
875 989 1001 1033 sunt
1035 979 1258 1037 deorum
1297 982 1582 1043 beneﬁcia.
1612 986 1750 1055 Quid

185 1060 265 1130 ais,
294 1063 370 1117 vir
395 1063 577 1119 bene?
597 1066 773 1132 Quod,
803 1070 996 1125 amabo
1017 1080 1088 1139 te,
1121 1074 1225 1128 diis
1250 1077 1421 1147 magis
1446 1078 1747 1150 indignum,

180 1170 313 1226 quam
337 1158 546 1213 venalia
568 1158 768 1216 habere
795 1161 1096 1231 benefacta,
1130 1182 1193 1223 ac
1222 1169 1339 1223 sine
1357 1170 1461 1225 illis
1489 1171 1749 1241 prodesse

178 1248 393 1303 nemini?
416 1248 554 1318 Quid
582 1268 735 1317 vero,
772 1255 914 1323 quod
956 1259 1000 1312 si
1032 1259 1148 1314 sola
1184 1260 1554 1330 hujuscemodi
1584 1267 1751 1321 sacri-

174 1339 274 1411 ficia
315 1344 557 1411 prosint,
583 1353 730 1399 certe
769 1346 933 1403 homo
974 1349 1149 1418 dives,
1180 1354 1271 1422 qui
1303 1354 1456 1425 plura
1496 1357 1746 1412 animalia

172 1446 351 1503 magno
376 1434 623 1505 quidem,
669 1437 766 1495 sed
815 1438 863 1495 si
893 1456 1025 1510 opes
1053 1443 1173 1513 ejus
1211 1447 1489 1515 respicias,
1537 1450 1750 1506 modico

170 1527 329 1595 pretio
376 1537 576 1597 empta,
629 1530 733 1586 diis
775 1534 1052 1604 mactabit,
1099 1536 1170 1592 ab
1212 1538 1279 1594 iis
1327 1548 1476 1595 tanto
1520 1543 1743 1614 majora,

172 1634 355 1694 quanto
383 1626 594 1682 minora
623 1643 850 1699 pauper,
871 1632 961 1701 qui
982 1633 1235 1704 exiguum
1273 1635 1497 1706 aliquid,
1529 1638 1633 1693 sibi
1671 1650 1745 1692 ta-

1856 617 2130 675 Testatum
2193 639 2320 679 vero
2386 626 2684 685 Macrobius
2733 631 2856 687 facit
2908 649 3247 691 communem
3310 637 3451 693 hanc

1858 712 2022 769 luisse
2052 716 2326 785 gentilium
2357 724 2801 779 consuetudinem
2822 768 2835 790 ,
2869 726 2962 781 sed
2985 729 3353 800 aspersionem
3385 731 3453 786 ab

1857 805 2134 863 ablatione
2180 802 2504 882 distinguit:
2541 834 2560 865 ι
2588 814 2813 871 Constat
2853 820 3032 885 enim,
3080 822 3280 891 inquit,
3334 821 3439 899 diis

1857 901 2066 969 superis
2107 917 2258 959 saera
2306 904 2572 961 facturum
2629 912 2872 981 corporis
2910 913 3183 970 ablutione
3216 918 3450 989 purgari.

1861 993 1993 1047 Cum
2031 1010 2159 1050 vero
2189 996 2372 1054 inferis
2398 998 2656 1056 litandum
2686 1015 2800 1066 est,
2834 1008 2965 1060 satis
2995 1017 3171 1062 actum
3204 1011 3450 1076 videtur,

1855 1084 1900 1138 si
1945 1088 2186 1155 aspersio
2212 1089 2323 1144 sola
2352 1092 2615 1165 contingit
2651 1113 2669 1146 ι
2732 1094 2991 1168 (Macrob.
3012 1142 3025 1164 ,
3059 1099 3146 1154 lib.
3181 1117 3240 1156 ιιι
3269 1101 3456 1158 Satur-

1855 1177 2001 1246 nal.,
2044 1196 2161 1250 cap.
2208 1180 2284 1254 1).
2330 1183 2493 1239 Multa
2540 1187 2608 1241 ibi
2639 1186 2728 1243 ille
2768 1206 2835 1244 ex
2879 1191 3144 1261 Virgilio,
3194 1205 3247 1250 et
3296 1197 3455 1268 longe

1859 1271 2006 1341 plura
2027 1272 2333 1331 Brissonins
2363 1292 2428 1332 ex
2458 1281 2647 1335 eodem
2681 1292 2836 1351 poeta
2858 1283 3083 1356 aliisque
3103 1287 3452 1359 scriptoribus

1856 1364 1925 1420 de
1969 1363 2072 1421 hoc
2122 1370 2400 1437 gentilium
2456 1372 2560 1427 ritu
2608 1376 2865 1431 retulere.
2914 1377 3025 1433 Hos
3069 1390 3253 1436 autem
3300 1382 3455 1437 adire

1857 1456 1999 1513 haud
2052 1460 2340 1517 difﬁciliter
2409 1468 2648 1535 poteris,
2701 1469 2841 1523 sicut
2894 1469 3326 1542 Tertullianum,
3394 1491 3458 1531 ac

1856 1547 2129 1605 Iustinum
2161 1553 2325 1609 etiam
2357 1568 2681 1629 martyrem,
2710 1562 2800 1630 qui
2849 1563 2937 1618 ubi
2980 1563 3326 1620 Christianam
3373 1583 3459 1622 re—

1857 1639 2110 1712 ligionem
2139 1656 2324 1700 contra
2370 1648 2616 1704 ethnicos
2669 1663 2880 1721 tuetur,
2918 1655 2988 1709 ibi
3038 1657 3225 1711 scribit
3268 1673 3298 1712 a
3349 1658 3460 1713 dae-

169 1731 274 1771 meo
305 1733 404 1788 pro
432 1729 675 1788 egestate
713 1724 1027 1790 maximum,
1069 1726 1281 1796 offeret,
1319 1729 1580 1786 beneﬁcia
1612 1735 1753 1789 acci-
1784 1743 1832 1803 Β
1859 1735 2109 1791 monibus
2135 1779 2150 1802 ,
2178 1740 2268 1809 qui
2310 1739 2633 1797 lavationem
2678 1745 2747 1798 ab
2776 1744 2931 1801 Esaia
2984 1748 3240 1818 propheta
3288 1750 3458 1805 indic-

169 1826 281 1881 pere
305 1811 561 1869 debebit?
591 1816 722 1882 Quae
745 1828 924 1874 autem
955 1821 1129 1891 major
1159 1821 1262 1878 hac
1287 1839 1410 1879 esse
1451 1835 1626 1892 potest
1668 1827 1754 1882 in-

164 1903 289 1974 juria
314 1916 368 1961 et
392 1905 691 1977 iniquitas?
716 1910 918 1967 Eadem
939 1928 1071 1969 vero
1101 1916 1330 1982 ratione,
1365 1918 1409 1972 si
1430 1916 1540 1973 duo
1568 1921 1753 1989 populi

165 2011 332 2054 secum
352 1998 507 2057 bello
525 2002 887 2070 decertantes,
919 2008 1108 2062 eadem
1141 2011 1364 2066 omnino
1387 2014 1647 2068 sacriﬁcia
1680 2016 1756 2070 fa-

165 2092 317 2160 ciant,
338 2103 456 2167 tum
486 2096 562 2152 dii
593 2098 702 2154 illis
727 2114 909 2170 opem,
938 2118 1099 2173 quam
1126 2106 1309 2176 utique
1332 2121 1515 2177 parem
1543 2123 1756 2165 meren-

169 2195 270 2250 tur,
296 2186 432 2251 ferre
457 2206 753 2263 numquam
786 2204 1059 2263 poterunt.

237 2280 426 2339 Verum
483 2300 552 2342 ea
592 2288 891 2357 sacriﬁcia,
933 2292 1150 2349 aiebant
1186 2293 1423 2361 ethnici,
1464 2296 1533 2351 ad
1578 2296 1755 2353 hono-

174 2379 361 2436 randos
384 2381 556 2448 deos,
614 2386 1152 2461 ampliﬁcandamque
1195 2407 1381 2448 eorum
1434 2392 1750 2465 dignitatem

170 2482 303 2527 recte
344 2472 590 2531 instituta
639 2488 784 2535 sunt.
817 2481 924 2537 Sed
976 2483 1030 2538 id
1075 2486 1251 2554 palam
1292 2486 1558 2558 planeque
1596 2496 1755 2561 negat

173 2565 423 2623 Arnobius
450 2568 664 2638 (Arnob.
690 2612 704 2635 ,
734 2572 821 2627 lib.
856 2591 927 2630 vn
949 2617 964 2641 ,
1010 2594 1131 2650 pag.
1163 2579 1272 2636 29.0
1305 2592 1352 2636 et
1389 2581 1574 2653 seqq.).
1618 2583 1752 2639 Nam

177 2654 423 2714 honorum
456 2660 882 2736 dignitatumque
924 2668 1201 2724 attributio
1250 2680 1305 2727 et
1353 2672 1750 2731 incrementum

182 2750 222 2804 ia
280 2753 406 2809 solis
453 2753 761 2813 hominibus
827 2750 1001 2816 locum
1053 2762 1231 2819 habet.
1275 2765 1415 2822 Deus
1476 2769 1754 2823 enimvero

180 2846 310 2903 nullo
348 2864 569 2919 prorsus
610 2850 769 2906 modo
797 2853 1105 2924 dignitate,
1149 2860 1421 2928 potentia,
1457 2860 1753 2919 honoribus

176 2942 343 3011 augeri
380 2952 579 3013 potest.
627 2945 764 3011 Quin
795 2948 957 3004 etiam
1000 2951 1091 3021 qui
1131 2950 1413 3021 humanis,
1458 2955 1532 3010 ait
1572 2955 1753 3011 Arno-

175 3032 313 3104 hius,
340 3036 637 3094 honoribus
677 3052 950 3109 mactatur,
994 3045 1047 3100 id
1086 3057 1170 3102 est
1207 3047 1433 3115 Servio,
1475 3051 1771 3110 Brissonio'

1861 1836 1967 1881 tam
1994 1842 2399 1900 cognoverant,
2435 1834 2685 1890 effectum
2720 1836 2929 1903 fuisse;
2964 1848 3021 1892 ut
3057 1841 3286 1911 gentiles
3320 1852 3459 1896 tem-

1857 1924 1946 1991 pla
1986 1939 2081 1979 sua
2110 1924 2379 1996 ingresnri
2404 1970 2419 1994 ,
2471 1945 2531 1984 se
2558 1930 2703 2000 ipsos
2735 1942 2788 1986 et
2817 1948 2971 2003 aqua:
3014 1936 3331 2004 aspersione
3377 1938 3461 1991 lu-

1852 2024 2117 2081 strarent,
2152 2026 2209 2073 et
2236 2027 2349 2074 toto
2375 2022 2538 2076 etiam
2562 2038 2789 2094 corpore
2820 2026 3129 2081 lavarentur
3156 2027 3444 2101 (Brisson.,
3479 2060 3484 2071 -

1855 2106 1945 2160 lib.
1976 2124 1991 2162 ι
2020 2108 2087 2164 de
2137 2107 2317 2168 Form.
2341 2154 2356 2178 ,
2406 2130 2527 2185 pag.
2581 2114 2614 2169 6
2638 2124 2686 2170 et
2732 2133 2914 2187 seqq.;
2951 2116 3175 2174 Tertull.
3200 2160 3215 2186 ,
3259 2121 3349 2175 lib.
3397 2121 3462 2176 de

1853 2200 2141 2273 Baptism,
2185 2222 2302 2279 cap.
2341 2208 2415 2272 5;
2456 2210 2692 2277 Justin.,
2736 2208 2958 2285 Apolog.
2999 2228 3071 2280 ιι,
3100 2231 3187 2269 seu
3212 2231 3263 2281 ι,
3304 2233 3357 2286 ρ.
3392 2217 3464 2271 94

1853 2304 1900 2349 et
1925 2304 2109 2367 seqq.).
2149 2298 2490 2370 Quapropter
2517 2302 2860 2373 Lactantius,
2913 2307 2985 2360 uti
3030 2323 3129 2362 suo
3157 2309 3278 2363 loco
3309 2308 3462 2364 vide-

1853 2390 2061 2459 bimus,
2092 2407 2189 2448 eos
2214 2395 2467 2465 corripit,
2515 2408 2797 2468 propterea
2847 2400 2989 2468 quod
3031 2401 3117 2471 pie
3161 2415 3219 2457 se
3255 2401 3463 2456 sacriﬁ-

1854 2497 2010 2541 casse
2073 2485 2484 2554 existimarent,
2543 2490 2591 2543 si
2643 2500 2800 2545 antca
2859 2492 3093 2547 laverint
3147 2491 3455 2566 (Lactant,

1857 2575 1944 2630 lib.
1969 2593 2004 2630 v
2027 2575 2264 2632 Institut.
2288 2622 2304 2646 ,
2349 2596 2466 2650 cap.
2514 2578 2588 2638 ‘20
2611 2624 2624 2645 ,
2669 2598 2793 2653 pag.
2820 2582 2973 2656 512).
3155 2640 3158 2643 ,

1926 2668 2035 2725 Sed
2059 2669 2174 2727 haec
2202 2671 2475 2729 sacriﬁciis
2505 2676 2791 2746 praemissa
2823 2676 3019 2732 lavatio
3040 2718 3055 2744 ,
3088 2692 3181 2733 seu
3210 2677 3414 2733 ablotio
3440 2720 3456 2746 ,

1854 2772 1949 2817 aut
1973 2765 2217 2833 aspersio
2262 2781 2368 2823 non
2411 2766 2714 2832 efﬁciebat,
2749 2776 2807 2823 ut
2857 2784 3121 2825 caesarum
3149 2770 3448 2825 hostiarum

1856 2859 2117 2928 sanguine
2136 2901 2150 2924 ,
2174 2867 2231 2915 et
2260 2862 2544 2929 putoribus
2565 2903 2578 2926 ,
2610 2878 2749 2934 quos
2778 2878 2880 2918 nec
2908 2864 3009 2932 ipsi
3057 2865 3457 2934 sacrificantes,

1856 2952 1995 3006 sicut
2040 2962 2230 3007 auctor
2260 2963 2447 3008 noster
2489 2962 2636 3010 recte
2685 2955 2861 3026 arguit
2902 2954 3122 3025 (Arnob.
3150 2998 3165 3022 ,
3216 2957 3307 3011 lib.
3339 2972 3453 3020 vn,

1857 3062 1978 3116 pag.
2008 3046 2171 3117 22%),
2215 3046 2357 3103 ferre
2403 3059 2650 3119 poterant
2679 3050 2751 3104 dii
2805 3040 3216 3107 honoraréntur.
3254 3051 3443 3120 Neque

175 3138 221 3181 ει
247 3130 362 3185 aliis
388 3132 804 3204 inlerprelibtts.
838 3140 989 3207 quasi
1035 3142 1207 3211 magis
1246 3152 1472 3212 augetur
1492 3186 1506 3212 ,
1548 3146 1643 3200 illo
1675 3147 1753 3200 in-
1776 3132 1822 3196 C
1855 3137 2056 3193 dixeris
2080 3155 2109 3192 a
2136 3138 2399 3194 Cicerone
2423 3141 2602 3195 citatis
2631 3141 2841 3211 legibus
2869 3156 2990 3196 cum
3037 3143 3280 3212 corporis
3313 3143 3459 3197 lava-

173 3218 328 3279 ferior
356 3233 475 3291 est,
518 3225 673 3296 cujus
712 3239 936 3299 augetur
975 3234 1209 3300 potentia
1240 3233 1426 3305 (Serv.
1453 3279 1467 3301 ,
1497 3238 1550 3291 in
1581 3238 1668 3294 lib.
1702 3256 1755 3294 ιν

167 3313 496 3387 £neid.,1,
539 3338 660 3391 pag.
701 3322 841 3389 5l6,
888 3334 935 3379 et
969 3323 1240 3392 Brisson.,
1285 3329 1374 3385 lib.
1405 3344 1422 3385 ι
1464 3331 1528 3385 de
1566 3329 1749 3388 Form.

166 3427 278 3481 pag.
314 3414 431 3486 21).
464 3415 533 3470 At
560 3416 609 3471 id
632 3459 646 3485 ,
690 3430 783 3473 aut
810 3420 934 3490 quid
966 3423 1141 3479 simile
1169 3424 1237 3482 de
1277 3426 1387 3483 Deo
1436 3428 1622 3487 dicere
1666 3431 1752 3487 vel

164 3507 391 3574 cogitare
420 3508 644 3580 impium
674 3520 759 3567 est
796 3512 925 3581 (Cic.
954 3557 970 3582 ,
1001 3521 1188 3588 fragm.
1209 3558 1225 3585 ,
1254 3537 1377 3592 pag.
1407 3522 1523 3594 16).

224 3597 336 3654 Nos
367 3600 551 3674 itaque
576 3603 746 3660 Deum
778 3621 936 3674 vere,
962 3623 1026 3664 ac
1051 3611 1318 3678 maxime,
1359 3622 1414 3669 et
1452 3629 1615 3687 super
1642 3632 1752 3673 cte-

164 3698 276 3746 tera
323 3696 506 3749 omnia
552 3696 884 3755 honoramus
936 3710 991 3756 et
1043 3704 1301 3771 colimus;
1341 3721 1464 3762 cum
1517 3708 1588 3764 de
1636 3709 1755 3780 ipso

163 3780 317 3852 digne
359 3787 630 3843 sentimus
678 3790 934 3859 (Arnob.,
985 3793 1075 3850 lib.
1111 3810 1219 3861 vn,
1266 3814 1386 3870 pag.
1416 3797 1568 3870 222).
1612 3799 1753 3857 Nihil

162 3876 354 3947 quippe
380 3880 652 3939 credimus
698 3884 750 3945 in
783 3886 875 3940 illo
914 3902 1039 3951 esse
1062 3929 1076 3951 .
1123 3890 1267 3960 quod
1298 3894 1428 3948 solis
1467 3896 1755 3950 conveniat

163 3972 515 4041 mortalibus,
575 3984 666 4030 aut
722 3979 822 4048 ipsi
878 3983 1253 4051 extrinsecus,
1305 4000 1412 4056 quo
1451 3986 1753 4059 perturbari

164 4064 365 4132 possit,
406 4065 674 4123 adveniat.
726 4069 908 4127 Palam
940 4089 1155 4143 quoque
1200 4073 1432 4133 fatemur
1462 4078 1614 4135 illum
1658 4093 1756 4135 sua

165 4143 232 4205 vi'
262 4170 323 4211 se
367 4157 761 4227 perfectissime
813 4177 1171 4235 cognoscere,
1207 4168 1470 4240 necfullo
1518 4186 1753 4242 unquam

164 4243 453 4306 iracundia:
479 4292 497 4317 ,
529 4253 855 4323 voluptatis,
887 4257 1197 4314 ambitionis
1220 4300 1238 4326 ,
1269 4261 1612 4332 cupiditatis,
1662 4273 1755 4321 aut

162 4342 353 4406 quovis
380 4343 561 4415 ejusce
588 4346 733 4401 modi
772 4348 877 4402 alio
909 4357 1058 4405 motu
1081 4351 1290 4420 agitari.

226 4434 362 4501 Quis
383 4453 513 4509 ergo
542 4455 649 4495 non
677 4440 795 4498 sine
812 4440 972 4498 sibilo
995 4444 1251 4513 explodat
1271 4446 1518 4505 ethnicos
1538 4447 1752 4522 (lbid.),

1858 3232 2003 3287 tione
2028 3242 2235 3288 castum
2268 3234 2505 3289 animum
2548 3234 2771 3305 requiri.
2802 3235 2933 3290 Nam
2968 3235 3100 3290 nihil
3130 3237 3196 3291 de
3230 3237 3318 3290 illa
3350 3251 3447 3290 co-

1857 3330 2047 3384 rabant
2074 3331 2323 3401 gentiles.
2356 3332 2472 3400 Quo
2505 3343 2687 3387 autem
2730 3333 2892 3387 modo
2923 3344 3103 3387 castos
3134 3348 3256 3389 esse
3300 3343 3457 3403 pote.

1857 3433 1940 3477 rat
1960 3438 2145 3478 eorum
2189 3428 2431 3489 animus,
2460 3427 2548 3495 qui
2579 3424 2681 3479 diis
2726 3427 2905 3491 omni,
2943 3426 3018 3480 uti
3063 3426 3453 3492 venditabant,

1857 3512 2280 3575 eﬁ'renatissimre
2309 3515 2550 3571 libidinis
2591 3524 2645 3571 et
2680 3516 3028 3587 impudicitiae
3076 3533 3279 3587 genere
3326 3532 3458 3572 con-

1856 3608 2123 3663 taminatis
2150 3624 2212 3662 ea
2234 3624 2355 3677 quae
2381 3609 2610 3664 diximus
2628 3651 2642 3673 ,
2675 3611 2942 3666 faciebant
2971 3610 3281 3666 sacriﬁcia?

1930 3701 2197 3756 i‘rteterea
2246 3706 2415 3767 vero,
2460 3704 2503 3757 si
2555 3704 2868 3758 sacriﬁcatis
2913 3704 3238 3758 animalibus
3282 3703 3457 3758 honos

1856 3793 1960 3849 diis
1990 3795 2260 3860 redditur,
2295 3811 2392 3851 cur
2429 3796 2660 3851 ethnicis
2709 3799 2773 3852 iis
2828 3814 2935 3852 non
2984 3799 3297 3853 mactabam
3339 3799 3454 3852 elcc

1858 3888 2122 3956 phantos,
2177 3904 2371 3953 ursos,
2422 3904 2619 3953 canes,
2653 3890 2863 3957 belbas,
2914 3891 3082 3945 codex
3129 3906 3231 3945 ms.
3278 3893 3457 3959 regius

1858 3983 2085 4048 belluas,
2118 3984 2293 4038 littera
2319 4000 2374 4039 u.
2409 3999 2509 4055 pro
2534 3985 2584 4039 b.
2638 4000 2791 4040 more
2839 3986 2999 4040 solito
3027 3987 3196 4055 posita
3242 3985 3408 4058 (Ibid.
3432 4029 3447 4054 ,

1858 4091 1978 4146 pag.
1998 4073 2151 4147 225).
2182 4076 2340 4132 Belba
2371 4087 2549 4132 autem
2578 4076 2719 4133 idem
2744 4078 3010 4147 signiﬁcat
3038 4090 3198 4148 atque
3232 4079 3418 4147 hymna
3439 4120 3453 4143 ,

1856 4167 2313 4238 quemadmodum
2340 4170 2585 4239 epistolae
2608 4185 2637 4223 a
2668 4170 2913 4225 Barnaba
2942 4171 3156 4239 scripta:
3188 4173 3458 4240 interpres

1856 4260 2376 4330 pseudo-Clemens,
2406 4260 2741 4333 Capitolinus
2770 4274 2822 4318 et
2865 4262 3167 4318 Cotelerius
3196 4265 3422 4319 observa
3440 4295 3456 4305 -

1857 4365 1984 4411 runt
2035 4354 2328 4428 (Barnab.,
2376 4356 2590 4429 Epist.,
2627 4374 2771 4412 num.
2822 4358 2927 4424 I0;
2976 4358 3172 4423 Clem.,
3216 4357 3307 4412 lib.
3357 4373 3457 4412 vnr

1858 4449 2124 4521 Recogm’t.
2155 4492 2172 4518 ,
2199 4451 2227 4522 §
2259 4451 2330 4506 25
2351 4468 2370 4515 ;
2393 4451 2613 4522 Capitol.
2636 4494 2652 4519 ,
2676 4452 2767 4507 sub
2788 4453 2880 4521 ﬁn.
2900 4492 2916 4518 ,
2937 4450 3100 4506 Cordi
3121 4455 3189 4517 5;
3209 4450 3454 4518 Coteler.,

161 4529 251 4595 qui
300 4532 682 4589 existimabant
707 4551 767 4590 se
794 4552 901 4592 non
932 4539 1215 4595 minimum
1248 4541 1351 4597 diis
1378 4544 1491 4598 suis
1519 4544 1756 4602 tribuere
1780 4532 1836 4593 D
1857 4542 1914 4597 in
1957 4545 2099 4598 citat.
2131 4545 2278 4615 epist.
2308 4544 2586 4616 Barnab.).
2635 4545 2744 4602 Cur
2789 4548 2949 4601 etiam
2977 4547 3181 4600 ethnici
3212 4561 3320 4600 non
3352 4546 3460 4600 im-

166 4617 460 4693 bonorem,
513 4627 560 4681 si
586 4642 742 4684 sacra
770 4630 1000 4700 quadam
1029 4635 1276 4704 corporis
1307 4636 1577 4694 lavatione
1606 4640 1756 4710 prius

163 4712 567 4784 abluerentur,‘
596 4734 757 4788 quam
810 4730 935 4777 ante
976 4723 1191 4780 illorum
1235 4742 1329 4781 ora
1378 4727 1613 4797 bovem,
1662 4740 1758 4787 aut

161 4802 304 4860 aliud
350 4809 552 4865 animal
593 4811 903 4868 occiderent
947 4814 1198 4888 illiusque
1241 4815 1583 4877 effunderent
1631 4839 1757 4878 san-

161 4897 413 4963 guinem?
462 4900 685 4973 Templa
738 4904 1015 4963 enimvero
1073 4919 1357 4980 antequam
1411 4912 1754 4984 adirent,ab

164 4991 301 5045 omni
323 4991 436 5048 labe
459 5008 520 5067 se
546 5011 736 5064 puros,
764 5005 822 5050 ut
850 4997 925 5052 ait
969 5000 1238 5058 Arnobius
1284 5001 1474 5075 (Ibid.)
1494 5046 1509 5070 ,
1545 5007 1712 5062 lautos
1733 5049 1750 5074 ,

163 5095 256 5139 seu
304 5087 548 5155 lavatos,
591 5090 1000 5163 castissimosque
1043 5096 1389 5164 praestabant,
1438 5108 1531 5154 aut
1575 5100 1754 5171 potius

165 5187 222 5230 se
276 5190 535 5248 praestare
563 5182 982 5241 arbitrabantur.
1030 5186 1106 5241 De
1156 5188 1249 5244 illo
1288 5199 1466 5246 autem
1510 5191 1753 5249 ethnico-

164 5280 278 5325 rum
308 5287 426 5328 sese
446 5272 662 5329 levandi
686 5290 834 5331 more
855 5277 1073 5346 scripsit
1097 5278 1320 5337 Cicero:
1343 5281 1566 5339 «Castus
1589 5282 1753 5341 lubet

164 5359 249 5419 lex
273 5366 421 5424 adire
442 5368 509 5423 ad
526 5367 680 5437 deos,
700 5368 879 5426 animo
899 5374 1169 5445 videlicet,
1193 5379 1244 5433 in
1268 5396 1374 5451 quo
1401 5391 1527 5438 sunt
1547 5385 1746 5439 omnia.

166 5449 270 5512 Nec
297 5459 433 5515 tollit
457 5460 835 5518 castimoniam
863 5470 1107 5537 corporis
1130 5488 1144 5524 :
1167 5472 1264 5527 sed
1287 5449 1391 5528 hoc
1418 5484 1637 5546 oportet
1663 5477 1747 5531 in—

170 5552 351 5624 telligi,
382 5570 504 5610 cum
530 5554 755 5611 multum
780 5558 990 5616 animos
1015 5566 1229 5634 corpori
1271 5575 1516 5635 przestet,
1563 5570 1750 5626 obser-

171 5656 417 5720 vaturque
468 5659 547 5718 utJ
579 5659 730 5705 casto
787 5666 1017 5724 corpore
1078 5658 1341 5726 adeatur,
1408 5664 1580 5718 multo
1629 5680 1752 5722 esse

175 5739 433 5801 inanimis
460 5744 784 5802 servandum
811 5750 999 5820 magis.
1030 5748 1163 5808 Nam
1199 5754 1333 5811 illud
1373 5758 1459 5812 vel
1504 5757 1633 5814 illud
1663 5775 1749 5816 as-

194 5839 496 5907 aspersione
522 5852 696 5909 aquae,
722 5840 815 5898 .vel
843 5841 1053 5900 dierum
1098 5862 1323 5906 numero
1351 5850 1554 5908 tollitur
1585 5870 1599 5907 :
1631 5855 1747 5910 ani-

1858 4639 2134 4694 molabant
2177 4637 2534 4695 Immissnlum
2580 4651 2627 4695 ct
2682 4640 2973 4703 Puteones,
3022 4640 3112 4711 qui
3155 4648 3291 4695 teste
3346 4639 3459 4693 Pli-

1859 4730 1986 4794 nio,
2039 4731 2391 4801 Aldrovando
2421 4778 2434 4799 ,
2495 4744 2552 4788 et
2595 4733 2716 4788 aliis
2767 4733 3017 4803 quaadam
3072 4742 3229 4788 erant
3276 4733 3456 4787 avium

1856 4840 2093 4895 genera;
2121 4841 2220 4881 our
2244 4842 2348 4884 nec
2371 4810 2626 4900 solifugas
2646 4844 2739 4883 seu
2764 4828 3029 4899 solipugas
3068 4870 3084 4895 ,
3121 4844 3215 4882 seu
3255 4827 3459 4882 bestio-

1857 4917 1935 4971 las
1987 4918 2308 4985 maleﬁcas,
2344 4937 2467 4990 quae
2509 4936 2631 4976 cum
2681 4921 2761 4975 sol
2828 4921 3104 4976 ardentior
3161 4929 3279 4983 est,
3341 4929 3454 4973 tum

1856 5012 2036 5067 acrius
2086 5026 2368 5085 pungunt;
2423 5030 2522 5071 cur
2547 5030 2646 5071 nec
2695 5017 2950 5080 natrices,
2985 5031 3078 5069 seu
3127 5021 3446 5082 serpentes,

1855 5122 2123 5162 venenum
2155 5109 2206 5162 in
2251 5124 2444 5179 aquam
2473 5106 2760 5164 fundentes
2784 5150 2799 5174 ,
2843 5109 2913 5163 de
2955 5107 3148 5178 quibus
3176 5105 3317 5159 idem
3346 5103 3458 5159 Pli—

1854 5201 2006 5263 nius,
2054 5200 2306 5266 Solinus,
2357 5201 2643 5269 Lucanus,
2693 5201 2967 5258 Isidorus.
3023 5200 3249 5263 Cicero,
3288 5196 3455 5251 Colu-

1855 5292 2049 5359 mella,
2081 5302 2136 5348 et
2164 5309 2262 5349 nos
2291 5294 2419 5350 alibi
2464 5295 2671 5365 (Plin.,
2701 5294 2790 5349 lib.
2840 5310 2968 5348 xvin
3036 5291 3232 5345 Natur.
3288 5291 3408 5342 hist.
3436 5330 3453 5355 ,

1853 5404 1971 5458 cap.
2000 5388 2033 5442 7
2061 5396 2109 5443 cl
2131 5389 2202 5453 8;
2240 5389 2409 5456 idem,
2452 5391 2542 5445 lib.
2574 5404 2667 5445 vm
2689 5430 2702 5454 ,
2736 5405 2853 5460 cap.
2909 5386 3018 5448 50;
3057 5386 3148 5440 lib.
3180 5400 3292 5438 xxu
3333 5400 3453 5453 cap.

1853 5483 2114 5547 ult.;lib.
2146 5499 2315 5554 xxxx,
2365 5502 2482 5555 cap.
2513 5486 2587 5549 4;
2640 5484 2809 5540 Solin.
2838 5525 2853 5547 ,
2902 5498 3020 5551 cap.
3071 5482 3134 5543 4,
3180 5494 3302 5549 pag.
3348 5476 3452 5541 18;

1853 5572 2051 5629 Lucan.
2078 5618 2094 5639 ,
2116 5577 2205 5631 lib.
2244 5593 2294 5631 Ix
2317 5619 2331 5644 ,
2372 5594 2500 5631 vers.
2532 5577 2673 5641 837;
2702 5576 2895 5630 Isidor.
2921 5615 2935 5639 ,
2993 5571 3083 5627 lib.
3131 5586 3202 5625 ιιι
3255 5566 3405 5639 Orig.
3427 5609 3444 5635 ,

1853 5684 1971 5738 cap.
2000 5668 2069 5736 4;
2097 5668 2259 5726 Cicer.
2284 5712 2299 5735 ,
2332 5671 2423 5726 lib.
2455 5687 2506 5726 tv
2558 5671 2706 5724 acad.
2755 5668 2975 5735 ῥαίνει,
3023 5682 3146 5739 pag.
3178 5666 3290 5725 53:
3333 5661 3440 5718 Co-

1854 5760 2027 5814 lumel.
2052 5801 2066 5827 ,
2097 5762 2185 5816 lib.
2217 5777 2266 5827 ι,
2301 5780 2415 5834 cap.
2461 5763 2541 5835 5).

1860 5878 1874 5892 ι
1932 5850 2358 5923 Respondebant
2383 5855 2646 5927 gentiles,
2675 5862 2733 5913 ut
2753 5851 2966 5911 debitus
3005 5850 3112 5910 diis
3138 5851 3312 5910 honos
3355 5849 3457 5906 tri-'
