3878 6312
499 239 606 297 659

1751 261 2205 323 DlSSERTATlO
2229 267 2509 326 PR/EV’IA
3635 296 3715 353 640

494 357 728 427 buatur,
766 375 828 418 ea
853 376 975 423 esse
1001 365 1382 437 sacrificanda,
1417 386 1535 444 qme
1565 373 1642 431 illi
1671 377 1737 432 ad
1766 379 1930 454 vitam
1977 397 2099 436 sus-
2127 388 2178 446 Α
2204 385 2373 442 videri
2402 389 2640 457 possint;
2671 403 2830 446 nemo
2862 401 3038 450 tamen
3079 396 3382 456 diffitehltur
3408 403 3467 459 iis
3503 412 3706 470 omnibus

496 455 806 512 tentandam
831 458 988 514 nobis
1013 462 1445 533 suppeditarunt.
1471 468 1612 540 Ergo
1636 513 1651 536 ,
1701 472 1873 543 inquit
1898 487 2074 532 auctor

497 557 716 613 noster,
747 550 1155 609 sacrificandum
1182 567 1266 612 est
1289 557 1367 612 eis
1390 601 1404 626 ,
1438 563 1717 628 cuminum,
1749 567 1923 633 cujus,
1953 585 2084 638 [παρ’

499 648 581 694 ter
609 639 746 696 alios
799 644 1042 699 meminit
1069 645 1274 704 Plinius
1300 648 1465 710 (Plin.
1493 695 1507 718 ,
1541 654 1631 710 lib.
1665 671 1756 711 xrx
1782 657 1920 712 Hist.
1951 670 2083 726 nat.,

495 748 612 804 cap.
639 734 708 798 8,
758 753 880 808 pag.
909 737 1080 810 615),
1130 741 1213 796 vel
1260 747 1577 801 nasturcium
1601 793 1614 814 ,
1652 751 1720 806 ab
1767 767 1833 810 eo
1873 770 2088 826 quoque

496 836 891 898 memoratum,
951 841 1007 886 et
1054 849 1190 902 quo,
1239 847 1297 890 ut
1346 847 1591 904 testatur,
1636 841 1860 911 Cicero,
1911 847 2090 904 Persae

493 921 643 975 vesci
685 921 963 990 solebant;
997 927 1080 982 vel
1131 928 1338 998 bulbos,
1384 932 1454 986 ab
1498 934 1709 1002 Ovidio,
1741 948 1793 993 et
1848 939 2088 997 Martiale

498 1011 692 1083 (Plin.,
723 1015 850 1071 ibid.
871 1061 886 1083 ,
916 1037 1036 1091 pag.
1066 1023 1193 1086 6H;
1215 1022 1323 1080 Cic.
1345 1067 1361 1091 ,
1393 1025 1484 1082 ltb.
1519 1029 1583 1083 de
1603 1027 1810 1096 Finib.,
1845 1050 1899 1104 p.
1921 1033 2008 1100 66,
2043 1045 2090 1088 ct

493 1106 584 1162 lib.
609 1125 640 1162 v
665 1108 877 1166 Tuscul.
901 1155 917 1180 ,
970 1131 1092 1186 pag.
1115 1116 1250 1183 £92;
1288 1117 1466 1186 Ovid.,
1495 1124 1586 1176 sub
1617 1123 1719 1190 ﬁne
1759 1125 1848 1181 lib.
1878 1126 2088 1182 Remed.

493 1218 699 1271 amor.;
732 1205 961 1262 Martial.
980 1251 994 1274 ,
1025 1210 1114 1265 lib.
1144 1227 1220 1276 nt,
1244 1211 1426 1286 Epigr.
1457 1217 1550 1289 54)
1581 1217 1926 1289 decantatos,
1959 1237 2093 1293 quo-

494 1311 612 1352 rum
644 1309 854 1366 natura,
874 1313 1009 1359 teste
1038 1303 1232 1369 Plinio,
1275 1307 1432 1365 siseri
1459 1320 1512 1365 et
1536 1312 1825 1380 pastinaca:
1850 1316 2092 1383 proxima

496 1401 601 1458 est;
630 1393 714 1450 vel
736 1397 961 1466 acinum,
983 1414 1079 1454 seu
1106 1414 1379 1473 ocymum,
1396 1403 1608 1460 ocinam
1631 1416 1685 1462 et
1704 1408 1880 1474 ozina,
1905 1408 2094 1480 dequo

497 1496 699 1554 praster
719 1488 832 1556 jam
863 1489 1134 1546 laudatum
1160 1493 1391 1550 Plinium
1424 1495 1628 1565 Varro,
1655 1498 1808 1565 Cato,
1830 1509 1886 1556 et
1912 1501 2092 1557 Theo-

496 1579 748 1650 phrastus
775 1582 944 1656 (Plin.
971 1631 986 1652 ,
1019 1587 1106 1642 lib.
1141 1590 1228 1643 cit.
1248 1633 1264 1656 ,
1308 1607 1430 1662 pag.
1461 1592 1558 1648 59f
1583 1613 1604 1661 ;
1629 1596 1764 1650 idem
1784 1638 1798 1662 ,
1847 1597 1936 1652 lib.
1966 1615 2059 1653 xix
2078 1641 2094 1665 ,

496 1689 614 1743 cap.
648 1674 710 1744 8,
744 1694 867 1748 pag.
902 1677 1044 1746 6H;
1079 1679 1232 1737 Varr.
1265 1684 1328 1738 de
1355 1683 1432 1738 Re
1454 1697 1608 1753 rust.,
1651 1688 1740 1742 lib.
1775 1705 1812 1756 ι,
1843 1707 1960 1761 cap.
1992 1693 2096 1756 5f;

2190 491 2373 532 secum
2429 483 2778 552 compositis,
2845 493 3006 557 atque
3066 490 3359 561 conjunctis
3411 503 3715 567 superstitiosa

2189 573 2465 640 gentilium
2490 577 2747 632 sacriﬁcia
2776 578 2930 648 plane
2956 584 3270 654 penitusque
3291 588 3529 650 subverti.
3554 594 3621 651 Ad
3640 599 3717 655 alia

2191 664 2397 736 itaque,
2430 667 2476 722 si
2516 667 2694 735 lubet,
2745 674 3064 730 excutienda
3106 679 3400 735 veniamus.

2800 805 3086 848 ικτιευιυε
3124 809 3200 850 Ill.

2197 898 2507 951 Ponderalur
2530 903 2659 952 aliud
2698 903 2897 955 Arnobii
2941 907 3176 957 adversus
3220 911 3510 964 ethnicorum
3538 915 3722 966 sacriﬁcia

2257 968 2760 1034 argumentum,_inde
2781 971 3012 1034 petitum,
3038 973 3165 1034 quod
3184 972 3352 1022 hostiae
3378 977 3455 1024 uni
3473 973 3574 1034 deo,
3590 987 3631 1028 et
3644 982 3721 1028 aliae

2255 1025 2398 1138 alter:
2443 1025 2830 1092 immolabantur,
2865 1034 2946 1083 ubi
2986 1025 3067 1082 de'
3084 1034 3180 1084 diis
3214 1035 3399 1099 inferis,
3432 1046 3481 1088 et
3509 1025 3639 1089 sciofa
3665 1025 3720 1091 in;

2263 1101 2374 1138 cieu
2403 1103 2448 1137 e.

2263 1101 2448 1138 CICDIC‘.

2272 1213 2590 1284 Rejicienda
2630 1234 2753 1276 esse
2798 1222 3076 1292 gentilium
3122 1226 3380 1281 sacriﬁcia
3411 1237 3466 1283 nt
3509 1230 3722 1286 Arnobius

2197 1310 2366 1378 magis
2412 1311 2686 1382 magisque
2738 1315 3052 1384 patefaciat,
3091 1317 3158 1372 ab
3199 1319 3301 1375 illis
3350 1323 3513 1390 poscit
3549 1339 3631 1379 cur
3659 1327 3723 1380 uni

2195 1399 2299 1454 deo
2342 1411 2584 1470 taurum,
2626 1405 2777 1460 alteri
2806 1406 3017 1462 hzedum
3042 1451 3055 1474 ,
3090 1410 3215 1465 huic
3242 1427 3398 1477 oves,
3430 1415 3498 1468 illi
3535 1415 3716 1472 inscien-

2196 1502 2302 1548 tem
2342 1500 2586 1568 scrofam,
2612 1499 2660 1553 id
2687 1510 2769 1554 est
2793 1515 2942 1557 suem
2973 1505 3248 1574 gravidam
3267 1548 3280 1571 ,
3303 1516 3356 1562 et
3387 1511 3548 1578 partui
3574 1511 3722 1580 proxi-

2199 1603 2378 1656 mam;
2429 1606 2526 1646 cur
2574 1593 2799 1662 singulis
2834 1597 2940 1651 diis
2975 1599 3303 1670 singularem
3333 1604 3599 1672 quamdam
3629 1605 3721 1658 hos-

2213 1681 2373 1747 tiam,
2427 1693 2589 1752 atque
2642 1686 2746 1741 illis
2779 1686 3078 1755 fmminiui,
3124 1691 3208 1746 liis
3244 1693 3513 1748 masculini
3543 1697 3722 1766 generis,

496 1765 656 1836 Cato,
705 1769 767 1825 de
803 1771 880 1827 Re
918 1775 1096 1830 rustic.
1122 1818 1138 1843 ,
1169 1793 1284 1850 cap.
1315 1779 1420 1845 54;
1466 1779 1763 1852 Theophr.,
1793 1785 1884 1838 lib.
1921 1801 1991 1841 vn
2031 1787 2092 1842 dc

2207 1775 2515 1844 quibusdam
2568 1778 2675 1834 albi
2731 1783 2815 1837 vel
2869 1783 3004 1850 rufi,
3059 1785 3183 1839 aliis
3236 1787 3382 1858 nigri
3431 1789 3609 1845 coloris
3645 1792 3725 1844 ani-

497 1859 700 1930 Plant.,
731 1883 847 1932 cap.
876 1866 947 1940 5)
981 1869 1066 1924 vel
1088 1872 1329 1926 cumilam
1359 1873 1618 1942 bubulam,
1649 1878 1804 1947 cujus
1833 1879 2090 1950 plurimas

495 1955 752 2012 utilitates
805 1957 1120 2016 describunt
1182 1962 1423 2032 Plinius,
1483 1967 1820 2038 Columella,
1869 1980 1924 2026 et
1973 1974 2092 2028 Sal-

498 2049 703 2106 masius
746 2050 940 2124 (Plin.,
973 2055 1062 2109 lib.
1094 2072 1216 2118 nx.
1250 2074 1368 2129 cap.
1397 2058 1453 2128 8,
1486 2071 1533 2114 et
1562 2061 1650 2115 lib.
1697 2079 1768 2116 xx
1789 2106 1803 2131 ,
1835 2081 1950 2132 cap.
1990 2067 2092 2131 15;

496 2143 747 2202 Columcl.
770 2189 786 2212 ,
819 2148 908 2202 lib.
937 2165 1026 2204 κγ]
1069 2151 1133 2204 de
1179 2151 1258 2208 Rc
1285 2155 1462 2209 rustic.
1484 2197 1497 2221 ,
1528 2172 1645 2228 cap.
1676 2158 1778 2224 1'5;
1814 2157 2044 2216 Salmas.
2073 2202 2088 2226 ,

494 2239 549 2294 in
579 2240 752 2296 Solin.
775 2283 791 2308 ,
824 2260 945 2314 pag.
986 2244 1125 2300 1275
1156 2257 1204 2300 et
1228 2231 1414 2319 seqq).

569 2335 735 2408 Urget
761 2338 1006 2396 ethnicos
1029 2340 1248 2411 (Arnob.
1275 2385 1292 2412 ,
1316 2345 1404 2398 lib.
1436 2362 1541 2412 vn,
1566 2346 1812 2418 1:09.224
1838 2357 1884 2402 et
1928 2347 2092 2422 seqq.)

496 2429 806 2487 Arnobius:
837 2433 893 2488 Si
922 2448 1082 2490 canes
1105 2477 1122 2500 ,
1154 2437 1328 2504 asini,
1368 2439 1555 2508 porci,
1602 2442 1916 2510 motaeillm,
1965 2459 2093 2499 aves

495 2524 736 2590 scilicet,
787 2540 908 2596 quae
962 2536 1252 2585 attestante
1292 2528 1518 2600 (Varr.,
1577 2533 1667 2588 lib.
1713 2549 1766 2588 iv
1823 2535 1887 2588 de
1939 2534 2092 2607 Ling.

495 2615 589 2670 lat.
612 2658 628 2683 ,
661 2633 780 2688 pag.
816 2616 1189 2690 i9)Varrone,
1222 2621 1449 2677 caudam
1502 2639 1719 2694 semper
1749 2638 1966 2683 movent
1989 2669 2005 2692 ,
2052 2631 2096 2683 si

505 2711 856 2783 hirundines,
901 2728 1124 2787 accepto
1153 2717 1333 2789 aliquo
1379 2719 1728 2776 humanitatis
1756 2737 1949 2788 sensu,
1982 2738 2098 2778 cre-

499 2805 694 2862 derent
741 2806 873 2863 deos
923 2824 1022 2864 nos
1065 2825 1224 2877 esse,
1271 2813 1534 2884 nobisque
1574 2830 1724 2872 sacra
1754 2816 1932 2872 facere
1981 2819 2096 2874 vcl-

497 2898 642 2967 lent,
673 2901 931 2974 numquid
987 2903 1179 2960 honori
1231 2905 1555 2962 duceremus
1604 2909 1672 2963 ab
1716 2909 1820 2964 illis
1852 2926 2096 2977 muscas,

493 2993 780 3061 formicas,
835 3004 1111 3063 stercora,
1159 2999 1392 3071 aliaque,
1441 3001 1636 3072 quibus
1670 3003 1910 3068 aluntur,
1943 3005 2102 3060 nobis

494 3085 828 3142 sacrificari?
869 3089 1034 3160 Atqui
1076 3090 1153 3146 dii
1203 3092 1450 3147 mactatis
1490 3103 1795 3161 taurorum,
1841 3097 2100 3151 aliorum-

2192 1867 2300 1921 mal
2332 1868 2695 1928 immolarent.
2757 1874 2872 1943 Qua
2929 1891 3057 1932 vero
3105 1878 3262 1950 lege,
3316 1880 3518 1950 inquit,
3565 1881 3608 1936 id
3654 1883 3724 1936 ali-

2192 1960 2407 2029 quando
2479 1972 2736 2018 statutum
2787 1967 2915 2021 est?
2969 1968 3107 2035 Quid
3167 1971 3333 2025 etiam
3409 1971 3560 2028 refert
3607 1974 3720 2041 cujus

2193 2056 2440 2111 animalis
2485 2058 2633 2114 caede
2684 2060 2899 2131 aliquod
2933 2062 3170 2119 hominis
3215 2066 3441 2120 debitum
3487 2067 3649 2133 luatur,
3684 2077 3720 2122 et

2195 2149 2416 2206 sedetur
2445 2151 2670 2208 deorum
2720 2156 3035 2214 iracundia?
3077 2159 3349 2232 Numquid
3381 2162 3462 2216 his
3488 2163 3624 2216 unius
3660 2177 3726 2230 po-

2196 2246 2301 2301 tius
2332 2261 2495 2314 quam
2545 2247 2768 2304 alterius
2799 2253 3019 2322 sanguis
3069 2254 3279 2324 gratior
3305 2264 3388 2311 est
3410 2264 3462 2310 et
3484 2255 3724 2324 acceptior?

2270 2339 2688 2409 RcSpondehant
2736 2343 2937 2400 ethnici
2989 2345 3120 2402 deos
3152 2363 3335 2404 mares
3385 2364 3504 2404 esse
3530 2357 3580 2404 et
3618 2347 3727 2402 terni-

2202 2446 2331 2498 nas,
2369 2432 2506 2488 alios
2541 2433 2764 2490 dextros
2793 2436 2930 2491 alios
2959 2438 3154 2501 ltevos,
3208 2440 3476 2510 quosdam
3521 2455 3721 2510 superos,

2202 2533 2256 2579 et
2309 2527 2596 2581 nonnullos
2641 2527 2876 2595 inferos,
2928 2541 3092 2602 atque
3146 2533 3353 2588 idcirco
3394 2535 3494 2589 illis
3539 2534 3726 2588 vietimas

2204 2619 2404 2676 diversi
2433 2623 2650 2692 generis
2678 2623 2986 2681 czrdeudas.
3019 2627 3090 2683 At
3121 2627 3172 2682 id
3207 2629 3428 2698 quidem
3457 2645 3485 2684 a
3516 2628 3607 2683 diis
3629 2641 3727 2698 prai-

2205 2725 2418 2785 ceptum
2452 2717 2616 2773 fuisse
2660 2718 2889 2789 probare
2932 2721 3153 2777 forsitan
3195 2732 3450 2793 poterant
3494 2724 3583 2778 hoc
3606 2720 3726 2790 Apol-

2205 2807 2328 2862 linis
2358 2810 2615 2877 oraculo,
2645 2813 2837 2881 graecis
2879 2813 3126 2869 versibus
3167 2815 3320 2870 edito
3340 2859 3352 2880 ,
3385 2814 3520 2887 quod
3560 2829 3615 2868 ex
3637 2811 3727 2867 Por-

2204 2900 2396 2973 phyrio
2436 2903 2697 2960 Eusebius
2727 2906 2997 2976 decerpsit
3033 2905 3293 2980 (Euseb.,
3342 2910 3431 2962 lib.
3466 2923 3515 2962 iv
3543 2904 3722 2973 Proper.

2203 3009 2382 3066 evang.
2409 3039 2422 3062 ,
2457 3013 2573 3067 cap.
2605 2998 2658 3064 9,
2691 3016 2810 3070 pag.
2846 3000 2949 3054 HS
2998 3011 3045 3054 et
3091 2998 3285 3072 seqq.).
3317 3000 3421 3056 Sed
3470 2999 3583 3070 quia
3623 2994 3714 3051 illud

2208 3088 2368 3156 paulo
2397 3088 2609 3160 longius
2653 3101 2766 3154 est,
2812 3091 3031 3149 latinam
3060 3092 3346 3149 dumtaxat
3385 3093 3580 3150 illorum
3607 3093 3723 3146 inter-

494 3193 602 3248 que
651 3180 1001 3246 animalium,
1034 3198 1155 3252 qnze
1199 3197 1326 3239 mox
1373 3194 1726 3256 putrescunt,
1772 3189 2092 3259 corporibus

2207 3183 2559 3251 pretationem
2600 3185 2956 3254 proferemus.

495 3283 607 3325 non
635 3272 803 3342 magis
836 3270 1189 3330 honorantur.

573 3362 775 3420 Verum
821 3366 1014 3437 aliquis
1046 3383 1145 3423 nos
1195 3369 1282 3425 hic
1322 3373 1650 3438 morabitur,
1695 3391 1758 3429 ac
1805 3375 2092 3448 redarguet

497 3459 701 3516 nullius
751 3462 1009 3518 momenti
1056 3477 1178 3520 esse
1219 3465 1352 3522 illud
1400 3467 1626 3524 Arnobii
1675 3482 2088 3538 argumentum;

494 3553 932 3624 quandoquidem
991 3555 1161 3612 Judtei
1217 3558 1328 3613 Deo
1381 3575 1510 3615 vero
1561 3577 1724 3623 oves.
1780 3563 1980 3630 boves,
2028 3581 2092 3621 ac

499 3647 655 3717 plura
680 3647 780 3702 alia
801 3649 1055 3704 animalia
1080 3652 1580 3723 mactahant.Atqui
1600 3654 1718 3711 haec
1733 3657 1993 3712 sacrificia
2019 3660 2092 3713 illi

495 3749 649 3810 grata
679 3752 869 3809 erant,
903 3744 1070 3799 immo
1095 3745 1162 3800 ab
1193 3747 1311 3816 ipso
1354 3747 1648 3817 imperata,
1701 3759 1862 3820 atque
1891 3752 2092 3809 idcirco

499 3834 551 3888 in
581 3834 699 3906 ejus
731 3835 873 3892 facta
904 3837 1187 3895 honorem.
1214 3839 1321 3896 Sed
1353 3843 1441 3911 qui
1469 3841 1585 3896 hinc
1611 3842 1829 3912 objiciet
1855 3859 1920 3899 eo
1950 3845 2089 3916 ipso,

496 3944 607 4001 quo
637 3928 837 3986 fatetur
871 3932 958 3986 illa
989 3933 1060 3989 ab
1083 3935 1202 4005 ipso
1231 3936 1343 3990 Deo
1370 3937 1685 4008 praescripta
1733 3938 1899 3997 fuisse
1920 3984 1935 4008 ,
1981 3943 2094 3996 sol-

497 4026 574 4079 vit
603 4026 836 4095 nodum,
884 4027 929 4082 si
968 4030 1090 4100 quis
1115 4031 1220 4095 sit,
1255 4033 1546 4102 pr0posita2
1577 4047 1606 4086 a
1650 4048 1710 4090 se
1735 4033 2091 4092 difficultatis.

497 4119 615 4177 Jam
647 4123 792 4178 enim
822 4138 984 4193 supra
1025 4124 1363 4182 ostendimus
1387 4126 1574 4198 (Supr.
1597 4169 1613 4195 ,
1642 4145 1755 4199 cap.
1787 4129 1852 4196 8,
1876 4141 1979 4185 art.
2006 4132 2091 4201 4),

498 4225 553 4270 et
583 4217 742 4286 paulo
773 4227 897 4288 post
925 4217 1162 4284 dicetur,
1197 4220 1378 4274 omnia
1421 4221 1788 4289 ethnicorum,
1813 4224 2098 4293 quodlibet

498 4308 604 4364 diis
630 4313 742 4366 suis
767 4311 1164 4368 immolantium
1187 4355 1202 4378 ,
1231 4313 1498 4370 sacrificia
1527 4314 1735 4371 idcirco
1765 4317 1832 4371 ab
1852 4317 2096 4373 Arnobio

499 4402 816 4471 reprobari.
851 4405 976 4474 quia
1023 4405 1164 4460 nulla
1217 4422 1440 4476 prorsus
1479 4409 1793 4463 eorumdem
1827 4410 2050 4464 deorum
2077 4453 2093 4476 ,

499 4496 590 4566 qui
623 4496 810 4564 utique
842 4498 974 4552 nulli
1015 4510 1199 4562 erant,
1229 4500 1346 4571 lege
1383 4499 1676 4556 constituta
1705 4517 1939 4570 unquam
1983 4503 2099 4558 fue-

2289 3297 2452 3362 'l‘erna
2475 3299 2675 3362 quidem
2699 3301 2920 3360 Laribus,
2949 3304 3150 3353 totidem
3177 3316 3376 3354 sacrare
3402 3307 3628 3353 memento

2288 3359 2557 3426 Cir-litibus,
2582 3377 2756 3426 verum
2780 3365 2873 3413 hoe
2895 3359 3177 3415 discrimine
3207 3383 3220 3416 :
3247 3367 3450 3417 candida
3467 3375 3622 3426 nempe

2289 3422 2560 3482 Ctelitibus,
2589 3425 2784 3475 Larium
2811 3429 2874 3476 sit
2899 3429 3126 3476 concolor
3145 3429 3304 3479 hostia
3323 3439 3484 3480 terras.

2289 3485 2409 3556 Quae
2437 3485 2642 3556 Laribus
2657 3488 2793 3556 fient.
2821 3493 2870 3539 in
2897 3492 3252 3556 teruasdivide
3280 3502 3444 3556 partes
3471 3506 3482 3538 :

2290 3549 2454 3614 atque
2479 3551 2576 3599 (liis
2593 3550 2762 3610 Erebi,
2791 3559 2924 3601 terra
2949 3552 3162 3612 sepelito
3184 3549 3416 3614 snb'alta,

2293 3609 2686 3676 fumantemque.
2709 3609 2842 3664 cavis
2861 3609 3116 3665 scrobibus
3131 3617 3342 3666 demitte
3363 3609 3579 3665 cruorem

2292 3671 2503 3743 Eunditc
2530 3671 2627 3723 me'l
2649 3675 2898 3743 Nymphis,
2927 3679 3160 3743 etniollia
3185 3679 3312 3728 dona
3339 3678 3496 3743 Lytei:

2290 3736 2411 3792 Quze
2436 3736 2826 3788 circumvolitant
2852 3740 3067 3790 humiles
3092 3754 3214 3850 vaga
3238 3736 3433 3791 numina
3451 3749 3610 3795 terras,

2291 3797 2381 3846 llis
2400 3802 2842 3850 circumexundans
2865 3816 3098 3850 succensa
3127 3818 3152 3850 a
3177 3808 3298 3850 taria
3320 3806 3513 3850 sanguis

2291 3797 2381 3866 llis
2399 3802 2842 3866 circumexundans
2865 3816 3098 3852 succensa
3127 3797 3298 3852 altaria
3320 3806 3513 3866 sanguis

2291 3860 2514 3928 impleat,
2543 3870 2596 3928 et
2619 3876 2783 3928 sacros
2807 3867 2909 3913 avis
2934 3868 3125 3926 integra
3151 3867 3293 3916 cedat
3318 3869 3364 3916 in
3385 3860 3535 3928 ignes.

2291 3924 2390 3989 ﬁed
2415 3925 2730 3989 priusiinfuso
2749 3927 2987 3989 subigens
3005 3924 3142 3976 tunsa
3170 3929 3354 3977 hordea
3378 3924 3539 3979 melle.

2289 3985 2563 4054 lliccthuri
2589 3985 2899 4054 admixtape‘t
2923 3989 3082 4054 salsas
3093 4005 3245 4050 super
3263 3993 3408 4054 injice
3430 3991 3600 4050 fruges.

2291 4047 2416 4116 Qum
2439 4050 2593 4116 glauci
2617 4053 2765 4100 maris
2788 4051 2846 4100 ad
2871 4047 3278 4116 tenuesfacturus
3289 4047 3462 4104 arenas

2295 4111 2522 4183 Xeneris,
2550 4115 2600 4183 in
2619 4121 2763 4183 caput
2784 4111 3062 4183 excussam,
3088 4123 3342 4183 totamgue
3363 4111 3608 4183 profundos

2290 4172 2531 4240 Parricito
2551 4177 2599 4223 in
2619 4172 2795 4240 fluctus
2820 4172 3088 4240 volucrem.
3117 4172 3270 4237 Queis
3295 4172 3390 4227 rite
3414 4174 3618 4240 peractis,

2291 4237 2799 4301 Admagnoscxinde
2827 4239 3001 4287 choros
3020 4243 3223 4301 vestigia
3250 4241 3400 4290 ﬂecte

2291 4298 2566 4349 Cwlituutn.
2595 4300 2744 4350 Sacer
2763 4302 2986 4351 aetheriis
3005 4298 3404 4353 honor-omnibus
3421 4302 3558 4356 idem,

2291 4359 2510 4409 Effusum
2535 4365 2778 4413 scatebris
2803 4365 2860 4411 ad
2876 4359 3044 4412 'larrea
3066 4365 3160 4414 liba
3186 4379 3418 4414 cruorem

2293 4423 2554 4494 §tagnare,
2584 4432 2636 4494 et
2654 4426 2836 4494 devota
2857 4427 2967 4494 deis
2984 4439 3237 4490 apponere
3262 4430 3498 4486 membra,
3597 4487 3604 4494 _

2293 4485 2494 4535 Summa
2513 4488 2714 4551 quidem
2737 4490 2941 4539 flammas
2959 4485 3229 4552 imponere,
3255 4499 3437 4540 caetera
3466 4487 3644 4537 mensis.

501 4598 651 4644 runt.
684 4589 885 4646 Contra
908 4603 1087 4648 autem
1139 4593 1312 4649 Judzci
1347 4610 1478 4650 vero
1509 4595 1620 4650 Deo
1641 4635 1657 4662 ,
1703 4598 1859 4650 sicuti
1893 4612 2099 4665 praacc-
2126 4577 2180 4636 Ῑ)
2207 4590 2332 4646 Haec
2363 4592 2451 4647 ille
2471 4636 2484 4653 .
2519 4594 2674 4648 sicuti
2725 4603 2779 4648 et
2822 4595 2990 4649 Lilius
3018 4595 3269 4650 Giraldns
3292 4638 3306 4660 ,
3337 4596 3427 4667 qui
3457 4593 3626 4649 eadem
3649 4599 3734 4640 car-

501 4691 655 4752 perat
682 4685 1074 4752 sacrificantes,
1105 4703 1229 4742 eum
1254 4688 1406 4744 hisce
1421 4689 1704 4744 sacrificiis
1722 4689 2098 4762 honorabant?

500 4776 690 4833 Nonne
717 4780 861 4834 enim
892 4783 983 4851 qui
1031 4783 1244 4852 jubenti
1276 4783 1654 4854 obtemperat,
1685 4799 1750 4840 eo
1788 4785 1906 4854 ipso
1947 4785 2098 4842 debi-

503 4881 615 4928 tum
649 4872 724 4928 illi
755 4873 940 4928 tribuit
982 4873 1288 4930 honorem?

572 4965 841 5022 Praeterea
872 4966 1118 5036 plurimis
1156 4969 1393 5040 antiquis
1421 4969 1680 5026 Ecclesiae.
1712 4971 1964 5028 Patribus
1986 5015 2000 5036 ,
2032 4988 2096 5028 ac

503 5059 898 5114 recentioribus
932 5059 1204 5129 theologis
1251 5063 1450 5116 nostris
1497 5062 1668 5117 visum
1715 5072 1799 5118 est
1830 5063 2095 5120 sacrificia

505 5153 709 5208 Judzcis
730 5169 758 5206 a
786 5153 898 5209 Deo
920 5155 1230 5224 praescripta
1257 5154 1424 5212 fuisse
1448 5197 1462 5219 .
1493 5173 1597 5212 non
1628 5157 1842 5226 quidem
1881 5159 2098 5228 porissi-

500 5262 647 5302 mum
669 5255 730 5301 ut
761 5247 826 5300 iis
855 5246 1217 5303 honoraretur
1237 5289 1253 5314 ,
1291 5248 1386 5304 sed
1412 5265 1478 5304 ne
1509 5251 1607 5318 ipsi
1637 5249 1807 5306 Judaei
1841 5253 1892 5306 in
1919 5252 2096 5307 idolo-

505 5341 710 5402 latrim,
762 5340 830 5394 ad
860 5355 1019 5411 quam
1065 5341 1470 5410 propensissimi
1511 5353 1706 5409 erant,
1751 5347 1929 5400 scelus
1956 5345 2096 5401 dila-

502 5434 782 5490 berentur.
834 5434 1074 5504 Denique
1124 5434 1409 5499 Arnobius,
1454 5434 1798 5490 ethnicorum
1838 5451 2096 5506 responsa

503 5526 570 5582 iis
621 5526 673 5580 in
729 5527 916 5595 primis
966 5525 1166 5583 refellit
1211 5527 1484 5582 rationum
1531 5530 1854 5592 momentis,
1902 5529 2098 5601 quibus

504 5622 581 5676 illi
629 5637 688 5677 se
717 5621 784 5676 ad
813 5622 918 5677 diis
943 5622 1060 5678 suis
1085 5621 1496 5677 sacrificandum
1519 5622 1766 5677 inductos
1794 5638 1917 5678 esse
1939 5623 2097 5692 jacti-

503 5715 707 5770 tabant.
755 5715 1026 5772 Carterum
1073 5717 1176 5772 etsi
1203 5715 1414 5787 singula
1444 5715 1581 5770 hanc
1618 5715 1852 5770 aliamve
1895 5715 1949 5769 in
1978 5731 2094 5770 rem

506 5809 574 5865 ab
610 5822 676 5863 eo
720 5811 1029 5880 proposita,
1063 5825 1171 5867 non
1223 5809 1470 5882 ejusdem
1515 5807 1729 5865 roboris
1771 5807 2094 5880 quibusdam

2205 4686 2348 4741 mina
2396 4687 2554 4743 aliter
2599 4688 2766 4744 latine
2797 4689 3062 4754 reddidit,
3109 4705 3172 4744 ac
3212 4691 3382 4744 fusius
3436 4681 3731 4760 prosequitur.

2203 4783 2545 4852 Quaproriter
2572 4783 2794 4838 Servius
2817 4784 3099 4850 observat,
3140 4805 3157 4836 ‹
3193 4785 3335 4840 sicut
3363 4780 3615 4852 prosperis
3643 4774 3731 4868 diis.

2205 4885 2262 4930 ut
2284 4875 2507 4943 juvent,
2542 4877 2612 4929 ita
2642 4875 2886 4930 adversis
2907 4919 2920 4942 ,
2955 4892 3022 4931 ne
3050 4877 3230 4931 obsint
3266 4871 3668 4930 sacriﬁcandum.
3689 4862 3734 4916 [ι

2209 4966 2414 5036 nigram
2445 4968 2622 5039 liyemi
2657 4968 2913 5036 pecudem
2939 5009 2953 5032 ,
2987 4968 3240 5040 zephyris
3268 4967 3509 5022 felicibus
3534 4962 3691 5018 albam-
3719 4970 3732 5002 ι

2208 5059 2458 5131 (Girald.,
2497 5060 2630 5114 Hist.
2663 5061 2826 5122 deor.,
2859 5071 3112 5132 syntagm.
3142 5061 3229 5126 l7,
3266 5078 3387 5131 pag.
3413 5059 3512 5114 489
3534 5065 3576 5108 et
3597 5057 3733 5119 seqq-i

2207 5152 2364 5207 Sero.
2385 5194 2399 5214 ,
2445 5155 2496 5206 in
2528 5153 2616 5208 lib.
2644 5170 2695 5208 Iv
2725 5153 2942 5207 Λῖηρὶιί.
2964 5197 2976 5218 ,
3026 5172 3146 5225 pag.
3179 5152 3332 5224 516).

2277 5246 2476 5300 Verum
2509 5256 2864 5316 pra‘terquam
2919 5247 3062 5316 quod
3106 5247 3251 5300 citati
3302 5245 3499 5299 oraculi
3545 5236 3733 5294 falsitas.

2205 5338 2274 5392 ab
2304 5339 2449 5409 ipso,
2499 5339 2588 5407 qui
2636 5354 2753 5392 eam
2801 5339 3014 5402 retulit,
3065 5338 3397 5407 Porphyrio,
3448 5328 3735 5406 quemadmo-

2204 5431 2330 5486 dum
2364 5432 2628 5485 Eusebius
2671 5441 2897 5486 testatur
2940 5431 3191 5503 (Euscb..
3241 5431 3367 5484 ibid.
3399 5471 3414 5493 ,
3457 5445 3570 5498 pag.
3614 5417 3732 5483 Μεθ’

2204 5525 2384 5596 agnita
2415 5534 2529 5586 est,
2564 5535 2712 5578 certe
2743 5535 2932 5579 auctor
2962 5533 3148 5578 noster
3174 5523 3274 5577 hoc
3305 5524 3444 5577 idem
3475 5513 3733 5610 oraculum.

2201 5629 2257 5675 et
2297 5619 2400 5674 alia
2445 5619 2676 5673 errantis
2729 5618 2975 5672 human-.c
3015 5619 3208 5671 mentis
3248 5616 3408 5670 allata
3453 5613 3517 5667 ab
3557 5604 3736 5664 ethnicis

2203 5722 2509 5766 commenta
2541 5711 2698 5766 facile
2714 5711 2990 5781 redarguit
3015 5726 3080 5764 ac
3107 5709 3322 5765 refellit.
3349 5706 3553 5762 Falsum
3579 5697 3735 5771 quippe

2202 5815 2349 5872 erat,
2379 5808 2453 5864 uti
2484 5805 2842 5877 sapientiores
2872 5805 3251 5876 doctioresque
3291 5800 3488 5859 ethnici
3526 5792 3728 5851 fateban-
