3878 6312
149 295 232 352 ou
1364 299 1432 361 IN
1471 293 1846 377 ARNOBIUM,
1889 305 2041 366 CAP.
2085 306 2272 370 xxm.
2328 267 2342 278 ’

147 420 244 473 tur,
269 413 320 463 et
346 408 586 479 superius
616 408 708 465 ille
731 409 1201 472 demonstraverat
1223 458 1239 484 ,
1266 418 1398 475 deos
1435 437 1554 478 esse
1588 441 1701 479 ma-
1734 438 1784 496 Α

152 516 226 553 res
259 509 308 554 et
338 500 576 554 feminas.
608 500 717 557 Nec
744 503 923 560 minus
946 515 1164 576 aperte,
1195 510 1267 562 ttti
1315 512 1546 568 vidimus
1588 517 1711 585 (Ar-

147 591 270 656 nob.,
297 591 382 645 lib.
416 608 524 656 vn,
560 611 680 666 pag.
727 595 833 649 3225‘
868 609 914 651 ct
944 601 1138 671 seqq.),
1172 605 1408 660 ostendit
1459 606 1596 663 falso
1639 611 1708 666 ab

145 681 310 737 iisdem
369 685 596 739 ethnicis
659 688 830 742 asseri
893 690 1022 745 deos
1073 695 1331 762 quosdam
1374 707 1563 754 natura
1609 717 1705 756 sua

143 775 291 828 malos
318 788 436 830 esse
482 785 532 830 et
560 776 851 846 adversus;
902 784 1329 855 quandoquidem
1364 805 1521 846 verus
1565 792 1708 848 Deus

147 866 518 936 benignissima
564 877 622 922 et
661 870 1048 930 benefacientis
1074 886 1158 932 est
1187 890 1412 936 naturae.
1464 884 1706 956 Denique

145 969 284 1030 negat
321 960 456 1015 ullos
486 977 605 1017 esse
632 963 765 1019 deus
795 967 1025 1034 inferos,
1055 985 1119 1026 ac
1158 973 1260 1026 sub
1291 981 1432 1030 terra
1484 977 1535 1031 in
1569 978 1704 1033 Plu-

140 1052 307 1106 tonicis
357 1055 538 1125 regnis
586 1056 842 1127 degentes
884 1060 1088 1130 (lbid.,
1140 1083 1260 1136 pag.
1316 1067 1465 1139 226).
1528 1071 1697 1142 Negat

141 1144 278 1200 etiam
307 1143 617 1215 Juvenalis,
674 1149 920 1206 ethnicus
952 1154 1067 1224 ipse
1097 1166 1254 1224 poeta
1277 1199 1292 1224 ,
1319 1158 1372 1213 id
1403 1160 1570 1214 ullum
1605 1163 1701 1217 ho-

141 1237 312 1292 minem
339 1239 566 1295 credere
631 1242 734 1297 nisi
761 1242 899 1300 forte
941 1261 1075 1316 puer
1113 1250 1212 1317 sit,
1249 1255 1424 1308 :etatis
1454 1254 1592 1309 adeo
1618 1265 1702 1311 te-

142 1345 288 1397 nerae,
329 1341 384 1386 ut
425 1332 664 1388 nondum
700 1337 927 1404 publicis
959 1340 1012 1394 in
1059 1340 1285 1398 thermis
1319 1359 1396 1400 aes
1419 1345 1487 1401 ad
1520 1347 1704 1404 lavan-

141 1423 242 1478 tium
270 1425 335 1481 ab
380 1441 448 1483 eo
487 1424 821 1500 exigeretur.
872 1432 989 1503 Ipsa
1023 1445 1204 1490 autem
1242 1435 1360 1493 haec
1405 1448 1531 1494 sunt
1559 1440 1704 1497 illius

139 1536 342 1578 carmina
375 1540 390 1576 Ζ

212 1634 320 1708 lisse
342 1637 536 1702 aliquos
560 1640 746 1702 Manes,
769 1651 821 1694 et
841 1644 1168 1708 subterranea
1193 1659 1368 1708 regna,

211 1699 260 1778 12:1
276 1699 483 1762 contum,
515 1713 570 1754 et
586 1699 745 1778 stygio
765 1719 910 1778 ranas.
930 1707 978 1756 in
1001 1710 1200 1778 gurgite
1225 1699 1410 1778 nigras,

210 1762 356 1835 ﬁtque
373 1777 464 1835 una
493 1762 708 1835 transire
731 1770 900 1835 vadum
924 1762 1170 1835 totvmiITia
1185 1762 1374 1835 cymba,

209 1824 303 1875 Nec
321 1829 456 1888 pueri
483 1831 716 1888 credunt,
740 1832 828 1880 nisi
852 1832 936 1894 qui
963 1833 1178 1882 nondum
1198 1824 1298 1884 aere
1323 1824 1563 1886 lavantur.

505 1910 775 1976 (Juvenal.,
797 1914 936 1965 satir.
958 1916 1008 1974 2,
1033 1928 1159 1967 vers.
1185 1917 1274 1967 149
1292 1922 1337 1966 et
1355 1918 1512 1984 seqq.)

197 2014 242 2068 Si
267 2015 370 2070 sola
418 2028 602 2087 poeta:
644 2020 935 2075 auctoritas
984 2021 1077 2076 tibi
1107 2038 1215 2076 non
1260 2023 1522 2091 sufﬁciat,
1575 2025 1699 2080 audi

145 2117 366 2163 oratorem
394 2110 653 2166 similiter
699 2111 974 2168 ethnicum
997 2155 1014 2180 ,
1058 2115 1144 2169 cui
1171 2118 1359 2185 procul
1386 2117 1548 2172 dubio
1591 2135 1701 2174 non

147 2199 498 2272 relragaberis,
554 2206 810 2260 nimirum
855 2208 1208 2276 Ciceronem,
1262 2212 1351 2280 qui
1399 2211 1529 2266 deos
1562 2212 1696 2268 infe-

145 2309 215 2348 ros
238 2296 465 2351 exsibilat.
494 2307 557 2352 et
585 2299 826 2368 explodit
850 2317 862 2352 :
891 2318 909 2349 ‹
943 2301 1066 2369 Dic,
1098 2318 1304 2372 quzeso,
1330 2303 1537 2374 inquit,
1573 2322 1698 2361 num

145 2395 186 2440 tc
227 2387 299 2442 illa
339 2398 585 2458 terrent,
633 2391 832 2462 triceps
885 2393 1026 2464 apud
1079 2394 1285 2450 inferos
1334 2396 1698 2454 Cerberus...

143 2478 325 2535 Adeone
362 2498 447 2538 me
495 2484 740 2540 delirare
779 2500 1008 2552 censes,
1049 2497 1107 2541 ut
1134 2488 1204 2541 ita
1231 2503 1353 2543 esse
1382 2489 1696 2545 credam....

143 2573 184 2626 Si
207 2590 316 2645 ergo
343 2578 479 2647 apud
513 2577 728 2634 inferos
760 2581 945 2635 miseri
977 2597 1082 2635 non
1109 2591 1268 2647 sunt,
1316 2598 1386 2638 ne
1410 2593 1537 2646 sunt
1575 2585 1698 2654 qui-

144 2667 237 2721 dem
260 2670 390 2741 apud
422 2670 632 2726 inferos
658 2671 772 2726 ulli.
815 2673 890 2728 lta
917 2689 1143 2744 prorsus
1172 2676 1458 2732 existimo»
1485 2675 1697 2747 (Cicer.,

141 2757 207 2814 lib.
232 2777 245 2813 l
275 2760 475 2817 Tuscul.
499 2803 520 2832 ,
554 2782 674 2834 pag.
707 2765 848 2832 116,
891 2766 985 2819 lin.
1014 2768 1127 2836 55).

140 2879 147 2909 ι
194 2853 282 2909 Sed
325 2867 474 2922 esto,
530 2858 707 2928 pergit
752 2857 1055 2925 Arnobius,
1090 2859 1346 2916 cedamus
1398 2877 1520 2918 esse
1567 2862 1700 2919 deos

140 2943 338 3015 inferos,
379 2950 552 3006 rebus
599 2952 885 3022 prazfectos
933 2953 1178 3008 tristibus
1223 2964 1278 3008 et
1302 2952 1581 3021 infaustis,
1615 2963 1701 3008 at-

142 3056 222 3111 que
266 3042 456 3099 idcirco
488 3043 665 3100 hostia
692 3046 829 3116 nigri
876 3047 1074 3101 coloris
1112 3047 1215 3102 illis
1261 3048 1482 3104 mactari
1509 3047 1705 3104 debeat

142 3132 364 3218 (.lrnob.,
416 3138 506 3192 lib.
571 3154 678 3205 vn,
724 3155 844 3209 pag.
902 3137 1058 3210 226).
1113 3141 1185 3194 At
1239 3156 1345 3210 quo
1382 3151 1571 3212 pacto,
1619 3141 1701 3194 in-

3297 315 3399 382 649

2401 446 2692 489 Αιιτιεηιυε
2731 449 2801 489 η’.

1811 558 2062 618 Quomodo
2085 563 2329 614 Arnobius
2342 565 2435 617 diis
2458 581 2555 618 non
2581 581 2693 618 esse
2708 569 3073 621 sacriﬁcandum
3094 571 3402 625 demonstret

1872 637 1934 691 e_x_
1961 626 2080 686 ipsis
2103 629 2270 684 rebus,
2296 642 2406 691 quae
2433 632 2481 678 in
2513 631 2760 681 sacriﬁciis
2791 633 3166 690 adhibebantur.
3189 637 3273 685 ubi
3312 652 3402 688 ex-

1869 685 2079 795 ltlicatur
2101 691 2215 752 quid
2239 685 2580 753 sit'farcimeu,
2606 696 2848 755 apexabo,
2867 696 3057 751 hirciae,
3077 685 3398 761 silicernium,

1888 761 2095 795 oneavo-
2126 753 2281 795 lmlm-
2313 757 2483 795 ιιμιιίςτι-
2514 756 2756 795 tmliminn-
2803 758 2966 795 ιιιειςρ,
3031 760 3175 795 ςίιίση
3244 762 3378 795 ίὶηιια

1888 761 2096 821 ongavo,
2126 753 2281 825 taedae,
2313 757 2484 825 lieni-:3,
2514 753 2758 818 polimina.
2802 758 2988 820 plasea,
3030 760 3194 825 siligo,
3243 753 3398 825 ﬁtilla',

1872 810 2089 885 frlutnen,
2101 810 2285 876 afrieia,
2305 810 2525 885 gratilla;
2540 810 2839 885 catumeum,
2864 810 3193 885 conspoliu‘t'n,’
3206 810 3400 882 cubula:

1870 872 2042 949 libum.
2069 889 2181 949 capro
2203 872 2442 949 strebula,
2483 872 3103 949 palpamenta.'Salsamina
3139 872 3404 949 quadrimis

1869 935 2091 998 copulata
2115 939 2368 1007 frugibus,
2384 935 2454 990 far
2479 935 2627 1004 pium,
2654 935 2876 1007 feudiéae,
2911 960 3081 1007 ruinae,
3109 935 3198 998 seu
3222 935 3401 998 aerum:

1869 1011 1963 1073 nte.
1985 1002 2233 1073 gurgulio,
2247 1002 2564 1073 ruminatoria
2585 1006 2782 1073 saecula,
2797 1002 3132 1070 augmentum,
3152 1023 3404 1073 magmen-

1869 1066 1990 1120 tum,
2023 1066 2249 1139 velamen
2268 1068 2583 1139 sanguinum,
2607 1066 2936 1139 praesiciaefac
2955 1066 3196 1139 quomodo
3219 1066 3403 1126 Auctor

1870 1133 2038 1173 noster
2059 1129 2284 1178 ostendat
2307 1129 2412 1178 haec
2437 1131 2484 1178 in
2505 1129 2756 1181 sacriﬁciis
2771 1132 2950 1182 frustra
2965 1129 3168 1184 adoleri.

1879 1274 2082 1333 Praeter
2127 1279 2330 1337 hostias
2381 1293 2436 1338 et
2489 1284 2755 1351 victimas,
2807 1301 2868 1342 ea
2922 1287 3099 1345 adhuc
3147 1291 3404 1364 pleraque

1807 1369 2006 1436 omnia,
2031 1386 2152 1441 qum
2176 1374 2227 1427 in
2252 1375 2530 1432 sacriﬁciis
2550 1377 2968 1448 adhibebantur,
2995 1383 3138 1437 aliud
3165 1385 3404 1440 Arnubio

1807 1461 2222 1519 subministrant
2253 1480 2650 1538 argumentum,
2677 1487 2783 1542 quo
2809 1472 2898 1527 illa
2926 1475 3140 1545 penitus
3171 1477 3405 1532 tollenda

1805 1567 1928 1609 esse
1955 1558 2298 1625 apertissime
2345 1561 2698 1618 demonstrat.
2758 1565 2969 1622 Ethnici
3021 1569 3216 1640 quippe
3261 1571 3406 1625 varia

1807 1646 1910 1700 diis
1932 1649 2044 1702 suis
2074 1648 2378 1706 offerebant
2405 1653 2764 1724 farciminum,
2801 1659 3055 1725 liberum,
3085 1662 3329 1731 pultium,
3353 1672 3409 1719 et

1809 1737 2082 1795 ﬁtillarum
2111 1758 2332 1812 genera,
2365 1762 2485 1816 qua:
2513 1748 2616 1804 diis
2641 1765 2749 1804 non
2791 1752 2964 1807 solum
2996 1753 3232 1825 indigna,
3263 1776 3283 1806 ‹
3311 1756 3406 1813 sed

1734 1836 1781 1894 Β
1807 1829 2020 1899 quibus,
2053 1851 2072 1884 ι
2105 1837 2341 1891 auctoris
2365 1840 2534 1894 nostri
2585 1855 2679 1895 eos
2706 1842 3033 1914 alluqueutis
3066 1847 3226 1903 verba
3258 1860 3402 1916 sunt,

1809 1939 1828 1973 ι
1868 1924 2084 1980 nomina
2113 1927 2386 1985 indidistis
2416 1931 2668 2001 obscura,
2701 1937 2972 2007 vulgoque
3002 1947 3060 1993 ut
3088 1951 3270 1996 essent
3306 1958 3405 1997 au-

1801 2017 2040 2086 gustiora
2075 2020 2301 2088 fecistis,
2341 2042 2360 2074 ι
2396 2034 2452 2079 et
2476 2034 2536 2079 ut
2565 2027 2724 2095 paulo
2745 2039 2870 2084 ante
2898 2030 3131 2097 dixerat,
3169 2052 3189 2084 ι
3219 2050 3406 2106 mago-

1757 2166 1780 2183 .
1802 2125 1918 2164 rum
1947 2112 2272 2168 cohaerentia
2301 2117 2631 2186 disciplinis»
2666 2119 2911 2193 (Arnob..
2943 2125 2980 2181 ι.
3015 2140 3106 2193 vn,
3137 2143 3191 2196 p.
3223 2125 3330 2183 229
3360 2136 3408 2182 et

1801 2201 1990 2275 seqq).
2016 2224 2035 2257 ι
2061 2204 2199 2272 Quid
2222 2217 2399 2264 autem
2426 2211 2540 2266 haec
2564 2213 2752 2268 ultima
2769 2215 2931 2271 verba
2948 2216 3270 2286 signiﬁcent,
3299 2236 3407 2276 non

1804 2313 1907 2352 una
1949 2308 2032 2354 est
2067 2301 2398 2358 eruditorum
2430 2306 2631 2375 Opinio.
2677 2309 2902 2377 Quidam
2943 2312 3084 2368 enim
3129 2323 3318 2386 putant
3343 2332 3406 2372 ea

1803 2393 2020 2447 nomina
2069 2395 2204 2461 diei,
2257 2415 2523 2470 magorum
2569 2403 2876 2459 cohwrentia
2905 2407 3230 2478 disciplinis;
3280 2409 3406 2480 quia

1805 2485 2089 2542 tenebrosa
2113 2499 2165 2544 et
2190 2489 2421 2546 obscura
2447 2503 2622 2558 erant,
2647 2507 2700 2550 et
2727 2496 2792 2550 iis
2813 2497 3030 2564 similia,
3053 2500 3248 2570 quibus
3266 2485 3407 2573 magi

1804 2580 2111 2637 utebantur.
2135 2584 2245 2640 Sed
2269 2587 2544 2643 contendit
2561 2589 2858 2646 Salmasius
2882 2592 3016 2648 nihil
3039 2608 3159 2650 esse
3179 2596 3406 2652 Arnobii

1809 2678 1978 2732 menti
2010 2681 2184 2750 magis
2213 2685 2545 2738 contrarium
2580 2683 2860 2756 (Salmas.,
2891 2694 3154 2746 exercitat.
3208 2692 3262 2746 in
3306 2693 3409 2748 So-

1805 2767 1924 2836 lin.,
1979 2787 2032 2839 ρ.
2091 2771 2242 2842 128).
2292 2773 2490 2830 Censet
2545 2777 2727 2848 itaque
2778 2781 3074 2838 Arnubium
3124 2784 3193 2840 de
3243 2785 3409 2842 variis

1804 2860 2145 2919 farciminum
2203 2867 2568 2942 liberumque,
2597 2874 2994 2946 generibusque
3037 2879 3227 2950 loqui,
3285 2896 3407 2951 qua:

1804 2955 1874 3010 ab
1919 2971 1987 3010 eo
2038 2957 2293 3015 dicuntur
2353 2977 2631 3032 magorum
2693 2966 2990 3038 disciplinis
3039 2971 3403 3040 cohaerentia;

1805 3051 2061 3119 quoniam
2090 3054 2229 3125 magi
2255 3070 2360 3110 non
2388 3057 2585 3125 solida,
2606 3069 2660 3115 et
2683 3061 2882 3117 illibata
2905 3073 3178 3121 taurorum
3198 3067 3404 3124 viscera

1806 3141 1911 3196 diis
1939 3148 2382 3212 concremabant,
2417 3151 2514 3205 sed
2544 3164 2885 3210 omentorum
2931 3157 3191 3214 duntaxat
3225 3172 3405 3232 partes

142 3228 252 3297 quit,
303 3231 400 3287 hoc
448 3232 576 3289 ﬁeri
635 3232 849 3302 potest?
912 3231 1102 3286 Nonne
1143 3232 1338 3288 videtis
1391 3234 1693 3289 hostiarum
1723 3225 1767 3288 C
1801 3238 2151 3307 etprosieias.
2182 3240 2318 3297 Vide
2334 3251 2511 3299 autem
2535 3255 2712 3302 utrum
2742 3247 2860 3306 haec
2886 3253 3073 3322 opinio
3098 3225 3405 3311 conﬁrmari

142 3324 315 3394 dentes,
349 3343 468 3382 ossa
492 3369 508 3394 ,
549 3327 828 3398 pinguitias
851 3369 866 3394 ,
897 3342 990 3382 seu
1025 3328 1432 3399 pinguedinem,
1460 3339 1695 3396 omenta,

141 3432 186 3472 ac
221 3421 470 3477 medullas
497 3420 613 3476 albi
656 3435 777 3476 esse
805 3420 1041 3474 coloris?
1080 3421 1149 3477 At
1198 3422 1432 3490 vellera,
1486 3423 1698 3493 inquie-

140 3510 240 3566 haut
287 3513 511 3580 ctlmici,
578 3512 721 3566 sicut
770 3522 824 3567 et
875 3512 1189 3566 animalium
1237 3523 1408 3579 setae,
1462 3513 1518 3569 id
1567 3525 1693 3582 est,

141 3605 213 3674 pili
251 3608 543 3663 crassiores
568 3646 584 3674 ,
612 3620 676 3660 ac
705 3605 990 3677 rigidiores
1014 3646 1030 3672 ,
1066 3616 1120 3660 et
1161 3606 1267 3660 alia
1317 3607 1563 3676 quadam
1605 3622 1698 3662 eo-

139 3713 230 3754 rum
275 3702 507 3756 membra
565 3708 682 3754 atra
729 3709 856 3753 sunt
904 3707 959 3752 et
1001 3699 1170 3769 nigra.
1217 3698 1422 3763 Recte,
1477 3700 1550 3753 ait
1598 3701 1700 3753 Ar-

139 3792 312 3848 nobius.
344 3793 467 3849 Hice
493 3808 628 3863 ergo
657 3791 768 3846 sola
793 3832 810 3860 ,
863 3807 969 3846 non
994 3801 1174 3846 autem
1215 3790 1436 3862 integrae
1466 3789 1700 3860 pecudes

140 3883 219 3939 diis
256 3886 432 3943 inieris
473 3885 678 3941 debent
708 3884 998 3940 immolari.
1045 3882 1184 3948 Quid
1229 3899 1360 3939 vero
1389 3883 1456 3938 iis
1497 3883 1699 3938 facien-

141 3976 274 4044 dum,
323 3981 413 4050 qui
467 3983 655 4050 plura,
690 3995 808 4049 qua:
835 3979 973 4032 sicut
1022 3977 1200 4031 oleum
1233 3977 1557 4045 etsanguis,
1591 3993 1697 4031 non

142 4082 240 4127 sunt
262 4074 388 4146 nigri
417 4074 622 4130 euloris
647 4113 663 4140 ,
692 4073 796 4126 diis
825 4072 1011 4126 inieris
1051 4069 1312 4126 litabant?
1341 4068 1535 4124 Nonne
1574 4069 1698 4124 inde

147 4167 334 4236 pulchra
365 4171 456 4225 illa
485 4169 681 4240 religio
707 4167 973 4223 solvitur?

198 4259 468 4332 Prmterea,
503 4278 604 4319 cur
631 4269 778 4317 certa
806 4260 1054 4332 quaedam
1087 4259 1262 4316 hostia
1290 4258 1516 4314 caeditur
1539 4257 1660 4313 Jovi
1679 4298 1694 4321 ,

146 4365 218 4410 aut
250 4356 485 4427 Baccho,
516 4367 612 4413 aut
654 4356 922 4412 Mercurio
943 4397 960 4424 ,
991 4366 1045 4413 et
1072 4372 1179 4411 non
1207 4355 1310 4410 alia
1353 4352 1580 4427 (lbid.)‘l
1608 4354 1699 4408 Di-

143 4449 306 4507 cebant
365 4453 587 4524 quidem
644 4452 850 4508 ethnici
913 4453 966 4507 id
1023 4452 1244 4522 antiqua
1311 4450 1701 4506 consuetudine

143 4547 476 4603 constitutum.
537 4547 646 4604 Sed
693 4545 810 4602 haec
861 4545 1234 4612 consuetudo,
1282 4547 1459 4616 arguit
1526 4548 1703 4600 Arno-

1803 3334 1977 3402 possit
2027 3333 2115 3389 bis
2159 3335 2444 3394 Strabonis
2474 3339 2542 3396 de
2587 3341 2872 3399 Persarum
2903 3347 3170 3404 sacriﬁcio
3199 3351 3400 3416 verbis,

1801 3439 1922 3494 qua:
1954 3429 2033 3481 sic
2066 3427 2232 3484 latine
2259 3441 2476 3500 sonant,
2509 3433 2769 3491 Xilandro
2801 3437 3138 3509 interprete:
3169 3459 3190 3494 ι
3219 3442 3403 3499 Sacri-

1802 3517 1968 3574 ﬁcant
1999 3520 2050 3574 in
2102 3521 2222 3577 loco
2249 3525 2451 3580 mundo
2479 3541 2600 3580 cum
2628 3527 3128 3602 imprecationibus,
3161 3543 3215 3589 et
3241 3551 3402 3590 coro-

1802 3623 1982 3668 natam
2013 3615 2244 3672 hostiam
2271 3627 2535 3675 statuunt.
2571 3620 2670 3677 Ubi
2714 3639 2922 3695 magus,
2952 3628 3044 3697 qui
3075 3627 3402 3684 sacriﬁciqu

1803 3716 2040 3774 enarrat,
2073 3723 2269 3764 carnes
2296 3711 2348 3765 in
2381 3713 2660 3783 portiones
2687 3715 2983 3783 distribuit,
3035 3736 3130 3774 sua
3172 3722 3402 3792 quisque

1801 3808 2044 3869 accepta,
2077 3801 2297 3869 abeunt,
2349 3805 2494 3860 nulla
2547 3817 2697 3876 parte
2751 3809 2852 3864 diis
2897 3811 3154 3867 relicta...
3205 3813 3402 3871 Dicunt

1802 3892 1944 3946 enim
1977 3893 2137 3948 deum
2163 3895 2300 3953 nihil
2329 3898 2489 3964 velle,
2521 3910 2720 3968 praeter
2750 3900 2941 3958 hostia:
2968 3905 3204 3960 animam
3233 3924 3248 3962 :
3275 3909 3399 3980 qui-

1802 3986 1948 4049 dam,
1977 3987 2245 4053 utl'ertur,
2269 3991 2472 4045 omenti
2490 4002 2696 4062 partem
2731 3993 2841 4065 igni
2871 3999 3182 4067 imponunt»
3203 3999 3398 4071 (Stra.,

1802 4081 1839 4132 Ι.
1895 4095 1966 4134 xv
2016 4080 2238 4154 Geogr.,
2293 4103 2346 4154 p.
2399 4086 2549 4153 532).
2603 4087 2713 4143 Sed
2764 4089 2807 4144 si
2864 4094 2930 4145 eo
2972 4107 3132 4147 sensu
3177 4095 3400 4165 magicis

1801 4171 2106 4244 disciplinis
2151 4176 2521 4244 cohmrebant,
2570 4181 2696 4251 quid
2727 4192 2874 4237 vetat
2902 4186 3192 4256 quominus
3223 4189 3399 4244 Arno-

1801 4265 1920 4321 bius
1951 4267 2149 4324 dixerit
2179 4269 2294 4324 haec
2320 4271 2508 4327 eadem
2543 4273 2704 4328 verba
2736 4275 2980 4331 nefandis
3011 4278 3203 4335 iisdem
3232 4279 3397 4336 disci-

1802 4359 1963 4429 plinis
2015 4361 2295 4418 cohaerere
2344 4378 2438 4418 sua
2467 4364 2815 4431 obscuritate,
2869 4385 2970 4440 qua
2999 4371 3140 4428 sicut
3171 4374 3398 4444 magica,

1801 4454 1889 4508 vel
1921 4455 2143 4525 magicis
2171 4456 2391 4526 similia,
2424 4457 2495 4513 ita
2525 4459 2684 4532 vulgo
2713 4466 3018 4544 augustiora
3050 4464 3163 4520 ﬁeri
3214 4467 3403 4524 crede-

1802 4546 2015 4604 bantur.

145 4635 268 4704 bius,
315 4642 658 4714 quantumvis
711 4641 971 4712 antiqua,
1027 4657 1092 4697 ex
1142 4642 1451 4696 hominibus
1491 4635 1778 4696 tantumD
1873 4640 1946 4696 Ut
1975 4651 2033 4697 ut
2077 4643 2168 4709 sit,
2217 4645 2432 4716 longam
2483 4655 2670 4702 auctor
2728 4656 2912 4704 noster
2959 4650 3150 4734 horum
3194 4655 3394 4711 seriem

144 4735 366 4801 manavit.
399 4737 476 4791 Ad
508 4735 772 4791 sacriﬁcia
820 4743 1000 4789 autem
1031 4735 1136 4790 diis
1162 4733 1409 4791 facienda
1453 4735 1700 4791 calicum

141 4832 186 4878 et
208 4828 422 4884 divinum
448 4841 776 4901 prazceptum
809 4829 1121 4899 requiritur.

199 4917 298 4984 Qua
315 4922 469 4976 etiam
492 4923 610 4992 lege
633 4921 948 4976 animalium
967 4920 1070 4975 diis
1090 4919 1539 4975 immolandorum
1563 4919 1698 4975 facta

144 5019 211 5064 est
249 5013 448 5084 divisio,
500 5031 565 5072 ac
591 5032 691 5086 qua
719 5015 931 5070 ratione
977 5023 1161 5069 taurus
1189 5014 1306 5070 Jovi
1353 5014 1498 5068 verbi
1531 5015 1702 5085 gratia

144 5103 293 5168 potius
316 5123 467 5178 quam
495 5109 647 5164 alteri
676 5110 779 5164 deo
807 5109 1002 5164 dicitur
1023 5107 1351 5163 convenire?
1380 5106 1697 5175 Restionde-

144 5191 250 5250 bant
274 5203 490 5268 gentiles
533 5201 754 5270 Telluri,
790 5210 977 5272 utpote
1005 5201 1185 5266 matri,
1219 5199 1453 5255 scrofam
1498 5200 1702 5255 incien-

146 5291 260 5354 tem,
291 5296 443 5360 paulo
471 5304 596 5350 ante
625 5310 654 5349 a
686 5295 844 5350 nobis
881 5303 1258 5354 memoratam;
1291 5292 1542 5349 Minervae
1570 5309 1700 5350 vero

145 5381 308 5452 virgini
345 5389 559 5445 vitulam
590 5391 873 5460 virginem,
923 5398 978 5444 et
1019 5405 1140 5459 qua:
1171 5387 1374 5442 nullum
1415 5402 1570 5457 passa
1616 5399 1702 5443 est

142 5473 322 5547 lusum,
345 5483 670 5540 credendam.
704 5483 807 5540 Sed
840 5483 884 5538 si
917 5497 1004 5538 res
1048 5482 1119 5536 ita
1167 5497 1226 5537 se
1256 5481 1470 5547 habeat,
1524 5482 1698 5552 arguit

147 5569 402 5642 Arnobius,
451 5577 636 5632 musici
685 5576 893 5632 musico
943 5575 1197 5644 Apollini,
1249 5573 1458 5628 medico
1499 5573 1697 5628 Esca-

145 5656 264 5730 lapio
291 5669 493 5738 medici,
524 5671 656 5727 fabri
691 5670 929 5726 Vulcano
961 5669 1112 5724 fabro
1143 5668 1365 5724 mactari
1406 5668 1694 5725 debebant.

147 5751 261 5818 Quid
288 5770 453 5818 autem
503 5764 754 5837 ineptius,
795 5774 850 5821 et
892 5763 1150 5822 insulsius
1177 5761 1303 5834 ﬁngi
1333 5778 1566 5834 unquam
1598 5778 1697 5835 po-

151 5849 233 5904 tuit
249 5852 268 5906 ?

1808 4733 1976 4788 texuit
1999 4736 2311 4805 verborum,
2356 4755 2476 4810 qua:
2503 4741 2758 4810 pleraque
2781 4758 2903 4798 cum
2931 4744 3116 4802 multis
3140 4763 3244 4803 non
3271 4751 3403 4806 satis

1803 4829 2029 4886 forsitan
2063 4843 2188 4888 nota
2219 4833 2344 4900 sint,
2387 4849 2418 4888 a
2455 4835 2612 4890 nobis
2643 4851 2750 4892 non
2783 4840 2898 4894 sine
2942 4841 3142 4912 aliqua,
3192 4844 3236 4898 si
3287 4842 3402 4900 ﬁeri

1803 4933 1984 4994 queat,
2010 4939 2076 4979 ex
2090 4925 2372 4994 plicatione
2401 4935 2563 4998 atque
2601 4930 2928 4988 enodatiune
2954 4933 3153 4990 debent
3180 4945 3406 5004 praeter-

1807 5017 1943 5071 mitti
1979 5017 2152 5088 (ΑΓΛ,
2181 5019 2217 5073 l.
2243 5035 2335 5086 vn,
2365 5038 2417 5091 p.
2449 5019 2602 5095 229).
2622 5022 2861 5080 Primum
2892 5025 3073 5098 itaque
3101 5027 3170 5084 ab
3193 5045 3260 5086 eo
3287 5045 3406 5086 me-

1807 5121 2064 5179 moratur,
2106 5131 2124 5164 ‹
2161 5112 2482 5180 Farcimen,
2537 5119 2653 5173 sive
2706 5134 2833 5174 caro
2886 5122 3123 5190 concisa,
3163 5141 3182 5175 ι
3232 5124 3407 5195 inquit

1805 5202 2066 5266 Isidorus,
2106 5222 2124 5255 ‹
2155 5215 2210 5260 et
2231 5207 2458 5271 minuta,
2487 5217 2542 5264 et
2571 5209 2697 5266 inde
2726 5211 2981 5269 farcimen
3012 5213 3236 5282 dictum,
3261 5215 3405 5287 quod

1807 5313 1869 5353 ea
1919 5298 2230 5354 intestinum
2283 5300 2560 5370 farciatur,
2612 5304 2714 5362 hoc
2764 5318 2866 5370 est,
2922 5309 3229 5379 impleatur,
3280 5326 3404 5368 cum

1803 5391 2028 5445 aliarum
2066 5408 2245 5447 rerum
2292 5395 2676 5452 commixtione
2721 5395 2972 5467 (Isidor.,
3021 5400 3060 5455 l.
3117 5417 3184 5456 xx
3231 5401 3404 5474 θήρη

1803 5500 1850 5539 c.
1883 5485 1996 5556 ΞΟ).
2030 5505 2048 5538 ›
2089 5485 2255 5542 Varro
2278 5496 2459 5542 autem
2490 5506 2503 5541 :
2540 5507 2561 5540 ‹
2599 5490 2842 5546 Afartum
2871 5491 3146 5549 farcimine
3187 5494 3241 5550 in
3266 5497 3405 5552 extis

1805 5578 2093 5647 appellata,
2134 5594 2165 5632 a
2197 5595 2302 5648 quo
2328 5581 2469 5649 quod
2500 5581 2552 5635 in
2582 5597 2648 5636 eo
2677 5584 3054 5640 tenuissimum
3087 5587 3403 5644 intestinum

1805 5671 2001 5726 fartum
2037 5691 2056 5725 ›
2087 5670 2303 5746 (Varro,
2337 5672 2373 5727 ι.
2406 5689 2461 5727 tv
2489 5674 2552 5728 de
2585 5672 2736 5747 Ling.
2771 5677 2946 5746 latin,
2982 5697 3036 5750 ρ.
3065 5678 3179 5753 28).
3214 5681 3404 5753 Itaque

1806 5763 2065 5823 farcimen
2113 5765 2424 5821 intestinum
2470 5775 2555 5822 est
2590 5769 2806 5824 concisa
2838 5771 3042 5828 minute
3070 5788 3233 5828 carne
3263 5773 3400 5829 alia-

1808 5874 1913 5930 que
1958 5857 2157 5916 fartura
2188 5861 2462 5932 oppletum
2515 5869 2571 5918 et
2599 5859 2820 5937 fartum,
2874 5865 3028 5939 cujus
3079 5867 3400 5934 conﬁciendi
