3878 6312
534 252 634 310 645

529 370 709 427 varios
732 373 949 445 Apicius
978 378 1167 436 modos
1194 380 1480 454 descripsit
1507 384 1741 456 (Apicius

530 467 759 533 coquin.,
791 485 838 523 c.
872 469 952 543 5).

604 560 867 633 Apexabo,
918 564 1032 621 sive
1065 566 1198 624 utin
1227 586 1327 625 ms.
1357 572 1481 630 cod.
1534 577 1682 647 regio
1714 577 1909 651 legitur
1949 584 2126 655 (Arn.,

530 655 630 708 loc.
659 655 795 728 cit.),
836 658 1159 731 Apexaones,
1188 678 1295 718 una
1325 665 1622 725 farciminis
1650 686 1774 742 pars
1804 686 1944 745 erat,
1975 681 2130 749 cujus

528 753 645 803 inec
700 751 841 821 apud
896 753 1168 811 laudatum
1221 757 1517 818 Varronem
1560 769 1765 823 mentio
1788 789 1810 825 -:
1847 790 1866 822 ι
1894 771 2047 840 Quod
2075 775 2128 828 in

529 840 649 907 hoc,
692 862 711 894 ι
748 846 940 916 inquit,
982 868 1001 901 ι
1035 850 1316 908 farcimine
1347 871 1560 913 summo
1603 861 1857 931 quiddam
1904 867 2126 937 eminet,

526 943 583 988 ut
633 938 684 990 in
737 941 915 1010 capite
964 958 1101 1013 apex
1149 946 1369 1018 eminet,
1419 950 1663 1021 apexabo
1692 955 1880 1013 dicta»
1914 958 2125 1032 (Vorm,

523 1023 664 1081 Ibid.
678 1030 718 1096 ).

598 1119 792 1178 Hircia:
845 1125 961 1182 sive
1012 1126 1171 1196 lrcei,
1222 1140 1279 1186 ut
1332 1135 1522 1191 scribit
1572 1136 1800 1210 Festus,
1858 1144 2128 1216 quoddam

525 1210 702 1267 adhuc
733 1226 889 1270 erant
916 1234 1089 1288 genus
1138 1221 1435 1281 farciminis
1488 1229 1544 1284 in
1592 1210 2130 1295 sacrificiis—adhibiti

526 1302 759 1377 (Festus,
790 1311 859 1363 ad
887 1313 1022 1369 verb.
1042 1314 1232 1388 IRCEI).
1850 1323 1855 1328 ’

594 1399 950 1472 Silicernium,
976 1406 1193 1475 quidam
1220 1410 1423 1468 dictum
1452 1426 1682 1472 censent
1711 1433 1741 1473 a
1767 1420 1936 1487 silice,
1968 1432 2130 1494 atque

520 1505 585 1545 eo
618 1494 834 1551 nomine
866 1512 1053 1553 senem
1102 1500 1461 1575 decrepitum,
1490 1509 1793 1581 incurvum,
1840 1529 1905 1570 ac
1947 1515 2130 1572 silices

519 1597 832 1642 cernentem
893 1593 1098 1646 vocari.
1130 1596 1201 1648 At
1227 1596 1497 1666 signiﬁcat
1525 1603 1686 1657 etiam
1716 1618 1952 1673 coenam,
1984 1621 2126 1677 quae,

520 1686 577 1730 ut
627 1678 703 1732 ait
753 1681 1016 1751 Donatus,
1074 1703 1094 1737 ‹
1151 1686 1379 1751 infertur
1412 1692 1515 1748 diis
1541 1694 1809 1765 Manibus,
1838 1700 1981 1769 quod
2005 1715 2127 1756 eam

515 1772 738 1829 silentes
766 1788 1015 1845 cernant,
1047 1778 1099 1834 id
1127 1791 1233 1849 est,
1265 1784 1471 1841 umbrae
1500 1790 1812 1858 possideant
1834 1810 1849 1846 ;
1871 1794 1957 1848 vel
1982 1793 2126 1864 quod
2158 1806 2206 1866 Β

515 1865 606 1929 qui
640 1864 758 1921 lucc
791 1867 1049 1937 inferunt,
1084 1886 1312 1930 cernant
1344 1887 1573 1945 tantum,
1607 1898 1785 1953 neque
1813 1886 2122 1955 degustent.

514 1956 644 2011 Nam
671 1958 739 2014 de
764 1961 868 2027 his,
901 1978 1017 2033 quae
1041 1965 1279 2023 libantur
1303 1970 1511 2041 inferis,
1536 1976 1781 2047 quisquis
1802 1980 2119 2047 comederit,

509 2058 602 2102 aut
632 2051 847 2119 biberit,
879 2052 1205 2114 funestatur.
1241 2060 1487 2132 (Douat.,
1519 2068 1573 2119 in
1613 2065 1821 2123 Terent.
1873 2066 2121 2143 Adelplt.,

509 2152 614 2197 act.
643 2148 697 2207 4,
726 2162 867 2201 scen.
915 2147 971 2213 2,
1019 2150 1072 2203 in
1124 2153 1246 2224 ﬁn.)
1285 2153 1493 2211 Nonius
1524 2172 1655 2213 vero
1684 2159 1912 2229 primam
1943 2164 2118 2233 exilli-

510 2237 781 2292 cationem
802 2242 1060 2310 explodit,
1082 2254 1136 2299 et
1154 2248 1445 2303 secundam
1468 2248 1552 2304 his
1572 2254 1891 2321 comprobat
1908 2255 2122 2311 verbis:

517 2344 534 2377 ‹
570 2327 915 2386 Silicernium
944 2338 1179 2406 pessime
1207 2337 1575 2412 intelligentes
1604 2344 1675 2397 ita
1709 2346 1955 2414 posuisse
2014 2348 2121 2403 Te-

514 2422 748 2475 rentium
770 2433 977 2494 putant,
1008 2429 1151 2497 quod
1178 2430 1499 2489 incurvitate
1516 2433 1696 2492 silices
1716 2426 1907 2495 cernat
1928 2454 2120 2497 senex.

513 2510 857 2569 Silicernium
912 2531 997 2572 est
1037 2523 1253 2593 proprie
1308 2526 1614 2583 convivium
1671 2531 1918 2600 funebre,
1974 2535 2122 2605 quod

508 2605 729 2661 senibus
757 2607 1066 2667 exhibetur.
1103 2634 1122 2665 ι
1161 2620 1336 2687 Atque
1364 2620 1564 2676 eodem
1594 2623 1897 2694 signilicatu
1923 2627 2124 2697 accipi-

508 2707 592 2752 tur
620 2716 649 2754 a
678 2701 1032 2775 Tertulliano,
1066 2713 1155 2778 qui
1207 2711 1551 2769 silicernium
1595 2731 1718 2771 cum
1765 2716 1916 2774 .lovis
1961 2720 2124 2792 epulo

504 2796 781 2865 componit
822 2796 1175 2871 (Tertullian.,
1221 2802 1468 2877 Apolog.,
1525 2825 1645 2880 cap.
1701 2810 1804 2879 1'5;
1836 2810 2008 2882 Fett.,
2055 2813 2124 2868 ad

504 2889 644 2945 verb.
676 2889 1081 2967 SILICERNIUI).

574 2986 759 3041 Tertio
782 2989 998 3043 tandem
1024 2990 1247 3058 Paulus,
1271 3002 1323 3048 et
1342 2992 1582 3063 Verrius,
1607 3012 1639 3052 a
1660 2997 1825 3054 Festo
1848 3000 2119 3070 laudatus,

502 3078 796 3133 observant
822 3080 1154 3137 silicernium
1183 3085 1493 3155 signiﬁcare
1516 3088 1787 3159 quoddam
1816 3091 2121 3150 farciminis

501 3184 691 3240 genus,
747 3189 854 3243 quo
899 3174 1105 3229 familia
1152 3177 1223 3232 ob
1252 3178 1479 3250 alicujus
1518 3192 1751 3240 mortem
1783 3190 1999 3258 purgari
2030 3203 2114 3245 so-
2146 3198 2193 3262 ρ

504 3264 665 3319 lebat.
719 3264 799 3319 Eo
854 3276 1035 3322 autem
1091 3284 1255 3325 sensu
1309 3270 1379 3326 ab
1431 3275 1676 3330 Arnobio
1740 3287 1929 3334 nostro
1975 3282 2116 3336 sumi

507 3355 632 3411 inde
661 3356 953 3428 colligitur,
982 3360 1105 3431 quia
1134 3359 1204 3417 de
1250 3364 1411 3419 variis
1438 3363 1785 3425 farciminum
1832 3373 2115 3443 speciebus

501 3446 762 3518 disputat.
2110 3530 2115 3535 Δ

567 3541 821 3615 Longavi,
857 3562 961 3603 ms.
993 3547 1116 3603 cod.
1168 3564 1282 3622 reg.
1331 3551 1571 3625 longaevi,
1607 3567 1883 3628 corrupte,
1916 3559 2114 3616 melius

494 3638 733 3708 longavo,
768 3639 852 3694 vel
882 3640 1128 3712 longano.
1178 3643 1313 3698 Nam
1341 3647 1409 3701 ab
1436 3648 1628 3719 Apicio
1658 3652 1926 3722 scriptum
1980 3654 2114 3725 legi-

496 3748 615 3786 mus
642 3750 655 3786 :
691 3750 709 3783 ι
735 3731 1093 3802 Longanones
1111 3737 1366 3805 porcinos
1392 3738 1563 3795 fartus
1585 3758 1654 3797 ex
1671 3744 1795 3813 jure
1813 3743 2114 3801 Tarentino

490 3834 675 3880 coctos
702 3826 980 3882 concisos»
1003 3826 1181 3899 (Arm,
1215 3829 1252 3883 l.
1295 3847 1391 3898 vn,
1421 3851 1476 3904 p.
1509 3834 1651 3902 229;
1704 3836 1964 3908 Apicius.,
1992 3839 2030 3893 l.
2059 3855 2114 3895 tv

489 3919 552 3972 de
580 3916 655 3973 Re
682 3920 914 3990 coquin.,
947 3937 994 3974 ο.
1022 3920 1105 3992 2).
1131 3923 1359 3991 Quidam
1392 3935 1573 3982 autem
1602 3939 1788 3998 putant
1837 3932 2112 4004 longanon

486 4029 609 4068 esse
642 4012 955 4068 intestinum
989 4027 1220 4071 rectum.
1273 4017 1382 4074 Sed
1440 4018 1611 4075 V'arro
1640 4034 1836 4080 censet
1887 4026 2107 4083 tertium

486 4105 891 4193 esse‘rfartum,
918 4107 1063 4177 quod
1093 4108 1305 4180 longius
1352 4128 1515 4181 quam
1549 4113 1657 4171 duo
1696 4116 1805 4173 ltila
1846 4139 1867 4172 ι
1895 4118 2107 4193 (Varr.,

484 4200 522 4251 ι.
566 4181 633 4253 ιγ’
660 4199 722 4253 de
745 4199 900 4271 Ling.
932 4200 1053 4268 ιαμ,
1109 4219 1162 4272 p.
1196 4202 1310 4275 '28).
1366 4203 1535 4261 Recte
1563 4208 1812 4278 quidem,
1872 4181 1929 4267 et
1976 4181 2110 4269 satis

485 4290 735 4361 apposite
765 4291 831 4347 ad
862 4302 1100 4347 mentem
1124 4295 1375 4381 Arnobii,
1406 4299 1496 4367 qui
1520 4297 1639 4354 hazc
1662 4311 1919 4369 quatuor,
1954 4319 1984 4359 a
2011 4320 2109 4361 no-

487 4381 569 4436 bis
622 4394 944 4453 memorata,
1001 4385 1241 4441 declarat
1270 4403 1391 4444 esse
1430 4408 1450 4442 ‹
1484 4389 1828 4448 farciminum
1880 4411 2102 4465 genera,

483 4474 760 4545 hirquino,
794 4496 812 4528 ›
845 4476 957 4533 sive
1009 4478 1166 4549 hirci,
1203 4499 1224 4532 ι
1261 4481 1365 4536 alia
1409 4485 1696 4554 sanguine,
1754 4489 2107 4545 comminutis

1796 272 2255 343 DISSERTATIO
2293 286 2571 356 PMVIA

1748 428 1786 457 ι,
1815 391 1853 446 Ι.
1887 410 1922 450 tl
1948 395 2012 451 de
2041 397 2119 453 Re
2144 403 2198 464 A
2223 426 2344 468 men
2359 416 2716 486 appellatione
2739 424 2937 493 penita;
2958 445 2977 479 ι
3020 429 3197 502 (Am,
3217 434 3255 489 Ι.
3279 452 3366 504 vn,
3390 441 3545 511 p.229
3563 456 3737 525 elseqq).

2232 507 2337 563 Sed
2358 508 2471 566 haec
2491 520 2545 567 et
2564 513 2943 587 subsequentia
2974 525 3136 583 verba
3157 526 3353 587 librarii
3381 507 3613 607 imperitia

2230 612 2482 672 corrupta
2525 614 2668 661 sunt.
2701 607 3059 691 Quamobrem
3090 619 3285 692 aliquis
3310 623 3378 681 ibi
3402 627 3494 701 legi
3520 634 3660 692 voluit
3677 650 3739 693 tu-

2231 703 2358 759 ceta,
2389 696 2582 766 quibus
2611 715 2753 756 esca:
2781 707 2963 777 regiae,
3016 721 3074 766 ut
3117 715 3192 770 ait
3229 696 3540 794 Fulgentius,
3581 729 3739 801 signiﬁ-

2232 799 2420 843 cantur
2448 789 2625 861 (Ful.,
2656 796 2720 850 de
2752 795 2876 855 Voc.
2906 803 3034 858 anti.
3063 806 3154 860 sub
3180 807 3322 883 ﬁn.).

2304 881 2505 940 Verum
2537 884 2649 945 ha'c
2675 891 2808 947 nihil
2838 894 3043 953 faciunt
3070 900 3135 955 ad
3168 881 3395 963 auctoris
3415 914 3566 970 nostri
3592 931 3740 991 propo-

2231 975 2413 1030 situm.
2460 976 2755 1039 Salinasius
2799 996 2979 1045 autem
3030 998 3421 1057 emendandum
3473 975 3740 1083 suspicatur,

2230 1069 2354 1137 quid
2382 1073 2579 1127 taxire?
2606 1076 2730 1145 quid
2757 1082 2979 1138 uenire?
3001 1085 3180 1158 ibique
3201 1106 3299 1147 nos
3325 1069 3742 1166 admonet-nomine

2233 1169 2409 1229 taxea,
2429 1180 2522 1221 seu
2543 1171 2707 1239 taxia,
2732 1174 2875 1229 unde
2900 1176 2968 1233 ab
2995 1178 3216 1240 indocto
3246 1184 3456 1258 librario
3482 1197 3625 1265 (adre,
3646 1205 3741 1258 scri-

2230 1269 2383 1327 ptum
2404 1264 2675 1332 opinatur,
2710 1266 2849 1325 idem
2878 1273 3171 1345 significari
3200 1291 3359 1353 atque
3377 1287 3543 1344 arvina
3569 1264 3618 1348 et
3637 1294 3742 1354 lardo

2234 1347 2513 1422 (Salmas.,
2545 1359 2806 1414 exercitat.
2837 1362 2892 1417 in
2924 1364 3116 1438 Solim,
3147 1391 3201 1443 p.
3237 1347 3380 1450 1:28).
3413 1381 3488 1436 An
3531 1347 3742 1444 veresed:

2232 1460 2358 1515 pum
2408 1448 2499 1504 ille
2541 1456 2800 1525 attigerit,
2849 1458 3120 1531 conjicere
3150 1448 3351 1537 poteris
3372 1486 3437 1528 ex
3463 1476 3571 1532 data
3596 1480 3743 1540 ibidem

2232 1538 2373 1595 illius
2399 1544 2631 1601 nominis
2684 1550 2753 1605 ab
2799 1552 3041 1612 Arnobio
3068 1559 3169 1616 hac
3213 1564 3555 1642 explicatione
3585 1591 3595 1625 :
3626 1593 3641 1628 ι
3666 1575 3745 1631 Pri-

2232 1651 2377 1689 mum
2402 1638 2455 1693 in
2489 1641 2730 1713 exiguas,
2765 1664 2786 1700 ι
2822 1648 3018 1721 inquit,
3057 1672 3077 1706 ι
3110 1656 3296 1714 arvina
3320 1669 3400 1717 est
3421 1663 3620 1721 miculas
3641 1670 3743 1724 catil-

2231 1727 2489 1786 luminum
2537 1736 2738 1794 insecta
2765 1739 2834 1796 de
2864 1760 3013 1801 more
3045 1765 3065 1799 ι
3101 1749 3281 1821 Μῖνι,
3308 1753 3345 1807 l.
3375 1769 3465 1823 vn,
3494 1776 3542 1828 ρ.
3566 1760 3689 1835 250).
3708 1762 3742 1816 In

2234 1837 2335 1878 ms.
2360 1824 2546 1882 codice
2572 1830 2723 1901 regio
2766 1833 3013 1905 legimus,
3058 1842 3477 1917 catillaminuam,
3494 1824 3554 1905 “in
3580 1824 3738 1925 quihus-

2227 1915 2349 1969 dam
2380 1915 2559 1987 editis,
2589 1933 2642 1976 at
2684 1924 2779 1980 illa
2807 1930 3061 1997 minutim,
3094 1933 3150 1988 in
3191 1937 3333 2006 aliis,
3360 1950 3404 1996 et
3442 1915 3527 1998 tua
3550 1915 3739 2002 minutim.
3836 1976 3837 2006 ι

2226 2005 2460 2066 Primam
2490 2022 2668 2070 autem
2698 2018 2983 2078 lectionem
3014 2041 3043 2079 a
3071 2040 3200 2083 vera
3226 2035 3445 2104 pr0pius
3478 2037 3641 2095 abesse
3661 2040 3743 2097 inde

2226 2104 2410 2176 liquet,
2455 2111 2599 2181 quod
2631 2112 2855 2174 librario
2904 2120 3083 2179 latina:
3127 2124 3326 2197 linguae
3371 2131 3544 2203 ignaro
3572 2136 3743 2205 proclive

2226 2200 2324 2254 fuit
2374 2216 2535 2259 unam
2585 2207 2819 2266 litteram
2869 2217 3077 2272 nomini
3122 2220 3223 2277 sibi
3284 2200 3541 2297 incognito
3572 2200 3739 2286 addere.

2224 2291 2558 2350 Catillamina
2587 2309 2789 2367 autem,
2818 2314 2872 2361 et
2900 2307 3009 2363 alio
3035 2312 3262 2370 Arnohil
3293 2316 3345 2372 in
3374 2291 3507 2375 libro
3535 2320 3694 2394 (Ibid,
3713 2334 3743 2377 et

2224 2384 2263 2438 l.
2295 2401 2353 2451 tl,
2388 2404 2440 2456 ρ.
2475 2389 2588 2462 75),
2622 2391 3018 2456 Castellamenta
3060 2404 3316 2476 lucanica,
3369 2384 3592 2483 quaedam
3622 2384 3743 2470 adhuc

2223 2473 2519 2535 farciminis
2548 2486 2758 2554 species
2790 2501 2938 2560 sunt,
2988 2509 3107 2565 quae
3134 2500 3298 2555 etiam
3326 2473 3480 2577 longe
3504 2506 3662 2562 notiori
3680 2507 3743 2562 bo-

2225 2569 2455 2627 tulorum
2484 2579 2705 2633 nomine
2747 2586 3213 2655 nuncupabantur.
3247 2569 3447 2652 Sensus
3472 2597 3626 2670 itaque
3644 2598 3744 2654 illius

2224 2672 2315 2727 est,
2353 2666 2617 2736 arvinam,
2671 2686 2769 2727 seu
2819 2675 3007 2734 sebum
3067 2682 3209 2740 inter
3263 2689 3505 2747 animalis
3541 2702 3681 2748 cutem
3708 2700 3744 2748 et

2224 2859 2385 2921 atque
2415 2854 2467 2908 in
2503 2856 2809 2917 botulorum
2841 2863 3072 2925 formam
3100 2854 3485 2946 composit—um,
3538 2880 3743 2936 sacriﬁciis

2223 2942 2447 3001 deorum
2475 2949 2681 3009 adoleri
2710 2954 2897 3028 (lbid.,
2950 2980 3004 3033 p.
3055 2942 3343 3040 sauppe
3388 2942 3612 3031 laconicis
3647 2973 3742 3029 haud

2222 3039 2394 3094 semel
2435 3041 2712 3118 Martialis,
2758 3062 2920 3124 atque
2966 3056 3018 3111 in
3057 3039 3522 3133 hocipotissinium
3545 3068 3741 3141 epigram-

2222 3142 2367 3189 mate
2392 3152 2407 3189 :

2316 3246 2445 3334 Fili'a1
2464 3250 2667 3334 Picena;
2687 3262 2834 3334 venio
2851 3261 3094 3334 Lucanica
3118 3283 3284 3334 porca:
3308 3288 3321 3324 :

2406 3312 2632 3369 Pultibus
2654 3321 2766 3374 hinc
2786 3312 2949 3378 niveis
2960 3312 3106 3392 Erat—:1
3118 3312 3321 3385 23:35:;
3335 3338 3492 3388 datur.

2406 3396 2666 3467 (Μίνωι,
2684 3401 2773 3458 lib.
2792 3424 2899 3473 nn,
2921 3411 3080 3480 epigr.
3099 3419 3188 3483 33;
3212 3427 3261 3472 et
3284 3419 3368 3473 tib.
3386 3436 3453 3485 ιν,
3470 3421 3609 3491 ενὶθν-
3623 3419 3699 3488 ιϐο)

2216 3497 2325 3555 Sed
2351 3502 2418 3559 de
2438 3504 2520 3562 his
2543 3524 2644 3565 nos
2673 3513 2826 3584 plura
2854 3516 2956 3574 sub
3002 3520 3166 3580 linem
3207 3525 3372 3599 hujus
3400 3528 3737 3589 dissertationis.

2218 3594 2524 3656 Secundum
2575 3606 2917 3680 botulorum,
2972 3616 3086 3673 sive
3136 3619 3405 3692 ejusmodi
3452 3626 3737 3689 farciminum.

2216 3701 2385 3756 genus
2436 3694 2489 3749 in
2534 3702 2904 3775 manuscripto
2928 3710 3116 3766 codice
3151 3724 3206 3770 et
3230 3720 3463 3789 antiquis
3486 3718 3737 3776 editionibus

2214 3785 2518 3854 appellatur
2544 3795 2727 3850 menire
2756 3795 2932 3870 (Arn.,
2962 3802 3000 3856 l.
3032 3817 3122 3871 vn,
3169 3825 3225 3878 p.
3281 3785 3433 3884 229).
3467 3812 3564 3870 Sed
3592 3811 3737 3868 ultime

2213 3877 2437 3935 editioni
2473 3889 2816 3959 praepositus,
2872 3895 3130 3969 Scaligeri
3162 3904 3374 3975 conject
3387 3877 3529 3963 uram
3561 3915 3736 3969 secutus,

2211 3974 2374 4030 scribi
2407 3977 2594 4035 maluit
2624 3985 2811 4040 uenite.
2836 3986 3005 4059 Hujus
3035 4002 3216 4051 tamen
3244 4002 3583 4058 correctionis
3603 4001 3740 4057 imme-

2212 4081 2349 4134 mor,
2381 4084 2504 4127 cum
2531 4076 2745 4133 caeteris
2791 4081 3135 4154 editionibus,
3185 4098 3241 4145 et
3270 4092 3457 4151 codice
3483 4104 3644 4150 nostro
3661 4105 3738 4145 ma-

2211 4162 2490 4233 nuscripto
2542 4168 2702 4236 paulo
2746 4183 2869 4241 post
2913 4191 3108 4234 nomen
3163 4185 3363 4241 menius
3427 4186 3639 4243 retinuit.
3692 4182 3739 4238 At

2209 4252 2423 4310 etiamsi
2451 4254 2519 4312 de
2547 4258 2647 4316 hac
2692 4262 2923 4322 lectione
2972 4284 3422 4347 nonconsmret,
3470 4279 3608 4336 nobis
3646 4288 3737 4331 sane

2208 4346 2404 4403 sufficit
2428 4351 2618 4409 tradita
2648 4357 2716 4410 ab
2761 4359 2991 4430 ipsomct
3013 4376 3233 4427 auctore
3258 4371 3375 4430 haec
3400 4346 3535 4431 illius
3558 4371 3736 4444 explica-

2206 4440 2284 4494 tio
2313 4458 2326 4493 :
2361 4458 2381 4492 σ
2409 4441 2566 4510 Quod
2592 4448 2643 4502 in
2674 4453 2915 4509 secundo
2945 4457 3107 4514 situm
3138 4473 3240 4531 est,
3270 4466 3504 4523 intestini
3544 4440 3628 4523 est
3644 4477 3735 4536 por-

538 4533 604 4616 ia.
640 4533 903 4616 ίηοιὶιρειιει
934 4533 1365 4616 ηιιιηπέηέιιηςῖ
1398 4533 1551 4616 az.
1610 4533 1968 4616 υρῖιρηιοηιρ..
2017 4584 2102 4616 ςη-
2131 4542 2413 4616 “rem:
2448 4552 2731 4609 βθνηυαιη
2780 4546 3052 4614 proluvies
3098 4552 3277 4611 editur
3325 4574 3494 4616 succis
3531 4562 3737 4616 exsiccata

482 4568 584 4621 alia
640 4568 903 4623 inculcata
934 4571 1301 4642 pulmonibus,
1343 4593 1362 4626 ι
1396 4575 1449 4630 id
1477 4585 1579 4643 est,
1610 4578 1968 4636 vehementer
2017 4584 2103 4637 in-
2128 4594 2184 4655 Β

480 4660 713 4726 sinuata,
743 4669 922 4732 atque,
955 4665 1030 4718 uti
1062 4666 1321 4736 diximus,
1352 4668 1571 4724 infarta.
1604 4670 1772 4727 Vides
1797 4688 1931 4730 sane
1959 4676 2105 4732 inter

479 4761 710 4821 quatuor
766 4752 859 4807 illa
907 4752 1188 4812 farcimina
1242 4775 1351 4815 non
1402 4776 1656 4832 magnum
1712 4765 1983 4835 profecto,
2038 4783 2103 4825 ac

477 4846 718 4903 nominis
748 4849 946 4917 potius,
982 4865 1142 4919 quam
1174 4854 1253 4909 rei
1283 4869 1407 4909 esse
1451 4854 1767 4913 discrimen.
1798 4858 1934 4914 Nam
1966 4861 2095 4930 alia,

479 4940 675 5010 inquit,
708 4939 842 4995 hirci
874 4943 1157 5011 sanguine,
1213 4961 1370 5014 quem
1424 4948 1673 5003 nonnulli
1717 4951 2091 5022 sanguiculum

476 5043 694 5101 vocant,
726 5033 831 5087 alia
878 5035 1179 5089 imminutis
1222 5036 1570 5107 pulmonibus
1619 5044 1862 5099 confarta
1911 5056 2091 5102 erant.

476 5130 642 5187 Tacet
665 5141 842 5186 autem
869 5131 1025 5202 cujus
1049 5133 1321 5202 animalis,
1354 5134 1455 5189 nisi
1478 5137 1758 5194 subaudiri
1792 5141 1922 5196 velit
1952 5142 2093 5205 hirci

474 5223 544 5279 de
569 5223 722 5294 cujus
750 5223 1012 5295 sanguine
1041 5224 1116 5280 ibi
1145 5225 1404 5296 loquitur.
1437 5226 1714 5285 Fortassis
1741 5235 1903 5287 etiam
1934 5235 2091 5292 nobis

472 5316 987 5388 subintelligendum
1022 5318 1238 5389 reliquit
1269 5320 1377 5374 duo
1410 5323 1588 5391 priora
1621 5324 1792 5394 hirci,
1827 5338 1881 5382 et
1910 5338 2095 5398 poste-

473 5413 617 5466 riora
649 5413 783 5467 facta
814 5413 978 5468 fuisse
1004 5416 1350 5471 comminutis
1376 5418 1497 5489 ejus
1527 5421 1897 5491 pulmonibus.
1953 5425 2091 5481 Tur-

475 5504 732 5558 ncbulum
799 5516 1057 5574 praiterea
1091 5551 1105 5577 ,
1161 5510 1207 5563 si
1262 5508 1412 5567 lubet
1466 5521 1523 5568 et
1567 5523 1756 5581 vacat,
1809 5518 2083 5576 consule)

477 5593 692 5665 (Turn.,
724 5614 830 5653 xxn
866 5596 1121 5670 Advers.,'
1151 5619 1197 5657 c.
1231 5602 1309 5674 6).

546 5686 728 5759 Pergit
776 5690 1047 5746 Arnobius
1078 5711 1090 5746 :
1134 5712 1150 5745 ι
1188 5693 1326 5763 Quid
1359 5696 1532 5764 taedaa,
1588 5699 1718 5770 quid
1750 5702 1925 5758 ueniae
1954 5702 2083 5777 (ms.

475 5779 594 5835 cod.
627 5783 835 5853 munire)
880 5784 1006 5853 quid
1039 5783 1177 5853 offae,
1208 5804 1315 5844 non
1346 5790 1510 5862 vulgi,
1544 5793 1639 5849 sed
1667 5793 1863 5865 quibus
1883 5806 1967 5853 est
1989 5814 2087 5856 no-

2208 4624 2479 4695 vitalibus,
2506 4648 2526 4682 ι
2553 4632 2666 4688 sive
2691 4635 2908 4696 brevius
2934 4643 3103 4713 colon,
3134 4658 3229 4704 aut
3255 4651 3557 4709 intestinum
3583 4659 3734 4707 rectum

2208 4716 2399 4789 (lbid.,
2440 4740 2493 4792 p.
2531 4724 2687 4799 25!).
2735 4729 2990 4790 Nonnulli
3031 4747 3210 4796 autem
3253 4746 3463 4815 probari
3505 4760 3642 4818 posse
3668 4756 3735 4813 P“‘

2204 4818 2320 4867 tant
2349 4816 2570 4875 nomine
2612 4824 2800 4893 naenia,
2832 4827 2962 4885 illud
2992 4832 3282 4905 significari
3327 4839 3410 4897 his
3435 4816 3592 4897 Plauti
3604 4834 3734 4929 versi-

2204 4902 2298 4929 ιι.--
2328 4925 2341 4929 -

2200 4902 2342 4962 bus:

2295 5017 2843 5111 machara,
2863 5039 2915 5084 et
2933 5036 3075 5108 nobis
3093 5044 3291 5111 vervina
3314 5043 3444 5111 domi
3466 5057 3553 5111 est,

2294 5081 2622 5171 {Qu-arquidem
2639 5096 2691 5141 te
2717 5081 2914 5168 iaciam,

2294 5143 2653 5201 Confdssiorem
2672 5143 3083 5213 soriciua'na—ania.

2586 5234 2835 5303 (Plautus,
2858 5242 3161 5315 Bacchilid.,
3184 5255 3298 5307 Act.
3320 5271 3389 5319 iv,
3414 5271 3538 5310 scen.
3553 5254 3616 5318 8ο)

2199 5334 2253 5389 id
2279 5345 2382 5405 est,
2427 5338 2579 5409 juxta
2618 5349 2972 5414 quorumdam
3015 5354 3535 5431 interpretationem,
3568 5371 3615 5417 te
3643 5368 3729 5411 In"

2195 5429 2278 5500 gis
2298 5430 2609 5490 confossum
2641 5436 2857 5509 faciam,
2882 5459 3042 5515 quam
3074 5448 3279 5507 Soricis
3299 5453 3353 5509 in
3382 5429 3641 5521 muscipul:l
3661 5446 3729 5501 (κ’

2196 5522 2473 5592 prehensi,
2506 5536 2563 5583 et
2590 5541 2736 5586 certa
2764 5534 2996 5605 quadam
3029 5541 3425 5603 machinatione
3452 5542 3647 5618 perfossi
3666 5538 3729 5594 ἰη-

2199 5617 2476 5681 testinum.

2268 5709 2473 5768 Dehinc
2497 5713 2565 5769 ab
2590 5725 2809 5775 auctore
2853 5732 3041 5781 nostro
3096 5741 3456 5789 memorantur
3497 5751 3515 5786 ι
3538 5729 3628 5787 otia
3656 5739 3726 5797 P°‘
3768 5774 3778 5813 ς

2197 5802 2327 5869 uita,
2363 5822 2383 5855 ι
2415 5821 2535 5875 qua:
2581 5807 2699 5878 ipso
2729 5826 3037 5887 enarrante,
3077 5839 3096 5874 ι
3133 5833 3219 5880 est
3242 5839 3362 5882 cum
3388 5822 3621 5897 particula
3640 5819 3723 5873 νᾶεν
3754 5889 3778 5904 Α
