3878 6312
261 352 377 411 645

260 475 415 529 ceris
440 472 607 528 cauda
634 470 846 544 pecoris
866 475 1137 542 amputata
1170 489 1189 524 ι
1227 469 1377 545 (Arn,
1419 474 1457 529 t.
1495 488 1592 542 vn,
1642 491 1695 546 p.
1725 472 1875 547 250).
1906 484 1959 543 Α

263 570 339 622 At
367 568 591 637 antiqui,
644 567 720 621 uti
754 564 947 621 Fesms
975 575 1028 620 et
1056 566 1252 620 Paulus
1281 565 1453 633 aiunt,
1506 583 1524 617 ι
1556 580 1749 636 penem
1780 580 1871 621 co-

262 660 396 715 dam
423 660 688 715 vocabant
718 677 731 713 :
761 674 791 714 a
815 674 920 730 qua
947 660 1264 730 antiquitate
1288 661 1581 715 etiamnum
1612 659 1714 715 ulla
1749 676 1872 732 por-

261 756 391 810 cina
432 770 553 811 cum
582 755 746 810 cauda
777 755 830 809 in
861 756 1033 811 omnis
1067 754 1215 833 puris
1239 753 1343 810 oﬁ‘a
1374 755 1553 826 penita
1576 764 1817 810 vocatur.
1843 774 1863 807 ι

264 847 486 921 (Festus
529 858 575 901 et
608 846 790 915 Paul.,
820 849 887 901 ad
916 846 1064 900 verba
1093 847 1253 903 PF.le
1282 857 1328 901 et
1376 847 1629 918 Pam“).
1654 846 1872 902 Addidit

260 942 507 997 Festus:
550 960 568 993 ι
611 941 856 996 Penitam
888 940 1047 996 ollam
1078 940 1292 996 Naevius
1317 941 1555 1013 appellat
1579 941 1870 1014 absegmen

256 1034 451 1090 carnis
477 1049 600 1089 cum
627 1034 819 1089 cauda.
854 1052 874 1084 ι
908 1034 1132 1089 Plautus
1161 1048 1291 1089 vero
1318 1034 1448 1090 dicit
1478 1053 1491 1088 :

360 1146 517 1200 Aufer
538 1148 676 1214 illam
697 1147 842 1214 ollam
857 1150 1070 1214 partitam
1086 1162 1111 1214 :_
1123 1148 1301 1209 probus
1324 1148 1406 1197 hic
1429 1163 1616 1211 conger
1642 1147 1866 1214 frigidus.

618 1209 829 1278 (Plaut,
846 1211 957 1262 ιιιι.
985 1209 1201 1279 glorias,
1223 1217 1331 1261 Act.
1356 1226 1424 1271 tu,
1450 1209 1580 1263 scen.
1608 1212 1678 1275 1.)

348 1324 422 1377 At
458 1321 604 1376 dictu
650 1320 869 1375 omnino
894 1318 1186 1374 absurdum
1213 1327 1314 1383 est,
1348 1320 1420 1374 ait
1447 1317 1733 1385 Arnobius,
1768 1316 1871 1373 diis

257 1425 449 1486 gratas
502 1430 622 1470 esse
680 1413 843 1470 hasce
896 1414 1101 1469 nzcnias
1165 1411 1407 1483 oli'asque
1476 1412 1704 1483 penitus,
1768 1424 1869 1467 nec

266 1526 287 1563 ι
330 1509 484 1579 prius
518 1510 628 1564 iras
670 1516 831 1578 atque
881 1508 1091 1561 animos
1136 1520 1362 1577 ponere,
1398 1506 1498 1559 nisi
1529 1505 1629 1561 sibi
1662 1504 1869 1559 adoleri

259 1611 490 1673 paratas
533 1598 921 1671 cuuspexerint
952 1600 1156 1653 naenias
1205 1598 1445 1668 oﬁ‘asque
1494 1597 1802 1667 redemptos
1842 1612 1862 1648 ι

256 1695 447 1767 (Aria,
475 1695 514 1748 ι.
540 1710 635 1760 vn,
665 1711 718 1763 p.
743 1693 899 1764 251).
932 1692 1039 1749 Sed
1071 1691 1469 1763 qnid,iuquics,
1494 1690 1594 1746 sibi
1624 1689 1736 1745 vult
1765 1688 1869 1744 hoc

259 1787 461 1843 ultimo
494 1786 712 1840 nomine
740 1786 1063 1855 redemptus?
1113 1784 1300 1837 Potius
1347 1784 1491 1838 enim
1544 1782 1724 1837 dicere
1767 1781 1865 1836 de-

255 1880 477 1935 buisset
505 1878 919 1948 redetnptrices,
950 1877 1146 1947 quibus
1179 1876 1429 1931 videlicet
1459 1873 1684 1943 ethnici,
1727 1875 1867 1930 sicut
1898 1878 1944 1940 B

258 1974 382 2044 ipse
424 1974 623 2028 ibidem
676 1980 1105 2043 argumentatur,
1154 1971 1381 2026 deorum
1423 1971 1652 2041 gratiam
1684 1984 1743 2024 se
1774 1984 1863 2025 re-

259 2069 475 2124 dimere
501 2067 905 2123 existimabant.
958 2064 1089 2120 Nam
1133 2065 1329 2121 ibidem
1373 2063 1528 2132 dixit,
1559 2063 1633 2119 dii
1660 2072 1715 2117 ut
1744 2079 1866 2135 pro-

262 2162 368 2217 sint
418 2161 663 2216 testiculis
693 2160 944 2231 pecudum
972 2159 1316 2213 redimuntur.
1356 2158 1461 2213 Sed
1502 2158 1629 2228 quid
1661 2168 1866 2213 statuas

266 2267 454 2311 contra
489 2256 728 2322 unicum,
757 2254 847 2325 qui
872 2265 1139 2324 superest,
1171 2254 1452 2309 codicem?
1479 2254 1616 2319 Quid
1646 2268 1794 2319 vero,
1821 2253 1866 2308 si

258 2348 542 2405 Arnobius
570 2348 666 2401 has
694 2346 826 2413 offas
851 2347 1138 2417 redemptus
1161 2347 1451 2415 vocaverit,
1473 2362 1606 2418 quas
1627 2346 1867 2417 plerique

252 2460 458 2500 omnes
484 2444 586 2498 diis
616 2443 858 2499 libandas
890 2443 1172 2498 emerant?
1362 2448 1366 2453 ‘

334 2539 447 2595 Sed
476 2539 620 2606 vide,
668 2555 871 2609 quteso,
916 2553 1198 2609 quousque
1231 2538 1556 2607 processerit
1586 2532 1864 2607 gentilium

249 2632 602 2703 superstitio.
638 2631 751 2685 Diis
800 2631 914 2685 suis
958 2629 1258 2687 oll‘erebant
1290 2646 1397 2685 non
1448 2630 1624 2684 solum
1670 2627 1867 2684 caudas

250 2728 603 2789 animalium.
635 2726 729 2783 sed
780 2728 943 2781 etiam
991 2727 1258 2797 potimina.
1309 2724 1387 2779 Ne
1418 2725 1536 2795 quis
1566 2732 1866 2779 autemne-

252 2821 450 2887 sciret,
480 2820 609 2891 quid
636 2834 700 2875 ea
726 2820 857 2886 sint,
908 2835 971 2874 ac
1000 2828 1258 2889 quantum
1303 2818 1541 2888 indigna,
1589 2834 1707 2889 quae
1760 2814 1868 2870 illis

253 2913 611 2979 offerrentur,
642 2912 758 2968 haec
784 2921 972 2967 auctor
1000 2923 1188 2977 noster
1217 2912 1297 2967 sic
1340 2910 1600 2966 describit
1628 2925 1642 2963 :
1682 2927 1699 2961 ι
1729 2908 1869 2964 Sunt

254 3023 348 3075 ea,
374 3024 498 3077 qua:
527 3024 625 3062 nos
655 3008 835 3077 proles
860 3005 1219 3063 verecundius
1258 3008 1523 3073 dicimus;
1555 3020 1585 3061 a
1629 3005 1868 3077 vulgari-

251 3100 364 3154 bus
393 3109 575 3155 autem
626 3101 873 3157 adsolent
902 3101 1226 3172 cognomine
1257 3102 1474 3157 testium
1508 3103 1808 3173 nuncupari
1842 3119 1862 3153 ι

255 3190 430 3264 (Ibid.
451 3192 677 3263 p.220).
702 3191 902 3247 Eadem
933 3193 1114 3263 itaque
1145 3202 1298 3248 erant
1328 3206 1390 3246 ac
1414 3192 1866 3262 polimcnta,qu:e

1552 353 1619 411 IN
1656 350 2033 420 AllNOBlUM,
2061 348 2213 410 CAP.
2258 350 2448 410 XXIII.

3472 347 3577 411 646

2076 468 2314 519 Servatur
2334 469 2545 519 domino.

2555 526 2787 592 (Juvenal
2795 568 2826 590 .,
2846 528 2984 582 satir.
3002 530 3053 591 5,
3066 540 3202 581 vers.
3221 527 3327 591 69.)

1974 638 2135 695 Plura
2164 641 2233 697 de
2263 641 2474 711 siligine
2517 640 2741 707 Seneca,
2795 640 3019 706 Plinius,
3067 638 3325 694 Isidorus.
3378 638 3574 694 Plasea

1975 733 2154 804 itaque
2193 742 2312 788 erat
2339 734 2509 789 cauda
2556 734 2731 801 bovis,
2779 735 3002 804 optima,
3036 734 3295 803 nivesque
3327 732 3493 787 farina
3523 740 3580 786 et

1971 829 2234 897 sanguine
2260 827 2499 883 delibuta
2527 827 2757 899 (Seneca,
2808 827 2953 899 epist.
2986 827 3091 883 119
3120 836 3168 882 et
3198 826 3324 895 123,
3374 843 3429 899 ρ.
3470 824 3577 881 226

1972 930 2021 973 et
2046 919 2189 986 232;
2226 918 2393 989 Plin.,
2424 922 2514 975 lib.
2539 937 2688 989 xviii,
2718 940 2764 976 ιτ.
2793 924 2848 989 8,
2876 940 2928 992 p.
2962 918 3104 988 462;
3149 919 3368 988 Isidor.,
3401 921 3440 983 ι.
3485 935 3576 976 XIX

1976 1010 2203 1083 0rigin.,
2236 1029 2281 1066 ε.
2312 1013 2389 1084 5).

2047 1104 2183 1159 Tum
2214 1105 2412 1160 deinde
2440 1106 2711 1161 Arnobius
2744 1122 2758 1158 :
2789 1107 2928 1173 Quid
2962 1107 3015 1161 in
3043 1106 3266 1162 deorum
3296 1105 3576 1163 sacriﬁciis

1972 1196 2176 1265 iuvant,
2231 1196 2433 1263 Fitilla,
2489 1200 2714 1266 frumen,
2747 1214 2867 1261 qua:
2896 1199 3113 1269 quidem
3160 1201 3372 1255 diversa
3417 1207 3578 1255 erant

1974 1289 2198 1358 puttium
2226 1304 2447 1358 genera.
2475 1288 2684 1345 Plinius
2704 1292 2848 1345 enim
2878 1291 3017 1345 haud
3041 1291 3270 1347 obscure
3286 1292 3572 1364 signiﬁcat,

1969 1381 2257 1452 frictillam,
2292 1397 2412 1445 seu.
2464 1389 2523 1436 ut
2570 1382 2661 1436 alii
2691 1383 2954 1448 scribunt,
2987 1383 3250 1449 lritillam,
3302 1384 3573 1456 quoddam

1970 1487 2092 1527 esse
2134 1474 2293 1541 pultis
2322 1489 2511 1543 genus,
2542 1476 2593 1527 iii
2626 1475 2796 1528 sacris
2825 1475 3146 1530 adhibitum.
3207 1475 3335 1530 11ωο
3375 1477 3575 1547 quippe

1970 1565 2083 1635 ipsa
2108 1559 2240 1621 sunt
2265 1567 2382 1637 ejus
2412 1568 2575 1623 verba
2608 1586 2621 1620 :
2662 1585 2680 1619 ι
2718 1568 2786 1623 Et
2811 1566 2974 1622 hodie
3021 1583 3175 1623 sacra
3206 1569 3381 1638 prisca
3411 1578 3574 1639 atque

1970 1658 2227 1715 natalium
2277 1661 2421 1729 pulte
2472 1660 3081 1735 l'ritillaconﬁeiuntur;
3114 1662 3435 1733 videturque
3463 1671 3571 1716 tam

1971 1752 2089 1820 puls
2110 1752 2291 1822 ignota
2320 1754 2569 1821 Graeciae,
2599 1768 2762 1824 quam
2795 1754 2965 1810 Italia)
2990 1757 3228 1825 polenta.
3260 1773 3280 1809 ι
3304 1756 3573 1827 Hierony-

1971 1860 2090 1900 mus
2119 1856 2301 1901 autetn
2323 1845 2611 1902 Joviniatio
2630 1848 2762 1902 vitio
2790 1851 2973 1915 vertit,
3004 1849 3147 1920 quod
3176 1850 3241 1904 ad
3272 1850 3495 1920 popinas
3519 1858 3576 1905 et

1970 1940 2180 2010 fritillus
2208 1955 2268 1995 se
2297 1941 2591 1997 conferret.
2642 1941 2761 2009 Quo
2793 1941 3010 2012 quidem
3044 1942 3209 1998 verbo
3254 1944 3485 2012 fritillus,
3527 1943 3575 1998 si
3642 2016 3643 2019 η

1971 2044 2146 2090 tamen
2174 2036 2468 2105 genuinum
2509 2045 2615 2099 est,
2663 2035 2842 2105 pultes
2888 2035 3149 2090 delicatas
3178 2035 3449 2106 intelligit.
3476 2035 3573 2091 Vi-

1967 2126 2118 2181 desis
2161 2128 2417 2196 Scaligeri
2454 2128 2508 2181 in
2542 2126 2841 2182 Varronem
2873 2128 3373 2184 animadversiones
3419 2131 3438 2200 (
3472 2126 3574 2182 Ar-

1967 2223 2109 2288 nob.,
2141 2222 2228 2277 lib.
2256 2239 2349 2289 vn,
2382 2241 2436 2293 p.
2467 2224 2604 2289 250;
2636 2222 2804 2289 Plin.,
2836 2224 2924 2277 lib.
2954 2238 3089 2278 xvnt
3132 2222 3322 2277 Natur.
3357 2224 3498 2293 hist.,
3522 2241 3573 2280 ε.

1967 2318 2019 2385 8,
2054 2336 2110 2390 ρ.
2141 2319 2278 2383 561ς
2310 2318 2639 2389 Hieronym.,
2673 2318 2761 2373 lib.
2793 2335 2831 2383 ι,
2865 2320 2919 2373 in
2943 2317 3236 2386 laciniam;
3265 2319 3491 2393 Scalig.,
3519 2321 3575 2374 in

1968 2416 2058 2469 lib.
2087 2431 2143 2481 v;
2185 2414 2358 2481 Varr.,
2392 2414 2454 2467 de
2484 2414 2637 2487 Ling.
2671 2416 2843 2478 latim,
2878 2431 2931 2485 ρ.
2953 2414 3068 2485 82).

2040 2507 2269 2562 Frumen
2314 2523 2442 2563 vero
2494 2507 2952 2578 quemadmodum
3002 2509 3261 2575 Donatus,
3323 2509 3571 2578 Servius,

1967 2599 2207 2655 Isidorus
2239 2601 2458 2667 docent,
2492 2612 2574 2655 est
2608 2602 2857 2656 eminens
2884 2608 2977 2656 aut
3007 2615 3215 2656 summa
3246 2603 3385 2671 gula:
3424 2619 3571 2673 pars,

1970 2711 2066 2764 per
2101 2710 2260 2765 quam
2302 2696 2483 2766 lingua
2511 2695 2690 2749 cibum
2724 2697 2775 2750 in
2804 2706 3047 2751 ventrem
3079 2697 3317 2752 demittit
3349 2695 3572 2770 (Donat.

1966 2790 2025 2847 in
2078 2788 2286 2843 Terent.
2344 2790 2594 2857 Adelph.,
2642 2801 2746 2845 act.
2798 2806 2850 2856 v,
2908 2808 3042 2846 scen.
3102 2792 3156 2859 8,
3206 2804 3254 2848 et
3307 2791 3571 2863 Phormi.,

1968 2895 2069 2936 act.
2116 2900 2177 2948 ιι,
2250 2901 2386 2938 scen.
2434 2883 2503 2950 2;
2555 2884 2767 2939 Servius
2834 2886 2887 2940 in
2948 2886 3108 2959 Virg.,
3155 2888 3242 2942 lib.
3294 2902 3313 2942 ι
3359 2887 3572 2960 ϐεστ-9.,

1966 2978 2219 3048 ραροϐϐ,
2248 2988 2297 3031 et
2319 2980 2408 3034 lib.
2440 2994 2458 3032 ι
2488 2976 2729 3045 Eueni,
2756 2994 2875 3051 pag.
2909 2981 3043 3045 181;
3098 2979 3316 3049 lsidor.,
3370 2982 3459 3036 lib.
3494 2998 3573 3037 xx

1973 3071 2142 3142 θήρη
2174 3089 2293 3140 cap.
2326 3077 2408 3143 ‘2).
2442 3075 2680 3129 Donatus
2717 3089 2847 3130 vero
2885 3075 3110 3130 verbum
3149 3076 3311 3146 fruor,
3351 3085 3407 3132 et
3440 3078 3573 3133 Ser-

1968 3169 2087 3224 vius
2116 3184 2312 3225 nomen
2341 3174 2654 3245 frumntum
2684 3184 2713 3224 a
2742 3171 2964 3240 [rumine
2992 3170 3131 3226 facta
3160 3186 3283 3228 esse
3308 3171 3599 3228 arbitram-

256 3262 515 3351 Verrius,
545 3262 763 3353 Festus,
797 3301 861 3341 ac
890 3262 1087 3342 deinde
1117 3286 1315 3342 Paulus
1346 3286 1487 3342 hunc
1515 3287 1783 3358 explicant
1811 3287 1864 3341 in

1976 3273 2079 3317 tur.
2115 3262 2250 3328 Quid
2283 3278 2413 3333 ergo
2454 3265 2672 3331 mirum,
2705 3264 2751 3318 si
2793 3264 2861 3319 ab
2898 3263 3020 3319 aliis
3058 3264 3127 3319 ad
3161 3264 3575 3336 signiﬁcandum

260 3381 492 3436 modum
518 3398 533 3435 :
570 3399 589 3433 ι
609 3380 1111 3452 Antiqui‘dicebant
1139 3381 1418 3437 testiculos
1447 3397 1724 3451 pecorum,
1744 3396 1866 3437 cum

253 3490 359 3531 eos
414 3477 740 3541 castrabant,
775 3492 803 3529 a
837 3478 1097 3546 politione
1129 3487 1396 3549 segetum,
1432 3487 1522 3532 aut
1572 3478 1868 3533 vestimen-

257 3579 467 3631 torum,
496 3571 638 3640 quod
670 3570 922 3625 similiter
950 3582 1112 3641 atque
1155 3572 1245 3625 illa
1286 3582 1545 3626 curentur
1576 3591 1594 3624 ι
1656 3571 1868 3645 (Festus

252 3676 308 3719 et
343 3665 527 3730 Paul.,
561 3668 630 3719 ad
652 3667 799 3721 verba
828 3665 1185 3740 POLIMENTA).
1211 3668 1462 3738 Explndit
1485 3667 1699 3740 quidem
1732 3668 1868 3722 hanc

252 3761 647 3832 etymologiam
681 3760 943 3834 Scaliger,
974 3764 1243 3833 aliamque
1274 3764 1498 3832 profert,
1531 3766 1624 3819 sed
1657 3780 1773 3835 quae
1800 3764 1868 3819 ab

252 3853 371 3909 alio
413 3854 655 3909 vicissim
708 3856 1014 3925 exploditur
1066 3854 1257 3921 (δειλίη
1292 3856 1343 3909 in
1390 3856 1476 3910 lib.
1512 3873 1561 3910 tv
1606 3856 1667 3909 de
1712 3855 1863 3927 Ling.

254 3948 381 4013 lat.,
419 3964 471 4017 p.
497 3947 613 4017 41).
658 3948 794 4016 Quia
826 3964 954 4003 vero
987 3948 1119 4003 nihil
1160 3947 1277 4003 hmo
1307 3948 1371 4002 ad
1401 3957 1644 4003 nostrum
1673 3964 1869 4018 propo-

253 4044 429 4097 situm
462 4042 794 4111 conducunt,
831 4045 961 4097 satis
992 4044 1095 4099 erit
1126 4042 1576 4098 animadvertisse
1610 4042 1867 4113 polimina

254 4154 369 4192 non
399 4136 507 4191 alia
530 4152 670 4205 esse,
701 4154 763 4192 ac
791 4137 1105 4207 polimenta,
1130 4152 1249 4208 quae
1278 4146 1533 4193 notantur
1566 4138 1665 4193 hoc
1691 4134 1869 4193 Plauti

256 4246 542 4285 εειΓιιιιιιθε

353 4325 456 4373 Aut
478 4322 742 4386 pollmenta
770 4327 987 4389 porcina,
1015 4331 1095 4374 aut
1120 4322 1299 4387 aliquid
1325 4324 1383 4373 ad
1410 4336 1519 4373 eum
1544 4326 1759 4373 modum.

855 4385 1063 4449 (Plaut,
1084 4385 1238 4447 Mani,
1277 4396 1371 4438 act.
1390 4402 1426 4447 ι,
1449 4401 1581 4438 scen.
1605 4388 1678 4449 5.)

336 4495 584 4550 Ethnicis
611 4495 787 4549 adhuc
813 4494 1084 4549 Arnobius
1110 4494 1299 4563 objicit
1319 4494 1556 4548 oblatum
1576 4492 1679 4548 diis
1697 4506 1869 4549 omen-

1971 3356 2188 3427 aliquod
2228 3357 2393 3427 pultis
2431 3371 2600 3428 genus
2640 3369 2956 3427 usurpatum
2998 3357 3200 3413 fuerit?
3231 3359 3308 3414 De
3338 3359 3575 3428 pultibus

1971 3466 2136 3522 porro
2171 3453 2371 3507 videsis
2416 3452 2661 3522 Apicium
2704 3448 2923 3521 (Donat.
2963 3452 3016 3506 in
3055 3450 3256 3506 Terent.
3304 3451 3572 3520 Emme/2.,

1971 3554 2072 3599 act.
2109 3560 2181 3606 tv,
2215 3560 2356 3599 scen.
2388 3545 2448 3609 7;
2474 3544 2650 3615 Apta,
2681 3545 2800 3599 libr.
2828 3556 2865 3597 ν
2892 3545 2955 3597 de
2989 3543 3063 3599 Re
3082 3545 3313 3611 coquin.,
3344 3558 3461 3613 cap.
3493 3543 3571 3615 1).

2044 3637 2150 3691 Sed
2182 3636 2320 3703 haec,
2360 3636 2436 3691 ait
2475 3636 2771 3704 Arnobius,
2819 3636 3087 3701 ethnicos,
3127 3636 3231 3690 diis
3267 3636 3378 3691 suis
3409 3637 3575 3691 sacri-

1972 3732 2216 3799 ﬁcantes,
2262 3747 2367 3786 non
2414 3732 2583 3801 magis
2620 3731 2898 3801 juvabant,
2930 3746 3088 3801 quam
3118 3730 3303 3801 africia
3341 3731 3570 3801 gratilla,

1969 3835 2278 3890 eammeam,
2318 3827 2659 3895 eonspolium,
2690 3825 2898 3892 cubula,
2933 3841 3054 3896 qua:
3094 3824 3312 3895 quidem
3355 3825 3575 3881 liberum

1970 3917 2177 3985 species
2198 3932 2319 3973 esse
2341 3917 2470 3972 satis
2496 3915 2776 3988 perspicue
2798 3917 3066 3987 signiﬁcat
3096 3916 3333 3988 (Arnob,
3358 3917 3448 3973 lib.
3476 3934 3572 3989 vn,

1970 4026 2088 4081 pag.
2116 4010 2267 4071 259).
2298 4009 2491 4064 Linum
2522 4018 2698 4065 autem
2721 4024 2750 4064 a
2773 4009 2990 4077 Libero,
3016 4023 3113 4065 seu
3138 4008 3352 4067 Baccho
3371 4010 3576 4068 dictum

1971 4106 2133 4159 fuisse
2159 4103 2384 4159 Ovidius
2408 4102 2493 4158 bis
2522 4103 2853 4159 carminibus
2878 4105 3024 4159 canit
3050 4121 3064 4158 :

2064 4225 2271 4275 Nomine
2298 4225 2359 4274 ab
2383 4226 2600 4275 auctoris
2625 4222 2810 4274 ducunt
2833 4223 3063 4273 libamina
3084 4237 3263 4273 nomen

2156 4288 2392 4350 Libaque,
2419 4286 2549 4349 quod
2563 4288 2717 4337 sacris
2738 4300 2853 4349 pars
2873 4287 3017 4335 datur
3038 4287 3157 4350 inde
3178 4287 3317 4337 focis.

2066 4351 2182 4401 Liba
2206 4348 2306 4400 deo
2326 4348 2526 4408 faciunt,
2552 4353 2715 4400 succis
2730 4348 2842 4412 Quia
2865 4350 3091 4399 dulcibus
3111 4348 3195 4412 ille

2160 4412 2369 4472 Gaudet,
2397 4419 2448 4463 et
2468 4428 2493 4462 a
2516 4412 2710 4463 liaeclio
2735 4410 2879 4461 mella
2903 4421 3107 4476 reperta
3136 4411 3317 4462 ferant.

2553 4494 2740 4560 (0vid.,
2760 4491 2844 4544 lib.
2867 4508 2920 4544 ιιι
2937 4493 3148 4557 Fastor.,
3175 4492 3203 4559 §
3225 4494 3325 4561 lo.)

258 4600 393 4657 tum,
441 4605 617 4660 graece
644 4590 903 4646 ἐπίπλοον.
951 4588 1261 4642 Membrana
1287 4600 1469 4642 autem
1497 4596 1581 4642 est
1608 4587 1787 4642 tenuis
1814 4593 1915 4675 (ξεΔ
1972 4604 2040 4658 At
2086 4604 2276 4674 varro,
2331 4606 2415 4660 cui
2467 4602 2552 4659 alii
2600 4602 2983 4675 suﬁ'ragantur,
3035 4600 3139 4669 hoc
3192 4618 3389 4659 nomen
3444 4603 3576 4663 inde

258 4683 506 4754 pinguis,
538 4698 643 4751 qua
693 4681 977 4736 inferiores
1007 4681 1213 4735 ventris
1262 4689 1445 4750 partes
1492 4690 1765 4751 teguntur,
1813 4688 1864 4734 et

1976 4696 2189 4754 ductum
2244 4670 2412 4768 putat,
2458 4696 2599 4770 quod
2648 4670 2847 4753 libandi
2887 4714 3047 4754 causa
3094 4696 3205 4751 ﬁat.
3255 4699 3397 4755 Alibi
3447 4715 3576 4756 vero

256 4778 644 4832 intestinorum
716 4777 1062 4831 involvuntur
1115 4775 1408 4829 anfractus.
1480 4774 1649 4830 Antea
1713 4790 1864 4843 vero,

261 4872 601 4928 Omentorum
651 4869 1034 4934 membranulw,
1086 4868 1154 4923 ab
1203 4866 1292 4923 illo
1344 4879 1748 4938 nuncupantur,
1799 4869 1867 4924 de

256 4966 457 5036 quibus
492 4963 670 5036 legere
700 4964 902 5033 poteris
931 4963 1196 5027 Persium,
1230 4962 1485 5028 Plinium,
1516 4973 1567 5018 et
1602 4963 1865 5020 lsidornm

263 5058 452 5132 (Arn.,
484 5060 587 5112 loc.
616 5061 729 5124 cit.,
763 5065 813 5112 et
837 5058 873 5111 ι.
902 5072 979 5118 ιιι.
1010 5073 1063 5127 p.
1093 5056 1196 5111 107
1214 5074 1233 5123 ;
1262 5054 1437 5121 Pers.,
1469 5060 1615 5113 satir.
1638 5057 1694 5125 2,
1724 5074 1854 5112 vers.

253 5151 365 5216 47;
403 5150 571 5217 Plin.,
598 5150 683 5203 lib.
717 5165 750 5203 ιι
783 5148 922 5204 Hist.
947 5159 1143 5216 natur.,
1193 5164 1240 5203 ε.
1264 5146 1355 5219 57,
1386 5168 1438 5222 p.
1467 5150 1609 5217 574;
1638 5149 1857 5217 Isidor.,

256 5245 353 5299 lib.
386 5260 419 5298 ιι
452 5242 625 5315 0rig.,
655 5261 702 5296 ε.
736 5240 815 5314 1).

331 5338 416 5394 Ab
442 5348 663 5392 auctore
684 5336 880 5393 deinde
908 5345 1091 5392 nostro
1123 5337 1352 5407 palasen,
1382 5339 1495 5393 sive
1521 5339 1659 5394 sicut
1684 5356 1712 5393 a
1740 5339 1862 5409 qui-

258 5433 486 5488 busdam
519 5432 813 5486 vocabatur
846 5450 865 5482 ι
903 5432 1102 5500 plasea,
1134 5452 1152 5484 ›
1186 5431 1263 5486 sic
1310 5432 1600 5499 delinitur,
1637 5451 1656 5486 ι
1689 5434 1856 5490 cauda

257 5522 413 5576 bovis
435 5521 649 5592 siligine
673 5532 727 5576 et
758 5522 1017 5592 sanguine
1047 5504 1284 5576 delibuta
1319 5541 1337 5572 ι
1396 5520 1573 5593 (Ann,
1608 5525 1646 5578 Ι.
1677 5540 1770 5591 vn,
1804 5541 1858 5593 p.

253 5610 410 5681 250).
430 5616 499 5666 At
522 5612 673 5681 siligo
695 5622 777 5667 est
795 5612 961 5666 farina
991 5628 1056 5667 ex
1080 5615 1284 5681 optimo
1312 5614 1492 5667 tritico
1516 5616 1861 5672 exactissime

256 5724 299 5762 a.
319 5704 617 5761 furfuribus
644 5715 951 5776 repurgata.
1010 5703 1162 5761 Unde
1201 5706 1289 5762 hic
1317 5705 1592 5764 Juvenalis
1621 5708 1688 5765 de
1722 5724 1860 5779 pane

255 5815 447 5856 νει-ευε
471 5818 486 5855 ἒ

354 5913 456 5965 Sed
482 5922 627 5968 tener
652 5922 703 5969 et
720 5917 914 5980 niveus,
933 5913 1167 5979 mollique
1191 5918 1386 5980 siligine
1411 5916 1583 5981 factus,

1970 4792 2222 4856 scripsit:
2258 4790 2462 4857 Libmn,
2498 4790 2635 4863 quod
2660 4791 2925 4857 libaretur,
2964 4792 3263 4864 priusquam
3294 4800 3442 4857 esset,
3478 4808 3576 4848 seu

1968 4895 2174 4952 essent,
2222 4895 2276 4938 ut
2319 4895 2426 4939 erat
2468 4895 2687 4952 coctum,
2735 4884 2786 4939 id
2828 4893 2931 4951 est,
2977 4883 3121 4956 quod
3169 4896 3382 4943 coctum
3425 4888 3574 4958 prius

1968 4978 2255 5044 libabatur,
2290 4967 2448 5049 quam
2490 4976 2621 5032 illud
2663 4977 3032 5035 comedissent
3070 4977 3279 5049 (Varr.,
3314 4979 3404 5035 lib.
3426 4997 3483 5035 vr
3511 4979 3575 5035 de

1969 5067 2122 5141 Ling.
2167 5070 2283 5137 lat.,
2326 5090 2445 5142 pag.
2476 5071 2579 5137 80;
2618 5068 2785 5138 Ibid.,
2814 5072 2903 5126 lib.
2934 5089 2972 5141 ι,
3008 5089 3128 5144 pag.
3171 5071 3264 5140 26,
3303 5082 3351 5127 et
3384 5072 3574 5144 seqq.).

2039 5164 2169 5232 Quae
2199 5181 2326 5221 vero
2357 5165 2459 5221 liba
2492 5167 2616 5233 sint,
2652 5175 2707 5222 et
2744 5167 2935 5237 quibus
2964 5183 3029 5221 ex
3057 5166 3219 5221 rebus
3248 5166 3461 5232 ﬁerent,
3496 5166 3575 5222 sic

1968 5260 2202 5329 eXpIieat
2239 5261 2457 5316 Servius
2489 5281 2502 5314 :
2535 5259 2665 5315 Liba
2694 5273 2811 5317 sunt
2842 5263 3092 5333 placenta:
3120 5262 3183 5316 de
3211 5261 3367 5329 farre,
3402 5262 3572 5327 melle,

1970 5362 2015 5408 et
2046 5352 2174 5418 oleo,
2208 5355 2366 5408 sacris
2406 5363 2551 5427 apta.
2592 5354 2703 5411 Nec
2741 5357 2908 5412 semel
2950 5358 3053 5411 hoc
3088 5356 3241 5425 dixit,
3289 5356 3382 5412 sed
3421 5357 3574 5427 prius

1969 5459 2273 5503 asseruerat
2333 5448 2440 5504 liba
2493 5466 2614 5506 esse
2665 5451 2939 5520 placentas
2996 5450 3195 5523 (Serm,
3246 5451 3300 5506 in
3358 5450 3572 5522 Virgil.,

1969 5540 2058 5595 lib.
2084 5557 2155 5597 vn
2198 5538 2435 5609 fEneid.,
2459 5560 2588 5599 vers.
2616 5544 2744 5608 108;
2764 5544 2919 5612 idem,
2942 5544 2994 5598 in
3017 5545 3178 5617 eclog.
3208 5544 3263 5613 7,
3287 5562 3419 5601 vers.
3453 5547 3574 5618 '55).

1969 5633 2101 5690 Cato
2139 5645 2315 5691 tamen
2343 5637 2639 5706 placentam
2665 5655 2697 5693 a
2724 5638 2830 5693 libo
2856 5634 3156 5709 distinguit,
3186 5640 3369 5711 aitque
3401 5639 3575 5699 libum

1966 5713 2081 5809 ﬁeri
2113 5743 2179 5783 ex
2210 5744 2389 5798 caseo,
2425 5729 2594 5786 farina
2620 5731 2885 5802 siliginea,
2911 5731 3026 5786 sive
3052 5731 3359 5804 similagine
3384 5742 3439 5788 et
3464 5748 3575 5792 ovo

1968 5808 2092 5887 lino,
2126 5822 2319 5891 quibus
2346 5824 2487 5878 bene
2518 5824 2809 5894 permistis,
2838 5834 2893 5880 et
2918 5823 3162 5894 subjecto
3189 5825 3341 5893 folio,
3371 5829 3572 5886 leniter

1967 5923 2270 5981 coquuntur
2300 5911 2470 5985 (Cato,
2514 5914 2577 5969 de
2620 5915 2693 5972 Re
2732 5916 2935 5986 rustic.,
2963 5933 3079 5988 cap.
3111 5917 3181 5975 54
3208 5929 3253 5975 et
3286 5916 3399 5993 76).
3431 5920 3570 5985 Tum
