3878 6312
425 276 528 332 (H7

1700 273 2148 332 DISSERTATIO
2186 273 2464 334 PREVIA
3592 278 3677 336 ets

427 391 626 448 deinde
661 390 822 448 docet
849 390 1123 462 quomodo
1153 391 1399 462 placenta
1432 389 1523 445 fiat
1551 403 1618 445 ex
1651 388 1820 445 farina
1849 390 2023 461 siligi-
2051 393 2099 452 Α
2130 403 2376 458 mentum,
2401 407 2430 446 a
2457 392 2614 463 pulpa
2653 389 3006 461 proculdubio
3035 388 3286 447 derivari.
3315 391 3474 463 Pulpa
3502 403 3676 462 autem,

429 503 552 550 nea,
580 487 716 542 alica
755 487 944 558 prima,
985 501 1138 559 aqua;
1175 485 1371 552 infusa,
1399 486 1602 542 recenti
1644 500 1802 541 caseo
1840 485 2024 549 ovillo,

428 580 592 635 melle
622 578 784 645 bono,
814 578 1008 649 quibus
1035 579 1176 635 inter
1202 593 1262 633 se
1291 578 1614 645 commistis,
1645 587 1700 634 et
1730 578 1862 632 lauri
1888 577 2028 632 foliis

427 670 742 742 suppositis,
774 670 1018 738 placenta
1049 671 1409 740 componitur,
1442 672 1580 726 bene
1606 681 1660 725 et
1689 671 1862 726 otiose
1902 687 2027 741 per-

428 762 731 834 coquenda.
767 762 870 820 Sed
907 763 1022 820 haec
1057 764 1150 820 libi
1183 775 1238 820 et
1265 764 1524 835 placentae
1553 774 1720 833 tanta,
1744 765 1826 818 uti
1852 765 2024 833 vides,

425 872 534 910 non
579 865 661 910 est
701 855 1038 921 dill‘erentia,
1082 856 1210 927 quin
1254 856 1322 911 ad
1370 873 1535 912 unum
1577 857 1824 928 idemque
1862 873 2030 929 genus

432 959 707 1022 nequeant
746 949 957 1006 referri.
998 950 1168 1024 Magis
1196 952 1396 1022 quippe
1431 967 1462 1006 a
1497 953 1698 1008 Catone
1729 952 2031 1021 explicatur

427 1061 533 1116 quo
566 1045 694 1100 fiant
730 1045 913 1104 modo.
948 1061 1106 1116 quam
1140 1056 1318 1101 utrum
1345 1061 1405 1101 re
1432 1047 1544 1115 ipsa
1571 1047 1711 1101 inter
1736 1060 1795 1101 se
1820 1046 2028 1102 discre-

426 1150 576 1213 pent.
633 1140 998 1208 Quamobrem
1061 1140 1346 1196 Isidorus:
1391 1159 1411 1192 ‹
1451 1141 1739 1207 Placentaa,
1782 1160 1798 1190 δ
1836 1140 2026 1212 inquit,

435 1250 454 1284 ι
485 1241 628 1298 sunt,
661 1249 782 1304 qua:
818 1233 952 1288 ﬁunt
991 1248 1057 1288 ex
1101 1235 1262 1299 farre,
1296 1249 1426 1304 quas
1463 1233 1555 1288 alii
1584 1235 1688 1289 liba
1725 1234 1932 1302 dicunt,
1964 1250 2032 1291 eo

425 1327 570 1397 quod
597 1326 818 1394 libeant,
847 1337 905 1384 et
956 1327 1208 1398 placeant
1239 1346 1257 1379 ι
1294 1326 1537 1399 (Isidor.,
1583 1329 1674 1386 lib.
1727 1345 1798 1384 xx
1857 1329 2029 1400 θήρη

430 1435 552 1491 cap.
585 1419 666 1490 Ξ).

498 1513 764 1570 Czeterum
801 1514 1045 1585 quamvis
1075 1513 1243 1569 libum
1283 1526 1340 1570 et
1378 1513 1628 1585 placenta
1674 1529 1864 1585 parum
1895 1512 2034 1570 adeo

428 1605 570 1661 inter
607 1622 668 1662 se
707 1606 1100 1677 discreparent,
1151 1606 1198 1662 si
1245 1607 1378 1662 Cato
1428 1617 1606 1663 tamen
1650 1623 1712 1663 ea
1760 1608 2029 1674 distinxit,

429 1698 562 1754 nihil
595 1699 834 1769 profecto
863 1698 1158 1770 prohibere
1179 1698 1416 1768 videtur,
1442 1701 1732 1770 quominus
1763 1701 1832 1755 ab
1857 1703 2030 1755 Arno-

2131 485 2210 539 uti
2240 483 2619 539 animadvertit
2645 484 2903 551 Donatus,
2934 503 2954 536 ι
2983 484 3198 554 proprie
3227 499 3291 540 ea
3317 494 3398 539 est
3424 499 3560 550 caro,
3580 503 3680 557 qua:

2132 579 2518 643 manducatur,
2562 593 2628 632 eo
2671 577 2814 648 quod
2855 577 3114 647 pulsetur,
3159 586 3214 633 et
3250 576 3628 634 consciudatur.
3660 599 3675 630 ι

2132 668 2370 725 Isidorus
2419 685 2546 725 vero
2577 686 2589 722 :
2624 688 2642 720 ‹
2678 669 2862 740 Pulpa,
2894 687 2912 718 ι
2947 669 3138 739 inquit,
3176 686 3195 719 ι
3227 667 3388 733 dicta,
3431 669 3546 738 quia
3581 685 3712 726 cum.

2134 764 2281 832 pulte
2324 763 2452 818 olim
2495 762 2784 818 commixta
2825 762 3160 818 vescebatur.
3192 781 3210 813 ι
3241 761 3345 817 Sed
3376 761 3516 828 alibi,
3544 774 3609 831 et,
3636 775 3682 820 ut

2133 855 2320 909 multis
2365 857 2600 922 videtur,
2643 856 2880 910 melius:
2913 875 2931 906 ι
2965 855 3125 926 Pulpa
3167 866 3249 910 est
3286 869 3411 910 caro
3445 855 3554 911 sine
3588 856 3682 925 pin-

2132 948 2385 1018 guedine,
2434 948 2594 1015 dicta,
2651 948 2792 1018 quod
2845 947 3096 1018 palpitet;
3147 947 3318 1002 resilit
3367 949 3505 1002 enim
3547 964 3681 1019 saepe.

2132 1041 2286 1096 Hanc
2305 1040 2551 1112 plerique
2571 1051 2626 1096 et
2648 1043 2854 1097 viscum
2898 1049 3110 1106 vocant,
3138 1038 3280 1111 quod
3305 1039 3562 1112 glutinosa
3585 1042 3643 1096 sit
3664 1061 3678 1092 ι

2135 1131 2378 1201 (Donat.,
2410 1135 2466 1187 in
2495 1132 2700 1188 Terent.
2737 1132 2954 1205 Hecyr.,
2985 1144 3085 1187 act.
3118 1147 3190 1198 ut,
3229 1149 3368 1187 scen.
3399 1131 3462 1199 ις
3498 1131 3681 1201 Isidor,,

2137 1225 2224 1279 lib.
2257 1243 2315 1282 ιιι
2360 1227 2587 1300 0rigin.,
2619 1245 2733 1298 cap.
2770 1229 2795 1283 l
2829 1238 2878 1282 et
2907 1227 3023 1283 libr.
3054 1243 3145 1292 xx,
3175 1244 3289 1299 cap.
3314 1226 3396 1297 ἓ).

2208 1323 2303 1378 His
2363 1323 2435 1377 ita
2501 1322 2824 1389 observatis,
2889 1321 3146 1392 particula
3214 1321 3458 1392 negativa
3506 1337 3596 1376 non
3644 1323 3684 1378 in

2135 1417 2360 1474 Arnobii
2393 1426 2543 1471 textu
2575 1416 2731 1472 nobis
2761 1432 2859 1471 suo
2889 1417 3009 1471 loco
3040 1424 3182 1470 mota
3212 1426 3456 1486 apparet,
3486 1424 3538 1470 et
3561 1431 3685 1486 repo-

2135 1510 2310 1566 nenda
2351 1520 2476 1566 ante
2516 1525 2710 1565 nomen
2753 1510 3106 1581 palpamenta,
3143 1519 3305 1578 atque
3341 1517 3464 1564 ante
3498 1508 3682 1564 verbum

2137 1613 2253 1658 exta
2278 1613 2371 1658 aut
2397 1602 2789 1670 subaudienda,
2819 1612 2911 1656 aut
2940 1603 3134 1658 iterum
3175 1599 3518 1665 collocanda;
3549 1600 3610 1654 ita
3643 1610 3686 1655 ut

2137 1698 2216 1752 sic
2255 1698 2522 1753 scribatur
2549 1716 2562 1750 :
2591 1697 2708 1752 Non
2741 1697 2917 1767 placet
2947 1697 3225 1753 nominare
3253 1711 3466 1752 carnem
3509 1694 3684 1750 Streba-

430 1794 519 1849 bio
547 1793 797 1850 distincta
840 1794 1037 1850 iuerint
1075 1795 1200 1861 alia,
1233 1810 1339 1850 non
1378 1795 1603 1849 multutn
1638 1811 1665 1849 a
1698 1810 1757 1850 se
1799 1796 2024 1850 invicem
2060 1793 2106 1852 B
2139 1791 2414 1857 lam,......
2450 1807 2551 1844 non
2579 1791 2911 1863 palpamenta
2935 1807 3075 1856 assa,
3102 1807 3216 1860 qua:
3241 1791 3296 1843 in
3325 1789 3528 1844 verubus
3554 1799 3684 1843 sunt:

430 1886 642 1943 diversa
683 1887 910 1943 liberum
953 1903 1174 1958 genera,
1218 1904 1338 1959 qua:
1382 1888 1450 1943 ab
1492 1888 1586 1942 illo
1614 1904 1627 1918 ο
1658 1887 1878 1959 Africia,
1911 1905 2034 1960 ,ναι

433 1980 579 2047 tilla,
635 1988 956 2046 catumeum,
1015 1981 1367 2051 conspolium,
1430 1990 1478 2035 et
1529 1979 1717 2034 cubula
1777 1991 2037 2035 vocantur

431 2073 676 2144 (.iruob.,
705 2074 795 2128 lib.
827 2091 922 2138 vn,
959 2089 1080 2145 pag.
1113 2073 1264 2147 250).
1297 2074 1412 2129 Non
1445 2074 1586 2128 aliud
1609 2075 1751 2129 enim
1783 2075 1921 2129 inter
1947 2076 2034 2130 illa

435 2168 615 2222 omnia
646 2167 935 2224 discrimen
967 2166 1339 2222 intercessisse
1365 2167 1596 2233 videtur,
1626 2165 1728 2221 nisi
1757 2183 1825 2222 ex
1867 2177 2036 2223 mate-

435 2262 538 2326 ria,
560 2271 612 2316 et
636 2262 845 2316 ratione
866 2276 968 2332 qua
1002 2260 1117 2315 fieri
1144 2262 1410 2316 solebant.
1434 2261 1600 2316 Suum
1632 2272 1811 2317 autem
1839 2278 2033 2318 nomen

435 2353 519 2409 vel
553 2353 698 2420 inde,
724 2353 810 2408 vel
833 2369 861 2406 a
883 2355 1027 2418 loco,
1057 2353 1145 2409 ubi
1178 2353 1410 2424 primum
1440 2354 1580 2409 facta
1611 2363 1757 2417 sunt,
1785 2353 1872 2409 vel
1897 2370 1924 2406 a
1955 2354 2037 2409 di-

435 2461 592 2502 versa
622 2460 717 2500 sua
747 2446 919 2500 forma
951 2455 1006 2501 et
1037 2449 1204 2518 ligura
1241 2455 1588 2516 acceperunt.
1624 2443 1817 2501 Nostra
1856 2456 2034 2502 autem

435 2539 576 2596 scire
607 2553 792 2607 parum
821 2539 1047 2595 interest
1077 2539 1220 2595 unde
1247 2539 1488 2597 derivata
1514 2540 1624 2594 sint
1653 2539 1768 2594 haec
1795 2540 2029 2606 nomina,

441 2643 534 2689 aut
575 2632 702 2705 quid
741 2648 932 2689 revera
978 2632 1302 2704 significent,
1352 2633 1448 2689 sed
1489 2642 1687 2703 quanta
1735 2633 2036 2690 insulsitate

435 2725 665 2796 gentiles
715 2725 832 2780 haec
879 2725 1087 2780 lictitiis
1134 2725 1236 2782 diis
1287 2726 1420 2794 suis,
1471 2726 1626 2797 quasi
1674 2726 2034 2782 esurientibus

435 2821 736 2877 libaverint.

507 2915 667 2971 Multa
696 2917 818 2982 alia,
851 2931 1003 2988 aeque
1023 2916 1272 2983 ridicula,
1306 2916 1580 2972 Arnobius
1605 2918 1854 2973 consulto
1875 2918 2030 2978 emit-

437 3009 500 3063 tit
528 3007 739 3082 (lbid.),
775 3010 957 3081 aitque
995 3009 1096 3066 sibi
1129 3025 1234 3064 non
1266 3009 1535 3081 placuisse
1567 3026 1786 3066 carnem
1815 3013 2030 3084 strebu-

433 3105 542 3164 lam
582 3105 886 3172 nominare,
925 3120 1041 3175 qua:
1081 3114 1348 3158 taurorum
1385 3105 1744 3160 coxendicibus
1787 3106 2028 3161 demitur.

2139 1902 2241 1939 non
2271 1895 2387 1940 exta
2413 1885 2661 1950 animata,
2698 1895 2806 1941 etc.
2841 1884 2930 1941 Sic
2959 1885 3102 1941 enim
3141 1894 3358 1955 apertus
3385 1885 3486 1941 erit
3508 1886 3584 1940 hic
3607 1887 3684 1940 Ar-

2137 1979 2284 2034 nobii
2329 1993 2521 2034 sensus
2550 1997 2563 2032 :
2593 1979 2650 2033 In
2696 1979 2973 2034 sacriﬁciis
3017 1977 3212 2032 frustra
3257 1976 3460 2033 adoleri
3500 1992 3605 2032 assa
3644 1975 3682 2030 iu

2138 2073 2371 2128 verubus
2417 2073 2783 2142 pulpamenta,
2837 2073 2939 2127 hoc
2983 2079 3084 2136 est,
3139 2071 3332 2127 molles
3376 2082 3428 2127 et
3472 2070 3682 2126 delicatas

2138 2167 2316 2222 carnis
2362 2167 2478 2222 sine
2524 2167 2844 2238 pinguedine
2887 2175 3088 2238 partes,
3136 2180 3260 2236 qua:
3311 2181 3460 2220 suam
3507 2172 3682 2233 propter

2138 2261 2418 2317 tnollitiem
2461 2261 2741 2332 palpitant.
2780 2260 2999 2316 Frustra
3031 2259 3191 2315 etiam
3233 2260 3379 2314 litari
3418 2259 3679 2314 animalium

2138 2365 2280 2420 exta,
2327 2355 2474 2424 prius
2516 2357 2766 2418 animata,
2811 2366 2866 2410 et
2905 2353 3230 2410 carbonibus
3271 2352 3565 2419 torrefacta,
3592 2365 3681 2420 qua:

2137 2447 2352 2518 quidem
2382 2463 2488 2502 non
2522 2447 2576 2502 in
2604 2446 2859 2512 verubus,
2892 2447 2985 2503 sed
3010 2448 3289 2503 succensis
3313 2457 3510 2503 tantum
3534 2446 3680 2502 carbo-

2140 2539 2298 2594 nibus
2323 2539 2518 2594 torreri
2552 2547 2820 2610 poterant.
2855 2539 2925 2594 Ea
2951 2549 3129 2594 autem
3157 2539 3266 2594 diis
3291 2540 3464 2595 oblata
3489 2539 3624 2594 fuisse
3647 2537 3680 2591 si

2138 2635 2371 2704 dubites,
2403 2636 2688 2691 certiorem
2730 2635 2922 2691 Festus
2963 2645 3015 2690 te
3045 2633 3222 2699 faciet,
3264 2636 3353 2706 qui
3383 2633 3502 2690 inde
3529 2647 3679 2689 nomen

2138 2745 2292 2784 suum
2349 2729 2538 2783 sortita
2585 2742 2706 2783 esse
2749 2727 3020 2782 existimat
3053 2746 3065 2781 :
3105 2746 3124 2777 ι
3161 2727 3322 2795 Exta,
3357 2747 3376 2780 ι
3406 2729 3494 2793 ait,
3530 2745 3544 2777 ι
3574 2724 3680 2779 dicta

2135 2821 2278 2893 quod
2307 2836 2370 2878 ea
2399 2820 2502 2876 diis
2532 2830 2899 2890 prosecentur,
2937 2837 3058 2893 quae
3087 2823 3325 2878 maxime
3357 2831 3551 2886 extant,
3575 2817 3677 2876 emi-

2137 2924 2392 2984 nentque.
2425 2933 2444 2966 ι
2477 2911 2705 2984 (Festus,
2735 2913 2804 2968 ad
2833 2915 2967 2968 verb.
3002 2915 3212 2986 Exn.)

2210 3007 2374 3063 Addit
2418 3007 2686 3064 Arnobius
2716 3026 2729 3062 :
2764 3027 2784 3059 ι
2817 3007 2935 3063 Νοιι
2963 3009 3276 3078 salsamina,
3315 3026 3432 3082 qua:
3467 3019 3577 3065 sunt
3605 3024 3679 3062 una

2136 3103 2450 3160 commixtio
2513 3103 2793 3174 quadrinis
2838 3104 3084 3174 copulata
3137 3105 3380 3176 frugibus
3422 3125 3439 3156 ι
3483 3101 3678 3173 (Arnob,

434 3200 526 3266 At,
559 3199 720 3255 Festo
739 3199 782 3254 si
813 3199 1101 3263 credimus,
1142 3198 1245 3253 hoe
1275 3213 1470 3254 nomen
1501 3198 1570 3252 ab
1587 3198 1825 3254 Umbriae
1855 3214 2028 3268 popu-
2055 3187 2100 3249 C
2133 3197 2224 3253 lib.
2256 3214 2350 3266 vn,
2385 3215 2508 3270 pag.
2541 3196 2697 3268 250).
2729 3197 2920 3253 Nonne
2952 3213 3082 3253 vero
3110 3196 3193 3253 his
3224 3199 3404 3254 verbis
3426 3197 3578 3253 salsas
3600 3194 3679 3248 fru-

433 3291 501 3348 lis
549 3301 726 3348 ortum
773 3291 987 3358 habuit;
1030 3292 1155 3363 quia
1197 3291 1304 3348 illis
1349 3293 1519 3363 magis
1572 3307 1731 3363 quam
1775 3291 2033 3347 Romanis

435 3386 690 3441 usitatum
734 3394 852 3441 erat
903 3384 1136 3459 (Festus,
1184 3385 1254 3439 ad
1302 3384 1630 3455 Sruawu).
1679 3384 2032 3440 Observatum

437 3478 702 3550 siquidem
747 3478 816 3533 ab
854 3494 921 3535 eo
961 3478 1230 3549 legimus:
1265 3497 1284 3530 ι
1320 3478 1592 3534 Strebula.
1639 3477 1894 3535 Umbrico
1929 3494 2031 3534 no-

431 3572 579 3630 mine
615 3570 839 3626 Plautus
881 3570 1116 3642 appellat
1160 3570 1483 3626 coxendices
1537 3570 1854 3635 hostiarum,
1899 3586 2034 3642 quas

434 3664 595 3735 graeci
623 3664 785 3740 μηρία
815 3661 1020 3729 dicunt,
1053 3676 1174 3732 quae
1203 3662 1255 3715 in
1293 3662 1484 3716 altaria
1526 3661 1727 3732 imponi
1765 3661 2030 3727 solebant,

435 3766 493 3812 ut
533 3755 752 3811 Plautus
793 3755 868 3810 ait
908 3755 962 3809 in
1009 3753 1325 3809 Frivolaria.
1359 3773 1378 3807 ι
1409 3753 1550 3808 Nulli
1593 3755 1773 3825 itaque
1810 3754 2031 3809 dubium

435 3865 556 3906 esse
587 3859 790 3920 potest,
819 3849 948 3920 quin
980 3863 1042 3904 ea
1075 3864 1202 3905 caro
1230 3849 1282 3903 in
1313 3849 1651 3904 ethnicorum
1684 3849 1852 3904 sacris
1879 3848 2034 3903 adhi-

433 3943 673 4001 beretur.
705 3943 839 3999 Nam
869 3954 923 3999 et
948 3942 1137 3998 Pollux
1167 3943 1257 3999 ubi
1284 3943 1459 3998 varias
1490 3942 1740 4012 loquendi
1773 3942 2035 3999 formulas

435 4035 504 4092 ad
532 4051 685 4092 sacra
713 4036 1046 4107 pertinentes
1089 4046 1357 4105 recenset,
1411 4035 1549 4092 hanc
1580 4045 1845 4092 memorat
1874 4039 2036 4115 μηρία

435 4131 676 4187 ἐπιθεῖναι
730 4127 955 4202 (Pollux
1011 4128 1302 4196 0nomast.,
1359 4129 1448 4184 lib.
1508 4146 1557 4196 ι,
1606 4129 1765 4202 θη,
1810 4148 1925 4202 cap.
1979 4131 2032 4197 ‘l,

438 4241 556 4297 pag.
602 4223 683 4296 8),
725 4225 1024 4280 coxendices
1066 4226 1350 4297 imponere.
1401 4224 1485 4281 Ad
1530 4225 1581 4280 id
1632 4236 1811 4282 autem
1861 4226 2036 4285 facere

437 4315 710 4372 nonnullis
738 4316 952 4373 videtur
991 4317 1101 4384 hic,
1145 4317 1359 4374 tametsi
1401 4327 1690 4388 corruptus
1719 4333 1748 4372 a
1780 4318 2034 4384 librariis,

439 4408 697 4466 Varronis
726 4410 899 4479 locus,
930 4411 1024 4467 ubi
1052 4411 1295 4468 diversas
1328 4411 1504 4467 Plauti
1531 4412 1828 4469 comoedias
1859 4413 1990 4468 citat
2019 4431 2032 4467 :

447 4521 467 4554 ι
501 4503 558 4558 In
593 4500 867 4568 Cestione,
898 4503 1244 4570 cerastibola,
1277 4512 1338 4559 ut
1375 4503 1444 4558 de
1479 4504 1662 4560 lumbo
1699 4504 2034 4561 obcmnabis.

440 4596 772 4654 Ccrastibola
811 4596 1017 4668 Opilius
1059 4598 1246 4654 scribit
1287 4597 1492 4654 circum
1538 4598 1869 4654 coxendices
1913 4607 2039 4654 sunt
2063 4578 2118 4638 Ῑ)

441 4685 640 4744 nobis:
670 4686 720 4741 id
745 4702 979 4758 grmeum
1001 4696 1084 4743 est
1102 4688 1171 4744 ab
1193 4687 1350 4756 hujus
1373 4687 1474 4743 loci
1519 4703 1742 4743 versura
1772 4707 1790 4740 ι
1820 4685 2034 4758 (Varr.,

443 4779 533 4835 lib.
567 4795 623 4834 vt
671 4778 740 4836 de
779 4779 935 4853 Ling.
979 4780 1098 4846 lat.,
1131 4799 1252 4854 pag.
1294 4780 1410 4854 83).
1455 4780 1531 4836 Ibi
1569 4783 1711 4837 enim
1755 4783 2037 4854 legendum

442 4882 631 4946 putant
667 4890 786 4928 caro
824 4873 1068 4944 strebula,
1108 4876 1178 4930 de
1214 4890 1316 4946 qua
1357 4883 1546 4930 auctor
1581 4883 1764 4932 noster
1796 4875 2038 4934 disserit.

443 4965 656 5024 Videsis
683 4967 944 5040 Scaligeri
987 4968 1042 5023 in
1082 4967 1199 5024 hmc
1229 4967 1489 5024 Varronis
1527 4969 1690 5025 verba
1731 4971 2038 5028 annotatio-

441 5070 562 5127 nes,
578 5073 640 5116 ac
656 5059 702 5115 si
718 5060 872 5126 velis,
891 5057 1126 5115 Turnebi
1142 5057 1462 5115 Adversaria
1481 5056 1751 5130 (Turneb.,
1774 5059 1863 5116 lib.
1881 5078 2036 5131 χχιιι,

440 5166 558 5224 cap.
589 5151 703 5227 18).

513 5245 720 5303 Dehinc
767 5261 899 5303 vero
946 5245 1222 5305 Arnobius
1259 5265 1274 5303 :
1314 5265 1334 5300 ι
1370 5243 1482 5304 Nec
1529 5243 1729 5321 placet,
1776 5269 1796 5302 ι
1845 5245 2037 5320 inquit,

446 5357 469 5395 ι
501 5340 784 5398 nominare
816 5341 1159 5413 pulpamenta
1207 5356 1312 5399 non
1356 5357 1498 5409 assa,
1541 5357 1661 5414 qua:
1709 5345 1762 5398 in
1805 5344 2040 5399 verubus

441 5446 565 5493 exta
603 5446 751 5503 sunt,
787 5437 1022 5493 animata
1051 5437 1204 5508 prius
1231 5446 1286 5493 et
1326 5436 1613 5493 torrefacta
1658 5436 1983 5493 carbonibus
2014 5456 2034 5489 ι

442 5529 682 5599 (Arnob.,
712 5529 801 5584 lib.
828 5546 923 5598 vn,
955 5547 1075 5601 pag.
1108 5529 1264 5605 230).
1301 5529 1405 5587 Sed
1445 5528 1602 5600 hujus
1636 5537 1814 5585 textus
1841 5531 2040 5586 obscu-

442 5621 575 5676 ritas
618 5620 771 5677 illum
808 5621 879 5676 ab
920 5621 1195 5693 imperito;
1225 5632 1319 5677 aut
1349 5621 1614 5677 oscitante
1647 5621 1866 5677 librario
1893 5621 2044 5677 adul-

445 5716 672 5766 teratum
695 5728 816 5768 esse
837 5714 969 5771 satis
987 5714 1245 5770 ostendit.
1270 5717 1609 5785 Quapropter
1635 5723 1693 5769 ut
1723 5713 1812 5770 lux
1838 5713 2036 5786 aliqua,

448 5803 496 5862 t8
540 5805 652 5866 lieri
693 5816 872 5880 queat,
919 5807 967 5863 ci
1011 5807 1284 5878 offeratur,
1326 5809 1618 5866 observare
1654 5809 1824 5881 juvat,
1857 5812 2037 5884 pulpa-

2134 3306 2228 3362 gcs
2270 3289 2538 3360 intelligit,
2575 3305 2709 3360 quas
2739 3291 2792 3345 in
2827 3290 3106 3346 sacriﬁciis
3136 3289 3339 3347 ethnici
3370 3285 3680 3346 adhibebant?

2136 3384 2302 3440 Sinon
2332 3385 2531 3456 quippe
2559 3383 2700 3455 apud
2727 3383 3008 3456 Virgilium
3038 3383 3154 3439 haec
3182 3384 3386 3441 dixisse
3411 3384 3600 3439 fertur:

2227 3499 2436 3564 {tamque
2452 3498 2561 3564 dies
2579 3497 2772 3549 infanda
2795 3498 2984 3560 aderat,
3005 3499 3122 3548 mihi
3143 3512 3282 3549 sacra
3305 3499 3476 3564 parari,

2228 3562 2290 3612 Et
2312 3563 2453 3612 salsa:
2473 3562 2663 3626 fruges.

2539 3643 2770 3711 (Virgil.,
2795 3643 2879 3696 lib.
2906 3661 2940 3695 ιι
2966 3643 3174 3706 ίΕηεὶάη
3201 3659 3329 3697 vers.
3354 3643 3479 3706 129.)

2135 3752 2337 3810 Plinius
2365 3762 2541 3808 autem
2581 3751 2737 3808 docet
2767 3769 2797 3807 a
2827 3751 2997 3807 Numa
3029 3767 3155 3824 rege
3186 3753 3484 3808 institutum
3521 3771 3537 3803 ι
3570 3749 3674 3804 Deos

2142 3850 2294 3920 fruge
2319 3850 2522 3914 colere,
2548 3857 2604 3902 et
2631 3847 2771 3903 mola
2793 3847 2932 3902 salsa
2959 3847 3286 3918 supplicare.
3319 3867 3338 3900 ι
3368 3844 3568 3904 Servius
3586 3854 3679 3896 vero

2136 3946 2190 4001 in
2221 3945 2414 4000 citatos
2441 3943 2653 4015 Virgilii
2680 3957 2867 3998 versus
2897 3942 3148 3999 observat
3177 3944 3253 3998 sal
3284 3954 3339 4000 et
3366 3943 3444 3998 far
3475 3939 3569 3997 dici
3590 3951 3676 3993 mo-

2137 4038 2242 4094 lam
2282 4039 2501 4104 salsam,
2531 4052 2690 4108 quam
2728 4036 2935 4092 Plinius
2975 4036 3028 4090 in
3063 4035 3314 4092 omnibus
3354 4031 3619 4093 sacriﬁciis,
3641 4035 3678 4082 et

2137 4148 2256 4190 eam
2283 4134 2454 4189 solam
2485 4149 2512 4187 a
2542 4133 2868 4204 pauperibus
2900 4133 3208 4188 hominibus
3250 4133 3452 4188 litatam
3490 4129 3678 4185 afﬁrmat

2139 4226 2336 4301 (Pliu.,
2387 4227 2476 4282 lib.
2508 4244 2638 4284 xvrtt
2666 4226 2805 4283 Hist.
2835 4237 3033 4296 natur.,
3053 4245 3170 4300 cap.
3200 4227 3256 4292 2,
3283 4245 3401 4301 pag.
3424 4227 3548 4289 475;
3575 4219 3677 4274 Pro-

2139 4321 2269 4392 log.,
2312 4321 2400 4376 lib.
2447 4339 2486 4388 ι,
2527 4339 2648 4394 pag.
2686 4322 2742 4387 5,
2780 4331 2828 4376 et
2856 4321 2945 4376 lib.
2980 4337 3129 4390 χχχι,
3162 4338 3280 4394 cap.
3317 4323 3368 4388 7,
3412 4337 3521 4391 pag.
3561 4311 3674 4379 δοίη·

2142 4415 2248 4473 Sed
2279 4416 2502 4472 Tibulus
2529 4418 2600 4473 ab
2624 4416 2876 4474 omnibus
2913 4426 3200 4488 utrumque
3234 4416 3315 4472 far
3342 4425 3397 4472 et
3421 4413 3495 4470 sal
3525 4406 3676 4478 saepius

2139 4509 2441 4566 adhibitum
2469 4511 2615 4566 canit
2647 4528 2661 4566 :

2236 4691 2300 4759 ξι.
2317 4706 2492 4759 vanum
2515 4699 2748 4744 metuens
2767 4694 3016 4759 hominum
3038 4708 3216 4759 genus,
3239 4693 3396 4746 omnia
3412 4692 3550 4743 noctis

2238 4754 2390 4806 Farre
2415 4755 2498 4820 pio
2516 4760 2730 4822 placant,
2747 4765 2801 4808 et
2820 4754 3174 4809 saliente'sale.

2766 4839 3012 4907 (Tibullq
3034 4840 3120 4893 lib.
3147 4858 3248 4906 xm,
3271 4843 3389 4908 eleg.
3408 4839 3475 4901 4.)

2145 4964 2426 5037 Ωυοηιοάο
2467 4977 2669 5036 alitem,
2717 4984 2748 5024 a
2797 4970 3010 5040 quibus,
3061 4981 3116 5026 et
3158 4986 3265 5042 quo
3309 4979 3531 5039 tempore
3566 4957 3671 5016 mola

2146 5062 2287 5118 salsa
2315 5062 2468 5120 ﬁeret
2495 5062 2751 5121 describit
2780 5064 3017 5131 Servius,
3065 5081 3225 5136 quem
3265 5063 3492 5120 consule.
3532 5057 3670 5112 Arno-

2147 5154 2267 5211 bius
2309 5171 2470 5226 porro
2513 5155 2752 5213 declarat
2791 5173 2913 5214 esse
2951 5157 3330 5228 quadrinarum
3367 5170 3456 5211 seu
3491 5153 3671 5222 quatuor

2143 5245 2358 5318 frugum
2386 5249 2848 5306 commixtionem.
2883 5251 2954 5305 At
2982 5250 3236 5322 Virgilius
3278 5249 3432 5304 citato
3464 5245 3556 5312 jam
3582 5248 3669 5290 car-

2144 5340 2290 5398 mine
2340 5341 2522 5413 plures
2571 5343 2849 5400 indelinite
2899 5345 3076 5416 fruges
3124 5351 3380 5399 memorat
3424 5337 3594 5408 (Sena.
3629 5326 3667 5378 ἱιι

2154 5430 2337 5504 Virgil.
2367 5436 2527 5507 eclog.
2559 5435 2614 5502 8,
2645 5453 2766 5508 pag.
2795 5435 2909 5509 46).

2218 5522 2345 5581 Vult
2376 5543 2589 5600 quoque
2621 5530 2893 5586 Arnobius
2918 5529 3065 5601 rejici
3092 5533 3337 5600 fendicas,
3365 5541 3449 5583 seu
3475 5532 3523 5577 ut
3541 5510 3664 5580 aliqui

2142 5618 2429 5691 legendum
2454 5629 2642 5693 putant
2667 5622 2894 5691 fatidicas
2923 5622 3160 5695 (Arnob.,
3187 5624 3272 5680 lib.
3300 5637 3384 5686 vn,
3414 5634 3519 5690 pag-
3545 5603 3660 5675 950l-

2142 5711 2226 5769 Ex
2273 5715 2436 5771 variis
2480 5727 2657 5772 autem
2698 5716 3005 5773 nominibus
3039 5720 3108 5774 ab
3150 5719 3244 5775 illo
3280 5708 3549 5774 recensitis,
3583 5700 3662 5754 1100

2142 5811 2389 5867 nonnulli
2440 5827 2604 5870 unum
2642 5827 2762 5869 esse
2805 5821 3012 5884 putant,
3059 5814 3197 5885 quod
3243 5825 3372 5870 nunc
3416 5807 3653 5880 ignoratur.
