3878 6312
220 243 313 300 649

1396 252 1460 310 ΙΝ
1501 252 1878 321 ARNOBIUM,
1921 252 2079 309 CAP.
2111 245 2302 310 XXIII.

3419 261 3525 319 650

223 360 312 415 Alii
340 360 644 431 opinantur,
684 361 816 418 illud
855 377 885 417 a
915 364 1082 422 verbo
1111 366 1255 436 ﬁndo
1279 377 1486 438 ortum,
1529 372 1650 442 quia
1695 375 1806 426 ten-
1833 376 1888 435 Α
1913 370 2069 434 secta,
2095 384 2158 423 eo
2186 366 2487 439 signiﬁcatu
2511 383 2538 422 a
2570 367 2821 426 Lucretio
2846 370 2986 426 haud
3014 372 3181 428 semel
3207 385 3517 446 usurpatur.

222 450 342 507 dicte
367 467 430 508 ex
468 454 609 510 ﬁssis
633 456 882 510 carnibus
923 458 1074 514 factm
1109 469 1287 516 erant.
1340 461 1533 517 Verum
1582 465 1816 532 ipsemet

223 554 418 611 auctor,
463 547 588 618 quid
620 548 728 604 sint
760 548 989 606 lendicte
1031 551 1113 607 his
1153 552 1404 608 edisserit
1438 556 1653 612 verbis:
1687 557 1818 624 Quae

222 650 263 692 et
293 640 420 711 ipsa:
464 652 582 696 sunt
626 643 753 699 hinc
783 644 912 716 (MS.
943 645 1068 700 cod.
1098 656 1155 703 et
1193 648 1311 703 alite
1352 648 1483 704 edit.
1525 650 1673 716 dine,
1720 651 1816 706 sed

222 734 523 806 mendose),
555 754 682 806 quas
710 738 869 810 plebis
893 740 1055 794 oratio
1087 740 1178 794 ilia
1205 741 1340 808 (MS.
1373 743 1590 798 codices
1613 752 1665 798 et
1693 745 1814 812 qui-

219 827 336 884 dant
376 829 504 884 editi
539 829 652 898 illa,
684 832 776 887 sed
803 832 1084 904 legendum
1114 833 1272 904 billa)
1298 834 1445 900 solet,
1470 851 1586 888 cum
1615 835 1815 902 eloqui-

215 933 316 990 tur,
364 942 677 998 nuncupare.
705 927 829 984 Hira
868 938 1045 984 autem
1085 946 1113 983 a
1140 929 1300 986 Festo
1341 931 1432 1001 (ad
1469 931 1604 985 verb.
1644 929 1804 1000 Hma)

213 1023 293 1076 sic
317 1020 567 1078 delinitur
589 1040 603 1076 :
640 1023 792 1092 Hirti,
821 1041 935 1096 qua:
959 1025 1256 1080 diminutive
1280 1025 1467 1080 dicitur
1487 1026 1635 1086 hilla.
1661 1042 1814 1095 quam

209 1118 367 1190 grwci
391 1116 565 1173 dicunt
589 1129 789 1185 νῆστιν.
824 1121 1116 1176 intestinum
1147 1133 1238 1187 est,
1279 1122 1416 1194 quod
1447 1122 1688 1192 jejunum
1730 1137 1816 1176 vo-

215 1221 335 1265 cmtl
358 1227 377 1266 :
407 1210 707 1267 Macrobius
736 1229 866 1268 vero
893 1213 992 1268 tria
1019 1214 1271 1268 intestina
1315 1228 1435 1268 esse
1475 1214 1654 1279 docet,
1684 1228 1818 1283 quo-

213 1320 335 1360 rum
367 1305 597 1375 primum
634 1305 938 1375 diSsipium,
969 1305 1100 1360 alias
1125 1306 1424 1376 disseptum
1453 1315 1813 1374 nuncupatur,

212 1409 268 1456 et
288 1416 316 1454 a
341 1399 531 1469 gra'cis
551 1397 869 1474 διάφραγμαε
894 1399 1187 1456 secundum
1211 1399 1446 1456 medium
1470 1402 1814 1476 μεσεντέριον,

212 1501 271 1548 et
304 1501 406 1547 tert
432 1507 521 1546 um
549 1509 561 1544 :
588 1492 726 1557 quod
755 1501 940 1547 ueteres
971 1493 1138 1546 Itiram
1161 1502 1482 1558 vocaverunt,
1513 1493 1820 1562 habeturque

209 1587 533 1657 prwcipuum
583 1585 936 1641 intestinorum
987 1589 1234 1651 omnium,
1288 1595 1332 1640 et
1384 1586 1482 1640 cibi
1527 1587 1820 1640 retrintenta

209 1680 421 1734 deducit
469 1678 748 1754 (Macrob.,
800 1681 888 1735 lib.
942 1697 980 1748 t,
1032 1682 1084 1735 in
1134 1681 1316 1736 Somn.
1372 1680 1544 1750 Scip.,
1590 1697 1706 1751 cap.
1763 1679 1816 1746 6,

1922 461 2138 518 Alicubi
2169 465 2316 519 enim
2345 463 2540 519 cecinit
2567 481 2581 518 ε

2708 558 2852 611 Secla
2879 561 3113 614 ferarum.

2546 642 2783 707 (Lucret.,
2804 645 2886 696 lib.
2915 661 2968 706 ιι,
2993 659 3118 698 vers.
3141 647 3303 714 1075.)

1923 745 1978 802 id
2009 755 2114 814 est,
2145 746 2446 803 belluarum
2472 763 2694 819 genera.
2727 750 2793 805 Et
2823 754 2980 823 paulo
3014 765 3130 824 post
3160 773 3174 810 :

2017 861 2144 931 Quin
2169 864 2408 931 cujusque
2433 864 2563 931 sient
2589 865 2709 931 secti
2725 866 3083 931 permultaque
3110 870 3286 921 eodem

1947 988 1949 990 η
2015 925 2126 975 Sint
2149 925 2364 989 genere,
2392 927 2441 976 in
2461 928 2630 990 primis
2655 925 2968 987 animalibus,
2991 925 3153 982 indice
3178 943 3364 985 mente.

2820 993 2951 1056 (Idl.,
2975 1007 3102 1046 vers.
3124 997 3288 1055 1078.)

1922 1113 1994 1168 At
2029 1130 2224 1170 nomen
2265 1115 2394 1171 illud
2437 1115 2633 1186 saepius
2675 1116 2776 1172 hac
2806 1117 3202 1188 signiﬁcatiOne
3233 1123 3300 1176 ab
3341 1121 3451 1184 illo.
3487 1132 3542 1177 et

1924 1208 2048 1263 aliis
2079 1209 2367 1279 accipitur,
2402 1225 2563 1280 quam
2614 1220 2672 1266 ut
2710 1211 2761 1266 id
2810 1211 3039 1282 longiori
3089 1215 3405 1283 probatione
3452 1215 3541 1269 in.

1924 1302 2130 1373 digeat.

1994 1396 2132 1466 Quid
2157 1409 2265 1454 tum
2289 1399 2482 1455 deinde
2503 1410 2692 1456 auctor
2717 1403 2934 1458 noster?
2963 1421 2980 1454 ι
3011 1403 3128 1458 Non
3153 1413 3480 1475 magmcnta,
3510 1423 3529 1456 ι

1922 1491 2117 1562 inquit,
2149 1514 2167 1546 α
2203 1511 2307 1550 non
2337 1499 2606 1566 augmina,
2639 1514 2744 1551 non
2771 1497 2917 1552 mille
2944 1501 3152 1567 species
3181 1499 3266 1552 vel
3294 1499 3536 1552 farcimi~

1921 1602 2088 1654 num,
2139 1590 2220 1644 vel
2272 1591 2548 1646 ﬁtillarutn
2595 1611 2613 1645 ι
2653 1593 2895 1662 (Arnob.,
2941 1594 3027 1648 lib.
3079 1609 3170 1658 vtt,
3219 1612 3341 1665 pag.
3383 1590 3535 1665 230).

1922 1679 1992 1736 Et
2037 1682 2106 1735 ita
2154 1682 2372 1752 quidem
2419 1685 2470 1738 in
2515 1685 2701 1739 ultima
2743 1686 3001 1750 editione,
3049 1688 3102 1740 in
3147 1687 3361 1741 ca-tcris
3407 1701 3539 1741 vero

209 1792 338 1846 pag.
370 1773 488 1842 44).
513 1774 782 1830 Arnobius
814 1775 990 1846 itaque
1019 1774 1148 1829 dixit
1181 1775 1419 1830 lendicas
1448 1775 1666 1830 easdem
1696 1789 1818 1829 esse
1853 1771 1901 1832 B
1927 1773 2199 1838 omnibus,
2233 1785 2289 1829 et
2321 1777 2692 1845 manuscripto
2723 1782 2870 1848 regio
2901 1779 3107 1845 codice,
3140 1780 3368 1833 velamen
3413 1797 3540 1833 san—

208 1885 279 1924 ac
324 1869 496 1937 biras,
523 1887 642 1942 qua:
685 1871 901 1926 nomine
939 1870 1148 1941 plebeio
1179 1871 1509 1926 vocabantur
1539 1870 1702 1938 ltillw,
1737 1869 1821 1926 ni-

220 1962 412 2034 hilque
437 1963 582 2018 aliud
613 1972 761 2032 sunt,
792 1980 951 2036 quam
981 1964 1288 2020 intestinum
1317 1964 1586 2035 jejunum.

290 2057 757 2126 Quemadmodum
789 2071 965 2113 autem
1015 2059 1283 2114 Arnobius
1312 2058 1552 2115 fendicas
1593 2067 1648 2115 et
1678 2058 1830 2116 biras

216 2152 503 2208 sacriﬁciis
533 2151 869 2208 adhibendas
908 2168 1028 2209 esse
1056 2165 1237 2224 negat,
1269 2154 1338 2208 ita
1367 2165 1420 2208 ct
1447 2173 1466 2206 ι
1496 2154 1824 2223 (Ernmnas,

218 2262 344 2318 quae
366 2257 512 2312 sunt,
546 2267 566 2299 ι
593 2246 786 2316 inquit,
818 2265 836 2299 ι
865 2247 1036 2319 prima
1083 2248 1134 2302 in
1175 2248 1582 2318 gurgulionibus
1623 2252 1821 2321 capita,

211 2360 328 2417 qua
361 2345 598 2415 dejicere
625 2345 796 2410 cibos,
828 2355 883 2400 et
910 2345 1112 2401 referre
1140 2355 1326 2399 natura
1354 2356 1436 2400 est
1475 2347 1826 2402 ruminatnri-

207 2439 323 2495 bus
353 2438 584 2495 smculis.
623 2457 642 2490 ι
675 2439 914 2511 (Arnob.,
945 2441 1035 2495 lib.
1065 2455 1162 2500 vtt,
1187 2457 1308 2509 pag.
1333 2439 1490 2514 230.)
1522 2446 1589 2496 At
1616 2451 1831 2498 constat

209 2545 357 2587 sane
386 2531 457 2588 ibi
488 2531 554 2587 ab
579 2531 829 2602 imperito
853 2532 1070 2586 librario
1097 2532 1445 2599 depravatum
1474 2549 1596 2589 esse
1626 2550 1824 2590 nomen

211 2623 542 2691 (Erumnas,
573 2640 636 2679 ac
671 2624 954 2694 legendum
985 2641 1179 2680 ruinas.
1225 2624 1326 2682 Ubi
1373 2627 1516 2681 enim
1559 2627 1832 2686 Arnobius

211 2717 343 2788 ipse
368 2717 559 2773 eadem
579 2719 792 2772 nomina
819 2719 978 2787 paulo
992 2728 1114 2790 post
1131 2721 1326 2790 repetit
1344 2719 1473 2790 (ibid
1506 2761 1518 2781 ,
1539 2737 1658 2792 pag.
1677 2721 1771 2777 :25l
1787 2723 1829 2790 ),

213 2809 300 2866 ibi
344 2811 508 2865 ruinis
550 2819 863 2866 constanter
905 2811 956 2866 in
1007 2813 1374 2883 manuscripto
1423 2812 1610 2869 codice
1657 2813 1828 2884 regio,

214 2906 590 2975 omnibuSqne
617 2905 942 2962 editionibns
970 2906 1184 2976 legitur.

301 3000 474 3053 Ruma
498 3011 677 3054 autem
701 2999 898 3070 duplici
926 3015 1087 3055 sensu
1113 3017 1141 3052 a
1166 3001 1327 3054 variis
1353 3000 1664 3056 auctoribus
1689 2999 1828 3055 acci-

217 3095 398 3165 pitur.
443 3091 577 3148 Nam
605 3111 623 3144 ‹
653 3092 902 3159 Romam,
937 3112 954 3146 ι
991 3102 1049 3147 ιιι
1081 3093 1155 3147 ait
1183 3092 1387 3148 Nonius
1409 3093 1714 3157 Marcellus,
1747 3091 1832 3146 cui

1924 1869 2158 1938 quinum,
2188 1870 2265 1923 uel
2292 1869 2584 1938 [itii/arum.
2620 1872 2757 1938 Quid
2790 1879 2858 1926 sit
2881 1883 3060 1927 autem
3095 1884 3457 1941 magmentum
3485 1882 3541 1928 et

1926 1975 2296 2034 augmentum,
2332 1965 2416 2017 bis
2447 1965 2624 2021 disces
2660 1965 2917 2021 Varronis
2947 1968 3169 2022 verbis:
3209 1988 3227 2019 ι
3263 1971 3538 2038 Angmen-

1929 2067 2064 2123 tum,
2107 2057 2248 2127 quod
2297 2073 2361 2112 ex
2405 2059 2679 2113 immolata
2727 2060 2900 2113 hostia
2944 2063 3221 2115 desertum
3266 2062 3316 2115 in
3352 2061 3552 2131 jecore

1928 2149 2258 2221 imponendo
2307 2152 2540 2218 augendi
2587 2168 2772 2207 eausa.
2821 2154 3206 2222 Magmentum,
3260 2170 3288 2208 a
3346 2155 3532 2225 magis,

1929 2246 2071 2317 quod
2115 2247 2182 2301 ad
2230 2246 2546 2318 religionem
2589 2251 2760 2317 magis
2808 2251 3058 2317 pertinet.
3108 2250 3290 2320 Itaque
3322 2260 3536 2319 propter

1932 2340 2036 2395 hoc
2068 2348 2320 2395 montana
2356 2340 2476 2395 t‘ana
2507 2343 2801 2395 constituta
2838 2343 2970 2397 locis
2996 2344 3182 2400 certis.
3217 2357 3324 2411 quo
3356 2342 3405 2396 id
3439 2343 3506 2396 im

1932 2445 2228 2504 poneretur
2257 2445 2439 2497 matre,
2471 2433 2537 2488 ab
2588 2449 2654 2489 eo
2708 2435 2852 2504 quod
2903 2437 3062 2505 gratci
3105 2437 3293 2509 μὰτιας
3322 2439 3409 2490 καὶ
3438 2437 3542 2510 μάη

1934 2550 2075 2590 πιας.
2114 2549 2133 2582 ι
2168 2528 2380 2600 (Varr.,
2410 2530 2498 2584 lib.
2537 2546 2587 2584 tv
2625 2531 2688 2582 tle
2715 2528 2847 2602 Ling
2903 2533 3020 2597 lat.,
3062 2549 3181 2602 pag.
3211 2531 3330 2599 9.8).
3363 2532 3534 2597 Quem

1938 2628 1992 2678 in
2022 2625 2198 2680 locum
2227 2623 2598 2680 animadvertit
2626 2624 2866 2696 Scaliger
2891 2637 3252 2698 magmentum
3285 2641 3404 2681 esse
3432 2626 3527 2681 da-

1939 2731 2083 2788 pem,
2130 2734 2251 2788 qnm
2289 2733 2319 2772 a
2366 2719 2582 2773 rusticis
2609 2717 2766 2784 .lauo,
2798 2719 3037 2783 Silvano,
3073 2719 3248 2786 Marti,
3280 2719 3396 2774 Jnvi
3433 2720 3530 2774 Da.

1939 2813 2067 2883 pali,
2100 2823 2154 2868 et
2183 2812 2302 2867 aliis
2334 2813 2738 2880 prol'anabatnr.
2772 2813 3068 2869 Salmasius
3096 2824 3271 2868 autem
3306 2831 3401 2869 nos
3430 2832 3516 2869 mo

1942 2915 2038 2962 net
2081 2915 2394 2977 corruptum
2436 2921 2556 2962 esse
2606 2906 2865 2961 Varronis
2907 2917 3129 2974 textum,
3175 2919 3229 2963 et
3270 2925 3332 2963 ex
3380 2918 3555 2965 vetert

1941 3001 2130 3057 codice
2164 3001 2233 3056 ita
2265 3000 2664 3057 emendandum
2695 3017 2709 3055 :
2745 3021 2761 3052 ι
2797 3001 2982 3072 Itaque
3016 3014 3237 3072 propter
3271 2983 3371 3059 hoc
3399 3021 3552 3075 mag-

1944 3096 2208 3151 mentaria
2240 3110 2373 3148 cana
2405 3094 2696 3149 constituta
2743 3094 2874 3148 locis
2914 3097 3100 3161 certis,
3143 3111 3250 3165 quo
3292 3095 3342 3150 id
3384 3096 3560 3165 impo-

219 3187 429 3252 V’arro,
478 3185 688 3250 Festus,
743 3194 798 3241 et
843 3185 1052 3241 Plinius
1101 3185 1515 3256 adstipulantur,
1565 3206 1583 3238 ι
1624 3195 1836 3242 veteres
1866 3167 1913 3231 C
1947 3197 2169 3246 neretur
2197 3208 2216 3240 ι
2250 3187 2530 3259 (Saluum,
2570 3189 2831 3242 exercitat.
2886 3189 2937 3242 in
2983 3188 3153 3244 Solin.
3183 3232 3198 3255 ,
3240 3208 3359 3262 pag.
3399 3189 3549 3259 1°29).

221 3295 525 3336 mammam
573 3280 845 3334 dixerunt.
894 3299 912 3331 ι
954 3277 1127 3344 (Non.
1179 3279 1442 3346 Marcell.,
1488 3279 1552 3335 de
1586 3280 1833 3352 propriet.

222 3391 412 3436 εει-ιη..
437 3391 553 3444 cap.
578 3373 648 3438 2;
685 3373 860 3438 Varr.,
907 3374 993 3428 lib.
1025 3374 1060 3427 it
1086 3373 1148 3426 de
1182 3373 1255 3428 Re
1282 3384 1436 3438 rust,
1469 3390 1584 3444 cap.
1613 3375 1638 3428 I
1666 3383 1712 3427 et
1735 3374 1795 3428 Il
1819 3389 1835 3439 ;

222 3463 404 3535 Fest.,
449 3468 518 3520 ad
561 3466 696 3522 verb.
748 3466 1098 3531 RUIIINALEM;
1144 3465 1313 3534 Plin.,
1383 3466 1470 3521 lib.
1518 3482 1586 3522 xv
1642 3463 1835 3520 Natur.

223 3566 386 3629 Irish,
420 3580 535 3635 cap.
573 3563 662 3632 18,
692 3580 814 3633 pag.
849 3561 1002 3634 198.)
1032 3560 1139 3618 Sed
1183 3561 1234 3616 iit
1284 3560 1438 3616 Plinii
1483 3572 1629 3616 textu
1661 3576 1838 3614 rumen

224 3673 334 3731 pro
379 3674 529 3712 ruma
576 3657 825 3727 legimus.
855 3656 978 3711 Alio
1007 3664 1184 3710 autem
1215 3669 1378 3710 sensu
1417 3670 1586 3719 ruma,
1617 3668 1710 3708 seu
1751 3669 1842 3706 rn-

225 3768 352 3807 men
400 3761 455 3807 et
493 3751 655 3805 ruinis
697 3750 964 3819 signiﬁcat
1004 3765 1194 3806 eavum
1238 3748 1468 3819 gutturis
1497 3747 1696 3813 locum,
1729 3746 1842 3801 sive

224 3857 296 3905 ut
350 3850 556 3902 Auctor
609 3855 797 3902 noster
851 3845 1088 3916 loquitur
1133 3843 1455 3916 gurgulionis
1503 3852 1678 3914 caput,
1735 3856 1842 3911 quo

227 3952 388 3997 certa
422 3939 666 4011 quaedam
695 3938 947 3994 animalia
978 3937 1131 3993 cibos
1160 3945 1418 3993 revocant
1455 3944 1509 3990 et
1546 3936 1838 3990 ruminant.

230 4032 376 4089 IIinc
407 4031 600 4088 Festus
625 4047 640 4085 :
675 4050 695 4083 ‹
727 4031 934 4085 Romen
963 4039 1044 4085 est
1072 4045 1198 4100 pars
1221 4029 1369 4095 colli,
1393 4043 1494 4098 qua
1520 4042 1642 4081 esca
1669 4026 1844 4081 devo—

232 4137 419 4191 ratur,
443 4125 584 4179 unde
606 4140 824 4180 rumare
845 4123 1146 4187 dicebatur,
1171 4121 1313 4193 quod
1339 4137 1478 4176 nunc
1510 4120 1783 4175 ruminare
1821 4136 1840 4171 ι

237 4217 486 4292 (Fatus,
517 4217 616 4274 loc.
646 4217 780 4289 cit.).
812 4215 1033 4274 Servius
1062 4230 1229 4270 vero:
1251 4233 1268 4266 ‹
1307 4213 1617 4269 Rutninatio
1644 4213 1786 4268 dicta
1817 4227 1848 4265 a

233 4328 426 4376 ruma,
468 4312 742 4368 eminente
771 4311 1003 4382 gutturis
1035 4321 1206 4380 parte,
1248 4325 1343 4379 per
1383 4325 1542 4380 quam
1582 4308 1851 4363 demissus

235 4407 403 4463 cibus
458 4421 487 4459 a
537 4405 703 4462 certis
759 4417 1042 4460 revocatur
1093 4403 1418 4458 animalibus
1459 4422 1478 4456 ι
1529 4403 1726 4474 (Serv.
1786 4402 1852 4455 ad

248 4497 448 4572 Virgil.
482 4494 667 4570 Eclog.
709 4498 763 4562 6,
808 4515 926 4569 pag.
973 4496 1091 4568 53).
1141 4497 1216 4552 De
1256 4497 1558 4568 gurgulione
1589 4511 1770 4566 porro,
1799 4503 1856 4550 et

240 4569 424 4658 γωνία.
453 4610 548 4650 seu
582 4569 814 4658 rumine,
848 4592 964 4646 hwc
992 4590 1229 4647 Isidorus
1258 4593 1513 4646 observat
1541 4608 1553 4644 :
1591 4608 1608 4640 ι
1641 4588 1854 4658 Gurgu-
1880 4569 1932 4629 D

243 4690 328 4747 lio
357 4706 388 4744 a
418 4695 635 4760 gutture
665 4702 863 4742 nomen
911 4685 1096 4752 trahit,
1128 4685 1282 4755 cujus
1325 4695 1533 4741 meatus
1576 4683 1645 4738 ad
1691 4697 1753 4738 os
1801 4691 1856 4737 et

243 4801 418 4844 nares
445 4782 738 4857 pertendit,
773 4783 977 4838 habens
1022 4781 1183 4844 viam,
1231 4797 1332 4852 qua
1371 4795 1476 4834 vox
1515 4779 1580 4833 ad
1617 4778 1851 4847 linguam

248 4881 662 4946 transmittitur,
692 4890 748 4934 ut
781 4883 951 4949 possit
980 4879 1143 4933 verba
1169 4877 1444 4933 collidere.
1478 4875 1631 4931 Unde
1657 4883 1711 4931 et
1733 4891 1856 4946 gar-

247 4977 370 5032 rire
397 4975 649 5029 dicimus.
683 4971 892 5026 Romen
932 4970 1233 5040 proximum
1275 4968 1603 5040 gurgulioni,
1643 4984 1752 5039 quo
1781 4969 1857 5022 ci-

249 5067 364 5124 bus
401 5076 455 5121 et
496 5066 642 5134 potio
681 5064 991 5118 devoratur.
1025 5061 1160 5116 Hinc
1190 5059 1396 5125 besdte,
1435 5076 1554 5130 qua:
1595 5059 1746 5115 cibos
1772 5074 1856 5114 re-

249 5168 459 5218 vocant
496 5175 560 5215 ac
599 5157 944 5224 remandunt,
989 5156 1258 5211 ruminare
1299 5155 1568 5210 dicuntur.
1613 5174 1632 5207 ι
1667 5152 1854 5224 (lsid.,

252 5255 357 5310 lib.
400 5269 453 5308 χι
497 5251 669 5324 0rig.,
712 5268 829 5323 cap.
886 5251 965 5322 1.)
995 5249 1228 5305 Rursum
1270 5258 1447 5304 autem
1479 5247 1701 5304 Servius
1731 5246 1857 5301 alibi

253 5350 441 5408 dixit:
468 5367 486 5400 ι
515 5347 788 5404 Curculio.
829 5344 1002 5404 Varro
1045 5346 1120 5400 ait
1160 5344 1263 5399 hoc
1292 5358 1485 5398 nomen
1530 5358 1623 5412 per
1650 5341 1859 5396 antisti-

254 5444 408 5500 chon
436 5440 661 5504 dictum,
690 5439 842 5511 quasi
873 5439 1138 5510 gurgulio,
1163 5437 1412 5509 quoniam
1444 5451 1583 5506 pene
1615 5434 1744 5488 nihil
1777 5441 1860 5487 est

256 5537 374 5596 nisi
399 5545 584 5608 guttur
621 5555 640 5588 ι
679 5535 851 5607 (Serv.
880 5535 948 5588 ad
987 5532 1155 5605 Virg.,
1189 5533 1280 5588 lib.
1309 5548 1324 5585 t
1354 5531 1519 5602 Georg
1551 5573 1566 5596 ,
1598 5548 1715 5600 pag.
1741 5528 1856 5601 75).

343 5631 528 5700 Quivis
561 5645 720 5700 porro
746 5644 813 5686 ex
845 5629 1002 5684 dietis
1045 5627 1198 5682 facile
1239 5624 1500 5694 intelliget
1529 5624 1612 5678 bis
1642 5621 1866 5679 Arnobii

258 5723 474 5791 verbis,
525 5721 922 5778 ruminatoribus
965 5721 1190 5786 circulis,
1238 5718 1534 5791 signiﬁcari
1579 5732 1643 5774 ea
1689 5716 1868 5772 omnia

261 5819 548 5886 animalia,
596 5834 716 5892 qua:
759 5817 1051 5875 ruminant.
1105 5815 1316 5874 Nomen
1364 5811 1510 5872 enim
1561 5811 1736 5871 secula
1784 5809 1870 5868 vel

795 5913 1072 5977 ΡΑτιιοι.
1125 5911 1202 5970 V.

1943 3280 2088 3339 Cana
2120 3297 2248 3337 vero
2275 3283 2662 3350 magmentaria
2695 3291 2845 3349 putat
2878 3297 3000 3337 csse
3036 3283 3268 3336 canistra
3315 3284 3394 3337 vel
3442 3285 3527 3338 Ian

1943 3390 2058 3442 ces,
2090 3376 2283 3446 quibus
2311 3385 2615 3445 magmeuta
2648 3374 2699 3428 in
2729 3389 2852 3427 aras
2885 3374 3163 3430 inferenda
3199 3376 3549 3440 iinponeban-

1949 3478 2051 3524 tttr.
2112 3467 2362 3534 Vidcsis,
2419 3483 2539 3538 qum
2593 3469 2661 3520 ab
2717 3466 3008 3532 Tutnebo,
3055 3479 3104 3522 et
3163 3467 3439 3522 Brissonin
3491 3470 3562 3540 de

1948 3571 2259 3632 magtnento
2288 3561 2544 3616 adnotata
2575 3569 2701 3615 sunt
2729 3559 3003 3632 (Turneb,
3045 3561 3134 3616 lib.
3167 3578 3279 3617 χιιι
3319 3563 3557 3631 Adrers.,

1942 3673 2060 3728 cap.
2089 3658 2152 3719 li;
2184 3654 2442 3719 Brisson.,
2475 3654 2565 3708 lib.
2600 3671 2612 3706 I
2640 3655 2704 3708 de
2733 3652 2938 3719 Form.,
2970 3672 3092 3726 pag.
3147 3656 3250 3712 126
3279 3668 3326 3711 et
3361 3676 3477 3730 seqq

2015 3746 2123 3804 Pro
2166 3748 2439 3816 corruptis
2485 3745 2700 3802 tandem
2755 3746 2856 3812 his,
2912 3758 2968 3802 ut
3017 3748 3270 3816 diximus,
3327 3753 3554 3807 Arnopii

1944 3824 2147 3908 verbis,
2203 3843 2430 3896 velamen
2481 3841 2813 3912 sanguinum,
2873 3839 3073 3895 ultimm
3124 3841 3380 3897 librorum
3437 3845 3562 3914 ejus

1957 3935 2185 3994 editioni
2217 3934 2506 4006 prtelectus
2534 3934 2746 4002 propria
2776 3933 3095 3988 auctoritate
3124 3934 3428 4000 substituit,
3461 3936 3559 3991 rel-

1950 4031 2300 4103 {arciminum.
2332 4026 2472 4082 haud
2497 4026 2659 4081 dubie
2682 4029 2807 4095 quia
2835 4025 2902 4080 de
2931 4025 2997 4080 iis
3025 4026 3182 4093 paulo
3204 4035 3329 4082 ante
3352 4044 3559 4083 memo-

1950 4126 2082 4179 ratis
2116 4121 2409 4178 Arnobium
2440 4133 2601 4189 agere
2637 4119 2983 4189 opinabatur.
3029 4117 3134 4173 Sed
3181 4129 3387 4186 poterat
3435 4123 3558 4192 qni-

1952 4219 2074 4276 dem
2124 4217 2297 4272 notari
2342 4217 2457 4269 haec
2495 4213 2825 4281 conjectura,
2862 4211 2956 4268 sed
2999 4228 3106 4266 non
3149 4212 3350 4268 idcirco
3380 4225 3557 4270 textus

1957 4325 2062 4370 tam
2091 4312 2347 4368 audacter
2372 4307 2646 4364 immutari
2674 4306 2876 4361 debuit.
2907 4305 3134 4374 Quidam
3165 4322 3291 4360 vero
3325 4308 3554 4376 primum

1958 4405 2088 4462 illud
2133 4403 2354 4460 verbum
2400 4401 2650 4465 velamen,
2693 4398 2771 4452 sic
2813 4397 3161 4451 dividendum
3207 4410 3452 4467 censent,
3483 4402 3562 4456 vel

1957 4518 2127 4562 amen.
2162 4513 2367 4568 nosque
2397 4495 2690 4550 admonent
2720 4493 2848 4547 illud
2881 4492 2952 4548 ibi
2985 4492 3126 4548 idem
3157 4508 3373 4559 sonare,
3399 4506 3559 4566 atque

1959 4593 2098 4664 apud
2131 4591 2459 4662 Hesycliium
2491 4584 2624 4649 εἶδος
2648 4587 2980 4647 πλακοῦντος,
3019 4589 3252 4658 speciem
3287 4591 3558 4658 placenta-

1960 4703 2102 4743 rum.
2150 4684 2254 4740 Sed
2301 4681 2447 4753 quid,
2493 4695 2701 4749 qua-so,
2751 4679 2821 4735 ibi
2862 4678 3181 4750 signiﬁcabit
3223 4683 3559 4754 sub~equens

1962 4795 2161 4836 nomen
2210 4772 2560 4846 sanguinum?
2606 4771 2744 4839 Quid
2796 4786 2915 4825 cum
2968 4771 3230 4841 plac-cutis
3277 4792 3562 4834 commune

1965 4871 2158 4928 habet?
2191 4869 2291 4925 Alii
2327 4881 2490 4937 porro
2517 4865 2846 4919 arbitrantur
2876 4880 3045 4930 auten,
3080 4865 3219 4920 idem
3261 4866 3564 4937 signiIiCarc

1964 4975 2125 5037 atque
2169 4971 2465 5027 amentum,
2516 4960 2631 5013 sive
2679 4957 2874 5021 lorum,
2923 4970 2977 5013 et
3027 4959 3313 5015 vinculum.
3366 4961 3562 5018 Verum

1966 5057 2258 5114 ostendere
2287 5053 2559 5110 debebant
2597 5049 2726 5120 quid
2766 5067 2936 5117 amen,
2974 5053 3056 5107 vel
3098 5064 3308 5108 amenta
3349 5059 3563 5126 sangui-

1968 5169 2092 5207 num
2145 5149 2320 5205 facere
2379 5154 2626 5218 poterant
2683 5147 2748 5199 ad
2815 5144 3034 5199 Arnobii
3095 5145 3161 5201 de
3219 5153 3562 5219 magmentis,

1968 5243 2329 5317 angininibus,
2373 5250 2429 5297 et
2471 5239 2636 5293 lllillis
2679 5240 3033 5309 propositum.
3079 5240 3256 5294 Satius
3285 5259 3358 5296 e54
3405 5243 3568 5314 igitur

1969 5339 2200 5398 rotunde
2233 5337 2387 5392 lateri
2427 5346 2684 5404 coirupla
2724 5347 2845 5388 esse
2877 5331 2992 5387 batc
3028 5331 3136 5387 duo
3179 5340 3394 5389 nomina
3425 5338 3565 5392 uela-

1971 5453 2085 5492 men
2128 5433 2456 5506 sanguinum,
2511 5441 2672 5500 atque
2717 5445 2779 5482 ex
2831 5427 2937 5481 alio
2983 5429 3339 5485 emendatiori
3384 5434 3570 5490 codice

1972 5527 2318 5602 qua-rendam
2347 5540 2470 5580 esse
2501 5539 2679 5579 veram
2711 5523 2948 5575 auctoris
2979 5523 3148 5576 nosui
3176 5523 3456 5581 lcetioncm
3511 5529 3568 5585 Si

1970 5621 2299 5694 conjecturis
2350 5630 2527 5674 tamen
2583 5615 2862 5685 indulgere
2913 5613 3122 5684 liceret,
3175 5618 3573 5688 suspicarentur

1971 5717 2044 5772 ibi
2090 5716 2350 5785 scriptum
2395 5711 2464 5767 ab
2512 5710 2603 5764 illo
2642 5709 2721 5762 vel
2763 5708 3117 5764 salsaminum.
3151 5709 3283 5768 Nam
3326 5714 3396 5770 ibi
3429 5717 3570 5774 dicta

1972 5810 2196 5883 repetit,
2237 5822 2301 5865 ac
2341 5804 2499 5879 paulo
2535 5809 2662 5860 ante
2705 5801 2987 5857 salsamina
3028 5802 3256 5863 dixerat.
3301 5807 3407 5865 Sed
3449 5791 3576 5867 acu.

2987 5894 3055 5960 21
