3878 6312
215 302 313 362 655

1388 301 1456 358 IN
1487 301 1860 371 ABNOBIUM,
1902 302 2056 359 CAP.
2097 302 2289 361 XXIV.
2347 333 2357 348 ι

3399 305 3508 362 θδι

215 422 452 491 primitus
483 417 630 477 illum
659 425 971 493 agnoverat.
1003 418 1220 476 Etruria
1248 426 1427 474 autem
1461 427 1606 475 recte
1636 421 1704 474 ab
1731 435 1796 474 eo
1826 420 1879 481 Α
1907 420 2112 490 potuit?
2142 421 2408 477 Praeterea
2442 420 2565 491 quis
2595 420 2838 492 qualisve
2868 435 2934 476 ex
2964 423 3188 478 cremati
3218 425 3417 494 thuris,
3451 430 3504 485 id

213 512 604 584 superstitionis
652 514 904 584 magistra
935 522 989 568 et
1019 521 1191 568 mater
1234 521 1492 576 vocatur,
1540 513 1614 567 uti
1646 529 1711 568 ex
1740 513 1805 567 iis

211 616 371 678 patet,
396 624 514 677 qua!
536 607 603 662 de
631 604 720 661 illa
750 605 877 660 alibi
907 605 1302 669 adnotavimus,
1336 615 1498 675 atque
1520 603 1584 660 iis
1615 605 1800 673 etiam,

211 718 326 774 quae
349 699 420 757 ab
440 701 651 764 Ovidio,
680 700 888 766 Servio,
924 697 1180 771 Dionysio
1208 698 1636 763 Halicarnasseo,
1667 697 1805 752 Ter-

211 797 430 855 tulliano
465 795 654 854 litteris
691 797 1009 865 consignata
1043 804 1168 849 sunt
1205 793 1410 866 (0vid..
1444 793 1530 848 lib.
1577 809 1650 849 xv
1692 792 1802 848 Me-

211 900 356 954 lam.,
399 907 518 961 pag.
561 891 702 955 577;
751 889 928 954 Serm,
973 889 1028 943 in
1082 886 1290 959 Virgil.,
1345 886 1433 942 lib.
1481 899 1518 941 II
1565 885 1807 954 diuerti,

208 1000 326 1056 pag.
361 982 503 1050 359;
537 983 754 1054 Diongs.
787 982 990 1046 Helia,
1023 981 1110 1036 lib.
1141 997 1197 1036 ix
1233 999 1355 1052 pag.
1386 981 1530 1044 563;
1557 979 1803 1045 Tertull.,

205 1077 295 1134 lib.
329 1079 392 1133 de
419 1078 682 1146 Spectac.,
713 1093 830 1143 cap.
854 1075 934 1148 4).
962 1077 1030 1131 At
1059 1075 1206 1130 hisce
1233 1073 1588 1144 scriptoribus
1619 1073 1670 1128 in
1695 1073 1806 1144 pri-

204 1172 311 1230 mis
337 1171 695 1227 accersendos
719 1171 942 1237 Cicero,
991 1171 1080 1240 qui
1126 1171 1178 1225 in
1227 1185 1322 1226 sua
1359 1169 1427 1224 de
1456 1169 1805 1238 haruSpicum

203 1266 478 1335 responsis
506 1265 752 1320 oratione
782 1265 925 1320 hunc
971 1263 1208 1333 loquitur
1253 1261 1305 1317 in
1347 1262 1567 1318 modum
1596 1280 1608 1315 :
1645 1281 1663 1314 ι
1697 1261 1809 1332 Ego

202 1375 338 1416 vero
360 1361 592 1429 primum
609 1358 783 1414 habeo
810 1366 1060 1413 auctores
1090 1371 1152 1411 ac
1174 1356 1464 1427 magistros
1487 1355 1806 1426 religionum

201 1454 726 1510 colendarum.......
792 1454 884 1524 qui
917 1439 920 1442 ’
957 1459 1331 1523 portentorum
1400 1451 1810 1521 explanationes

199 1546 552 1604 Etruscorum
578 1546 860 1617 disciplina
886 1547 1151 1602 contineri
1175 1555 1520 1616 putaverunt.
1545 1565 1564 1598 ι
1592 1543 1807 1615 (Cicer.,

197 1650 343 1697 erat.
369 1657 475 1696 xxx
505 1643 568 1694 de
598 1638 831 1708 Harusp.
859 1656 1024 1710 resp.,
1050 1656 1168 1708 pag.
1203 1636 1357 1708 4'51.)

272 1735 460 1805 Atqui,
484 1734 672 1803 primis
693 1732 1010 1790 earumdem
1056 1732 1409 1788 Etruscorum
1451 1730 1808 1800 temporibus,

1906 523 2008 576 est,
2045 511 2176 565 visci
2209 527 2272 566 ex
2303 512 2512 567 arboris
2541 511 2833 568 corticibus
2862 511 3177 582 proﬂuentis
3204 516 3370 572 odore
3401 518 3504 574 diis

1906 603 2082 660 honor
2113 603 2397 658 redditur?
2427 603 2536 660 Cur
2563 621 2668 660 non
2698 622 2763 660 ex
2787 607 2907 661 aliis
2932 623 3145 678 quoque
3173 609 3428 667 odoribus
3451 622 3506 669 et

1905 699 2230 769 vaporibus?
2271 697 2537 771 Numquid
2586 701 2710 771 quia
2761 702 2969 757 incensi
3007 702 3141 758 odor
3180 703 3353 760 thuris
3397 707 3506 763 illis

1907 795 2099 864 magis,
2133 810 2292 865 quam
2322 794 2462 850 alius
2486 805 2671 864 gratus
2703 795 2823 850 est?
2847 795 2952 850 Sed
2980 795 3053 850 dii
3083 812 3242 852 nares
3272 814 3376 854 non
3409 798 3510 854 ha-

1908 888 2064 955 bent,
2093 890 2288 958 quibus
2314 904 2505 957 auras,
2533 889 2818 960 aeriosque
2845 891 3067 960 spiritus
3093 890 3311 949 ducant.
3343 894 3510 962 Quid—

1909 982 2035 1052 quid
2066 983 2208 1036 enim
2238 997 2304 1038 eo
2335 982 2498 1036 modo
2525 983 2725 1053 spirat,
2759 982 2988 1038 mortale
3018 991 3119 1038 est.
3152 985 3221 1037 At
3246 984 3377 1041 deos
3409 986 3510 1041 im-

1910 1075 2169 1131 mortales
2197 1091 2318 1131 esse
2348 1075 2582 1144 debere,
2627 1077 2746 1147 quis
2788 1092 2891 1131 non
2927 1077 3160 1132 fatetur?
3206 1077 3361 1135 Nullo
3403 1080 3508 1133 ita-

1910 1187 2015 1241 que
2043 1171 2217 1226 thuris
2256 1181 2347 1226 aut
2389 1171 2494 1226 alio
2520 1171 2689 1226 odore
2719 1172 3003 1242 capiuntur
3035 1194 3048 1225 :
3079 1171 3316 1227 Tametsi
3349 1174 3509 1239 mille,

1911 1263 2080 1335 inquit
2113 1266 2417 1326 Arnobius.
2458 1276 2509 1318 tu
2551 1265 2778 1336 pondera
2813 1265 3030 1319 masculi
3075 1267 3239 1320 thuris
3270 1267 3513 1322 incendes

1912 1355 2106 1428 (Ibid.,
2139 1375 2259 1429 pag.
2288 1355 2440 1428 254).
2468 1356 2617 1411 Thus
2645 1367 2820 1412 autem
2864 1358 3198 1424 masculum,
3250 1359 3512 1430 quemad-

1913 1449 2131 1503 modum
2157 1449 2386 1515 Plinius,
2416 1450 2743 1520 Serviusque
2763 1451 3055 1506 observant
3084 1451 3276 1521 (Plin.,
3326 1452 3413 1506 lib.
3439 1468 3514 1508 xu

1916 1543 2058 1598 Hist.
2093 1553 2294 1610 natur.,
2339 1561 2456 1614 cap.
2494 1546 2582 1612 M,
2625 1561 2744 1616 pag.
2773 1545 2865 1610 25;
2902 1545 3075 1612 Serv.,
3107 1545 3160 1599 in
3198 1547 3290 1600 cit.
3327 1543 3514 1616 Virgil.

1913 1639 2136 1708 versus),
2163 1654 2192 1692 a
2215 1639 2401 1708 specie
2426 1638 2800 1694 testiculorum
2824 1638 3029 1694 dictum
3060 1649 3295 1708 putatur,
3323 1640 3517 1708 gallice

1914 1746 2044 1787 vero
2074 1730 2377 1800 appellatur
2405 1749 2420 1786 :
2452 1747 2632 1787 encens
2655 1731 2808 1798 male,
2839 1731 2927 1786 vel
2957 1731 3151 1789 oliban.
3180 1732 3257 1788 De
3279 1732 3371 1788 illo
3398 1732 3517 1788 Vir-

197 1826 413 1882 nullum
447 1828 498 1880 in
528 1825 808 1896 gentilium
850 1825 1020 1881 sacris
1065 1826 1190 1880 thus
1220 1823 1520 1880 adhibitum
1553 1838 1678 1879 esse
1704 1823 1806 1878 du.
1838 1815 1888 1877 Β
1912 1827 2072 1898 gilius
2101 1825 2357 1880 cantabat
2388 1844 2403 1880 :

196 1922 329 1993 plici
349 1930 539 1976 auctor
561 1930 746 1976 noster
765 1921 976 1976 ratione
993 1918 1329 1974 demonstrat
1345 1917 1586 1990 (Arnob.,
1606 1916 1694 1972 lib.
1713 1932 1802 1982 vn,

199 2031 329 2086 pag.
355 2013 505 2085 252).
538 2014 720 2069 Primo
747 2013 891 2069 enim
926 2012 1028 2067 hoc
1071 2010 1409 2075 sacellorum,
1445 2009 1648 2078 inquit,
1674 2008 1810 2062 indi-

203 2119 325 2164 cant
363 2109 524 2169 ritus.
559 2107 648 2164 ubi
693 2106 816 2162 thus
849 2121 953 2161 non
988 2102 1398 2159 incendebatur.
1443 2100 1649 2157 Deinde
1676 2115 1808 2156 vero

207 2203 387 2259 nullus
417 2201 559 2258 illius
596 2216 726 2259 usus
767 2201 897 2268 fuit,
925 2197 1311 2270 quadringentis
1332 2239 1346 2263 ,
1389 2197 1591 2266 inquit,
1623 2197 1804 2264 annis,

203 2296 389 2366 quibus
422 2295 624 2350 Albana
653 2311 733 2350 res
759 2293 954 2365 uiguit,
998 2307 1061 2348 ac
1105 2289 1361 2361 quamdiu
1403 2289 1667 2344 Romulus
1692 2330 1706 2356 ,
1757 2297 1811 2343 et

199 2387 412 2452 Numa,
456 2388 815 2458 religionum,
861 2385 940 2442 uti
983 2385 1113 2438 satis
1151 2399 1218 2438 ex
1266 2381 1507 2438 historia:
1551 2381 1810 2436 Romana:

199 2481 565 2551 scriptoribus
594 2480 778 2550 liquet,
808 2480 1023 2540 artifex,
1055 2475 1315 2532 Romanis
1335 2475 1691 2544 imperarunt.
1718 2474 1810 2529 Al-

197 2579 472 2633 banorum
499 2584 678 2630 autem
711 2588 936 2642 regnum
965 2569 1177 2626 initium
1213 2569 1368 2624 duxit
1399 2567 1469 2624 ab
1496 2566 1692 2632 IEuea,
1725 2565 1810 2622 vel

202 2671 392 2743 potius
417 2669 487 2725 ab
507 2668 742 2725 Ascanio
763 2668 881 2737 ejus
906 2665 1039 2729 lilio,
1067 2681 1094 2717 a
1123 2679 1230 2734 quo
1255 2661 1387 2716 Alba
1413 2660 1570 2730 longa
1596 2659 1810 2714 condita

199 2775 311 2822 est.
362 2764 546 2820 Livius
585 2771 764 2820 autem
812 2760 948 2815 alios
986 2755 1296 2829 singillatim
1345 2760 1591 2808 recenset
1631 2750 1806 2821 (Liv.,

201 2862 301 2916 lib.
327 2877 368 2930 ι,
397 2871 530 2929 post.
561 2857 730 2929 init.),
753 2857 846 2928 qui
870 2864 991 2926 post
1022 2853 1172 2908 illum
1197 2857 1583 2921 regnaverunt,
1607 2861 1810 2917 eosque

201 2971 276 3011 ex
302 2953 496 3010 eodem
529 2951 715 3015 Livio,
748 2949 940 3005 Ovidio
962 2991 976 3013 ,
1012 2944 1271 3016 Dionysio
1311 2951 1366 2997 et
1394 2939 1627 2994 Eusebio
1657 2939 1812 3010 Sigo-

201 3049 334 3104 nius
365 3048 419 3103 in
447 3047 558 3102 suis
583 3046 650 3100 ad
682 3044 816 3100 Livii
845 3041 1124 3100 historiam
1151 3033 1613 3102 adnotationibus,
1643 3042 1698 3090 et
1718 3034 1810 3090 alii

201 3140 613 3211 chromgraphi
641 3139 947 3209 designant.

2006 1940 2140 1990 Effer
2164 1953 2358 2002 aquam,
2386 1946 2439 1989 et
2460 1939 2590 1989 molli
2610 1943 2755 2003 cinge
2781 1941 2889 1991 haec
2913 1941 3079 1991 altaria
3100 1944 3242 2003 vitta,

2004 2003 2365 2067 Verbenasque
2389 2003 2532 2052 adole
2559 2004 2782 2066 pingues,
2812 2012 2862 2054 et
2885 2004 3097 2054 mascula
3127 2005 3288 2055 thura.

2347 2087 2575 2155 (Virgil.,
2607 2089 2760 2156 eclog.
2788 2092 2835 2152 8,
2864 2104 2989 2142 vers.
3015 2089 3081 2142 64
3099 2099 3145 2142 et
3165 2091 3324 2156 seqq.)

1911 2199 2079 2254 Porro
2108 2205 2287 2253 autem
2334 2198 2579 2268 quamvis
2619 2197 2979 2261 concedatur,
3013 2199 3158 2268 quod
3188 2206 3370 2254 tamen
3413 2196 3514 2252 fal-

1911 2307 2030 2346 sum
2061 2298 2166 2354 est,
2195 2290 2427 2359 aliquem
2469 2289 2572 2345 diis
2616 2305 2739 2346 esse
2769 2290 3089 2357 odoratum,
3135 2307 3261 2362 qua,
3309 2306 3517 2361 quaeso,

1912 2386 2121 2442 ratione
2148 2385 2365 2454 probari
2397 2393 2572 2454 potest
2599 2384 2760 2452 hujus
2802 2386 2974 2439 thuris
3005 2384 3229 2439 odorem
3261 2384 3370 2439 illis
3395 2400 3519 2440 esse

1911 2492 2124 2552 gratum
2164 2495 2227 2534 ac
2257 2481 2518 2536 suavem?
2544 2478 2815 2550 Numquid
2844 2480 2970 2549 quia
3001 2478 3310 2534 hominibus
3337 2479 3519 2534 suavis

1913 2575 2035 2631 est?
2063 2575 2256 2632 Nonne
2287 2575 2402 2632 ﬁeri
2435 2575 2591 2630 facile
2621 2583 2835 2646 potest,
2866 2585 2923 2630 ut
2949 2591 3067 2644 quae
3099 2574 3182 2630 his
3212 2590 3419 2631 ammna
3466 2583 3523 2630 et

1909 2669 2146 2740 jucunda
2179 2670 2449 2736 videntur,
2498 2669 2620 2732 diis,
2664 2685 2893 2740 quorum
2939 2669 3100 2740 plane
3145 2669 3360 2725 diversa
3397 2685 3520 2725 esse

1914 2762 2146 2818 debebat
2186 2763 2518 2827 substantia,
2551 2762 2902 2833 displiceant,
2939 2763 3112 2832 iisque
3155 2767 3379 2818 molesta
3411 2763 3522 2817 sint

1914 2856 2428 2926 atqueinjucunda?
2460 2855 2668 2910 Videsis
2691 2855 3007 2911 Gothofredi
3041 2857 3432 2912 commentaria
3463 2856 3518 2912 in

1914 2949 2204 3006 Theodosii
2234 2949 2408 3018 Magni
2432 2948 2693 3015 edictum,
2717 2966 2823 3018 quo
2846 2949 3140 3020 gentilibus
3165 2949 3339 3005 thuris
3366 2965 3518 3018 usus,

1919 3043 2204 3105 sacriﬁcia.
2230 3053 2286 3100 et
2312 3044 2491 3100 omnis
2511 3043 2737 3099 deorum
2761 3044 2938 3100 cultus
2961 3043 3282 3115 prohibetur
3301 3044 3445 3118 (tam.
3467 3062 3521 3102 vt

1916 3137 2046 3193 Cod.
2080 3136 2300 3202 Theod.,
2331 3138 2430 3210 leg.
2464 3137 2552 3201 12,
2584 3154 2703 3210 pag.
2730 3137 2838 3192 275
2866 3146 2912 3191 et
2941 3137 3129 3209 seqq.).

281 3233 367 3289 Ad
402 3247 465 3288 ea
497 3247 660 3302 porro
692 3246 860 3300 usque
890 3239 1134 3298 tempora
1166 3228 1368 3283 nullum
1399 3230 1454 3284 in
1483 3229 1654 3286 sacris
1687 3225 1811 3281 thus
1838 3200 1882 3264 (ἶ
1988 3229 2166 3288 Unum
2199 3200 2414 3286 tandem
2449 3230 2532 3284 his
2563 3200 2765 3286 addere
2804 3230 2984 3294 liceat,
3006 3200 3170 3302 'quod
3203 3231 3271 3287 ab
3300 3241 3521 3289 auctore

201 3327 396 3383 datum
424 3324 614 3382 fuisse.
654 3344 673 3378 ι
701 3323 879 3387 Pium,
913 3341 931 3375 ι
967 3322 1141 3393 inquit
1169 3322 1464 3387 Arnobius,
1504 3341 1522 3374 ‹
1552 3320 1634 3376 far
1661 3333 1814 3372 mon-

202 3431 380 3489 strat,
423 3436 532 3488 quo
579 3419 762 3490 peragi
792 3433 909 3474 mos
957 3416 1058 3472 fuit
1104 3415 1496 3471 sacriﬁciorum
1549 3415 1813 3471 solemnia

197 3515 393 3571 munia
420 3532 442 3565 ι
481 3512 719 3582 (Arnob.,
747 3513 847 3566 loc.
875 3509 1008 3581 cit.).
1041 3509 1332 3566 Enimvero
1373 3508 1568 3578 prisca,
1607 3516 1662 3562 ut
1690 3521 1814 3576 per-

201 3607 362 3664 hibet
399 3605 624 3663 Ovidius
644 3648 657 3672 ,
691 3614 873 3668 aetate,
901 3612 1144 3673 agrestes
1173 3601 1351 3657 adhuc
1380 3599 1629 3656 homines
1671 3601 1812 3654 larre

195 3713 262 3760 et
287 3701 430 3768 sale,
460 3700 572 3756 sive
601 3699 742 3754 mola
777 3698 930 3766 falsa,
959 3695 1028 3752 de
1048 3711 1149 3767 qua
1179 3710 1280 3750 nos
1306 3694 1578 3764 superius,
1604 3691 1708 3747 diis
1737 3691 1807 3747 li-

201 3795 402 3853 tabant
427 3803 486 3850 et
505 3791 907 3850 sacrificabant.
937 3788 1028 3848 Sic
1051 3798 1231 3845 autem
1258 3787 1350 3842 ille
1377 3784 1642 3842 canebat:

300 3905 457 3965 Ante,
481 3905 604 3956 deos
619 3905 804 3954 homini
827 3903 953 3964 quod
975 3897 1466 3965 conciliarevaleret,

396 3961 492 4019 Far
517 3975 643 4023 erat.
663 3974 716 4017 et
733 3961 1019 4030 purilncida
1037 3966 1156 4013 mica
1182 3961 1316 4030 salis.

293 4031 529 4082 Nondum
554 4022 827 4094 pertulerat
851 4027 1133 4094 lacrymatas
1155 4025 1338 4094 cortice
1364 4022 1583 4086 myrrhas

398 4094 520 4143 Acta
543 4089 910 4158 peraquoreas
933 4090 1126 4158 hospita
1151 4089 1287 4158 navis
1311 4099 1480 4158 aquas.

189 4164 216 4224 ι
295 4157 469 4224 Thu_t_'a
494 4149 588 4224 nec
606 4149 902 4224 Euphrates,
927 4149 1244 4224 neclmis'erat
1266 4149 1404 4222 India
1421 4155 1628 4207 costum,

398 4218 506 4269 Nec
531 4212 727 4269 lbet-ant
742 4215 879 4266 rubri
905 4215 1104 4276 cognita
1127 4213 1205 4262 ﬁla
1228 4212 1376 4262 croci.

898 4297 1086 4364 (Ovid.,
1109 4294 1193 4348 lib.
1217 4311 1238 4346 ι
1260 4297 1472 4358 Fastor.,
1499 4295 1526 4360 §
1547 4294 1621 4357 8.)

192 3931 203 3973 i

191 4435 376 4494 Moris
412 4441 594 4489 autem
621 4431 786 4502 hujus
814 4443 1032 4485 causam
1071 4437 1191 4497 post
1235 4424 1562 4482 Varronem.
1605 4419 1808 4476 Plinius

191 4528 482 4595 reddidit,
514 4527 764 4582 nimirum
797 4525 920 4592 quia
953 4534 1166 4577 veteres
1195 4520 1273 4574 sal
1313 4534 1435 4574 cum
1476 4533 1612 4588 pane
1640 4515 1806 4570 esita-

1915 3336 2104 3382 nostro
2151 3335 2299 3383 recte
2346 3326 2614 3382 traditur:
2655 3343 2673 3376 ι
2709 3325 2891 3380 Thura
2922 3339 3044 3381 cum
3096 3325 3352 3382 carnibus
3397 3341 3521 3383 esse

1914 3421 2281 3491 parentalibus
2326 3420 2765 3490 conjunctissima
2801 3428 3165 3474 mortuorum.
3207 3439 3225 3471 ι
3264 3420 3515 3492 (Arnob.,

1914 3513 2001 3568 lib.
2036 3529 2125 3576 vn,
2167 3530 2286 3584 pag.
2317 3509 2470 3584 242).
2506 3510 2750 3565 Ethnicis
2798 3509 3064 3580 siquidem
3109 3525 3227 3565 mos
3265 3520 3416 3576 erat,
3459 3521 3520 3566 ut

1915 3609 2028 3665 suis
2060 3617 2425 3678 parentantes,
2459 3614 2794 3661 mortuorum
2833 3619 3058 3673 corpora
3107 3603 3263 3658 thure
3292 3604 3513 3674 perfun-

1913 3703 2108 3758 derent
2129 3743 2144 3768 ,
2178 3702 2292 3757 sive
2318 3716 2380 3756 ea
2408 3709 2785 3756 cremarentur
2804 3740 2817 3763 ,
2866 3700 2986 3753 sive
3015 3698 3404 3755 mandarentur
3428 3715 3514 3755 se-

1913 3796 2166 3866 pulturre.
2201 3794 2336 3850 Nam
2376 3792 2631 3864 Virgilius
2660 3791 2745 3847 ubi
2793 3790 3054 3846 describit
3087 3791 3243 3847 funus
3285 3791 3513 3860 Miseni,

1914 3899 1969 3944 et
1994 3887 2267 3962 quomodo
2297 3896 2594 3942 crematum
2623 3885 2694 3939 sit
2720 3886 2836 3954 ejus
2862 3899 3079 3954 corpus.
3114 3884 3187 3940 ibi
3210 3884 3381 3941 dixit:

2621 4000 2863 4063 Congesta
2888 4004 3173 4063 cremantur

2100 4067 2298 4117 Thurea
2322 4065 2472 4126 dona,
2493 4064 2662 4126 dapes.
2685 4060 2792 4126 fuisti
2813 4060 3206 4126 crateresolivo.

2164 4127 2390 4195 (Virgil.,
2421 4125 2504 4177 lib.
2532 4123 2580 4178 vi
2605 4123 2821 4186 Emid.,
2850 4137 2976 4175 vers.
2995 4124 3146 4176 224a
3165 4125 3323 4189 seqq.)

1986 4239 2179 4294 Festus
2200 4252 2330 4293 vero
2352 4235 2569 4304 scripsit
2592 4248 2836 4288 acerram
2867 4245 2988 4287 esse
3015 4246 3187 4295 aram,
3216 4240 3341 4286 ante
3366 4247 3511 4287 mor-

1914 4342 2062 4387 tuum
2095 4331 2222 4402 poni
2272 4329 2517 4394 solitam,
2550 4326 2639 4381 ubi
2684 4324 2885 4380 odores
2925 4323 3354 4379 incendebantur
3376 4366 3392 4392 ,
3427 4326 3510 4382 vel

1912 4442 2090 4482 arcam
2121 4425 2206 4479 ubi
2230 4424 2353 4478 thus
2374 4421 2705 4491 reponebant
2733 4417 2964 4491 (Festus,
2988 4418 3056 4471 ad
3077 4421 3212 4472 verb.
3234 4418 3504 4490 Aenum).

1912 4522 2252 4589 Quapropter
2275 4515 2488 4580 Cicero,
2517 4514 2606 4570 ubi
2635 4514 2782 4584 leges
2807 4511 2876 4566 de
2901 4510 3205 4580 sepulchris
3226 4521 3279 4566 et
3305 4511 3512 4568 furibus

193 4625 359 4681 bant.
399 4622 649 4679 Valerius
679 4633 808 4672 vero
835 4614 1123 4680 Maximus,
1159 4629 1282 4670 cum
1315 4611 1682 4680 frequentior,
1726 4609 1808 4662 in-
1840 4598 1894 4659 D
1919 4622 2182 4668 memora:
2203 4653 2216 4675 ,
2254 4609 2364 4664 Nec
2406 4623 2626 4673 acerrw,
2657 4607 2862 4675 inquit,
2891 4614 3260 4676 pratereantur
3289 4604 3508 4678 (Cicera,

194 4719 346 4792 quit,
382 4716 522 4788 apud
556 4731 651 4770 eos
679 4713 862 4785 pultis.
905 4726 1067 4781 quam
1108 4707 1260 4779 panis
1291 4721 1418 4761 usus
1445 4713 1611 4771 esset,
1643 4703 1697 4758 in
1726 4719 1811 4757 sa-

195 4811 431 4869 criﬁciis
478 4808 729 4864 omnibus
776 4804 919 4860 mola
969 4802 1112 4858 salsa
1139 4841 1155 4866 ,
1203 4799 1254 4854 id
1295 4807 1397 4863 est,
1433 4797 1575 4852 farre
1614 4807 1666 4851 et
1696 4797 1809 4852 sale

194 4903 552 4976 composita,
605 4917 713 4956 non
761 4910 938 4952 autem
991 4896 1185 4956 thure,
1239 4891 1529 4947 utebantur
1579 4888 1804 4962 (Plin.,

195 4999 298 5053 lib.
335 5011 463 5050 XXXI
497 4993 638 5048 Hist.
693 5002 892 5057 natur.,
918 5005 1033 5056 cap.
1068 4987 1121 5052 7,
1157 5003 1276 5058 pag.
1310 4979 1418 5040 809
1444 4993 1490 5038 el
1518 5000 1648 5053 seq.;
1694 4981 1808 5036 Val.

199 5091 390 5153 llam,
421 5087 512 5143 lib.
539 5105 598 5154 ιι,
629 5102 744 5154 cap.
776 5085 828 5152 5,
867 5083 895 5155 ᾗ
921 5082 972 5146 5,
1002 5098 1120 5152 pag.
1151 5079 1302 5150 102).

284 5183 473 5252 Itaque
501 5179 774 5235 Arnobius
803 5173 929 5230 inde
958 5176 1037 5228 sic
1065 5180 1510 5242 argumentatur:
1542 5168 1596 5224 Si
1628 5167 1703 5222 dii
1731 5168 1813 5221 in-

197 5291 380 5333 censo
412 5273 570 5330 thure
600 5273 896 5342 placantur,
931 5273 1222 5337 peccavere
1252 5263 1500 5317 homines
1527 5260 1755 5330 antiqui,
1780 5274 1811 5315 a

201 5373 412 5445 quibus
440 5370 486 5424 is
511 5367 648 5424 ritus
669 5365 904 5422 omissus
930 5371 1032 5418 est.
1055 5361 1109 5416 Si
1137 5374 1266 5414 vero
1291 5357 1394 5411 diis
1415 5356 1565 5418 olim,
1590 5365 1681 5408 aut
1705 5368 1810 5407 non

199 5464 443 5536 placuit,
491 5470 584 5514 aut
633 5455 945 5514 indill‘erens
993 5454 1121 5518 fuit,
1170 5451 1367 5506 frustra
1417 5463 1481 5502 ac
1527 5461 1811 5516 perperam

201 5559 509 5614 adhibetur
533 5555 776 5626 (Arnob,
808 5552 895 5606 lib.
928 5566 1026 5614 vn,
1056 5565 1174 5620 pag.
1203 5543 1356 5616 9.55).

289 5652 475 5723 Neque
517 5648 808 5705 dicendum
855 5654 941 5702 est
986 5644 1118 5700 deos
1166 5642 1321 5696 thure
1359 5638 1485 5694 dato
1536 5636 1816 5692 honorari.

207 5747 338 5806 Non
366 5747 511 5803 enim
540 5744 802 5816 quaeritur
839 5750 1020 5797 utrum
1062 5738 1343 5799 homines,
1391 5732 1487 5788 sed
1530 5741 1708 5787 utrum
1748 5729 1822 5784 dii

204 5855 539 5901 oersuasum
572 5836 700 5894 illud
731 5835 1040 5892 habuerint.
1070 5833 1140 5888 At
1167 5831 1289 5902 quis
1318 5843 1554 5900 unquam
1593 5826 1646 5882 id
1685 5825 1826 5882 scire

1917 4710 2003 4764 lib.
2054 4725 2091 4762 ιι
2135 4706 2197 4760 de
2224 4704 2398 4776 legib.,
2430 4720 2549 4774 pag.
2581 4698 2729 4773 541).
2761 4699 2980 4769 Legesis
3001 4698 3143 4769 apud
3174 4697 3509 4755 Brissonium

1917 4803 2095 4856 varias
2139 4810 2383 4855 veterum
2413 4795 2482 4850 de
2530 4795 2685 4848 thure
2711 4792 2815 4847 diis
2842 4791 3022 4846 dando
3066 4790 3325 4847 formulas
3348 4790 3517 4862 (Br-is...

1918 4911 2057 4958 son.,
2091 4892 2182 4946 lib.
2213 4907 2231 4946 ι
2269 4889 2331 4942 de
2357 4887 2560 4953 Form.,
2591 4902 2710 4958 pag.
2735 4883 2806 4939 ‘29
2835 4893 2882 4938 et
2907 4882 3022 4956 30).
3055 4886 3124 4938 At
3153 4893 3302 4938 certe
3332 4899 3396 4939 ex
3427 4884 3513 4939 his

1917 5005 2038 5060 quae
2069 4987 2209 5041 dicta
2239 4995 2398 5050 sunt,
2432 4982 2588 5052 plane
2617 4979 2900 5035 conﬁcitur
2931 4978 3173 5032 inutilem
3206 4993 3428 5046 prorsus
3454 4987 3510 5032 et

1915 5080 2350 5152 superstitiosum
2392 5076 2556 5131 fuisse
2601 5073 2806 5140 thuris,
2839 5071 3042 5127 lictitiis
3087 5071 3365 5141 gentilium
3410 5070 3513 5126 diis

1916 5175 2145 5238 incensi,
2175 5187 2330 5227 usum
2376 5179 2429 5225 et
2457 5184 2685 5224 morem.
2727 5167 2795 5222 At
2828 5167 2894 5220 de
2924 5164 3018 5219 illo
3046 5165 3099 5219 in
3144 5163 3511 5235 superioribus

1918 5267 2120 5324 nostris
2150 5261 2619 5335 disquisitionibus
2646 5257 3057 5327 disputavimus.

2520 5387 2814 5430 ABTICULUS
2854 5388 2910 5426 il.

1921 5501 2031 5554 Non
2052 5501 2215 5550 minus
2258 5505 2545 5554 perversum
2587 5489 2743 5554 fuisse
2761 5488 2862 5554 viui
2891 5487 2942 5534 in
2963 5484 3263 5554 ethnicorum
3288 5485 3437 5554 sacris
3463 5491 3518 5534 et
3581 5497 3588 5504 κ

1985 5548 2441 5613 sacriﬁciislibandi
2465 5566 2671 5610 morem,
2712 5550 2870 5613 thuris
2913 5548 3212 5613 socium,__et
3251 5549 3518 5613 exponitur

1985 5609 2113 5699 quid
2125 5627 2206 5696 sit,
2220 5623 2358 5696 .hria,
2371 5617 2692 5699 simpuvium,
2717 5611 2872 5661 musci
2896 5609 3227 5670 venerabiles,
3257 5623 3311 5660 et
3331 5611 3519 5662 Muclus

1988 5686 2166 5755 inferio
2185 5687 2295 5736 uino
2316 5688 2433 5734 esto.

2009 5819 2063 5873 In
2113 5815 2339 5887 privatis
2387 5805 2832 5874 solemnibusque
2876 5801 3160 5874 gentilium
3210 5801 3382 5858 sacris
3418 5817 3535 5860 me-
