3878 6312
454 255 562 318 655

453 489 574 544 pag.
604 472 755 540 254).
781 471 1040 528 Solebant
1069 473 1212 528 enim
1243 477 1423 533 vinum
1456 480 1508 535 in
1534 480 1658 538 llius
1684 483 1917 542 ﬂammis
1947 487 2044 544 da-

453 576 565 622 tum
597 565 940 636 profundere,
968 566 1077 634 vel,
1110 569 1250 624 sicut
1281 572 1516 644 loquitur
1548 577 1886 648 Lactantius,
1915 581 2047 638 odo-

448 658 552 712 rati
579 673 642 714 ac
668 657 867 714 veteris
888 659 996 714 vini
1020 661 1332 732 profusione
1355 669 1690 727 madefacere
1715 673 1866 731 focos
1893 674 2047 748 (Lac-

449 760 604 822 lant.,
632 753 723 809 lib.
756 770 830 823 vt,
860 773 977 828 cap.
1023 757 1075 822 1,
1109 775 1233 830 pag.
1275 760 1423 833 542).
1453 763 1570 831 Quo
1597 767 1814 837 quidem
1844 769 1912 825 de
1940 772 2046 828 ritu

445 856 647 915 praeter
697 849 876 906 varios
921 859 1170 908 auctores
1194 895 1208 920 ,
1256 852 1375 937 haec
1415 856 1483 914 ab
1512 857 1736 918 Horatio
1777 861 1922 920 dicta
1965 865 2046 922 le-

443 954 622 1012 gimus
657 960 672 997 :

632 1056 893 1131 yerbenas
916 1062 1059 1125 pueri
1085 1066 1267 1131 ponite,
1288 1064 1530 1131 thuraque

630 1120 756 1187 ξίιηὶ
775 1135 884 1172 cum
911 1120 1244 1187 patera'meri.

632 1183 842 1238 Mactata
866 1183 1040 1239 veniet
1063 1189 1224 1240 lenior
1249 1192 1424 1244 hostia.

1159 1276 1381 1342 (Horul.,
1407 1277 1494 1332 lib.
1519 1297 1554 1344 ι,
1579 1283 1676 1334 ode
1691 1282 1792 1349 19.)

443 1399 518 1461 Et
545 1402 614 1462 ab
643 1403 836 1462 Ovidio
863 1422 877 1460 :

629 1521 849 1586 Cumque
871 1523 997 1572 meri
1022 1530 1191 1586 patera
1216 1524 1378 1578 thuris
1396 1539 1568 1580 acerra
1590 1528 1699 1584 fuit.

535 1582 700 1636 Thura
723 1582 842 1636 focis
863 1582 1130 1649 vinumque
1154 1588 1312 1640 dedit.

945 1667 1134 1734 (Ovid.,
1153 1668 1235 1722 lib.
1259 1687 1307 1724 tv
1326 1675 1544 1738 Fastor.,
1572 1676 1660 1728 sub
1678 1675 1794 1742 lin.)

1697 262 2149 335 DlSSERTATIO
2174 272 2454 339 PRIEVIA
3597 309 3676 370 656

451 394 592 443 rum,
619 377 693 432 ait
709 375 997 444 Arnobius,
1019 374 1192 434 thuris
1211 380 1416 438 socium
1438 391 1553 441 erat
1576 385 1817 460 (Arnob,
1839 393 1928 448 lib.
1948 411 2044 463 vn,
2075 405 2129 465 Α

2245 397 3174 486 Eleatem?Beeieeesemeeawr
3197 411 3427 486 numinis?
3444 416 3528 470 Αιιι
3545 425 3634 486 quis

2245 465 2561 533 goryuviuut
2586 465 2750 533 ridere
2770 465 2962 533 Numae,
2992 465 3287 533 nigrumque
3306 465 3494 530 catinum

2245 489 2561 524 antiquunm
2586 489 2750 515 nucn:
2770 489 2962 529 uuluae,
2992 489 3188 533 lllgrutn
3227 489 3287 524 ue
3306 489 3513 544 catinum,

2243 524 2565 640 3:21:30
2589 528 2793 591 fragiles
2814 531 2879 582 de
2905 540 3068 583 monte
3095 489 3301 598 pate-iliis
3337 536 3339 538 ’

2816 655 3066 722 (Juvenal,
3090 658 3230 714 satir.
3253 664 3301 724 6,
3325 678 3438 719 vers.
3463 669 3580 737 540.)

2148 754 2310 813 Visne
2351 759 2514 816 alium
2556 761 2731 818 adhuc
2777 765 2934 836 hujus
2977 771 3140 827 moris
3172 777 3392 831 testem?
3432 780 3552 835 Audi
3585 781 3675 837 Pli-

2149 845 2296 941 nium
2325 867 2338 905 :
2375 867 2395 902 ι
2436 851 2492 906 lu
2525 853 2724 919 sacris,
2763 874 2782 908 ι
2821 857 3028 928 inquit,
3069 880 3089 913 ι
3123 863 3281 918 etiam
3315 866 3444 922 inter
3468 868 3552 923 has
3577 887 3680 941 opes

2148 938 2330 1008 hodie,
2373 959 2480 999 non
2529 948 2842 1017 murrhiuis,
2888 957 3306 1026 crystallinisve,
3346 959 3438 1015 sed
3476 938 3685 1022 ﬁctilibus

2151 1036 2486 1106 prolibantur
2538 1042 2847 1115 Sympuviis
2905 1047 3113 1116 (Plin.,
3174 1049 3260 1107 lib.
3323 1068 3472 1121 xxxv,
3525 1073 3566 1110 c.
3611 1057 3686 1124 12,

2150 1149 2273 1204 pag.
2303 1132 2456 1207 245).
2500 1155 2518 1190 ι
2554 1136 2750 1194 Putant
2781 1151 2960 1197 autem
2993 1144 3132 1200 idem
3168 1148 3494 1216 sympuvium
3523 1165 3624 1206 esse
3645 1166 3692 1207 ac

2147 1225 2463 1297 simpulum,
2484 1228 2553 1286 de
2574 1247 2683 1302 quo
2707 1232 2900 1302 Varro,
2919 1237 3116 1293 Paulus
3133 1248 3188 1294 et
3207 1238 3299 1293 alii
3324 1238 3518 1311 (Varr.,
3544 1242 3617 1296 lib.
3653 1258 3692 1298 ir

2148 1317 2212 1373 de
2236 1319 2391 1393 Ling.
2425 1325 2543 1391 lat.,
2581 1344 2702 1400 pag.
2731 1329 2830 1395 3i;
2865 1329 3048 1401 Paul.,
3079 1334 3132 1386 in
3164 1332 3405 1389 Vocabul.
3437 1337 3500 1389 ad
3521 1335 3694 1407 Simpli-

2148 1414 2298 1479 lum).
2327 1415 2438 1474 Nos
2464 1435 2593 1476 vero
2623 1421 2691 1477 de
2721 1423 2812 1479 illo
2838 1426 3038 1498 aliquid
3066 1443 3133 1483 ex
3159 1428 3279 1500 ipso
3299 1439 3506 1486 auctore
3528 1442 3692 1500 nostro,

2145 1525 2211 1566 ac
2231 1508 2491 1571 Cicerone
2522 1517 2924 1589 praelibavimus
2952 1521 3164 1596 (Supr.,
3197 1540 3244 1577 c.
3278 1525 3365 1589 l3,
3392 1524 3564 1597 arm).

2221 1605 2489 1664 Przcterea
2534 1611 2768 1678 ethnici,
2798 1614 2938 1670 sicut
2965 1616 3036 1670 ait
3076 1617 3374 1683 Arnobius,
3423 1619 3471 1672 in
3511 1622 3696 1674 deorum

2146 1713 2366 1756 suorum
2407 1701 2667 1760 honorem
2713 1707 3021 1763 excitabant
3051 1711 3360 1767 venerabiles
3405 1728 3588 1767 muscas
3612 1729 3700 1765 car-

442 1772 851 1879 Alibi_vero_ubi
873 1774 942 1879 de
968 1777 1157 1834 uxoris
1185 1795 1318 1849 sum,
1347 1797 1446 1853 pro
1472 1797 1576 1853 qua
1606 1782 1744 1839 bene
1769 1791 2038 1854 precatur,
2070 1808 2120 1873 Β
2146 1793 2359 1851 bonibus
2385 1799 2650 1854 exstinctis
2689 1800 2932 1874 (Arnob.,
2975 1804 3064 1858 lib.
3095 1820 3191 1870 vn,
3239 1824 3359 1879 pag.
3389 1805 3535 1876 255).
3563 1805 3611 1861 In
3632 1820 3701 1861 co-

441 1872 609 1928 natali
633 1871 958 1929 celebrando
991 1890 1004 1926 :

528 1988 604 2039 Da
629 1989 932 2055 mihithura,
961 2001 1106 2055 puer,
1137 1994 1348 2054 pingues
1370 1992 1598 2043 facientia
1622 1992 1857 2055 ﬂammas,

625 2052 866 2116 Quodque
892 2052 974 2117 pio
986 2052 1150 2103 fusum
1170 2052 1345 2106 stridat.
1366 2057 1418 2106 in
1437 2057 1555 2118 igne
1580 2069 1790 2106 merum.

435 2178 570 2239 Aliis
609 2181 771 2239 etiam
815 2183 870 2237 in
919 2182 1070 2240 libris
1113 2184 1256 2239 hunc
1305 2198 1514 2239 morem
1556 2185 1776 2255 attigit,
1826 2184 1894 2240 de
1933 2197 2040 2255 quo

432 2276 593 2331 etiam
616 2274 1002 2341 Tertullianus,
1031 2284 1086 2332 et
1109 2277 1264 2349 plura
1294 2276 1603 2332 Brissonius
1625 2276 1833 2347 (0vid.,
1884 2276 1975 2332 lib.
2005 2293 2037 2332 v

434 2365 619 2435 Trist.,
645 2369 774 2440 eleg.
801 2370 856 2436 5,
885 2385 1001 2441 nag.
1037 2370 1134 2424 171
1165 2387 1180 2437 ;
1223 2380 1268 2425 et
1294 2369 1384 2425 lib.
1411 2387 1504 2426 xm
1532 2371 1830 2438 Metamor.,
1855 2373 1959 2443 fab.
1983 2371 2038 2438 4,

432 2481 554 2535 pag.
586 2462 718 2526 485;
747 2473 796 2518 et
833 2464 922 2519 lt'b.
953 2480 990 2520 ll
1030 2462 1207 2529 Fast.,
1239 2464 1268 2538 §
1302 2466 1388 2530 l5;
1431 2464 1760 2534 Tertullian.,
1790 2467 2036 2539 Apolog.,

431 2570 548 2628 cap.
570 2556 663 2623 20;
686 2555 917 2612 Brisson.
942 2602 956 2626 ,
989 2558 1078 2612 lib.
1105 2575 1122 2613 ι
1153 2557 1216 2612 de
1239 2557 1502 2625 Formul.,
1527 2575 1647 2632 pag.
1678 2559 1747 2616 50
1767 2569 1815 2615 et
1845 2561 2034 2630 seqq.).

502 2651 666 2722 Atqui
698 2653 969 2709 Arnobius
993 2653 1158 2710 variis
1190 2654 1458 2709 rationum
1493 2655 1784 2710 momentis
1813 2653 2039 2710 demon-

431 2754 569 2802 strat
597 2745 736 2801 hanc
762 2746 912 2815 vini,
956 2746 1410 2818 quemadmodum
1437 2746 1641 2818 thuris,
1686 2747 1883 2803 libandi
1913 2763 2038 2818 pra-

429 2853 552 2894 vam
583 2855 1002 2913 perversamque
1047 2827 1500 2898 consuetudinem
1526 2841 1595 2898 ab
1633 2844 1886 2899 omnibus
1913 2858 2037 2900 esse

427 2932 845 3003 repudiendam.
887 2936 965 2990 Ac
995 2935 1171 3005 primo
1215 2935 1433 3006 quidem
1460 2978 1476 3004 ,
1524 2936 1650 3006 quia
1696 2936 1844 2991 nulla
1876 2935 2037 3008 hujus

427 3025 570 3082 ritus
612 3041 773 3083 causa
806 3027 982 3098 potuit
1005 3029 1074 3084 ab
1105 3027 1213 3084 ullo
1242 3043 1476 3099 unquam
1515 3027 1719 3084 afferri.
1745 3027 1862 3084 Non
1891 3030 2035 3085 enim

426 3117 528 3185 dii,
561 3129 618 3176 ut
653 3131 780 3192 pote
809 3121 1169 3185 immortales,
1201 3122 1289 3176 siti
1320 3121 1612 3193 aliquando
1642 3123 1907 3188 laborant,
1943 3133 2036 3180 aut

2152 1887 2273 1945 dice
2303 1891 2454 1961 regio
2482 1901 2535 1946 et
2562 1893 2798 1964 antiquis
2819 1896 3147 1954 editionibus
3176 1913 3274 1967 pro
3298 1915 3491 1954 muscas
3520 1898 3703 1954 habetur

2144 1998 2368 2048 muscas,
2423 1985 2595 2054 nullo,
2647 1997 2706 2041 ut
2758 1989 2992 2054 videtur,
3041 2007 3204 2049 sensu
3255 2013 3269 2049 :
3324 1995 3375 2048 in
3428 1993 3541 2049 aliis
3580 1993 3703 2048 editis

2141 2077 2360 2143 cnissas,
2386 2077 2511 2148 jure
2539 2079 2680 2135 haud
2711 2082 2879 2138 multo
2907 2085 3101 2154 potiori
3133 2103 3147 2140 :
3181 2087 3402 2155 quidam
3430 2087 3481 2141 in
3507 2085 3704 2157 margine

2143 2171 2468 2228 addiderunt
2495 2174 2736 2246 sur/itus.
2779 2177 2874 2234 sed
2927 2178 3098 2233 solius
3131 2179 3272 2234 haud
3309 2179 3471 2236 dubie
3514 2177 3704 2248 explica-

2144 2264 2307 2319 tionis
2331 2267 2520 2336 gratia.
2552 2266 2719 2338 Magis
2751 2268 2932 2340 itaque
2967 2270 3122 2327 nobis
3157 2272 3368 2328 arridet
3392 2287 3490 2328 vox
3528 2285 3702 2334 mustos,

2141 2368 2234 2414 aut
2276 2363 2542 2424 masc/tos,
2573 2378 2681 2429 quo
2709 2367 2928 2421 nomine
2969 2368 3264 2436 pretiosum
3308 2367 3520 2438 aliquod
3549 2366 3703 2421 odora-

2140 2466 2382 2510 mentum
2428 2455 2543 2528 sign
2569 2455 2780 2513 ficatur.
2811 2457 2946 2514 Nam
2999 2459 3128 2515 illud
3175 2477 3244 2516 ex
3299 2461 3479 2528 thure,
3523 2475 3579 2515 ac
3612 2457 3706 2513 vitio

2140 2546 2368 2605 odorato
2396 2553 2698 2606 confectum
2747 2553 2800 2608 in
2837 2553 3084 2608 ﬂammas
3105 2562 3157 2609 et
3191 2554 3448 2610 incensos
3487 2553 3704 2609 carbones

2141 2643 2474 2713 injiciebant,
2509 2656 2562 2700 ut
2590 2663 2656 2702 ex
2685 2663 2750 2714 eo
2777 2649 2958 2705 suavis
2977 2650 3164 2721 procul
3194 2651 3366 2710 dubio
3393 2651 3527 2707 odor
3542 2649 3706 2706 excita-

2139 2748 2310 2795 retur.
2336 2740 2477 2795 Nihil
2511 2753 2690 2798 tamen
2717 2743 2784 2800 de
2810 2760 2937 2801 vera
2981 2746 3278 2802 Arnobiani
3318 2757 3496 2803 textus
3521 2745 3707 2800 lectione

2138 2833 2257 2888 sine
2277 2833 2600 2891 auctoritate
2617 2836 2966 2893 correctioris
2985 2837 3212 2910 alicujus
3234 2838 3448 2895 codicis
3466 2837 3709 2894 adﬁrmare

2139 2926 2425 2983 audemus.

2209 3019 2477 3093 Quidquid
2504 3039 2668 3094 porro
2699 3026 2767 3082 de
2803 3024 2896 3081 illa
2926 3033 3154 3093 statuas,
3185 3027 3308 3097 ipse
3348 3039 3538 3087 auctor
3565 3032 3710 3084 noster

2136 3111 2386 3170 ethnicos
2414 3116 2564 3171 nullo
2607 3132 2829 3189 prorsus
2857 3119 3020 3175 modo
3063 3132 3252 3177 censet
3296 3122 3609 3186 audiendos,
3643 3117 3711 3188 qui

427 3213 615 3269 viuum
639 3215 720 3270 eis
743 3213 1161 3284 propinandum,
1191 3224 1249 3270 ul,
1269 3215 1418 3272 cibos
1442 3214 1692 3287 digerant
1716 3216 2032 3273 conﬁciam-
2059 3211 2105 3278 ς,
2138 3207 2462 3276 persuadere
2508 3210 2757 3266 omnibus
2787 3214 3142 3284 conabantur,
3170 3214 3361 3272 vinum
3393 3216 3526 3272 illud
3554 3214 3713 3268 odora-

427 3323 553 3379 que.
606 3308 807 3364 Eadem
864 3325 1087 3380 prorsus
1138 3311 1350 3366 ratione
1395 3309 1752 3378 Lactantius,
1807 3311 2033 3368 Arnobii

425 3402 602 3459 nostri
641 3403 972 3473 discipulus,
1021 3405 1164 3462 hunc
1190 3403 1532 3461 ethnicorum
1572 3419 1817 3460 errorem
1849 3405 2034 3476 proﬂi-

426 3504 557 3567 gat:
586 3514 605 3548 ι
635 3495 888 3558 Mactant.
922 3517 942 3551 ι
970 3497 1165 3566 inquit,
1197 3517 1216 3552 ι
1248 3498 1460 3569 opimas
1485 3513 1547 3554 ac
1577 3498 1803 3569 pingues
1826 3497 2032 3556 hostias

429 3587 567 3656 deo,
595 3589 747 3660 quasi
778 3590 1074 3657 esurienti;
1105 3590 1438 3663 profundunt
1486 3591 1609 3646 vina
1657 3600 1909 3662 tanquam
1951 3591 2028 3647 si-

425 3683 603 3740 tienti.
638 3704 657 3737 ι
690 3683 974 3755 (Lactant.,
1006 3685 1093 3740 lib.
1121 3702 1194 3749 vr,
1237 3702 1355 3758 cap.
1378 3685 1434 3748 2.
1476 3703 1598 3758 pag.
1642 3685 1748 3741 542
1787 3695 1833 3740 et
1877 3683 2030 3757 547.)

425 3779 603 3848 Atque
628 3778 751 3834 inde
777 3777 856 3836 sic
893 3789 1302 3851 argumentatur
1335 3798 1351 3837 :
1389 3799 1408 3834 ι
1440 3779 1624 3850 Itaque
1651 3778 1756 3836 diis
1786 3797 1892 3835 non
1922 3795 2033 3836 cae-

424 3873 618 3930 lestem
663 3888 918 3944 sensum,
966 3873 1064 3930 sed
1109 3875 1405 3929 humanum
1453 3875 1629 3945 potius
1673 3875 1977 3932 attribuunt
2014 3893 2026 3929 :

421 3964 658 4039 ideoque
685 3966 792 4023 illis
821 3967 1150 4033 necessaria,
1183 3975 1238 4023 et
1276 3975 1428 4038 grata
1474 3967 1705 4024 credunt
1743 3984 1865 4024 esse
1910 3984 2031 4042 qua:

420 4061 605 4128 nobis,
635 4061 835 4133 quibus
860 4070 953 4118 aut
981 4061 1343 4117 esurientibus
1373 4075 1510 4130 opus
1541 4069 1627 4116 est
1663 4061 1808 4128 cibo,
1839 4072 1930 4117 aut
1957 4061 2032 4118 si-

420 4153 682 4212 tientibus
706 4164 857 4226 potu,
881 4165 975 4211 aut
997 4165 1149 4212 veste
1175 4153 1498 4226 algentibus,
1527 4161 1640 4218 aut,
1664 4169 1788 4210 cum
1817 4154 1912 4211 Sol
1937 4153 2031 4210 de-

421 4248 673 4315 cesserit,
697 4249 923 4316 lumine,
953 4257 1010 4304 ut
1035 4247 1220 4303 videre
1247 4245 1542 4319 possimus.
1574 4245 1750 4302 Nullis
1777 4247 1937 4317 igitur
1963 4261 2030 4301 ex

419 4346 586 4403 rebus
611 4354 720 4401 tam
755 4345 967 4416 probari
998 4352 1054 4400 et
1080 4343 1306 4416 intelligi
1351 4350 1528 4414 potest
1557 4341 1690 4398 deos
1718 4343 1873 4407 istos,
1903 4356 2027 4396 cum

419 4439 713 4511 aliquando
737 4439 988 4505 vixerint,
1014 4446 1257 4494 mortuos
1285 4451 1430 4506 esse,
1459 4451 1622 4506 quam
1656 4451 1720 4490 ex
1753 4435 1871 4504 ipso
1897 4433 2025 4502 ritu,

420 4535 514 4604 qui
547 4542 633 4589 est
664 4541 808 4588 totus
837 4546 869 4587 e
899 4540 1063 4588 terra.
1095 4549 1115 4584 ι

2137 3309 2246 3354 tum
2281 3311 2425 3358 recte
2451 3304 2556 3358 diis
2601 3305 2752 3361 libari
2785 3306 3007 3362 honoris
3031 3324 3196 3380 ergo,
3232 3319 3292 3364 et
3321 3320 3381 3365 ut
3414 3307 3616 3380 pr0pitii
3641 3304 3712 3358 lie-

2135 3405 2275 3450 rent.
2325 3397 2458 3464 Quis
2503 3399 2682 3467 enim,
2725 3402 2802 3455 ait
2840 3401 2969 3470 ille,
3010 3402 3115 3458 diis
3163 3402 3386 3470 honos,
3415 3419 3536 3460 cum
3582 3395 3714 3454 tvini

2134 3487 2314 3560 exigui
2357 3506 2512 3548 rores
2558 3508 2724 3563 super
2772 3493 3006 3550 vividam
3053 3496 3258 3566 jeceris
3308 3508 3479 3570 atque
3520 3492 3713 3551 instilla-

2135 3583 2279 3638 veris
2321 3589 2584 3656 prunam?
2622 3607 2642 3641 ι
2692 3587 2857 3661 (Ibid.
2896 3600 2944 3645 et
2973 3591 3139 3660 seqq.)
3169 3591 3318 3659 Quid
3365 3600 3530 3648 rectm
3559 3583 3717 3645 rationi

2135 3678 2304 3749 magis
2353 3681 2681 3752 oppositum,
2711 3698 2776 3738 ac
2812 3682 2959 3738 dictu
3012 3685 3183 3756 magis
3232 3685 3563 3751 absurdum,
3589 3692 3715 3754 quam

2135 3769 2266 3826 deos
2312 3773 2601 3842 honorari,
2652 3784 2746 3830 aut
2796 3775 3102 3832 hominibus
3151 3775 3346 3834 favere
3378 3777 3552 3834 effuso
3587 3775 3715 3837 vino.

2133 3865 2276 3932 quod
2302 3865 2558 3922 virtutum
2581 3882 2778 3923 nervos
2802 3868 3231 3941 debilitat,quod
3255 3871 3477 3941 pudori,
3497 3864 3715 3930 casuitatb

2133 3965 2188 4011 et
2217 3959 2557 4015 verecundia:
2595 3960 2869 4017 inimicum
2901 3972 3017 4030 est,
3048 3962 3224 4034 quod,
3276 3964 3329 4020 si
3375 3961 3587 4020 avidius
3612 3959 3716 4015 hauv

2132 4049 2290 4113 seris,
2323 4051 2375 4106 in
2406 4053 2673 4112 insaniam
2703 4066 2758 4112 et
2783 4055 3018 4112 furorem
3048 4066 3099 4112 te
3132 4057 3545 4128 prwcipitabit?

2212 4145 2318 4202 Sed
2355 4163 2422 4203 eo
2453 4163 2625 4220 usque
2655 4148 2904 4206 homines
2931 4149 3066 4204 falsa
3095 4150 3397 4221 religionis
3432 4147 3608 4220 Specie
3641 4143 3718 4201 de-

2130 4258 2318 4316 ceptos
2341 4260 2496 4299 crrnr
2525 4253 2854 4314 pervaserat.
2881 4254 2937 4298 ut
2961 4244 3302 4301 solemnibus
3327 4246 3536 4311 verbis,
3562 4239 3721 4312 quibus

2131 4340 2313 4392 vinum
2335 4337 2440 4392 diis
2461 4337 2722 4405 lib—ibant,
2748 4353 2998 4408 magnum
3027 4338 3296 4395 honorem
3321 4341 3438 4397 illis
3460 4356 3521 4397 se
3541 4336 3723 4394 deferre

2133 4432 2540 4502 profiterentur.
2575 4430 2707 4486 Nam
2739 4431 2866 4486 illud
2898 4431 2982 4486 his
3011 4432 3141 4503 ipsis
3172 4434 3601 4506 significabant,
3627 4440 3722 4499 qua?

2131 4524 2403 4580 Arnobius
2438 4523 2633 4580 ibidem
2666 4524 2886 4592 retulit,
2919 4525 3096 4583 verbis
3130 4544 3142 4580 :
3180 4546 3200 4579 ι
3243 4528 3467 4586 Mactus
3500 4529 3597 4585 hoc
3626 4523 3723 4578 vino

492 4625 768 4682 Arnobius
797 4625 979 4697 itaque
1007 4625 1258 4682 ethnicos
1286 4634 1394 4680 tam
1421 4623 1577 4689 scite,
1610 4638 1770 4693 quam
1799 4630 2026 4678 venuste
2051 4608 2104 4686 D
2133 4617 2325 4673 inferio
2345 4627 2462 4674 esto
2493 4636 2511 4670 ι
2536 4616 2722 4690 (lbid.,
2751 4637 2804 4690 p.
2822 4617 2972 4690 236).
3001 4619 3224 4677 Servius
3247 4632 3468 4687 autem,
3493 4633 3545 4679 et
3568 4627 3722 4691 posm

419 4717 718 4774 insectatus
745 4737 762 4772 :
789 4737 809 4770 t
847 4720 998 4785 Date,
1022 4734 1229 4790 quaeso,
1267 4738 1285 4772 ι
1314 4717 1412 4784 ait,
1443 4737 1462 4770 ‹
1493 4717 1893 4772 immortalibus
1921 4715 2026 4772 diis

417 4811 629 4878 bibant,
659 4811 916 4884 scyphos,
945 4812 1112 4877 brias,
1143 4821 1375 4882 pateras,
1409 4811 1800 4883 sympuviaque
1826 4809 2025 4881 depro-

416 4906 551 4963 mite
596 4905 840 4980 (Arnob.,
870 4905 960 4961 lib.
993 4921 1085 4973 vu,
1123 4923 1240 4978 pag.
1270 4905 1426 4979 953).
1464 4925 1483 4958 ι
1518 4905 1642 4960 Bria
1687 4915 1866 4959 autem
1907 4912 2027 4960 erat

416 4997 687 5070 quoddam
721 5014 1009 5065 mensurae,
1043 5013 1137 5054 seu
1167 4999 1330 5065 vasis,
1371 5006 1427 5054 et
1468 4998 1647 5069 poculi
1693 5012 1886 5068 genus,
1929 5012 2025 5067 po-

415 5090 551 5146 tioni
576 5091 684 5145 vini
713 5089 1052 5146 continendae
1073 5100 1278 5157 aptum.
1316 5089 1444 5145 Inde
1470 5091 1524 5144 in
1552 5089 1722 5146 veteri
1753 5089 2022 5159 glossario

413 5181 787 5253 latino-grteco
814 5182 1042 5250 legimus
1065 5180 1212 5247 Bria,
1232 5177 1362 5244 εἶδος
1392 5185 1611 5257 ἀγγείου,
1641 5199 1874 5238 mensura
1900 5199 2020 5254 que-

413 5275 566 5338 dam,
590 5275 811 5347 Legesis
837 5276 1048 5332 lexicon
1077 5274 1310 5330 Martinii
1332 5317 1347 5340 ,
1375 5285 1431 5330 et
1457 5273 1641 5346 Cangii
1668 5277 2014 5346 glossarium.

412 5367 760 5440 Sympuvium
790 5385 883 5424 vas
911 5384 1124 5440 quoque
1159 5379 1275 5424 erat
1307 5369 1566 5438 ligneum,
1599 5379 1658 5423 ut
1683 5368 1759 5424 ait
1788 5369 2014 5436 Nonius,

407 5464 493 5518 vel
544 5462 728 5532 ﬁctile,
773 5473 832 5520 ut
871 5465 990 5520 aliis
1039 5465 1234 5535 placet.
1269 5463 1410 5534 quod
1457 5465 1536 5520 sic
1577 5466 2014 5536 cognominatum

406 5555 619 5623 volunt,
651 5559 905 5628 quoniam
955 5556 1009 5612 in
1053 5572 1119 5612 eo
1155 5557 1468 5612 sacerdotes
1517 5571 1710 5612 omnes
1755 5557 2012 5614 bibebant

408 5644 602 5716 (Nam,
629 5649 692 5703 de
716 5649 978 5721 Propriet.
1024 5667 1203 5718 serm.,
1227 5667 1273 5704 c.
1303 5650 1392 5720 19,
1419 5649 1586 5722 δερ).
1611 5650 1670 5705 In
1694 5651 1862 5708 sacris
1883 5667 2010 5708 vero

405 5735 542 5792 illud
569 5754 602 5793 a
627 5739 801 5797 Numa
845 5740 1149 5801 adhibitum
1196 5758 1263 5802 ex
1303 5742 1388 5801 bis
1424 5742 1691 5815 colligunt
1737 5743 2011 5803 Juvenalis

406 5829 733 5890 carminibus
764 5849 778 5888 :

2130 4708 2370 4769 Isidorus
2397 4712 2758 4769 testificantur
2787 4714 2900 4769 haec
2930 4714 2982 4770 in
3009 4715 3453 4785 l’outillcalibus,
3483 4731 3578 4773 seu
3605 4713 3722 4769 Pun-

2130 4806 2332 4862 tilicum
2364 4807 2513 4863 libris
2553 4807 2632 4863 sic
2675 4807 2872 4878 scripta
2907 4813 3341 4880 prmscriptaque
3385 4811 3597 4866 fuisse:
3633 4823 3650 4855 ι
3681 4798 3724 4856 In

2128 4899 2546 4970 pontificalibus,
2579 4920 2598 4954 ι
2633 4899 2825 4972 inquit,
2855 4919 2875 4953 s
2911 4902 3290 4958 sacrificantes
3315 4904 3581 4961 dict-bant
3603 4898 3724 4956 deo:

2123 4995 2295 5052 Macte
2326 4995 2429 5052 hoc
2457 4994 2650 5052 inferio
2678 4997 2802 5051 vino
2830 5006 2950 5053 esto
2978 5016 2999 5049 ι
3028 4995 3228 5070 (Seria,
3251 4999 3312 5053 in
3360 4999 3571 5071 Virgil.,
3620 4994 3652 5046 l.
3684 5003 3728 5044 Ix

2124 5087 2368 5157 xEneid.,
2422 5107 2476 5160 p.
2525 5089 2662 5155 564;
2717 5087 2874 5158 lsid.,
2921 5098 2959 5145 ι.
3013 5105 3068 5157 x,
3105 5089 3447 5165 Etymolog.,
3498 5089 3566 5144 ad
3609 5082 3724 5140 verb.

2124 5183 2380 5250 MACTUS;
2414 5184 2566 5246 Cato,
2595 5184 2658 5239 de
2697 5184 2771 5240 Re
2808 5187 3009 5253 rustic.,
3047 5201 3091 5241 c.
3129 5187 3237 5242 152
3285 5198 3338 5242 et
3396 5185 3543 5261 I35).
3591 5177 3724 5251 Quod

2121 5280 2340 5350 quidem
2374 5278 2514 5334 haud
2542 5280 2708 5334 semel
2738 5297 2766 5334 a
2793 5280 3019 5346 Catone,
3051 5292 3104 5334 et
3131 5283 3262 5340 aliis
3297 5283 3590 5341 memoriae
3619 5289 3726 5349 pru-

2119 5374 2290 5430 ditum
2319 5383 2424 5430 est.
2459 5373 2712 5428 Iul'erium
2738 5384 2920 5431 autem
2951 5376 3156 5442 vinum,
3184 5379 3269 5432 uti
3295 5395 3370 5435 ex
3405 5376 3588 5438 Fesm,
3611 5373 3724 5428 Sca-

2118 5467 2309 5540 ligero,
2365 5479 2420 5524 et
2463 5468 2740 5524 Brissonio
2785 5467 2985 5531 disces.
3048 5470 3176 5524 illud
3230 5483 3361 5526 erat
3419 5468 3564 5544 quod
3610 5462 3727 5521 inira

2118 5571 2322 5632 pateras
2372 5562 2578 5617 labrum
2623 5561 3002 5617 efiuudebatur
3033 5560 3273 5634 (Festus,
3305 5565 3382 5618 ad
3423 5563 3540 5618 verb
3597 5571 3730 5614 mrs-

2119 5670 2281 5721 ntun;
2331 5653 2608 5726 Scaliger.,
2641 5655 2927 5726 conjectan.
2962 5656 3014 5709 in
3075 5653 3331 5725 Varron.,
3365 5673 3421 5728 p.
3459 5657 3566 5721 80;
3603 5651 3730 5707 Bris-

2122 5765 2260 5813 son.,
2290 5747 2328 5801 l.
2358 5763 2374 5803 ι
2403 5745 2642 5804 Formul.
2674 5791 2690 5813 ,
2720 5766 2775 5820 ρ.
2807 5749 2877 5804 50
2914 5759 2961 5805 et
3001 5749 3117 5822 37).
3148 5747 3374 5807 Mactus
3405 5767 3571 5817 vero,
3607 5747 3728 5802 sicut

2124 5839 2236 5910 jam
2276 5841 2528 5912 diximus,
2561 5842 2900 5914 signiﬁcabat
2936 5843 3107 5916 magis
3132 5854 3360 5905 auctus.
3404 5843 3613 5905 Horum
3643 5841 3730 5898 ita-
