3878 6312
199 269 289 327 657

1355 271 1424 329 ΙΝ
1463 273 1855 346 ARNOBIUM,
1897 278 2049 334 (ZAP.
2085 278 2273 337 XXIV.

3357 288 3462 348 658

195 403 288 462 que
326 385 600 444 verborum
647 399 842 445 sensus
887 397 1007 447 erat
1034 406 1047 445 :
1077 389 1158 448 Tu
1203 391 1431 465 Jupiter,
1479 402 1573 452 aut
1622 394 1760 452 alius
1786 396 1918 458 Ain
1947 395 2169 467 Minuc.,
2201 416 2249 454 c.
2282 399 2372 467 19,
2403 410 2502 458 art.
2533 402 2569 457 2
2598 411 2646 458 et
2675 403 2750 477 5).
2786 404 3057 462 Arnobius
3083 407 3267 479 itaque
3295 407 3464 468 hosce

196 481 350 556 quivis
372 480 516 543 deus.
540 490 659 538 esto
683 481 850 554 magis
871 493 1060 541 auctus
1088 485 1191 543 hoc
1219 486 1414 544 inferio
1441 488 1589 554 vino,
1621 491 1766 560 quod

200 573 322 631 infra
379 573 574 630 labrum
636 584 835 645 patera:
887 577 1251 645 transfusum,
1299 581 1392 636 tibi
1439 581 1654 637 libatur.
1687 582 1766 638 Ex

196 667 428 724 Trebatio
478 679 655 724 autem
719 671 990 728 Arnobius
1053 674 1438 731 animadvertit
1495 676 1766 748 adjectum

193 761 341 819 fuisse
388 762 485 818 hoc
533 764 758 819 verbum
814 767 1020 838 inferio,
1073 783 1142 823 ne
1183 769 1360 824 vinum
1407 770 1683 826 conditum
1712 771 1763 826 in

191 857 327 914 Cellis
351 867 401 914 et
429 862 733 928 apothecis,
763 875 827 916 ex
860 861 1054 932 quibus
1098 862 1228 918 illud
1272 862 1520 919 haustum
1556 864 1764 933 fuerat,

192 966 380 1008 sacrum
423 952 602 1020 fieret,
632 965 684 1009 et
713 954 896 1010 usibus
928 955 1178 1011 humanis
1216 957 1539 1028 eriperetur.
1571 958 1759 1031 Papae,

192 1054 423 1117 quantum
451 1044 554 1101 hoc
577 1049 870 1104 verendum
898 1050 1045 1105 erat!

251 1139 346 1194 Sed
384 1139 664 1197 audiamus
705 1141 998 1200 Auctorem
1029 1153 1272 1200 nostrum
1329 1144 1452 1201 inde
1499 1146 1764 1205 adversus

196 1232 418 1290 ethnicos
468 1235 848 1306 di~putantem.
906 1237 1063 1306 Quo,
1121 1236 1323 1309 inquit,
1379 1238 1585 1296 honore
1631 1241 1764 1296 deus

190 1329 351 1400 augeri
379 1339 573 1399 potest,
600 1346 721 1386 cum
745 1331 795 1388 ei
822 1331 906 1388 lex
933 1347 964 1386 a
991 1332 1330 1389 sacriﬁcante
1359 1334 1670 1405 imponitur,
1695 1351 1765 1393 ne

187 1423 292 1494 plus
335 1431 500 1492 petat,
545 1439 705 1495 quam
754 1425 934 1479 vinum
983 1425 1114 1480 illud
1163 1423 1455 1480 inferium?
1496 1425 1764 1497 Numquid

187 1515 386 1572 nimiutn
418 1532 585 1572 vorax
608 1559 622 1582 ,
659 1516 877 1584 helluo,
907 1527 961 1574 et
987 1518 1210 1589 gulosus
1253 1528 1370 1573 erat
1411 1519 1640 1574 eximius
1673 1519 1764 1574 ille

186 1611 318 1679 dens,
351 1620 408 1665 ut
433 1612 537 1666 hac
568 1613 974 1682 praescriptione
1003 1612 1272 1682 cupiditas
1299 1612 1416 1682 ejus
1445 1612 1764 1668 arceretur?

186 1704 306 1760 Nihil
335 1708 533 1775 quippe
561 1705 674 1760 haec
705 1704 887 1770 verba,
921 1703 1125 1760 Macta:
1153 1705 1250 1760 hoc
1275 1705 1392 1760 vino
1419 1706 1604 1778 inferio
1634 1716 1759 1770 esto.

1871 491 2133 548 absurdos
2162 495 2500 553 ethnicorum
2544 497 2681 554 ritus
2711 498 2851 554 haud
2881 499 3164 558 invenuste
3189 502 3461 561 exsibilat.

1870 586 1953 642 Ab
1982 586 2169 643 iisdem
2218 590 2417 661 quippe
2444 591 2674 647 ethnicis
2713 594 2884 662 poscit
2915 605 3094 650 utrum
3129 595 3240 660 dii,
3268 597 3466 654 auditis

1869 682 1980 738 illis
2018 683 2310 754 crepitibus
2335 693 2390 740 et
2417 686 2702 753 sonitibus,
2737 686 3031 744 honoriﬁce
3070 704 3252 746 secum
3286 701 3462 748 actum

1869 775 2206 844 existiment,
2240 776 2328 832 vel
2357 776 2714 843 mulceantur,
2748 791 2908 850 atque
2934 780 3068 835 iram
3115 792 3224 836 tum
3271 798 3464 840 revera

1869 869 2160 941 deponant,
2211 870 2301 927 vel
2347 871 2488 926 sicut
2516 873 2768 941 pusiones
2821 873 2905 928 his
2953 883 3348 931 exterreamur.
3400 876 3463 934 Si

1870 963 1940 1017 ita
1971 964 2230 1031 sentiunt,
2259 962 2390 1018 nihil
2421 974 2568 1020 certe
2592 964 2795 1036 ﬁngere
2825 976 3077 1036 poterant
3108 969 3191 1025 his
3223 969 3463 1025 ridiculis

1868 1055 2215 1126 opinionibus
2259 1056 2430 1127 magis
2472 1058 2842 1128 temerarium,
2874 1068 2930 1117 et
2957 1058 3157 1116 divinae
3196 1061 3465 1133 majestati

1867 1148 2165 1220 injurium?
2920 1207 2946 1224 I

1942 1242 2078 1298 Tum
2126 1242 2323 1299 deinde
2367 1253 2556 1301 auctor
2600 1254 2787 1303 noster
2827 1247 2989 1303 simili
3030 1248 3192 1305 modo
3234 1251 3470 1323 exagitat

1867 1337 2160 1393 matutinas
2187 1336 2502 1394 eorumdem
2543 1339 2825 1409 gentilium
2865 1341 3256 1409 excitationes,
3291 1359 3354 1400 ac
3385 1345 3468 1399 vi-

1866 1432 2046 1503 gilias,
2089 1441 2148 1488 ut
2195 1449 2374 1501 mane,
2407 1435 2861 1505 quemadmodum
2889 1451 3134 1506 vespere,
3162 1437 3294 1494 deos
3340 1453 3469 1495 suos

1869 1525 2011 1582 irent
2038 1526 2329 1582 salutatum
2371 1527 2617 1597 (Arnob.,
2651 1527 2690 1582 ι.
2722 1543 2817 1595 vn,
2861 1547 2915 1600 p.
2944 1528 3095 1601 Q37).
3145 1529 3222 1585 De
3273 1531 3470 1587 usitato

1867 1629 2047 1676 autem
2076 1620 2170 1676 illo
2193 1619 2325 1678 deos
2350 1636 2508 1677 mane
2549 1623 2818 1677 salutandi
2851 1638 3001 1678 more
3043 1622 3186 1679 hunc
3209 1625 3471 1694 Apuleius

1867 1716 2105 1786 loquitur
2131 1716 2184 1770 in
2215 1715 2435 1772 modum
2470 1735 2483 1771 :
2524 1733 2545 1768 σ
2581 1716 2794 1787 Templi
2840 1717 3134 1773 matutinas
3161 1718 3470 1787 apertiones

185 1796 306 1854 aliud
334 1796 730 1868 significabant,
761 1813 944 1868 quam,
980 1807 1100 1854 esto
1136 1808 1367 1866 mactus,
1405 1802 1507 1855 hoc
1532 1809 1636 1864 est,
1668 1799 1765 1855 ho-

1877 1810 2208 1883 opperiebar.
2258 1814 2335 1866 Ac
2376 1810 2502 1866 dum
2545 1811 2680 1866 velis
2723 1810 3076 1866 candentibus
3122 1810 3379 1878 reductis,
3415 1811 3470 1866 in

186 1905 296 1946 nore
319 1900 506 1945 auctus
532 1901 588 1946 et
612 1890 996 1962 ampliﬁcatus.
1026 1903 1284 1963 quantum
1311 1892 1590 1948 dumtaxat
1619 1897 1760 1958 volo.

189 2001 270 2041 nec
305 1987 466 2057 magis
507 2002 666 2058 quam
705 1987 892 2058 jubeo.
928 1986 1046 2042 Non
1083 1988 1227 2043 enim
1268 1989 1502 2058 amplius
1530 1989 1765 2044 honora~

189 2081 328 2144 beris,
356 2097 520 2151 quam
562 2081 683 2136 volo
715 2083 832 2151 plus
877 2091 968 2136 aut
1012 2082 1189 2137 minus
1215 2083 1323 2137 vini
1356 2081 1410 2137 in
1443 2091 1642 2153 paterae
1687 2082 1763 2137 la-

191 2173 314 2229 brum
347 2173 576 2228 inferius
602 2172 824 2228 effundi.
858 2173 1027 2228 Deum
1066 2189 1215 2245 ergo,
1246 2174 1337 2245 qui
1369 2182 1580 2244 poterat
1608 2174 1762 2246 plura

191 2267 448 2335 postulare,
480 2280 545 2321 ea
575 2266 663 2322 lex
685 2277 738 2321 et
760 2267 1081 2338 prescriptio
1102 2282 1211 2324 non
1240 2267 1469 2336 honore,
1494 2267 1588 2323 sed
1615 2267 1764 2338 igno-

188 2361 325 2418 minia
352 2360 645 2420 afﬁciebat.

757 2496 1056 2539 ARTICULUS
1093 2498 1171 2538 Ill.

184 2597 314 2657 Quam
335 2602 473 2648 recte
499 2596 748 2662 Arnobius
771 2600 995 2659 exagitet
1013 2608 1162 2662 atque
1203 2598 1366 2659 ejiciat
1406 2597 1530 2648 alios
1553 2597 1765 2662 insulsos

235 2661 532 2724 etlmicorum
551 2661 692 2720 ritus,
712 2662 890 2724 quibus
904 2662 1027 2724 deos
1045 2661 1160 2710 suos
1177 2662 1326 2710 sertis
1346 2667 1398 2710 et
1414 2661 1606 2710 coronis
1625 2675 1768 2711 exor-

236 2723 418 2787 nabant.
461 2722 741 2772 utebantur'
773 2722 1006 2787 cymbalis
1025 2760 1039 2780 ,
1067 2725 1336 2786 tympanis,
1380 2724 1678 2787 symphoniis
1713 2731 1768 2774 et

233 2786 450 2842 scabillis,
473 2787 688 2848 illosque
713 2785 858 2834 mane
878 2785 1268 2848 salutabant,ac
1302 2785 1460 2848 quain,
1484 2785 1684 2835 ridicula
1712 2793 1766 2836 et

234 2849 427 2912 absurda
451 2847 799 2912 fuerit’lavatio
821 2848 1172 2912 Matrisdeum,
1195 2847 1331 2912 Jovis
1355 2847 1769 2912 epuluntLvinde-

232 2912 318 2961 mia
340 2911 634 2972 .‘Esculapii,
658 2912 856 2962 Cereris
876 2920 927 2962 et
957 2911 1162 2960 aliorum
1197 2910 1514 2970 lectisternia,
1551 2910 1768 2963 Telluris

237 2981 375 3036 atque
395 2975 606 3024 aliorum
632 2975 805 3023 natalis
825 2973 949 3023 dies.

242 3100 365 3156 Alizr
394 3111 557 3158 erant
599 3103 944 3159 ethnicorum
975 3102 1026 3157 in
1056 3102 1230 3158 sacris
1269 3103 1384 3159 suis
1429 3103 1763 3172 cerimonim,

1868 1902 2142 1958 diversum
2164 1902 2282 1958 deae
2308 1903 2676 1959 venerabilem
2707 1912 3060 1973 conspectum
3088 1917 3464 1974 apprecamur,

1867 2007 1924 2053 et
1948 1995 2241 2067 dispositas
2268 2012 2391 2052 aras
2417 1997 2744 2053 circumiens
2783 1996 3062 2064 sacerdos,
3086 2013 3200 2054 rem
3229 1996 3468 2052 divinam

1867 2100 2144 2162 procurat,
2199 2091 2640 2162 supplicamentis
2696 2091 3032 2147 solemnibus
3085 2091 3155 2146 de
3201 2091 3470 2161 penetrali

1865 2185 2018 2241 fonte
2047 2185 2272 2256 petitum
2295 2185 2560 2256 spondeo,
2581 2185 2731 2240 libat.
2751 2186 2933 2242 Rebus
2953 2184 3064 2255 jam
3087 2186 3190 2240 rite
3217 2199 3470 2240 consum—

1867 2280 2049 2348 matis,
2078 2279 2344 2335 inchoatae
2364 2279 2499 2335 lucis
2524 2278 2961 2343 salutationibus,
2983 2276 3216 2348 religiosi
3243 2277 3470 2348 primam

1867 2375 2182 2430 nuntiantes
2200 2373 2385 2428 horam
2415 2383 2762 2443 perstrepunt
2785 2391 2804 2425 ι
2829 2372 3020 2447 (Apul.
3043 2414 3058 2439 ,
3088 2371 3124 2426 ι.
3157 2387 3194 2426 ιι
3226 2369 3467 2436 Metam,
3551 2409 3560 2420 .

1867 2488 1922 2540 p.
1952 2469 2103 2541 207).
2154 2469 2354 2525 Verum
2381 2467 2585 2524 Seneca
2631 2467 2924 2521 matutinas
2959 2465 3082 2521 illas
3122 2463 3473 2520 salutationes

1867 2564 2016 2620 hisce
2049 2563 2384 2632 totidemque
2408 2561 2588 2617 verbis
2631 2557 3046 2630 proscribendas
3073 2555 3470 2628 probibendas-

1868 2673 1975 2728 que
2017 2671 2138 2713 esse
2177 2655 2418 2711 declarat
2450 2672 2464 2708 :
2500 2672 2519 2706 ι
2557 2652 2872 2709 Accendere
2910 2651 3146 2722 aliquam
3195 2650 3474 2705 lucernam

1869 2753 2108 2809 sabbatis
2130 2751 2547 2820 prohibeamus;
2571 2749 2826 2820 quoniam
2849 2763 2950 2803 nec
2972 2747 3177 2801 lumine
3193 2744 3267 2800 dli
3289 2753 3470 2816 egent,

1869 2856 1924 2902 et
1944 2863 2012 2902 ne
2038 2845 2287 2900 homines
2316 2842 2532 2914 quidem
2561 2843 2902 2897 delectantur
2929 2839 3172 2910 fuligine.
3205 2837 3464 2893 Vetemus

1869 2939 2283 2996 salutationibus
2328 2938 2608 2992 matutinis
2653 2935 2833 3006 fungi,
2873 2942 2930 2990 et
2977 2933 3182 2988 foribus
3231 2930 3473 2986 assidere

1872 3034 2218 3105 templorum.
2269 3031 2513 3086 Humana
2567 3030 2790 3086 ambitio
2837 3029 2954 3084 istis
3001 3027 3194 3084 ofﬁciis
3240 3027 3472 3098 capitur.

1871 3129 2040 3184 Deum
2084 3127 2234 3193 colit,
2265 3127 2358 3192 qui
2409 3125 2558 3181 novit
2601 3143 2621 3178 ι
2661 3123 2894 3196 (Seneca,
2928 3124 3078 3193 epist.
3109 3121 3201 3189 95,
3231 3139 3286 3192 ρ.
3317 3117 3470 3190 191).

186 3198 401 3267 variique
425 3198 585 3263 ritus,
608 3198 821 3252 cmteris
844 3196 1103 3252 hactenus
1125 3196 1436 3252 memoratis
1464 3211 1568 3251 non
1594 3196 1768 3252 minus
1797 3206 1843 3270 ρ
1874 3222 2089 3279 Ethnici
2111 3229 2291 3276 tamen
2314 3235 2452 3275 vana
2473 3218 2855 3290 summumne
2875 3217 3153 3282 οδεποηιί,
3169 3230 3279 3270 non
3299 3214 3475 3269 solum

185 3292 401 3359 inutiles,
459 3292 848 3358 superstitiosi,
905 3301 959 3348 et
1005 3291 1221 3348 absurdi
1281 3291 1518 3364 (Arnob.,
1567 3294 1606 3348 Ι.
1664 3309 1760 3361 vn,

187 3405 231 3455 ρ.
258 3390 401 3461 9.57).
449 3390 596 3446 Deos
622 3388 765 3443 enim
795 3401 941 3451 suos,
973 3387 1088 3443 sive
1134 3389 1344 3442 illorum
1377 3389 1550 3459 signa,
1580 3403 1643 3444 ac
1687 3388 1763 3444 si-

187 3482 398 3537 mulacra
429 3483 597 3537 sertis
625 3491 679 3536 et
709 3481 924 3536 coronis
951 3495 1217 3535 exornare
1243 3488 1661 3536 consueverant.
1697 3482 1766 3536 At

187 3572 312 3631 hunc
357 3577 638 3645 gentilium
687 3589 891 3630 murem
920 3589 1078 3644 quam
1111 3575 1307 3628 merito
1331 3574 1450 3643 jure
1495 3575 1766 3630 Arnobius

187 3667 587 3740 improbaverit.
633 3671 760 3726 alibi
804 3683 905 3725 nec
946 3669 1114 3724 semel
1161 3668 1499 3723 ostendimus
1545 3669 1702 3742 (tom.
1748 3686 1766 3726 ι

187 3765 439 3836 Αρραναι..
474 3787 530 3839 p.
560 3765 685 3828 802,
712 3777 758 3820 et
793 3763 1005 3821 Disserl.
1033 3766 1087 3819 in
1111 3765 1331 3832 Minuta,
1350 3782 1402 3819 ε.
1437 3767 1526 3833 19,
1560 3776 1659 3820 art.
1681 3764 1764 3840 ἓ).

248 3859 394 3917 Ridet
414 3861 597 3917 adhuc
623 3859 890 3915 Arnobius
917 3859 1138 3916 eosdem
1165 3858 1435 3923 ethnicos,
1463 3863 1552 3931 qui
1579 3861 1630 3914 in
1654 3860 1768 3916 suis

189 3955 462 4024 mySIeriis,
519 3951 694 4015 festis,
746 3961 904 4022 atque
959 3951 1390 4006 solemnitatibus
1445 3952 1773 4008 adhibebant

189 4045 432 4114 cymbala,
493 4057 771 4116 tympana,
822 4042 1193 4114 symphonias,
1250 4054 1305 4097 et
1360 4043 1600 4107 scabilla,
1650 4060 1772 4115 quze

190 4149 327 4194 erant
365 4139 683 4211 crepitaculi
712 4136 981 4209 quoddam
1026 4151 1216 4208 genus.
1249 4136 1386 4192 Tum
1418 4148 1596 4193 autem
1632 4154 1771 4208 prae-

189 4234 330 4304 cipue
357 4236 441 4290 bis
485 4234 709 4290 musicis
736 4234 963 4302 altisque
989 4232 1362 4287 instrumentis
1391 4233 1771 4300 abutebantur,

191 4341 297 4381 cum
329 4343 476 4384 sacra
502 4327 691 4382 Matris
717 4325 898 4391 deum,
928 4341 1023 4379 seu
1047 4324 1292 4395 Cybeles,
1318 4326 1574 4396 tnySIeria
1603 4323 1772 4379 festa-

191 4434 281 4488 que
313 4429 654 4493 peragentes,
693 4419 838 4473 illius
867 4419 1211 4473 simulacrum
1244 4433 1338 4488 per
1363 4417 1524 4473 nrbes
1546 4418 1774 4473 circum—

192 4508 441 4567 ferebant.
479 4514 650 4581 Quam
698 4526 828 4567 vero
869 4511 983 4566 hac
1014 4509 1240 4567 ridicula
1267 4521 1444 4567 essent
1467 4554 1481 4578 ,
1518 4510 1600 4566 his
1645 4510 1777 4566 satis

193 4618 440 4674 agnosces
468 4605 642 4662 Ovidii
671 4605 999 4661 carminibus
1028 4623 1042 4660 :

279 4718 420 4784 lbimt
442 4720 752 4773 semimares.
780 4727 832 4769 et
856 4721 1012 4770 inania
1034 4727 1260 4784 tympana
1285 4720 1509 4777 tundent,

334 4781 550 4846 .Eraque
574 4785 773 4833 tinnitus
796 4795 895 4834 mre
923 4781 1116 4846 repulsa
1137 4781 1345 4846 dabunt.

926 4844 1115 4909 (Ovid.,
1140 4845 1220 4896 lib.
1250 4861 1297 4897 tv
1320 4847 1531 4909 Fastor.,
1557 4845 1584 4912 §
1613 4846 1686 4909 5.)

197 4954 357 5023 Atque
383 4968 449 5009 ex
480 4953 548 5009 iis
574 4953 772 5022 adhuc,
801 4968 922 5025 quae
953 4955 1111 5026 paulo
1136 4963 1258 5026 post
1285 4954 1482 5025 adjecit
1511 4970 1526 5008 :

835 5072 1091 5136 Priscique
1118 5072 1380 5121 imitamina
1405 5070 1516 5121 facti

341 5135 456 5188 Era
476 5136 511 5187 d
530 5149 587 5186 ιω
609 5137 832 5194 comites,
858 5135 1102 5196 raucaque
1126 5143 1267 5196 terga
1292 5139 1511 5183 movent.

284 5197 504 5261 Cymbala
531 5213 615 5260 iro
631 5199 806 5261 galeis,
837 5211 924 5259 pro
945 5199 1097 5261 scutis
1119 5205 1341 5260 tympana
1367 5196 1579 5260 pulsant,

343 5261 486 5314 'l‘ibia
508 5261 591 5314 dat
612 5259 868 5325 Phrygios,
894 5266 948 5310 ut
969 5259 1106 5310 dedit
1127 5259 1261 5323 ante,
1287 5259 1450 5312 sonos.
1506 5319 1642 5386 (Ibid
1667 5320 1688 5384 )

204 5433 450 5492 Similiter
478 5449 692 5506 quoque
718 5433 1002 5490 Lucretius
1029 5431 1258 5488 canebat
1289 5449 1302 5485 :

289 5551 531 5616 Tympana
554 5559 687 5603 tenta
714 5556 879 5602 tonant
905 5549 1094 5616 palmis,
1123 5555 1175 5597 et
1196 5545 1412 5610 cymbala
1447 5547 1631 5596 circum

291 5614 522 5671 Concava,
548 5617 901 5676 raucisonoque
927 5614 1171 5661 minantur
1194 5622 1371 5676 cornua
1393 5617 1556 5658 cantu.

293 5677 353 5727 Et
375 5678 587 5741 Phrygio
609 5671 831 5729 stimulat
847 5687 1054 5741 numero
1081 5686 1197 5723 cava
1222 5671 1578 5741 tibiamentes.

723 5741 958 5803 (Lucret,
984 5734 1071 5788 lib.
1103 5751 1154 5798 ιι,
1179 5746 1306 5786 vers.
1329 5732 1422 5785 618
1441 5739 1486 5784 et
1507 5730 1664 5800 seqq.)

214 5843 313 5900 Sed
337 5846 403 5903 de
430 5847 515 5904 bis
548 5849 658 5921 jam
698 5845 944 5918 quaedam
975 5843 1100 5898 alibi
1130 5839 1506 5898 annotavimus
1546 5836 1789 5909 (Dium.

1865 3332 2045 3381 mane,
2077 3329 2140 3370 ac
2167 3329 2416 3384 vespere,
2449 3313 2543 3368 sed
2573 3311 2800 3382 singulis
2835 3310 2939 3366 diei
2985 3309 3133 3365 horis
3162 3309 3294 3363 deos
3323 3319 3473 3370 suos,

1868 3410 1944 3465 uti
1998 3406 2366 3465 Tertullianus
2426 3405 2786 3471 testificatur,
2855 3402 3094 3457 salutare
3148 3399 3401 3456 solebant
3458 3415 3472 3450 :

1875 3523 1894 3557 ε
1931 3502 2036 3573 Qui
2061 3507 2108 3556 in
2139 3502 2319 3567 idolis,
2354 3521 2372 3553 ι
2406 3499 2601 3570 inquit,
2629 3517 2649 3550 ‹
2679 3497 2962 3554 comendis
2984 3505 3040 3551 et
3064 3497 3116 3550 in
3144 3494 3252 3550 aris
3277 3506 3477 3549 ornan-

1869 3596 1975 3664 dis,
2005 3608 2059 3652 et
2086 3595 2153 3651 ad
2180 3593 2418 3665 singulas
2453 3593 2614 3647 horas
2642 3589 2938 3646 salutandis
2973 3587 3286 3654 adulantur,
3312 3598 3476 3640 cura-

1870 3692 2070 3748 tionem
2093 3689 2272 3746 facere
2294 3689 2545 3745 dicuntur
2576 3706 2595 3741 »
2630 3683 2898 3759 (Tertull.,
2917 3684 2955 3741 ι.
2975 3683 3040 3739 de
3064 3680 3269 3754 Jejun.,
3300 3697 3345 3737 c.
3383 3679 3472 3746 16,

1872 3779 1925 3858 τί.
1958 3785 2108 3856 715).

1943 3878 2081 3946 Quid
2103 3877 2296 3933 mirum
2318 3891 2466 3949 ergo,
2495 3876 2542 3932 si
2566 3873 2838 3930 Arnobius
2862 3873 2978 3939 has,
3003 3871 3072 3928 de
3097 3869 3293 3940 quibus
3320 3868 3476 3939 plura

1873 3974 2206 4039 Brissonius,
2237 3972 2585 4029 salutationes
2609 3969 2843 4039 jocando
2872 3967 2951 4022 sic
2979 3962 3271 4036 explodat?
3306 3981 3327 4015 ι
3359 3960 3475 4017 Ob-

1875 4066 2213 4123 dormiscnnt
2236 4067 2438 4136 superi,
2466 4079 2712 4121 remeare
2760 4069 2817 4117 ut
2855 4061 2922 4116 ad
2969 4058 3180 4130 vigilias
3203 4055 3476 4112 debeant?

1877 4161 2017 4229 Quid
2067 4159 2423 4216 dormitiones
2463 4159 2592 4224 illm,
2623 4157 2818 4228 quibus
2848 4163 2906 4209 ut
2932 4153 3070 4208 bene
3119 4150 3351 4213 \aleant,
3381 4163 3477 4204 au-

1878 4253 2125 4324 spicabili
2151 4251 2475 4307 salutatione
2506 4249 2807 4306 mandatis?
2834 4247 3022 4303 Somni
3052 4246 3233 4316 quiete
3257 4243 3330 4298 dii
3361 4242 3474 4297 sol-

1877 4354 2097 4409 vnntur,
2133 4343 2490 4414 occUparique
2520 4342 2622 4397 hoc
2650 4349 2708 4396 ut
2737 4340 2974 4410 possint,
3003 4339 3154 4393 lenes
3191 4333 3477 4389 audiendze

1879 4447 2006 4495 sunt
2027 4439 2216 4492 omnia:
2244 4454 2264 4488 ι
2293 4435 2536 4510 (Arnob.,
2562 4435 2658 4489 loc.
2689 4433 2775 4487 cit.
2796 4450 2811 4499 ;
2834 4431 3086 4494 Βήιδοηη
3105 4432 3140 4485 ι.
3174 4425 3474 4492 tFormuL,

1882 4550 1937 4602 ρ.
1967 4532 2037 4588 58
2065 4542 2114 4587 et
2145 4531 2332 4603 seqq.).
2364 4530 2502 4597 Quid
2544 4541 2722 4584 autem
2771 4527 2872 4581 hoc
2901 4526 3091 4580 ultimo
3114 4522 3337 4578 nomine
3373 4519 3477 4574 sibi

1805 4616 1859 4676 D
1882 4627 1974 4682 ille
1999 4627 2145 4695 velit,
2177 4626 2223 4681 si
2252 4641 2428 4695 roges,
2457 4623 2902 4694 respondebimus
2949 4620 3132 4690 plures
3179 4617 3321 4671 illius
3356 4627 3479 4670 esse

1884 4722 2237 4794 signiﬁcatus.
2281 4719 2481 4776 Nmniae
2528 4719 2670 4773 enim
2724 4718 2898 4786 primo
2926 4721 3210 4770 sumuntur
3250 4725 3348 4781 pro
3393 4709 3479 4762 in-

1886 4819 2084 4875 testino
2113 4825 2204 4870 aut
2246 4815 2424 4870 edulio
2473 4815 2526 4868 in
2573 4809 2960 4867 minutissimas
3014 4815 3194 4878 partes
3236 4801 3475 4866 conciso,

1885 4911 1952 4968 de
1997 4927 2106 4982 quo
2136 4925 2235 4965 nos
2282 4923 2463 4978 supra.
2495 4905 2769 4971 Secundo,
2803 4919 2898 4974 pro
2928 4916 2989 4957 re
3019 4899 3226 4955 frivola.
3269 4893 3476 4962 Tertio,

1883 5023 1982 5079 pro
2010 5006 2252 5076 quolibet
2277 5014 2439 5058 cantu
2465 5001 2659 5057 inutili.
2689 4998 2842 5056 Unde
2875 4993 3162 5051 Horatius:

1977 5121 2171 5181 Roscia,
2193 5123 2271 5172 dic
2294 5123 2460 5182 sodes,
2487 5119 2663 5169 melior
2685 5117 2875 5182 lex,gan
2901 5124 3163 5182 puerorgm

1975 5175 2169 5248 Narnia,
2192 5200 2302 5249 quae
2325 5175 2702 5249 recté_regnum_
2722 5175 3012 5249 facientibus
3033 5175 3195 5249 offert:

2227 5233 2444 5313 (Horae.
2465 5244 2499 5297 ι.
2523 5233 2576 5306 ιζ’
2581 5257 2656 5308 ep.
2686 5245 2734 5304 1,
2758 5241 2822 5293 ad
2843 5245 3067 5301 Maxera,
3091 5251 3137 5289 υ.
3160 5236 3276 5288 62c!
3291 5233 3419 5299 seq.)

1885 5358 2091 5426 Quarto
2121 5367 2219 5425 pro
2261 5351 2528 5407 cantilena
2574 5351 2627 5405 in
2667 5358 3005 5403 mortuorum
3038 5341 3275 5404 laudem,
3306 5345 3400 5395 aut
3424 5346 3484 5394 ut

1888 5464 2178 5524 puerorum
2225 5461 2448 5502 somnus
2495 5443 2780 5500 alliciatur.
2826 5443 2897 5496 At
2925 5453 3027 5492 vox
3071 5435 3244 5490 omnia
3271 5432 3485 5488 videtur

1891 5549 1991 5603 hac
2010 5552 2222 5618 quarta,
2253 5542 2341 5597 vel
2369 5540 2526 5597 tertia
2555 5537 2942 5609 signiﬁcatione
2965 5533 3032 5590 ab
3059 5531 3299 5588 Arnobio
3329 5544 3485 5585 usur-

1889 5643 2026 5716 pari.
2061 5640 2200 5710 Quid
2231 5652 2391 5709 porro
2418 5633 2725 5696 absurdius,
2756 5631 2832 5685 ait
2871 5629 2981 5695 ille,
3015 5641 3173 5699 quam
3215 5624 3487 5682 dormien-

1893 5749 1975 5794 tes
1998 5737 2131 5792 deos
2156 5737 2383 5804 ﬁngere,
2413 5744 2476 5784 ac
2504 5736 2626 5799 post
2650 5739 2898 5780 somnum
2925 5719 3242 5792 vigilantes?

1967 5828 2050 5886 Ad
2090 5826 2228 5885 alios
2254 5841 2360 5882 non
2398 5822 2578 5883 minus
2617 5817 3020 5890 superstitiosos
3047 5814 3323 5886 gentilium
3354 5813 3487 5872 ritus
