3878 6312
421 280 527 335 659

1676 271 2135 331 DISSERTATIO
2180 271 2340 330 PR5
2352 272 2462 329 VIA
3568 278 3652 336 56ft

420 395 501 449 sic
532 393 624 450 ille
655 392 997 464 progreditur
1028 408 1040 444 :
1072 409 1090 442 ι
1121 390 1344 445 Lavatio
1370 388 1532 444 deum
1561 387 1745 442 Matris
1791 397 1874 442 est
1917 387 2018 442 bo-
2049 387 2103 448 Α
2129 386 2243 441 lucc
2282 385 2515 443 absurda
2561 387 2840 458 gentilium
2869 400 3023 443 sacra
3065 387 3144 442 sic
3187 394 3362 456 postea
3396 387 3653 446 irridebat:

420 488 511 544 die
547 508 564 541 ι
605 487 860 560 (Arnob.,
887 488 924 541 ι.
949 501 1042 551 vtt,
1087 502 1140 551 ρ.
1172 482 1324 554 257),
1359 491 1513 540 sexto
1535 483 1742 538 scilicet
1761 481 2021 538 kalendas

419 582 639 652 aprilis,
673 579 1127 650 quemadmodum
1157 577 1242 632 his
1269 576 1536 633 Ammiani
1569 575 1866 630 Marcellini
1897 591 2020 631 ver-

421 675 505 730 bis
557 674 815 728 discimus
860 691 873 726 :
915 691 934 724 ι
994 673 1135 728 Ante
1182 672 1324 728 diem
1380 682 1590 728 sextum
1643 670 1884 735 kalend,
1915 688 2022 742 quo

420 765 609 820 Romae
635 765 786 819 Matri
827 765 1052 820 deorum
1083 779 1293 835 pompa:
1325 766 1670 819 celebrantur
1695 765 1938 831 annales,
1969 774 2022 820 et

416 869 754 928 carpentum,
789 873 895 929 quo
924 858 1138 912 vehitur
1166 857 1550 924 simulacrum,
1591 856 1833 910 Almonis
1865 857 2022 912 undis

329 939 335 948 ’
421 952 568 1005 ἰιιιυί
618 951 931 1022 perhibetur
967 969 986 1002 ι
1029 949 1223 1023 (Amm.
1270 949 1542 1015 Mareell.,
1585 950 1624 1004 ι.
1671 965 1835 1015 xxnt,
1875 965 1922 1003 c.
1963 953 2019 1017 5,

419 1066 472 1119 p.
497 1047 648 1119 555).
680 1047 750 1103 At
781 1063 888 1102 non
938 1047 1113 1102 solum
1161 1047 1305 1100 illius
1357 1055 1693 1116 carpentum,
1724 1045 1818 1099 sed
1849 1047 2020 1114 ipsunt

419 1143 581 1196 etiam
604 1139 746 1195 illius
779 1141 1128 1194 simulacrum
1159 1138 1227 1193 ibi
1262 1139 1426 1192 lavari
1460 1139 1541 1192 liis
1573 1136 1819 1193 versibus
1849 1136 2022 1193 Luca-

419 1248 520 1288 nus
546 1233 745 1288 cecinit
769 1251 781 1285 :

511 1346 636 1396 Tum
659 1348 740 1408 qui
759 1344 857 1394 fata
879 1346 1046 1403 deum,
1073 1350 1368 1408 secretaque
1393 1344 1609 1408 carmina
1632 1348 1852 1401 servant,

512 1410 575 1460 Et
598 1406 748 1460 lotam
772 1422 919 1473 parvo
941 1415 1176 1458 revocant
1199 1406 1406 1456 Almone
1433 1406 1687 1470 Cybelem.

934 1493 1158 1554 (Lucam,
1185 1488 1270 1540 lib.
1299 1504 1314 1540 ι
1340 1487 1595 1551 Plutrsal.,
1622 1501 1734 1554 pag.
1765 1488 1893 1552 121.)

421 1600 648 1657 Brevius
669 1615 799 1654 vero
827 1599 1086 1654 Martialis
1117 1619 1130 1653 :

577 1710 769 1775 Capena
793 1712 960 1773 grandi
987 1717 1144 1775 porta,
1167 1725 1268 1775 Aqua
1297 1710 1418 1775 pluit
1440 1717 1600 1770 gutta,

577 1774 903 1838 Phrygizeque
927 1773 1095 1824 matris
1118 1773 1260 1824 Almo
1283 1773 1377 1836 Qua
1403 1774 1530 1823 lavat
1554 1776 1756 1824 l'errum.

1107 1855 1370 1924 (.llartial.,
1395 1855 1482 1908 lib.
1510 1875 1585 1918 ut,
1611 1856 1770 1924 epigr.
1797 1858 1901 1923 47.)

423 1965 647 2020 Ferrum
673 1966 787 2020 sive
807 1982 1031 2020 sacrum.
1058 1965 1234 2020 Locus
1278 1966 1481 2036 itaque,
1506 1979 1614 2034 quo
1655 1964 1826 2018 Mater
1867 1963 2027 2020 deum

422 2060 710 2130 quotannis
755 2060 1054 2124 lavabatur,
1083 2062 1129 2114 is
1167 2068 1284 2114 erat
1315 2060 1404 2113 ubi
1455 2060 1609 2113 Almo
1657 2058 1874 2124 ﬂuvius,
1905 2069 2029 2115 ante

426 2165 638 2221 portam
660 2155 932 2222 Capenam
957 2155 1008 2208 in
1041 2153 1279 2208 Tiberim
1304 2153 1732 2209 inﬁnit.Videsis
1774 2153 2028 2210 Ovidium

426 2245 496 2316 (l.
523 2260 575 2298 tv
605 2243 838 2309 Fastor.,
870 2265 924 2314 p.
955 2245 1104 2313 580),
1136 2260 1198 2298 ac
1229 2254 1386 2298 notas
1429 2244 1599 2299 Fulvii
1631 2244 1808 2300 Ursini
1833 2246 1884 2300 in
1930 2244 2029 2298 ka-

424 2337 724 2392 lendarium
774 2337 1062 2401 rusticum,
1108 2346 1162 2392 et
1200 2335 1397 2391 Valesii
1445 2337 1496 2390 in
1540 2336 1701 2392 citata
1757 2337 2028 2392 Ammiani

422 2429 586 2484 verba
627 2429 1058 2484 observationes.
1086 2430 1158 2482 At
1200 2427 1409 2497 legendi
1461 2428 1513 2481 in
1557 2429 1744 2496 primis
1783 2428 2028 2482 Pruden-

426 2526 553 2590 tius,
585 2533 747 2594 atque
786 2523 1137 2593 Augustinus,
1171 2522 1260 2590 qui
1294 2521 1633 2592 turpissimos
1678 2520 1900 2592 hujusce
1949 2521 2028 2576 la-

423 2617 659 2671 vationis
703 2615 841 2670 ritus
866 2617 1130 2670 acerrime
1154 2616 1407 2684 exagitat,
1443 2630 1506 2670 ac
1551 2615 1765 2670 tandem
1796 2616 1874 2672 sic
1899 2631 2028 2671 con-

423 2710 594 2765 cludit
627 2728 640 2764 :
679 2689 864 2776 (Qua:
915 2721 1040 2763 sunt
1090 2709 1395 2779 sacrilegia,
1425 2710 1470 2764 si
1511 2710 1614 2764 ista
1663 2722 1790 2764 sunt
1837 2709 2030 2765 sacra?

422 2814 515 2857 aut
555 2818 677 2874 quae
725 2803 1053 2874 inquinatio,
1094 2803 1138 2857 si
1171 2803 1258 2856 illa
1306 2803 1544 2858 lavatio?
1579 2821 1598 2854 ι
1630 2800 1944 2872 (Prudent.,
1977 2805 2029 2856 in

424 2895 649 2966 Martyr.
701 2896 763 2950 S.
811 2894 1070 2962 Romani;
1098 2899 1339 2966 August.,
1393 2896 1431 2948 ι.
1480 2911 1515 2948 ιι
1551 2895 1614 2947 de
1659 2892 1834 2958 Civit.,
1879 2911 1924 2947 ο.
1970 2893 2023 2960 4,

428 3007 482 3057 p.
518 2988 642 3056 54.)
687 2987 853 3042 Recte
903 2989 1062 3057 igitur
1117 2988 1385 3043 Arnobius
1431 2987 1580 3042 dictu
1620 2987 1845 3042 omnino
1899 2986 2029 3040 ridi-

423 3081 604 3136 culum
636 3096 756 3136 esse
783 3083 1064 3137 contendit
1089 3082 1222 3136 deos
1252 3081 1589 3146 sordescere,
1620 3093 1782 3151 atque
1810 3081 1876 3136 ad
1907 3097 2028 3136 sor-

2130 495 2149 530 ι
2174 480 2312 546 Quin
2331 480 2494 534 etiam
2515 494 2696 534 sacras
2722 477 2888 549 dapes
2909 489 3191 549 apparant,
3211 488 3263 534 et
3277 481 3542 550 exquisitas
3561 499 3656 556 epu-

2126 572 2226 638 las,
2266 573 2418 644 quasi
2469 571 2670 643 aliquid
2715 572 2841 628 inde
2881 572 3201 639 delibaturis
3244 571 3460 628 offerunt
3494 595 3510 628 ι
3539 574 3661 648 (Lac-

2127 675 2282 732 tant.,
2310 668 2348 720 l.
2380 682 2428 719 vr
2459 664 2639 719 Instit.
2674 666 2860 730 divin.,
2893 682 2939 720 ε.
2972 666 3024 732 1,
3054 683 3106 737 ρ.
3137 663 3284 735 542).
3355 687 3360 690 ·

2198 757 2376 828 Longe
2407 773 2566 828 porro
2611 759 2739 814 illud
2777 759 3049 813 difﬁcilius
3090 769 3194 824 est,
3245 759 3381 827 quod
3424 759 3660 832 subjungit

2128 851 2399 906 Arnobius
2433 868 2445 904 :
2477 849 2802 916 «Esculapii
2833 852 3041 922 geritur
3083 851 3477 921 celehraturque
3517 853 3663 907 vinde-

2128 945 2232 998 mia
2272 963 2290 995 ι
2331 943 2568 1014 (Arnob,
2596 943 2684 997 lib.
2726 959 2818 1008 vtt,
2855 961 2971 1014 pug.
3005 941 3159 1013 238).
3191 941 3304 996 Non
3335 946 3468 996 enim
3493 942 3551 997 de
3585 945 3666 998 les-

2129 1041 2195 1093 tis
2227 1040 2492 1093 vinalibus
2535 1039 2627 1092 ibi'
2651 1039 2921 1108 loquitur;
2965 1037 3162 1106 quippe
3206 1051 3322 1106 quae
3349 1036 3505 1105 prima
3529 1035 3628 1091 Jovi
3652 1079 3664 1101 ,

2129 1132 2429 1201 posteriora
2454 1130 2654 1186 Veneri
2688 1145 2840 1185 sacra
2886 1129 3051 1184 fuisse
3097 1129 3265 1182 Varro
3294 1168 3308 1192 ,
3347 1120 3541 1190 Festus,
3567 1127 3667 1182 Ovi-

2128 1222 2272 1288 dius,
2306 1223 2507 1293 aliique
2536 1222 2893 1276 testiﬁcantur
2915 1220 3128 1293 (Varr.,
3161 1220 3251 1274 lib.
3282 1236 3313 1274 v
3332 1220 3392 1274 de
3412 1219 3550 1292 Ling.
3574 1221 3666 1287 lat.,

2131 1329 2250 1383 pag.
2310 1314 2382 1368 40
2433 1323 2480 1367 et
2521 1314 2634 1378 50;
2678 1311 2864 1367 Festus
2906 1313 2974 1365 ad
3012 1311 3162 1366 verba
3206 1311 3474 1376 Venus;
3512 1311 3666 1376 υυξάη

2128 1406 2219 1459 lib.
2244 1420 2297 1459 tv
2329 1403 2562 1468 Festum,
2589 1421 2706 1476 pag.
2740 1404 2844 1460 616
2861 1414 2906 1458 et
2936 1421 3070 1472 seqq.
3086 1407 3125 1471 ).
3144 1401 3594 1458 Alobservandunt
3611 1413 3672 1458 est

2130 1499 2234 1554 alia
2275 1498 2441 1554 fuisse
2487 1499 2644 1563 festa,
2676 1515 2796 1568 qua:
2847 1497 3202 1553 Meditrinalia
3247 1497 3590 1561 vocabantur,
3625 1498 3674 1551 de

2130 1591 2325 1661 quibus
2354 1590 2524 1645 Varro
2557 1607 2570 1645 :
2609 1591 2820 1656 «Dies»
2853 1590 3044 1659 inquit,
3106 1608 3124 1640 ‹
3153 1589 3331 1644 dictus
3361 1603 3390 1642 a
3417 1587 3672 1651 medendo,

2129 1686 2273 1756 quod
2305 1696 2361 1740 ut
2391 1685 2616 1740 Flaccus
2645 1685 2840 1740 ﬂamen
2869 1684 3126 1739 Martialis
3147 1683 3379 1749 dicebat,
3403 1683 3494 1738 hoc
3520 1681 3674 1736 dieso-

2061 1783 2108 1844 B
2136 1780 2288 1835 litum
2320 1781 2504 1834 vinum
2535 1795 2756 1846 novum,
2782 1788 2836 1834 et
2864 1789 3018 1833 vetus
3050 1779 3208 1832 libari
3236 1787 3291 1833 et
3317 1778 3566 1848 degustari
3591 1791 3677 1830 me-

2133 1873 2422 1928 dicatnenli
2479 1889 2665 1928 causa.
2707 1873 2861 1942 Quod
2913 1874 3091 1928 facere
3144 1873 3326 1928 solent
3373 1873 3524 1927 etiam
3564 1885 3677 1926 nunc

2134 1970 2310 2032 multi,
2333 1983 2455 2024 cum
2483 1967 2665 2024 dicant
2698 1987 2710 2022 :
2741 1968 2946 2023 Novum
2976 1977 3129 2022 vetus
3162 1969 3346 2022 vinum
3381 1967 3496 2023 bibo
3531 1983 3541 2020 :
3569 1980 3677 2020 noro

2134 2063 2307 2116 veteri
2345 2063 2538 2116 morbo
2567 2061 2790 2116 medeor
2823 2079 2840 2112 ι
2887 2059 3098 2132 (Varr.,
3128 2060 3217 2114 lib.
3249 2076 3282 2113 ν
3321 2061 3381 2113 de
3422 2058 3557 2129 Ling.
3586 2059 3676 2121 lat.,

2135 2170 2256 2224 pag.
2286 2153 2402 2224 51).
2428 2153 2535 2208 Sed
2563 2152 2755 2208 Festus
2783 2195 2797 2220 ,
2838 2155 2925 2223 qui
2970 2152 3086 2206 haec
3114 2153 3301 2206 ultima
3329 2151 3481 2206 verba
3506 2150 3676 2213 retulit,

2134 2246 2488 2302 Meditrinalia
2522 2263 2550 2300 a
2579 2245 2861 2300 Meditrina
2895 2244 2995 2299 dea
3023 2260 3220 2299 nomen
3254 2244 3518 2314 accepisse
3560 2255 3677 2296 asse-

2133 2351 2284 2394 verat
2314 2339 2507 2411 (Fest.,
2537 2341 2604 2394 ad
2633 2340 2766 2393 verb.
2796 2339 3236 2408 MEDITRINALIA).
3287 2336 3582 2392 Plutarchus
3604 2349 3679 2387 au-

2136 2441 2244 2487 tent
2278 2443 2458 2486 narrat
2489 2432 2617 2486 olim
2666 2447 2782 2498 eos,
2830 2433 2918 2501 qui
2947 2432 3129 2495 vinum
3161 2445 3361 2484 novum
3391 2427 3642 2499 gustabant
3662 2465 3674 2486 ,

2135 2538 2257 2579 vota
2303 2524 2534 2588 fecisse;
2594 2533 2650 2577 ut
2682 2525 2826 2577 illius
2855 2539 2982 2578 usus
3012 2524 3274 2578 innoxius
3299 2565 3313 2587 ,
3371 2521 3680 2576 medicamen-

2136 2628 2354 2688 tumque
2401 2617 2638 2672 salutare
2693 2619 2828 2671 l'oret
2857 2615 3160 2685 (Plutarch.
3191 2657 3207 2683 ,
3239 2619 3331 2671 lib.
3379 2615 3676 2686 ulSytttpos.,

2130 2720 2311 2783 qtttESl.
2346 2711 2398 2774 7,
2432 2727 2551 2782 pag.
2589 2710 2743 2780 651).
2777 2709 2976 2766 Verum
3025 2710 3074 2764 id
3111 2710 3244 2764 dicit
3273 2725 3334 2766 ea
3374 2710 3458 2765 die
3487 2708 3677 2767 laetum,

2133 2819 2293 2873 quam
2325 2805 2658 2876 Pithoegiam
2691 2805 3058 2876 appellabant.
3087 2809 3147 2858 At
3182 2805 3287 2860 hoc
3317 2799 3680 2862 festum,utido«

2134 2907 2220 2953 cet
2300 2897 2564 2952 Meursius
2599 2941 2614 2961 ,
2668 2900 2718 2950 in
2765 2897 2975 2951 Bacchi
3044 2898 3306 2952 honorem
3362 2893 3681 2950 celebrabatur

2133 2990 2381 3060 (Meum,
2414 2991 2500 3044 lib.
2535 3007 2549 3044 l
2597 2989 2764 3044 Graec.
2795 2991 3011 3060 feriatae,
3041 3007 3159 3060 pag.
3192 2988 3321 3053 7l9;
3353 2986 3516 3055 Anttq.
3539 2999 3679 3056 gnta,

2133 3093 2255 3139 tom.
2286 3083 2402 3158 vn).
2421 3084 2608 3140 Utrum
2634 3100 2760 3139 vero
2787 3083 3169 3139 medicamenti
3200 3085 3411 3137 ratione
3440 3079 3486 3134 id
3513 3089 3682 3145 quoque

424 3173 521 3228 des
565 3174 824 3228 eluendus
866 3175 1171 3230 lavantibus
1211 3176 1385 3244 aquis,
1441 3186 1496 3230 et
1537 3175 1757 3245 antiqua
1801 3175 2028 3230 ﬁ'ixione
2058 3182 2102 3246 ρ
2135 3175 2448 3245 Ᾱζςριιιίιρὶο
2477 3191 2690 3230 sacrum
2723 3175 2905 3242 fuerit,
2939 3165 3681 3241 alioruntestojudicium.NUS

423 3267 621 3322 cineris
646 3267 906 3336 indigere.

501 3359 635 3414 Tum
666 3359 865 3414 deinde
896 3360 986 3416 ille
1019 3378 1030 3414 :
1067 3380 1085 3412 ι
1122 3359 1294 3426 Jovis,
1337 3379 1354 3412 ι
1386 3360 1558 3430 inquit
1585 3360 1829 3427 (Arnob.,
1859 3362 1894 3416 l.
1932 3378 2023 3428 vtt,

427 3466 481 3518 p.
509 3450 662 3520 258),
703 3470 722 3503 ι
767 3453 980 3520 epulum
1031 3467 1150 3508 cras
1195 3464 1308 3519 est,
1347 3471 1366 3506 ι
1399 3454 1652 3506 nimirum
1701 3453 1877 3516 idibus
1927 3471 2025 3510 ιιυ-

428 3542 685 3608 venibris,
729 3545 801 3598 uti
836 3545 885 3597 in
919 3543 1242 3600 Kalettdario
1288 3545 1488 3600 rustico
1535 3555 1842 3599 aunotatur.
1875 3546 2024 3601 llaud

429 3650 558 3690 vero
605 3637 918 3706 infrequens
966 3637 1122 3707 hujus
1169 3638 1310 3707 epuli
1353 3637 1494 3706 apud
1527 3638 1704 3692 varios
1735 3638 2026 3706 scriptores

427 3728 653 3783 mentio.
679 3729 832 3798 Apud
863 3731 1068 3784 Livium
1097 3729 1362 3798 siquidem
1389 3730 1502 3783 inec
1531 3729 1727 3782 alicubi
1757 3729 1981 3799 legimus
2009 3749 2022 3784 :

429 3839 449 3872 ι
481 3820 616 3876 Ludi
647 3822 836 3891 plebeii
864 3839 956 3893 per
982 3824 1199 3878 biduum
1228 3823 1529 3889 instaurati,
1558 3823 1781 3878 etJovis
1806 3825 2022 3894 epulum

423 3915 527 3972 fuit
553 3917 796 3972 ludorum
825 3933 986 3972 causa
1012 3935 1032 3969 ι
1059 3917 1218 3985 (Liv.,
1256 3918 1292 3972 l.
1332 3933 1461 3985 xxv,
1504 3934 1552 3972 ο.
1594 3917 1650 3984 2,
1689 3927 1736 3970 et
1777 3918 1815 3970 l.
1851 3934 2021 3986 xxvtt,

428 4030 476 4065 c.
498 4012 589 4079 56,
612 4023 658 4067 et
675 4015 712 4067 ι.
737 4028 923 4076 xxxnt,
947 4029 992 4066 c.
1016 4012 1131 4083 42).
1160 4012 1227 4066 Ει
1250 4027 1463 4066 rursum
1489 4012 1614 4066 alibi
1641 4011 1780 4066 idem
1806 4013 2020 4082 repetit.

422 4104 615 4161 Cicero
646 4115 825 4159 autem
872 4105 1029 4160 docet
1060 4105 1162 4160 hoc
1190 4104 1409 4174 epulare
1437 4104 1793 4168 Sacriﬁcium,
1826 4114 1882 4158 et
1914 4113 2024 4159 tres

423 4200 705 4268 epulones,
764 4200 854 4270 qui
908 4199 956 4252 ei
1010 4207 1326 4270 prmessent,
1373 4213 1403 4250 a
1455 4197 1626 4252 Numa
1679 4197 1955 4252 institutos
2006 4217 2020 4252 :

430 4311 449 4344 ι
484 4293 773 4349 Pontiﬁces
803 4304 1037 4359 veteres,
1067 4312 1088 4345 ›
1116 4293 1306 4362 inquit,
1338 4311 1356 4343 ι
1392 4302 1610 4362 propter
1629 4290 2022 4348 sacriﬁciorum

424 4387 820 4442 multitudinem
868 4395 978 4442 tres
1023 4386 1166 4440 viros
1218 4385 1489 4454 Epulunes
1535 4399 1657 4438 esse
1712 4383 2018 4451 voluerunt,

421 4496 546 4535 cum
572 4493 754 4536 essent
782 4482 882 4551 ipsi
909 4498 937 4534 a
963 4480 1156 4544 Numa,
1187 4490 1242 4533 ut
1271 4480 1432 4534 etiam
1462 4478 1589 4533 illud
1615 4478 1865 4532 ludorum
1889 4493 2017 4545 epu-

2136 3284 2297 3338 porro
2327 3286 2432 3323 non
2457 3269 2607 3339 l‘ugit,
2645 3285 2809 3322 unum
2832 3268 2899 3320 ab
2921 3267 3268 3322 Theodorelo
3289 3263 3573 3334 Esculapii
3594 3262 3680 3315 les-

2135 3370 2245 3414 tutn
2295 3362 2490 3420 notari.
2533 3361 2672 3430 quod
2717 3361 2810 3414 ille
2851 3359 3130 3418 ’Δσκλήπια
3173 3351 3682 3429 Cagnontinat(Tlteo-

2133 3458 2273 3520 dor.,
2301 3472 2452 3508 serm.
2475 3455 2528 3519 5,
2564 3456 2624 3507 de
2656 3455 2902 3521 similia,
2933 3466 3055 3507 tom.
3080 3470 3152 3517 tv,
3188 3471 3314 3525 pag.
3347 3450 3492 3522 583).
3522 3449 3612 3504 Sed
3633 3447 3680 3498 il-

2134 3547 2222 3600 lud
2258 3547 2395 3600 idem
2445 3546 2610 3600 fuisse
2640 3559 2799 3614 atque
2831 3545 3129 3614 Esculapii
3160 3546 3483 3601 vindemiam
3510 3543 3549 3597 si
3570 3546 3681 3595 recte

2132 3639 2465 3707 probaveris,
2499 3638 2589 3691 tibi
2625 3639 2767 3692 illico
2796 3639 3222 3692 subscribcmus.

2201 3730 2471 3786 Cmterum
2533 3731 2810 3786 Arnobius
2840 3729 3121 3785 evidenter
3147 3730 3387 3787 ostendit
3430 3731 3536 3784 haec
3577 3726 3680 3778 deo-

2132 3840 2269 3889 rum,
2295 3825 2382 3894 qui
2412 3825 2595 3879 vineas
2621 3826 2802 3878 colere
2830 3823 2964 3878 falso
2991 3823 3358 3879 credebantur
3384 3867 3398 3890 ,
3431 3824 3574 3883 festa,
3598 3825 3682 3870 tam

2128 3921 2502 3990 superstitiose
2553 3920 2859 3982 celebrari,
2915 3936 3074 3989 quam
3125 3921 3485 3975 lectisternium
3524 3913 3682 3971 Cereris

2130 4014 2368 4085 (Aruob.,
2401 4014 2487 4068 lib.
2518 4031 2611 4079 vn,
2645 4032 2763 4082 pag.
2796 4013 2948 4085 238).
2977 4014 3042 4069 Et
3073 4030 3130 4069 re
3147 4015 3366 4085 quidem
3396 4030 3512 4069 vera
3539 4017 3680 4068 erant.

2131 4115 2188 4160 ut
2211 4107 2585 4176 aitApuleius,
2623 4126 2640 4157 ι
2677 4118 2730 4161 et
2748 4106 3082 4175 publicarum
3107 4106 3388 4176 epularum
3412 4111 3679 4174 apparatus,

2128 4208 2182 4254 et
2207 4200 2529 4254 lectisternia
2560 4200 2806 4266 deorum,
2837 4210 2890 4254 et
2916 4200 3034 4255 dies
3059 4199 3178 4254 festi
3218 4221 3237 4253 ι
3268 4201 3472 4270 (Apul.,
3503 4193 3682 4252 tibide

2131 4291 2314 4346 biund.
2343 4334 2357 4357 ,
2392 4309 2512 4364 pag.
2544 4292 2700 4361 409).
2728 4291 2786 4344 In
2823 4293 3037 4361 templis
3067 4293 3332 4363 siquidem
3369 4311 3387 4344 ι
3419 4291 3553 4351 lecti,
3578 4306 3594 4338 ι
3619 4285 3684 4337 in-

2127 4388 2241 4456 quit
2284 4387 2614 4458 Augustinus
2648 4431 2663 4455 ,
2714 4407 2733 4440 t
2763 4389 3144 4443 sternebantur
3193 4391 3246 4442 in
3303 4390 3555 4441 honorem
3581 4380 3683 4435 deo-

2127 4494 2266 4546 rum,
2299 4482 2436 4534 uncle
2479 4481 2582 4535 hoc
2630 4497 2865 4544 sacrum,
2907 4483 2990 4536 vel
3027 4481 3205 4551 potius
3252 4479 3578 4549 sacrilegium
3607 4487 3683 4527 tto-

417 4574 537 4628 lare
562 4573 884 4630 sacriﬁcium
918 4577 1175 4635 lacerent,
1224 4570 1456 4627 instituti
1488 4589 1507 4624 ι
1542 4569 1752 4638 (Cicer.,
1784 4571 1823 4624 ι.
1867 4586 1924 4624 ιιι
1955 4571 2018 4624 de
2047 4582 2099 4642 ι)
2125 4585 2248 4624 men
2299 4579 2505 4639 accepit
2538 4592 2555 4623 ι
2604 4575 2875 4644 (.-lugust.,
2905 4573 2993 4627 lib.
3028 4588 3083 4628 ιιι
3123 4575 3187 4626 de
3229 4571 3404 4638 Civit.,
3455 4586 3560 4639 cap.
3605 4564 3680 4629 17,

425 4663 600 4731 0rut.,
625 4682 680 4732 ρ.
711 4667 836 4733 187,
856 4667 950 4719 lin.
969 4665 1082 4735 50).
1108 4665 1292 4720 Livius
1313 4674 1489 4719 autent
1511 4663 1842 4718 Triumviros
1871 4664 2014 4733 Epu-

427 4759 580 4814 lones
599 4758 830 4828 primum
857 4758 1046 4813 Roma:
1067 4774 1096 4812 a
1118 4759 1424 4819 liontuleio,
1449 4773 1544 4812 seu
1563 4757 1835 4820 liomulio,
1860 4771 2017 4812 crea-

426 4863 510 4907 tos
556 4851 723 4906 fuisse
769 4851 934 4906 tradit
983 4850 1147 4921 (Liu,
1187 4853 1224 4905 ι.
1278 4867 1464 4915 χχχιιι,
1497 4867 1542 4903 c.
1591 4849 1705 4920 4:2).
1739 4851 1814 4904 De
1858 4850 1922 4905 iis
1965 4859 2019 4906 et

423 4944 573 4999 lovis
615 4945 775 5013 epulo
807 4942 1052 4998 Valerius
1098 4942 1395 5010 Maximus,
1425 4941 1789 4997 Tertullianus
1827 4953 1880 4996 et
1925 4942 2017 4996 alii

417 5051 730 5091 sermonem
776 5036 1065 5091 fecerunt:
1101 5035 1194 5090 sed
1240 5035 1308 5090 de
1347 5035 1441 5088 illo
1490 5035 1644 5104 plura
1690 5034 2014 5108 Gutlterius,

417 5145 576 5199 quem
621 5131 771 5185 adire
815 5130 1018 5200 poteris
1060 5124 1213 5197 (Val.
1255 5127 1426 5192 Musa,
1472 5129 1509 5182 ι.
1554 5144 1612 5194 ιι,
1645 5145 1692 5182 c.
1737 5128 1789 5196 1,
1824 5115 1852 5200 ς
1884 5129 1938 5195 5,
1970 5140 2017 5184 et

409 5229 449 5281 ι.
480 5241 557 5291 Iv,
601 5242 651 5294 p.
679 5223 735 5290 2,
768 5223 795 5295 §
826 5226 887 5288 5;
919 5223 1249 5287 Tertullian.,
1285 5221 1526 5293 Apolog.,
1556 5239 1602 5276 c.
1633 5223 1734 5288 i5;
1769 5223 2013 5291 (iumen,

411 5319 450 5370 Ι.
484 5333 535 5371 tv
562 5318 626 5370 de
663 5315 773 5370 νει.
797 5313 1176 5387 1ητε,Ροηιὶ[.,
1209 5331 1257 5367 c.
1290 5315 1409 5384 ‘25).
1435 5315 1625 5370 Nonne
1651 5331 1780 5386 ergo
1823 5315 2012 5385 deplo-

412 5407 580 5464 randa
607 5424 831 5479 prorsus
861 5417 977 5464 erat
1005 5410 1222 5462 cazcitas
1249 5407 1553 5476 gentilium,
1578 5408 1667 5477 qui
1695 5407 1839 5463 serio
1867 5409 2015 5463 dice-

412 5504 542 5557 bant
570 5503 754 5557 Jovem
784 5504 990 5574 magnis
1020 5501 1232 5572 impleri
1260 5500 1508 5568 dapibus,
1548 5511 1643 5554 aut
1672 5511 1722 5554 ut
1752 5503 1826 5554 ait
1858 5500 2014 5558 Vale-

410 5594 523 5647 rius
563 5593 824 5650 Maximus
853 5595 959 5664 (ubi
995 5595 1198 5665 supra),
1236 5593 1286 5646 in
1332 5591 1608 5656 lectulum,
1635 5607 1700 5647 ac
1745 5593 2014 5649 lunonem

407 5695 462 5739 et
487 5685 775 5740 Minervam
809 5687 862 5742 ιιι
893 5686 1060 5742 cellas
1096 5686 1162 5741 ad
1201 5700 1409 5741 caenam
1452 5684 1703 5740 lnvitari‘t
1731 5686 2014 5758 Quaprop-

393 5785 483 5829 ter
505 5775 838 5847 Lactantius,
861 5777 1151 5834 Arnobium
1176 5773 1566 5849 praeceptorem
1587 5793 1743 5833 suum
1766 5791 2010 5849 secutus,

2124 4681 2245 4734 pag.
2277 4664 2392 4733 71).
2429 4665 2664 4720 Primum
2694 4678 2872 4721 autent
2907 4667 3321 4732 leCIisternium,
3358 4675 3493 4721 teste
3521 4660 3680 4723 Livio.

2123 4758 2308 4812 Roma:
2339 4756 2536 4812 factum
2567 4768 2648 4813 est
2677 4801 2692 4824 ,
2726 4761 2790 4813 ad
2823 4771 3029 4832 pestem
3053 4771 3242 4815 aastate
3266 4769 3587 4832 grassantem
3615 4766 3682 4805 se-

2124 4848 2356 4904 dandam
2386 4892 2401 4916 ,
2458 4860 2742 4920 postquam
2789 4853 3258 4906 senatusconsulto
3303 4853 3422 4906 libri
3471 4839 3678 4918 Sibyllini

2123 4945 2251 4998 aditi
2285 4956 2412 4998 sunt
2449 4964 2460 4999 :
2501 4963 2518 4995 ι
2554 4943 2828 4998 Dnumviri
2861 4943 3030 4998 sacris
3056 4985 3068 5005 ,
3103 4946 3295 5015 inquit,
3330 4941 3578 4999 faciundis
3607 4948 3680 5004 per

2123 5039 2237 5092 dies
2261 5048 2385 5092 octo
2419 5039 2721 5107 Apollinem
2750 5079 2764 5103 ,
2814 5037 3202 5108 Latonamque,
3235 5047 3287 5092 et
3315 5039 3546 5100 Dianam,
3568 5028 3654 5084 Her

2121 5135 2318 5198 culem,
2371 5133 2714 5198 Mercurium,
2749 5143 2911 5204 atque
2937 5131 3262 5203 Neptunum,
3296 5133 3464 5188 tribus
3487 5171 3500 5194 ,
3545 5137 3676 5196 quam

2120 5225 2455 5294 amplissime
2484 5236 2593 5280 ttttn
2624 5227 2796 5294 parari
2833 5237 3064 5296 poterat,
3094 5227 3279 5281 stratis
3310 5225 3498 5290 lectis,
3530 5220 3656 5292 placa

2118 5333 2243 5372 vere
2275 5338 2287 5368 ι
2327 5317 2486 5386 (Liv.,
2519 5317 2610 5370 lib.
2641 5334 2694 5384 v,
2724 5335 2839 5386 cup.
2878 5318 2992 5388 15).

2194 5411 2327 5464 Tum
2402 5411 2600 5466 deinde
2685 5411 3013 5469 lectisternia
3087 5411 3511 5483 lrequentissime
3562 5404 3674 5459 facil

2121 5507 2316 5572 fuisse,
2340 5507 2460 5576 quis
2485 5505 2696 5560 nescire
2725 5515 2899 5576 potest
2930 5508 2952 5560 ?
2984 5506 3062 5561 Ex
3097 5507 3200 5562 illis
3229 5518 3405 5561 autem
3433 5499 3672 5560 omnibus,

2120 5603 2249 5658 illud
2280 5614 2481 5658 tantum
2514 5603 3063 5658 contmcmorahimns
3083 5646 3097 5670 ,
3128 5604 3195 5659 de
3225 5619 3329 5674 quo
3357 5601 3492 5656 idem
3520 5593 3674 5651 Livi!”

2120 5696 2190 5750 ita
2237 5695 2490 5763 loquitur.
2521 5694 2654 5749 Cum
2705 5696 2935 5749 Annibal
2975 5711 3132 5767 agros
3160 5696 3326 5752 Italia:
3353 5689 3672 5764 dchpulare-

2121 5798 2225 5858 tur,
2265 5793 2521 5861 inSpeetis
2561 5791 2836 5861 Sybillinis
2863 5792 3054 5860 libris,
3107 5808 3171 5849 ac
3220 5801 3343 5848 voto
3372 5790 3470 5846 rite
3493 5793 3667 5840 nuncu-
