3878 6312
190 286 270 347 681

1309 281 1377 339 ΙΝ
1433 280 1817 349 ABNOBIUI,
1861 281 2018 339 CAP.
2066 280 2238 339 XXV.

3341 274 3448 332 662

188 416 290 480 pato
313 420 327 458 :
352 422 370 457 r
391 400 792 458 lectisternium
816 445 833 470 ,
871 422 895 456 ι
925 402 1002 458 ait
1030 401 1121 459 ille
1144 399 1207 469 ,'s
1220 415 1314 472 per
1333 399 1737 458 triduumbabi—
1764 405 1821 464 Α
1842 402 2049 458 eiurare
2071 440 2087 469 ,
2144 416 2241 458 seu
2270 403 2640 474 grammeticae
2684 402 2831 473 leges
2850 443 2866 469 ,
2896 407 2988 456 aut
3019 397 3344 456 rhetoricam
3386 407 3445 453 et

189 512 298 563 tum,
321 495 623 553 decemviris
670 509 951 553 sacrorum
979 495 1297 551 curantibus
1323 508 1453 550 :sex
1478 494 1730 564 pulvina-

187 595 249 652 ria
270 594 313 648 in
336 599 610 661 conspectu
637 587 788 646 fcere
816 631 832 655 ,
868 588 989 645 Jovi
1030 599 1085 645 et
1121 587 1316 644 lunoni
1350 603 1514 644 unum
1538 630 1554 652 ,
1598 587 1733 642 alte-

188 700 286 741 rum
329 682 560 752 Neptuno
589 696 653 737 ac
680 681 957 748 Minerva,
987 681 1207 739 tertium
1234 680 1388 737 Marti
1420 691 1475 733 et
1500 679 1697 735 Veneri
1715 721 1731 744 ,

184 787 395 848 quartum
438 774 670 844 Apollini
719 790 785 831 ac
832 775 1016 833 Dianae
1046 817 1063 841 ,
1093 775 1339 843 quintum
1384 773 1627 830 Vulcano
1668 787 1734 828 ac

184 871 367 936 Vesus.
412 880 619 929 sextum
664 869 932 927 Mercurio
987 884 1052 925 ac
1097 867 1283 925 Cereri
1319 888 1339 922 ι
1378 867 1594 937 (Idem,
1641 867 1730 923 lib.

181 979 292 1024 nu.
313 960 341 1034 §
368 961 472 1031 l0).
502 961 666 1019 Vides
707 972 860 1019 certe
906 962 960 1017 in
1004 961 1091 1017 bis
1125 961 1475 1018 lectisterniis
1503 959 1634 1015 deos
1678 959 1733 1014 in

181 1054 310 1113 lectis
335 1063 385 1113 et
413 1054 776 1123 pulvinaribus
820 1054 1135 1137 collocatos,
1172 1065 1229 1111 et
1256 1055 1397 1121 illis,
1433 1064 1491 1109 ut
1529 1053 1732 1108 malum

180 1146 359 1217 aliquod
385 1154 712 1212 averterent,
746 1148 1127 1217 supplicatum.
1163 1147 1435 1201 Arnobius
1466 1160 1597 1201 vero
1621 1142 1732 1200 Ce—

180 1240 291 1296 reris
333 1249 526 1295 tantum
580 1240 850 1308 meminit,
897 1239 997 1297 sed
1035 1240 1275 1311 exempli
1310 1254 1496 1296 causa.
1546 1238 1735 1307 Neque

179 1334 297 1389 enim
343 1336 390 1389 ei
423 1334 523 1389 soli
566 1333 960 1395 lectisternium
999 1332 1196 1389 factum
1230 1333 1397 1390 fuisse
1441 1332 1733 1404 signiﬁcat.

179 1427 495 1483 Ethnicorum
550 1443 682 1483 vero
725 1429 991 1485 insaniam
1030 1428 1151 1497 iure
1195 1428 1392 1485 merito
1420 1426 1734 1496 redarguit,

178 1531 224 1575 ut
239 1528 347 1591 pote
366 1521 453 1589 qui
480 1520 617 1576 deos
642 1536 771 1575 suos
792 1537 879 1586 eo,
912 1536 1023 1591 quo
1044 1521 1308 1585 diximus,
1327 1520 1491 1576 modo
1521 1521 1575 1576 in
1597 1520 1738 1577 mol-

178 1612 292 1669 libus
312 1613 457 1669 lectis
513 1623 573 1668 et
621 1614 992 1685 pulvinaribus
1029 1613 1205 1683 palam
1229 1628 1293 1669 ac
1322 1613 1533 1683 publice
1555 1612 1741 1669 stratis

176 1706 343 1763 cubare
369 1707 751 1777 opinabantur.

232 1798 453 1869 Denique
481 1800 575 1855 ille
614 1799 775 1859 simili
808 1798 971 1870 plane
997 1797 1160 1861 modo
1187 1798 1325 1853 alios
1348 1797 1600 1854 exsibilat
1644 1812 1743 1853 ex-

179 1892 414 1964 ploditque
457 1892 630 1949 festos
671 1893 821 1959 dies,
850 1907 986 1963 quos
1014 1900 1234 1963 propter
1258 1891 1484 1948 deorum
1515 1906 1743 1947 suerunt

177 1988 345 2045 natales
362 1989 641 2047 celebrare
667 1990 1009 2045 ethnicorum
1040 2002 1157 2047 mos
1177 1997 1315 2045 erat.
1346 1986 1521 2043 Unico
1542 1995 1729 2043 autem

178 2080 368 2137 Telluris
394 2082 668 2153 exernplo,
695 2093 926 2138 caeteros
949 2095 1141 2139 omnes
1161 2079 1500 2136 damnandos
1517 2092 1640 2135 esse
1668 2079 1741 2133 ita

183 2173 372 2231 ostendit
403 2191 416 2229 :
476 2192 497 2225 ι
529 2173 764 2229 Telluris
811 2172 1003 2229 natalis
1044 2180 1146 2228 est.
1184 2172 1264 2226 Dii
1303 2172 1448 2227 enim
1475 2186 1541 2226 ex
1570 2168 1743 2225 uteris

181 2266 423 2336 prodeunt,
450 2276 511 2323 et
550 2266 751 2323 habent
777 2266 894 2323 dies
910 2267 1086 2330 laetos,
1114 2265 1311 2335 quibus
1345 2264 1427 2320 eis
1445 2267 1742 2332 ascriptum

176 2368 240 2413 est
260 2374 430 2415 auram
458 2375 728 2429 usurpare
770 2358 985 2415 vitalem
1029 2377 1049 2411 ι
1089 2357 1330 2430 (Arnob.,
1360 2357 1448 2411 lib.
1485 2372 1589 2421 vn,
1615 2372 1741 2426 pag.

175 2449 382 2522 258).At
405 2467 516 2508 non
549 2453 708 2509 unius
736 2460 939 2509 tantum
972 2450 1209 2507 Telluris
1237 2450 1429 2505 natalis
1454 2448 1603 2514 dies,
1646 2447 1743 2505 sed

174 2543 405 2599 variorum
432 2560 654 2616 quoque
675 2544 923 2612 deorum,
947 2539 1030 2599 uti'
1052 2542 1328 2607 Mercurii,
1356 2541 1610 2597 Minerva:
1636 2581 1649 2605 ,
1681 2548 1740 2594 et

172 2631 293 2693 lovis
331 2636 656 2705 Ammonis,
699 2639 753 2693 in
803 2639 973 2695 veteri
1007 2645 1263 2693 notantur
1289 2635 1650 2700 Kalendario,
1687 2635 1742 2689 in

172 2728 292 2798 quod
340 2730 618 2788 Lambecii
657 2740 814 2787 notas
865 2732 1045 2802 legere
1074 2731 1300 2802 poteris.
1332 2727 1486 2785 Unde
1514 2727 1743 2784 Lactan-

173 2820 258 2879 tius
283 2841 296 2879 :
332 2842 350 2876 ι
376 2824 654 2883 Ludorum
682 2866 697 2891 ,
735 2844 755 2876 ι
785 2825 957 2895 inquit
983 2866 998 2890 ,
1049 2842 1068 2876 ‹
1096 2820 1491 2881 celebrationes
1519 2820 1744 2875 deorum

173 2915 285 2977 festa
324 2930 479 2986 sunt;
526 2918 794 2992 siquidem
835 2919 906 2974 ob
930 2918 1138 2975 natales
1163 2932 1353 2973 eorum
1402 2915 1486 2970 vel
1519 2914 1749 2984 templo-

173 3023 269 3066 rum
296 3026 559 3071 novorum
612 3011 980 3069 dedicationes
1018 3020 1145 3069 sunt
1194 3009 1474 3069 constituti
1520 3027 1540 3061 ι
1588 3006 1747 3076 (Lao-

173 3106 407 3173 tattt.,lib.
428 3123 506 3175 vr,
538 3122 655 3178 cap.
686 3107 774 3169 l9,
803 3122 922 3176 pag.
953 3102 1107 3176 621).

228 3197 379 3257 Recte
429 3215 567 3274 ergo
610 3200 883 3256 Arnobius
914 3198 1333 3255 insulsissimum
1388 3195 1540 3251 illum
1566 3197 1745 3266 genti-

173 3290 280 3348 lium
320 3311 529 3353 morem
587 3312 695 3351 non
741 3295 860 3375 sine
908 3296 1099 3351 merita
1150 3294 1400 3349 irrisione
1434 3294 1745 3349 insectatur.

172 3382 283 3440 Nam
306 3390 393 3460 qui
421 3388 558 3445 deos
579 3388 886 3460 aliquando,
912 3388 1089 3445 aiebat
1110 3388 1221 3454 ille,
1238 3402 1345 3443 non
1364 3386 1635 3443 exstitisse
1658 3427 1672 3449 ,
1695 3396 1752 3442 et

174 3493 229 3533 ex
264 3480 373 3537 aliis
406 3492 563 3539 ortos
593 3481 866 3547 dicebant,
898 3482 952 3536 hi
979 3480 1232 3547 eosdem,
1267 3493 1323 3536 ut
1341 3480 1469 3536 alibi
1498 3494 1622 3536 cum
1652 3494 1750 3534 eo-

173 3571 277 3630 dem
320 3586 547 3633 auctore
584 3586 774 3633 nostro
818 3577 1175 3635 invictissime
1212 3576 1704 3635 demonstravimus
1731 3615 1748 3641 ,

174 3685 261 3726 non
286 3688 457 3740 veros,
479 3674 581 3731 sed
608 3673 794 3738 falsos,
826 3674 1329 3742 commentitiosque
1351 3671 1485 3727 deos
1501 3685 1624 3726 esse
1647 3686 1747 3726 ne-

174 3766 385 3819 cessario
403 3764 832 3822 conﬁtebantur.
864 3766 996 3833 Quis
1027 3766 1189 3836 igitur
1214 3764 1276 3822 iis
1312 3763 1564 3819 omnibus
1589 3806 1602 3827 ,
1630 3777 1751 3833 qua

174 3854 411 3915 hactenus
442 3861 717 3931 disputata
745 3870 889 3926 sunt,
918 3861 1016 3915 rite
1039 3860 1294 3930 expensis
1313 3900 1326 3921 ,
1349 3859 1491 3915 ultro
1521 3873 1626 3913 non
1672 3857 1751 3913 fa-

176 3951 349 4006 tebitur
370 3953 709 4009 solemnibus
735 3953 1014 4024 gentilium
1041 3953 1216 4017 festis,
1266 3953 1437 4007 sacris
1464 3960 1519 4007 et
1546 3959 1751 4021 myste—

175 4043 255 4099 riis
279 4046 513 4104 funditus
546 4047 720 4104 everti
751 4048 964 4102 illorum
989 4048 1231 4101 omnium
1263 4086 1279 4106 ,
1328 4047 1378 4099 in
1400 4059 1628 4114 quorum
1652 4045 1752 4097 ho-

174 4150 341 4196 norem
371 4143 672 4213 agebantur
693 4181 709 4209 ,
737 4141 1035 4212 jactitatam
1062 4142 1132 4197 ab
1152 4139 1343 4197 iisdem
1358 4138 1649 4210 gentilibus
1675 4137 1756 4193 di-

175 4231 471 4291 ῆωωωωῖ

739 4327 963 4385 CAPUT
993 4327 1158 4385 XXV.

319 4444 490 4511 Quam
518 4446 705 4517 exigua
734 4455 779 4500 et
807 4444 955 4499 exilis
980 4446 1045 4498 sit
1077 4442 1334 4497 hominum
1362 4441 1585 4495 scientia.

696 4572 986 4615 ARTICULUS
1015 4572 1221 4612 PRIMUS.

177 4669 313 4731 Quam
333 4689 486 4739 pauca
510 4677 656 4725 homo
674 4675 817 4739 sciat,
835 4678 981 4738 eique
1006 4687 1117 4723 esse
1138 4676 1494 4739 incompertum
1514 4672 1631 4739 quid
1654 4674 1760 4739 ipse

231 4740 305 4795 sit,
324 4734 567 4802 quomodo
587 4746 640 4788 et
660 4738 854 4801 quando
868 4734 1216 4802 siutinsomuia
1237 4750 1251 4795 ;
1270 4734 1511 4802 quomodo
1523 4734 1760 4802 liatyiéio,

232 4810 279 4865 et
300 4796 442 4863 sapor
467 4796 799 4865 percipiatur;
824 4814 910 4849 cur
938 4799 1018 4865 pili
1043 4796 1319 4865 canescant,
1344 4804 1395 4865 et
1417 4796 1581 4865 oleum
1607 4798 1763 4865 liquo-

232 4860 366 4912 ribus
382 4860 479 4912 non
504 4860 794 4915 misceatur:
820 4873 907 4911 cur
930 4860 1121 4910 animus
1162 4862 1207 4908 in
1244 4860 1393 4920 aegris
1430 4862 1495 4907 sit
1528 4872 1685 4920 aeger,
1710 4862 1763 4909 in

231 4924 336 4977 aliis
355 4927 580 4985 stolidus,
609 4933 688 4975 aut
714 4926 931 4989 delirus;
958 4925 1143 4989 etquis
1164 4924 1375 4989 partium
1408 4925 1561 4971 nostri
1586 4935 1762 4985 corpo-

234 4988 297 5038 ris
317 4990 454 5048 situs,
481 5001 540 5038 ac
555 5003 783 5054 quorsum
802 4985 920 5037 ‘bzec
944 4985 1192 5039 Amullius
1210 4986 1409 5035 dixerit.

245 5090 315 5147 Ea
342 5104 455 5149 erat
480 5093 821 5149 ethnicorum
845 5092 1045 5147 insulsa
1069 5091 1224 5161 plane
1246 5087 1446 5161 opinio,
1471 5104 1572 5158 qua
1595 5087 1765 5144 chris-

186 5182 346 5241 tianos
383 5201 574 5241 omnes
616 5187 865 5241 indoctos
889 5185 1108 5239 omnino
1137 5224 1153 5248 ,
1187 5183 1383 5237 idiotas
1407 5224 1422 5249 ,
1454 5191 1507 5236 et
1536 5180 1765 5236 illitera-

185 5281 281 5347 tos,
328 5286 387 5332 ut
437 5276 669 5334 vidimus
691 5276 934 5349 (Dissert.
962 5277 1015 5330 in
1040 5275 1260 5340 Minue,
1292 5290 1407 5345 cap.
1435 5273 1489 5340 ὅ,
1523 5286 1621 5327 art.
1656 5275 1721 5344 l)
1752 5316 1767 5341 ,

183 5384 241 5426 se
285 5387 409 5429 vero
460 5373 609 5429 omni
672 5373 1017 5429 scientiarum
1070 5385 1269 5440 genere
1322 5368 1769 5424 instructissimos

190 5476 302 5519 esse
346 5477 451 5520 tam
500 5465 635 5522 falso
665 5509 680 5533 ,
725 5481 884 5537 quam
912 5463 1170 5519 audacter
1195 5462 1560 5517 venditabant.
1593 5461 1771 5518 Variis

193 5554 363 5629 itaque
413 5561 681 5616 rationum
724 5557 1079 5616 ﬁrmamentis
1106 5573 1297 5612 vanam
1344 5555 1487 5611 illam
1532 5566 1770 5610 ostenta-

197 5650 383 5707 tionem
416 5653 681 5708 Arnobius
713 5661 900 5708 noster
930 5648 1534 5723 retundit(Arnob.,lib.
1565 5665 1624 5716 ll,
1651 5666 1768 5721 pug.

197 5743 283 5816 45)
308 5788 321 5811 ,
348 5761 410 5802 ac
440 5750 682 5817 proterit.
712 5747 866 5804 Unda
914 5748 1058 5802 enim
1085 5790 1099 5814 ,
1133 5745 1304 5816 inquit
1330 5787 1344 5812 ,
1378 5743 1466 5799 illa
1495 5744 1771 5814 gloratio?

201 5832 331 5894 llum
354 5840 474 5910 quia
494 5842 655 5923 verba
682 5849 738 5897 et
783 5839 999 5896 nomina
1025 5854 1119 5911 per
1135 5850 1293 5895 casus
1320 5850 1385 5894 ac
1404 5847 1645 5908 tempora
1671 5835 1770 5893 de-

1834 496 2175 551 dialecticam
2206 498 2450 567 apprime
2481 497 2765 552 noverant?
2788 494 2978 570 (Ibid.,
3004 511 3125 566 pag.
3147 493 3217 550 55
3235 502 3283 546 et
3306 490 3438 564 seq.)

1838 589 1948 646 Sed
2000 603 2123 658 qua:
2172 588 2302 643 inde
2349 591 2450 644 nisi
2503 592 2684 661 pueris
2712 604 2849 642 vana
2909 588 3148 643 scientia:
3170 585 3441 655 jactatio?

1835 681 1976 738 Num
2006 682 2132 752 quia
2163 682 2356 737 animae
2377 698 2565 738 eorum
2598 683 2684 739 vel
2710 682 2776 737 ab
2817 683 2930 753 ipsa
2967 696 3061 736 sua
3087 680 3297 750 origine
3323 678 3447 733 aliis

1836 774 2174 845 quibuslibet
2191 775 2433 828 scientiis
2453 784 2509 830 et
2532 775 2794 829 doctrinis
2821 773 3038 828 imbutas
3068 770 3317 827 fuerunt?
3335 770 3443 827 Sed

1838 866 1985 923 hunc
1999 880 2246 921 errorem
2263 866 2394 920 satis
2423 867 2490 920 ab
2512 865 2630 936 ipso
2660 865 2901 920 Arnobio
2922 864 3252 920 confutatam
3280 862 3449 918 fuisse

1838 960 2172 1017 ostendimus
2204 961 2412 1032 (Supra,
2441 978 2559 1031 cap.
2586 961 2641 1024 9,
2666 970 2768 1013 art.
2795 958 2871 1031 1).
2900 961 3035 1014 Nunt
3050 960 3174 1030 quia
3192 959 3446 1014 scientias

1839 1064 1896 1110 et
1918 1064 2065 1107 artes
2103 1054 2291 1109 labore
2319 1064 2374 1107 et
2397 1053 2785 1108 exercitatione
2821 1052 3308 1123 comparaverunt?
3340 1049 3447 1106 Ve-

1840 1163 1959 1200 rum
1990 1161 2150 1216 quam
2181 1146 2372 1216 exigua
2399 1147 2469 1200 sit
2494 1146 2580 1199 illa
2611 1146 2889 1200 hominum
2917 1145 3163 1209 scientia,
3186 1144 3311 1199 inde
3326 1144 3439 1199 col-

1840 1238 1995 1310 ligas,
2026 1238 2171 1307 quod
2198 1247 2316 1307 post
2342 1248 2420 1291 tot
2438 1238 2649 1307 elapsos
2675 1238 2743 1291 ab
2766 1237 2950 1291 mundi
2970 1237 3193 1293 exordio
3210 1248 3399 1292 aetates
3427 1277 3443 1301 ,

1841 1345 1949 1385 non
1982 1330 2148 1383 multa
2190 1344 2345 1389 sane.
2384 1330 2481 1385 sed
2526 1344 2795 1400 perpauca
2818 1329 3108 1384 admodum
3154 1340 3305 1383 certo
3350 1342 3441 1383 co—

1842 1435 2127 1497 gnoscant.
2164 1425 2358 1480 Nonne
2397 1425 2542 1479 enim
2589 1429 2873 1481 «Socrates
2899 1444 2951 1493 ,ι
2988 1423 3443 1496 quemadmodum

1844 1521 2083 1591 loquitur
2131 1530 2326 1575 auctor
2374 1530 2560 1575 noster
2587 1561 2604 1587 ,
2644 1539 2663 1572 ι
2698 1519 3161 1590 comprehendere
3182 1519 3367 1589 nequit
3396 1519 3448 1574 in

1844 1614 2109 1670 Phaedone
2134 1614 2262 1685 (rus.
2304 1629 2417 1684 reg.
2447 1610 2647 1684 Fedro)
2669 1604 2831 1667 homo
2871 1613 2996 1683 quid
3036 1614 3137 1680 sit,
3169 1623 3260 1666 aut
3310 1609 3452 1667 unde

1845 1709 1938 1774 sit,
1964 1723 2187 1778 anceps,
2210 1708 2418 1771 varius,
2452 1707 2687 1771 mobilis,
2716 1707 2916 1776 pellax,
2948 1706 3247 1776 multiplex,
3271 1704 3455 1759 multi-

1770 1804 1820 1867 Β
1849 1801 2057 1869 formis,
2084 1804 2136 1856 in
2178 1816 2314 1873 quos
2354 1817 2480 1855 usus
2526 1802 2765 1871 prolatus
2804 1802 2906 1863 sit,
2935 1801 3089 1870 cujus
3119 1799 3456 1869 excogitatus

1849 1895 2087 1965 ingenio,
2114 1895 2239 1965 quid
2260 1894 2313 1948 in
2340 1893 2540 1947 mundo
2564 1893 2741 1959 faciat,
2773 1908 2871 1947 cur
2898 1893 3165 1947 malorum
3195 1900 3340 1945 tanta
3358 1905 3451 1945 ex-

1849 1993 2091 2062 periatur
2131 1988 2424 2044 examina?
2454 2007 2473 2039 ι
2505 1987 2703 2060 (Ibid.,
2738 2006 2789 2058 p.
2820 1986 2954 2057 l6.)
3008 1985 3205 2041 Verum
3251 2000 3348 2041 cur
3381 1984 3456 2040 ibi

1848 2100 1947 2156 pro
1987 2083 2242 2149 Phaedro,
2274 2084 2328 2137 in
2384 2082 2541 2137 editis
2583 2082 2818 2150 positum
2859 2082 2927 2137 sit
2974 2080 3236 2135 Phwdone
3260 2123 3274 2147 ,
3306 2079 3452 2134 nulla

1847 2191 2026 2247 neque
2064 2179 2115 2230 in
2147 2175 2505 2242 editionihus,
2542 2191 2716 2246 neque
2749 2176 2800 2229 in
2848 2173 3286 2229 adnotationibus
3312 2172 3453 2227 ratio

1849 2270 2094 2327 all‘ertur.
2124 2268 2181 2324 ιιι
2209 2270 2450 2325 Platonis
2490 2281 2667 2324 tamen
2699 2268 2930 2324 Phaedro
2962 2268 3213 2325 Socrates
3242 2265 3459 2322 induci-

1852 2376 1937 2421 tur
1956 2364 2137 2437 (Plato
2164 2365 2216 2418 in
2248 2363 2491 2430 Μηρώ-η
2516 2374 2638 2419 tom.
2667 2379 2745 2429 ιιι,
2774 2382 2827 2434 ρ.
2857 2362 3014 2433 230),
3047 2377 3106 2417 se
3133 2362 3305 2431 ipsum
3329 2374 3458 2415 con-

1850 2458 2159 2522 siderando,
2190 2459 2463 2528 inquirere
2481 2469 2659 2512 utrum
2685 2458 2756 2512 sit
2785 2457 2984 2523 bellua,
3008 2455 3270 2527 Typhone
3284 2454 3456 2525 magis

1852 2552 2133 2623 multiplex
2154 2594 2168 2618 ,
2194 2551 2451 2618 demens,
2484 2560 2540 2606 et
2578 2551 2774 2606 furiosa
2800 2567 2816 2616 ;
2846 2551 2929 2606 vel
2955 2550 3225 2620 quoddam
3254 2548 3454 2603 animal

1851 2645 2185 2701 mansuetius
2215 2652 2378 2715 atque
2407 2643 2725 2712 simplicius,
2750 2643 2947 2698 divinm
2972 2640 3273 2711 cujusdam,
3304 2654 3360 2696 et
3384 2639 3455 2695 ab

1853 2737 2000 2791 omni
2018 2736 2155 2791 fastu
2175 2746 2231 2791 et
2257 2736 2550 2793 insolentia
2577 2736 2770 2792 alienze
2791 2736 2956 2791 sortis
2978 2751 3043 2791 ac
3069 2743 3276 2790 natura:
3295 2732 3461 2803 parti-

1852 2844 2001 2899 ceps.
2030 2828 2218 2885 Utrum
2250 2844 2381 2884 vero
2410 2837 2598 2884 auctor
2627 2839 2809 2884 uoster
2837 2828 2979 2882 lmuc
3009 2827 3250 2882 Platonis
3276 2825 3457 2880 locum

1852 2931 2289 2999 παραφραστικῶς
2309 2923 2643 2992 exposuerit,
2694 2922 2777 2978 vel
2826 2923 2989 2977 alium
3007 2920 3253 2977 citaverit
3279 2959 3296 2986 ,
3352 2932 3457 2972 ex-

1853 3018 2049 3087 pende,
2082 3031 2287 3087 quaeso,
2315 3026 2369 3070 et
2402 3016 2710 3085 pronuntia.

1926 3108 2065 3177 Quid
2095 3124 2239 3173 vero,
2274 3112 2415 3175 quod
2448 3109 2609 3165 homo
2628 3125 2736 3167 non
2764 3112 2938 3166 solum
2961 3108 3077 3165 haec
3105 3110 3339 3181 ignorat,
3361 3106 3457 3164 sed

1778 3201 1824 3266 C
1856 3204 2050 3274 quibus
2072 3204 2234 3260 etiam
2268 3202 2475 3269 modis,
2518 3203 2685 3260 verba
2733 3213 2860 3258 sunt
2885 3204 3129 3270 Arnobii,
3168 3222 3188 3255 r
3219 3202 3351 3259 ﬁant
3372 3204 3456 3258 in-

1857 3296 2100 3361 Somnia;
2140 3315 2158 3347 ι
2226 3296 2390 3350 immo
2444 3295 2709 3366 rambigit
2757 3296 2812 3350 in
2854 3294 3109 3351 Thereteto
3152 3296 3279 3367 (ms.
3330 3294 3455 3352 cod.

1857 3388 2133 3446 Thmtone
2154 3432 2169 3457 ,
2197 3390 2353 3445 vides
2378 3405 2540 3460 quam
2563 3388 2840 3458 corrupte)
2870 3389 3023 3445 Plato
3051 3390 3330 3460 vigilemus
3360 3388 3457 3443 ali-

1857 3484 2095 3555 quando,
2126 3484 2388 3553 anipsnm
2413 3482 2661 3553 vigilare,
2694 3482 2839 3552 quod
2873 3482 3069 3537 dicitur
3101 3522 3115 3546 ,
3165 3482 3360 3535 summi
3388 3481 3459 3537 sit

1860 3578 2107 3649 perpetui
2138 3577 2334 3647 portio,
2360 3585 2414 3633 et
2433 3575 2563 3646 quid
2597 3591 2757 3644 agere
2781 3574 3061 3630 videamur
3085 3617 3098 3638 ,
3130 3575 3456 3630 insomnium

1859 3685 1980 3726 cum
2011 3669 2195 3725 videre
2225 3684 2327 3722 nos
2354 3669 2608 3724 dicimus.
2641 3687 2659 3719 ι
2693 3666 2933 3739 (Arnob.,
2966 3665 3056 3721 lib.
3087 3683 3146 3734 ll,
3176 3685 3229 3737 p.
3253 3665 3369 3737 46).
3395 3667 3462 3722 Et

1860 3782 1921 3822 re
1943 3766 2158 3837 quidem
2186 3785 2310 3825 vera
2337 3770 2426 3825 ille
2473 3768 2917 3840 philosophorum
2963 3768 3284 3839 coryphaeus
3313 3768 3364 3822 in
3392 3766 3461 3823 li-

1862 3861 1960 3917 hro
2008 3864 2173 3921 citato
2217 3866 2436 3937 scripsit
2485 3866 2867 3936 perobscuram
2900 3879 3022 3919 esse
3058 3864 3411 3933 quaestionem
3440 3903 3455 3928 ,

1863 3968 2040 4013 utrum
2074 3961 2340 4031 vigilando
2371 3963 2728 4028 dormiamus,
2772 3971 2864 4014 aut
2910 3958 3197 4030 cogitando
3225 3960 3461 4013 somnie-

1862 4066 2001 4104 mus.
2027 4050 2182 4129 Ὀρᾷς
2204 4048 2290 4109 οὖν
2312 4052 2390 4111 ὅτι
2410 4057 2467 4112 τό
2496 4076 2551 4127 γε
2580 4055 2971 4129 ἀμφισϐητῆσαι
3010 4055 3066 4108 οὐ
3099 4052 3347 4125 χαλεπὸν,
3380 4050 3465 4106 ὅτε

1862 4149 1945 4199 καὶ
1990 4146 2207 4218 πότερόν
2234 4150 2373 4202 iam:
2412 4147 2555 4222 ὕπαρ
2590 4146 2621 4206 ἧ
2660 4143 2780 4225 ὄναρ
2822 4147 3234 4220 ἀμφισϐητεῖται⁶
3268 4147 3355 4198 καὶ
3399 4142 3461 4203 δὴ

1861 4235 1981 4293 ἴσον
2008 4235 2151 4300 ὄντος
2185 4247 2275 4296 τοῦ
2307 4241 2499 4318 χρόνον
2533 4236 2587 4295 ὃν
2618 4237 2941 4313 καθεύδομεν,
2987 4235 3026 4313 ᾧ
3063 4239 3410 4317 ἐγρηγόραμεν
3441 4278 3457 4303 ,

1864 4333 1913 4385 ἐν
1958 4332 2182 4408 ἐκατέρῳ
2222 4331 2541 4406 διαμάχεται
2584 4335 2725 4405 ἡμῶν
2752 4336 2783 4393 ἡ
2812 4333 3000 4406 ψυχὴ,
3029 4335 3096 4388 τὰ
3131 4332 3463 4406 ἀεζπαρὸντα

1864 4424 2095 4499 δόγματα
2118 4429 2311 4490 παντὸς
2338 4427 2521 4500 μῶλον
2548 4423 2672 4483 εἶναι
2702 4428 2873 4488 ἀληθῆ·
2917 4428 3043 4489 ὥςτε
3065 4422 3181 4483 ἴσον
3207 4429 3295 4500 μέν
3329 4428 3465 4502 χρὸ-

1864 4541 1946 4574 νον
1985 4518 2107 4575 τάδε
2164 4524 2320 4594 φαμὲν
2366 4518 2488 4577 ὅντα
2529 4517 2670 4586 εἶναι,
2702 4518 2816 4576 ἴσον
2859 4519 2915 4575 δὲ
2952 4522 3127 4575 intra“
3159 4524 3245 4574 καὶ
3282 4520 3467 4593 ὁμοίως

1788 4602 1844 4667 Ῑ)
1869 4613 1939 4686 ἐφ’
1963 4612 2218 4689 ἑκατέροις
2264 4611 2697 4688 διῐσχυριζόμεθα
2732 4609 2910 4683 (Plato
2936 4612 2989 4665 in
3016 4609 3235 4677 ΤΙιεωι.,
3270 4620 3394 4667 tam.
3424 4628 3463 4679 1,

1868 4724 1921 4776 p.
1943 4705 2087 4775 158).
2118 4704 2268 4759 Vides
2283 4722 2404 4775 ergo
2424 4720 2577 4775 quam
2599 4720 2700 4759 non
2723 4705 2777 4758 di
2780 4703 2940 4776 fﬁcile
2953 4705 3019 4759 sit
3042 4704 3137 4758 hac
3152 4705 3216 4757 de
3231 4720 3286 4758 re
3305 4703 3468 4758 ambi-

1868 4815 2003 4869 gere,
2031 4800 2236 4865 quando
2258 4799 2460 4881 quidem
2486 4798 2620 4853 illud
2645 4798 2920 4869 ambigitur
2940 4808 3111 4851 utrum
3133 4814 3214 4851 res
3241 4813 3358 4852 vera
3378 4794 3466 4865 sit,

1868 4909 1937 4946 an
1972 4894 2281 4947 insomnium
2304 4909 2324 4958 ;
2348 4904 2395 4947 et
2416 4908 2531 4946 cum
2556 4895 2752 4964 aequale
2774 4894 2841 4947 sit
2877 4902 3077 4963 tempus
3097 4934 3111 4951 .
3144 4909 3244 4958 quo
3275 4892 3470 4946 dormi-

1871 5001 2005 5046 mus,
2025 4985 2071 5039 ei
2090 5001 2189 5054 quo
2202 4985 2493 5055 vigilamus,
2508 4987 2563 5040 in
2579 4995 2794 5054 utroque
2817 4987 3018 5039 animus
3035 4995 3206 5038 noster
3218 4985 3464 5053 decertat,

1873 5087 2145 5146 prasente:
2171 5079 2448 5132 sententias
2489 5080 2699 5133 omnino
2725 5095 2873 5134 veras
2912 5094 3021 5132 esse
3048 5094 3065 5131 :
3095 5093 3260 5147 quare
3290 5076 3477 5146 (εφαιιὶ

1874 5184 2094 5244 tempore
2115 5177 2222 5227 hare
2241 5189 2348 5226 esse
2361 5172 2761 5243 affirmabimus,
2791 5171 2977 5241 aquati
3001 5185 3117 5224 vero
3143 5170 3257 5235 illa,
3278 5178 3325 5223 et
3353 5185 3469 5240 per-

1869 5279 2013 5334 aque
2040 5264 2104 5319 de
2122 5265 2348 5329 utrisque
2374 5280 2482 5318 rem
2511 5265 2897 5319 constituemus.

1944 5356 2127 5428 Neque
2148 5359 2317 5427 magis
2339 5366 2525 5413 notum
2549 5367 2653 5425 est,
2679 5358 2752 5412 ait
2776 5357 3069 5424 Arnobius,
3100 5367 3279 5413 utrum
3312 5377 3332 5411 ι
3359 5359 3468 5416 Ra-

1873 5449 2085 5505 diorum
2135 5460 2191 5507 et
2232 5451 2453 5507 luminis
2484 5453 2786 5508 intentione
2815 5449 3094 5507 videamus
3117 5492 3133 5519 ,
3172 5466 3240 5506 an
3288 5466 3470 5510 rerum

1875 5541 2138 5613 imagines
2191 5544 2484 5613 advolent,
2540 5554 2596 5601 et
2634 5544 2836 5599 nostris
2875 5543 2931 5598 in
2974 5542 3190 5614 pupillis
3231 5544 3407 5602 sidant
3445 5567 3466 5602 ι

1877 5637 2117 5709 (Arnob.,
2141 5638 2315 5710 ibid.).
2346 5638 2642 5694 Variabant
2663 5636 2943 5691 enimvero
2964 5650 3027 5691 ea
3049 5635 3117 5691 de
3145 5651 3206 5691 re
3234 5636 3475 5708 philoso-

1877 5733 2104 5804 phorum
2126 5735 2432 5799 sententiae,
2455 5748 2589 5806 quas
2610 5731 2678 5787 Α.
2705 5727 2914 5785 Gellius
2935 5732 3216 5801 perspicue
3244 5731 3328 5788 his
3354 5746 3473 5790 ver—

1878 5832 1962 5889 bis
1991 5831 2223 5901 explicat
2251 5845 2270 5885 :
2302 5847 2321 5882 ι
2355 5830 2527 5887 Stoici
2540 5842 2732 5885 causas
2754 5826 2971 5884 videndi
3001 5826 3099 5885 has
3119 5842 3237 5886 esse
3256 5826 3484 5898 dicunt,
