3878 6312
186 308 274 375 cos
1389 320 1457 375 IN
1496 321 1873 392 ARNOBIUM,
1914 327 2067 388 CAP.
2110 298 2277 389 XXV.

3339 335 3445 398 666

182 438 228 486 et
248 426 510 531 discordiis
534 428 703 531 petito
721 429 1056 489 demonstrat
1085 433 1325 509 (Arnob.,
1358 438 1396 494 ι.
1425 455 1482 506 ιι,
1509 461 1562 512 p.
1594 442 1710 508 48).
1744 445 1800 509 Α
1824 447 2064 519 ptibilem
2111 462 2481 511 asseruerunt.
2520 454 2691 522 Hunc,
2741 456 2786 513 si
2835 455 2986 515 lubet
3006 499 3022 525 ,
3073 458 3228 531 plura
3254 459 3434 518 disse-

184 521 461 578 Dmncnim
489 519 670 577 hastili
726 525 1021 595 pervicacia
1077 530 1219 584 inter
1265 547 1325 586 se
1356 532 1739 605 digladiantur,

187 614 299 670 dum
339 615 471 670 alter
490 614 710 671 alterius
748 617 967 675 decreta
1006 635 1071 677 ac
1115 623 1306 693 placita
1360 624 1665 689 labefactat.
1687 637 1743 685 et

189 705 425 771 destruit,
453 703 534 762 his
568 706 995 767 dissensionibus
1021 724 1212 769 cuncta
1240 714 1484 771 fecerunt
1513 720 1737 787 incerta,

185 810 230 856 et
255 797 373 853 nihil
403 814 461 855 se
484 811 633 857 certo
664 817 807 858 scire
834 805 1073 874 potuisse
1099 810 1255 877 plane
1279 823 1733 869 commonstrant.

188 895 458 951 Enimvero
487 897 773 970 unicuique
807 914 1118 972 argumenta
1143 919 1252 959 non
1292 905 1511 974 desunt,
1543 908 1743 978 quibus

177 988 474 1045 sententiam
504 1006 654 1046 suam
681 1003 889 1049 asserat
936 1010 1000 1049 ac
1049 978 1262 1052 tueatur
1290 997 1478 1071 (Ibid.,
1507 1017 1562 1070 p.
1591 1000 1662 1055 82
1691 1011 1739 1055 et

178 1082 344 1152 καφ).
374 1083 445 1137 ita
475 1094 653 1139 autem
685 1085 807 1154 quia
842 1087 1216 1157 probabilitate
1246 1107 1343 1146 sua
1393 1085 1497 1146 non
1526 1102 1735 1159 carent,

178 1172 284 1229 inde
307 1170 551 1238 efﬁcitur.
584 1186 641 1231 ut
673 1193 859 1233 verum
885 1198 912 1232 ει
945 1180 1082 1237 falso
1106 1182 1341 1239 discerni
1374 1196 1625 1255 nequeat,
1653 1195 1738 1241 at-

174 1282 261 1337 que
283 1267 478 1324 idcirco
509 1269 616 1326 illis
641 1271 891 1346 ambigua
913 1286 968 1331 et
993 1277 1223 1333 obscura
1254 1280 1363 1334 sint
1388 1282 1587 1336 omnia.

233 1361 457 1417 Primum
489 1363 671 1436 itaque
718 1380 910 1425 auctor
952 1381 1137 1428 noster
1163 1373 1234 1429 ob
1277 1375 1516 1429 omnium
1549 1376 1736 1433 oculos

171 1455 297 1525 ponit
318 1454 557 1513 diversas
582 1459 1027 1535 philosophorum
1052 1465 1120 1521 de
1150 1468 1336 1536 primis
1379 1484 1559 1524 rerum
1590 1470 1735 1540 prin—

167 1547 297 1618 cipiis
336 1550 614 1620 opiniones
661 1554 850 1628 (Ibid.,
904 1576 958 1630 p.
986 1560 1104 1633 18).
1127 1559 1175 1615 Α
1202 1559 1429 1617 Thalete
1477 1573 1532 1618 et
1562 1563 1735 1620 Hera~

167 1641 276 1697 clito
303 1643 526 1711 orditur,
570 1647 660 1714 qui
694 1651 920 1719 primam
952 1666 1132 1707 rerum
1178 1655 1444 1725 originem
1471 1656 1647 1726 ignem
1680 1665 1735 1713 et

165 1747 352 1805 aquam,
381 1738 842 1808 quemadmodum
871 1743 1207 1816 Pythagoras
1236 1763 1512 1816 numeros,
1539 1750 1732 1805 consti-

166 1833 375 1890 tochant.
402 1835 512 1892 Sed
545 1837 615 1894 de
643 1839 727 1894 his
750 1840 863 1911 jam
892 1842 1291 1915 disputavimus
1312 1852 1373 1919 (t.
1403 1864 1419 1903 ι
1451 1849 1730 1920 Apparat.,

163 1942 206 1995 ν.
222 1926 312 1983 451
331 1938 524 2001 etseqq.
537 1972 551 1993 .
570 1948 633 1986 ac
647 1932 863 1990 Πίσωνι.
880 1952 1078 2005 ευμεν..
1100 1938 1154 1993 in
1167 1956 1212 1993 c.
1233 1939 1287 2003 4,
1304 1952 1404 1997 art.
1424 1940 1502 2013 1).
1529 1941 1728 2000 Ultimo

161 2028 307 2075 autem
331 2021 450 2078 huic
480 2024 807 2097 philosopho
823 2027 1096 2086 Arnobius
1117 2032 1433 2104 Archytam,
1456 2034 1598 2091 haud
1621 2036 1724 2093 du-

163 2108 232 2167 bie
251 2111 614 2179 Tarentinum.
648 2131 796 2177 recte
822 2123 1126 2193 conjunxit.
1155 2125 1288 2180 Nam
1315 2139 1374 2182 ut
1405 2144 1471 2184 ex
1504 2129 1725 2186 Laertio

167 2200 417 2262 discimus:
444 2208 841 2283 Pythagoricus
871 2223 926 2269 et
949 2213 1065 2285 ipse
1098 2216 1233 2272 fuit:
1263 2221 1605 2297 Πυθαγὸρικος
1636 2228 1725 2281 καὶ

164 2298 303 2361 uim-6;.
332 2300 513 2357 Alium
547 2313 739 2360 testem
782 2306 827 2361 si
879 2308 1144 2378 posmles,
1189 2310 1344 2367 adeSt
1384 2314 1598 2379 Cicero,
1632 2316 1724 2386 qui

159 2385 250 2445 haec
272 2390 335 2448 de
365 2392 456 2450 illo
486 2408 757 2453 memorat
783 2415 798 2452 :
832 2416 851 2452 ι
891 2400 1173 2459 Platonem
1208 2403 1411 2474 ferunt,
1437 2419 1496 2463 ut
1526 2408 1724 2482 Pytha-

153 2498 313 2555 goreos
335 2503 717 2563 cognosceret,
749 2494 803 2549 in
851 2493 1056 2553 italiam
1083 2500 1318 2563 venisse,
1342 2510 1398 2557 et
1425 2503 1477 2557 in
1506 2518 1569 2557 ea
1598 2519 1723 2562 cum

152 2580 261 2637 alios
294 2587 518 2651 multos.
561 2598 673 2645 tum
730 2593 1064 2665 Archytam,
1116 2593 1488 2669 Timaeumque
1519 2614 1721 2670 (δοεηο-

151 2674 284 2744 viSse,
309 2689 360 2735 et
384 2681 647 2740 didicisse
676 2684 1013 2757 Pythagorea
1044 2690 1223 2743 omnia
1257 2708 1275 2741 ι
1309 2689 1552 2762 (Arnob.,
1588 2693 1625 2747 ι.
1659 2710 1715 2763 ιι,

151 2786 193 2839 p.
227 2772 328 2839 48;
368 2774 580 2843 Laert,
612 2779 649 2834 ι.
683 2796 737 2835 ιιι
763 2780 827 2836 de
866 2779 969 2835 Vit.
1002 2790 1049 2835 et
1079 2779 1256 2853 dogm.
1298 2783 1512 2853 philos.,
1549 2785 1673 2859 §79
1703 2804 1719 2856 ;

149 2865 308 2938 οὔδει-η
338 2870 564 2930 Tuscul.
599 2890 635 2941 ι,
664 2894 719 2947 ρ.
751 2875 900 2951 121).

202 2959 321 3018 Τιιιιι
340 2965 545 3023 deinde
578 2969 849 3026 Arnobius
875 2970 951 3028 ait
974 2972 1291 3043 Epicurum,
1321 2973 1717 3045 Democritum,

150 3061 193 3109 et
224 3054 608 3129 Metrodorum,
640 3077 871 3134 quorum
916 3068 1243 3124 sententiam
1269 3110 1286 3135 ,
1336 3069 1503 3125 tacito
1527 3085 1719 3126 eorum

148 3150 357 3220 nomine,
380 3157 538 3226 prius
567 3156 850 3225 retulerat,
883 3160 1122 3215 sensisse
1152 3161 1378 3230 primam
1408 3176 1591 3217 rerum
1612 3161 1720 3218 ori-

147 3241 294 3313 ginem
323 3262 443 3306 esse
493 3257 733 3317 atomos,
767 3266 863 3309 seu
912 3253 1189 3311 individua
1241 3271 1493 3327 corpora.
1524 3257 1721 3329 quibus
1749 3249 1795 3318 C
1827 3241 2100 3335 Αηεεειέεζ

147 3334 430 3399 fabricatum
486 3345 661 3401 fuisse
708 3346 967 3403 mundum
1008 3350 1413 3407 somniaveram
1455 3351 1714 3425 (Arnob.,

146 3431 176 3486 Ι.
203 3450 264 3503 ιι,
291 3455 343 3509 p.
374 3439 445 3496 48
466 3480 480 3504 .
515 3452 568 3495 et
597 3442 637 3496 ι.
684 3457 720 3509 ι,
755 3459 809 3513 p.
839 3442 951 3514 18).
983 3444 1053 3499 At
1077 3443 1146 3501 de
1178 3445 1263 3501 his
1290 3461 1505 3518 quoque
1546 3446 1718 3504 disse-

1846 555 2055 600 rentem
2112 548 2357 615 consule,
2408 559 2463 605 et
2522 550 2801 622 ipsiusmet
2845 551 3085 609 Platonis
3137 554 3324 615 libros.
3353 555 3444 615 ubi

1846 636 1985 694 hanc
2013 643 2338 701 sententiam
2366 660 2706 716 propugnare
2726 658 2956 703 conatus
2972 661 3053 705 est
3074 648 3440 724 (Plat..1'im.,

1848 742 1887 787 t.
1922 749 1960 801 ι,
1992 752 2045 803 p.
2074 734 2144 791 59
2169 752 2183 799 ;
2208 749 2253 790 et
2277 736 2517 807 Phaedra,
2548 759 2600 810 p.
2640 741 2771 808 244,
2799 758 2861 796 ac
2891 752 3014 797 tom.
3047 760 3129 812 ιιι,
3154 742 3439 817 Phaniam,

1844 846 1895 900 p.
1930 829 1999 885 99
2027 841 2074 883 et
2107 830 2255 904 106).

1915 923 2053 990 Quid
2084 926 2283 994 plura?
2312 924 2642 996 Carneades,
2671 940 2726 986 et
2769 933 3064 1001 Arcesilas,
3096 949 3190 992 seu
3218 934 3406 993 Arcesi

1843 1016 1983 1082 laus,
2026 1028 2081 1074 et
2111 1019 2414 1077 Academiae
2456 1024 2707 1079 secunda!
2738 1040 2800 1080 ac
2833 1030 3006 1083 tertiae
3056 1030 3314 1094 cultores.
3344 1046 3441 1087 au-

1843 1109 2031 1165 dacter
2054 1109 2397 1169 afﬁrmabant
2428 1119 2609 1172 omnia
2644 1119 2842 1175 involvi
2868 1120 3221 1178 obscuritatis
3254 1126 3433 1181 maxi-

1844 1220 1943 1258 mm
1971 1206 2193 1262 latebris
2216 1249 2231 1272 ,
2263 1219 2317 1263 et
2348 1209 2479 1265 nihil
2506 1226 2666 1283 posse
2692 1214 3104 1283 comprehendi.
3136 1215 3438 1290 Utrumque

1840 1313 2004 1369 porro
2045 1300 2381 1358 Carneadem
2434 1314 2483 1360 et
2526 1306 2826 1363 Arcesilam
2860 1308 3062 1365 scholae
3113 1311 3439 1369 academica:

1839 1404 2160 1464 sectatores,
2214 1407 2268 1452 et
2315 1398 2473 1470 hujus
2523 1403 2794 1472 opinionis
2849 1403 3168 1461 defensores
3216 1406 3436 1464 fuissea

1840 1486 1994 1541 nobis
2038 1487 2089 1543 in
2137 1492 2405 1561 superiori
2454 1492 2757 1563 Apparatus
2801 1498 2971 1552 uestri
3021 1509 3168 1554 tomo
3209 1498 3437 1557 demon-

1837 1587 2065 1636 stratum
2096 1594 2179 1638 est
2202 1584 2394 1658 (lbid.,
2415 1604 2469 1659 p.
2488 1588 2625 1644 1151
2655 1600 2699 1643 et
2722 1589 2908 1664 καφ).
2938 1590 3099 1647 Plura
3119 1592 3188 1649 de
3207 1602 3434 1665 utroque

1838 1673 1891 1730 in
1922 1678 2038 1731 suis
2067 1679 2501 1737 academicarum
2526 1686 2886 1753 quaestionum
2920 1685 3073 1743 libris
3101 1684 3314 1755 Cicero,
3344 1687 3436 1745 ubi

1836 1769 2032 1823 scribit
2061 1770 2393 1827 Carneadem
2421 1786 2653 1844 quatuor
2668 1779 3044 1846 composuisse
3066 1778 3134 1834 de
3160 1778 3436 1836 sustinen-

1762 1849 1812 1913 B
1838 1859 1922 1918 dis
1962 1863 2372 1921 assensionibus
2419 1867 2657 1935 liberos,
2713 1869 2953 1940 nihilque
3009 1870 3180 1928 fuisse
3207 1871 3350 1943 quod
3381 1872 3433 1928 ei

1836 1957 2159 2028 probaretur
2207 1957 2424 2032 (Cicer.,
2475 1962 2513 2016 Ι.
2561 1977 2613 2016 tv
2642 1963 2882 2017 Academ.
2917 1975 3122 2034 quassu,
3181 1982 3235 2034 p.
3275 1963 3347 2020 29
3385 1973 3433 2019 et

1834 2049 1950 2124 37).
1982 2050 2255 2108 Arcesilas
2286 2069 2436 2122 vero,
2470 2055 2545 2109 uti
2593 2055 2685 2110 ille
2729 2056 2906 2111 adhuc
2946 2065 3167 2113 narrat:
3206 2076 3226 2110 ι
3260 2057 3432 2128 Nega-

1833 2143 2067 2200 batesse
2096 2146 2385 2216 quidquam
2417 2149 2563 2219 quod
2612 2151 2739 2205 sciri
2774 2160 2974 2216 posset.
3016 2167 3085 2207 ne
3132 2150 3265 2207 illud
3304 2152 3426 2224 qui-

1831 2235 1955 2292 dem
2011 2238 2207 2307 ipsum,
2236 2242 2378 2312 quod
2412 2242 2667 2299 Socrates
2695 2244 2795 2300 sibi
2826 2245 3153 2316 reliquisset.
3186 2246 3275 2303 Sic
3313 2260 3431 2302 om-

1832 2336 1920 2391 nia
1967 2336 2137 2394 latere
2179 2338 2447 2395 censebant
2477 2342 2554 2412 (id
2583 2353 2667 2398 est
2696 2344 3027 2412 academici,
3073 2345 3209 2403 alias
3250 2357 3429 2405 tamen

1831 2432 2082 2499 censebat,
2118 2443 2243 2502 puta
2267 2435 2563 2504 Arcesilas)
2581 2436 2633 2491 in
2661 2437 2897 2501 occulto,
2918 2454 3093 2509 neque
3119 2456 3243 2497 esse
3269 2442 3431 2514 quid-

1830 2527 2176 2598 quam,quod
2203 2530 2352 2584 cerni
2376 2541 2469 2585 aut
2497 2531 2722 2603 intelligi
2754 2533 2961 2603 possit:
2994 2534 3190 2604 quibus
3216 2535 3285 2592 de
3303 2551 3430 2593 can-

1829 2619 1905 2674 sis
1934 2619 2071 2675 nihil
2100 2631 2353 2690 oportere
2406 2627 2583 2694 neque
2616 2626 2859 2695 proﬁteri
2878 2667 2893 2689 ,
2948 2642 3126 2699 neque
3154 2628 3429 2686 affirmare

1829 2728 2157 2785 quemquam
2180 2756 2195 2782 ,
2229 2732 2405 2788 neque
2432 2719 2736 2776 assertione
2781 2720 3035 2791 probare,
3063 2722 3429 2796 cohibereque

1829 2820 2066 2877 semper,
2102 2816 2159 2863 et
2211 2809 2280 2865 ab
2331 2812 2479 2866 omni
2536 2811 2687 2884 lapsu
2728 2814 3009 2870 continere
3042 2818 3425 2888 temeritatem,

1828 2917 1951 2971 qua:
1981 2912 2091 2957 tum
2124 2914 2270 2959 esset
2299 2904 2546 2978 insignis,
2580 2924 2701 2962 cum
2733 2921 2825 2964 aut
2859 2909 2989 2967 falsa
3019 2922 3111 2967 aut
3157 2915 3428 2986 incognita

1827 3010 1916 3050 res
1943 2996 2369 3069 approbaretur;
2403 3017 2580 3073 neque
2603 3000 2705 3057 hoc
2730 3004 3021 3075 quidquam
3045 3021 3167 3063 esse
3196 3010 3425 3080 turpius,

1829 3107 1987 3161 quam
2020 3095 2316 3164 cognitioni
2362 3106 2417 3152 et
2443 3102 2780 3172 perceptioni
2836 3101 3192 3159 assertionem
3234 3119 3430 3177 appro-

1827 3184 2101 3243 bationem
2134 3203 2488 3259 praecurrere.
2524 3212 2542 3244 )
2598 3193 2767 3249 Porro
2823 3207 3006 3252 autem
3046 3196 3345 3254 Carneadis
3374 3207 3429 3254 et

2339 3283 2629 3357 descripsit
2666 3288 2916 3345 Laertius
2941 3289 3167 3364 (Laert.,
3208 3294 3247 3347 t.
3279 3307 3333 3347 ιν
3365 3291 3429 3348 de

1832 3370 1939 3429 Vit.
1960 3384 2008 3429 et
2030 3374 2205 3447 dogm.
2229 3378 2517 3450 philosop.,
2548 3380 2576 3453 §
2606 3381 2676 3437 28
2704 3393 2748 3436 et
2769 3400 2930 3454 seqq..
2950 3395 2995 3439 et
3021 3383 3049 3456 §
3072 3385 3141 3440 62
3167 3395 3214 3441 et
3237 3386 3424 3459 seqq.).

1900 3467 2144 3541 Denique
2198 3488 2305 3529 non
2353 3475 2530 3545 major
2558 3487 2676 3532 erat
2704 3478 3046 3534 ethnicorum
3081 3479 3149 3535 de
3178 3480 3428 3550 ipsismet

145 3533 352 3599 ruimus;
384 3534 529 3591 sicut
555 3542 611 3591 et
639 3533 708 3591 de
745 3536 1072 3603 Aristotele,
1101 3554 1259 3611 quem
1305 3549 1494 3596 auctor
1532 3549 1720 3598 noster

1833 3559 1928 3616 diis
1958 3563 2072 3616 suis
2105 3578 2424 3621 consensus.
2459 3568 2636 3638 Aliqui
2679 3569 2847 3634 enim.
2902 3570 3072 3642 inquit
3128 3572 3421 3641 Arnobius,

144 3622 255 3682 dixit
282 3628 668 3701 principalibus
693 3630 873 3687 causis
898 3632 1144 3703 quintum
1173 3633 1448 3691 addidisse
1477 3634 1717 3692 elemen-

146 3723 236 3773 tum
263 3719 319 3791 (t.
349 3737 366 3778 ι
392 3722 763 3794 Αρραναιηηρ.
793 3723 919 3790 455,
952 3723 1063 3781 456
1085 3734 1132 3780 et
1158 3724 1310 3796 770).

1821 3668 1917 3710 eos
1943 3656 2208 3712 exsistere
2241 3659 2530 3729 negabant,
2565 3661 2654 3717 alii
2700 3661 3061 3731 dubitabant,
3091 3664 3180 3720 alii
3214 3680 3425 3722 assere-

1821 3743 1977 3813 bant,
2006 3746 2095 3802 alii
2130 3747 2364 3806 humana
2397 3752 2464 3806 ab
2515 3751 2582 3808 iis
2635 3753 2997 3812 administrari
3031 3756 3303 3823 dicebant,
3333 3759 3424 3814 alii

204 3813 295 3870 ΑῙΙῙ
322 3831 451 3873 νετο
471 3816 810 3891 Philosophi:
842 3819 1037 3891 ίηιιιιίι,
1071 3820 1273 3892 “Phmli
1295 3831 1422 3877 sum
1448 3823 1714 3879 mundum
1819 3841 2219 3899 inliciabantur.
2262 3847 2329 3900 At
2359 3846 2428 3902 de
2471 3848 2634 3902 variis
2667 3849 2817 3906 hisce
2842 3849 3211 3921 epinionibus,
3240 3861 3294 3907 et
3324 3867 3418 3908 su-

145 3920 292 3977 aeque
349 3920 561 3976 natum.
593 3929 770 3986 neque
824 3914 1145 3985 periturum,
1188 3925 1350 3987 atque
1403 3917 1539 3973 adeo
1590 3933 1713 3976 esse

144 4008 375 4060 aternum
406 4023 421 4059 :
458 4004 559 4061 alii
603 4021 636 4062 e
679 4007 951 4063 contrario
999 4008 1261 4079 genitum.
1293 4016 1349 4065 et
1375 4010 1714 4080 periturum;

144 4084 217 4140 alii
237 4103 298 4144 ex
318 4100 575 4162 quatuor,
603 4091 693 4147 alii
726 4107 789 4150 ex
828 4093 1171 4163 paucioribus
1197 4093 1395 4149 factum
1427 4095 1715 4152 elementis

142 4174 351 4250 (Amob.,
395 4184 430 4240 ι.
460 4200 523 4249 ιι,
557 4203 611 4255 p.
633 4184 751 4258 8‘2).
774 4183 886 4241 Nos
913 4194 1093 4242 autem
1122 4186 1190 4243 de
1218 4185 1302 4241 his
1329 4187 1563 4244 divorsis
1588 4190 1712 4259 phi-

143 4269 462 4346 losophorum
485 4277 729 4349 placitis,
757 4287 919 4349 atque
941 4292 1130 4333 eorum
1176 4280 1422 4350 patronis
1443 4289 1501 4336 et
1526 4292 1714 4338 aucto-

142 4363 283 4437 ribus,
323 4384 444 4426 cum
474 4370 618 4427 locis
645 4370 857 4435 citatis,
887 4381 999 4427 tum
1052 4371 1177 4429 alibi
1222 4373 1430 4445 egimus
1476 4374 1538 4448 (t.
1568 4391 1583 4431 ι
1608 4376 1715 4447 Αρ-

142 4468 305 4528 Ριιι-ιιιῤ,
329 4463 429 4519 loc.
461 4464 574 4530 cit.,
605 4481 660 4533 ρ.
694 4464 884 4535 1117).

198 4552 270 4610 Ad
322 4554 439 4612 haec
483 4567 668 4612 autem
720 4556 1026 4623 Panaetius,
1074 4556 1432 4632 Chrysippus,
1464 4571 1520 4619 et
1563 4562 1711 4619 Zeno

458 4607 686 4667 ."ff‘fl
721 4607 988 4667 “ζζ’ξ’””“”
1012 4607 1026 4623 ⁷
1082 4607 1211 4667 im.”
1225 4607 1432 4667 ""7?"
1467 4607 1520 4619 ””
1564 4607 1710 4619 “’““”’
1737 4650 1788 4667 ν.
1816 4624 1921 4667 aue
1962 4624 2028 4665 ex
2059 4607 2144 4662 his
2172 4618 2227 4663 et
2265 4608 2477 4664 caeteris
2507 4607 2761 4662 omnibus

140 4646 372 4704 mundum
402 4648 697 4720 aliquando
740 4664 991 4707 arsurum
1061 4652 1138 4707 ait
1163 4624 1437 4712 Arnobius
1495 4672 1711 4714 asseve-
1737 4650 1793 4714 D
1816 4624 1921 4681 que
1962 4624 2028 4665 ex
2061 4624 2144 4662 ms
2172 4624 2227 4663 el
2265 4624 2477 4664 canens
2507 4624 2783 4715 ttmltmf's’
2816 4624 2938 4679 qua
2966 4624 3168 4714 una!”
3199 4624 3416 4716 Ignora:

140 4751 303 4773 mm“
356 4743 663 4773 cunmm“
717 4754 895 4773 “Mm
945 4693 1147 4773 M’mm
1204 4747 1353 4773 “Lm
1403 4698 1591 4773 ML.“
1616 4750 1711 4773 ,Α
1817 4703 1970 4771 bant,
1993 4703 2269 4760 concludit
2290 4703 2359 4758 ab
2380 4703 2446 4759 iis
2469 4704 2808 4773 iniquissmte
2829 4703 3209 4759 verecundiam
3233 4717 3417 4759 vexari

1817 4802 2264 4868 christianorum,
2295 4803 2385 4873 qui
2431 4816 2496 4857 ea
2542 4815 2758 4871 quoque
2785 4817 2845 4858 se
2874 4805 3109 4870 nescire,
3138 4818 3241 4859 nec
3267 4803 3419 4859 inve-

1818 4899 2021 4970 stigare
2050 4897 2195 4953 velle
2223 4896 2368 4952 ultro
2419 4896 2728 4951 fatebantur
2756 4896 2999 4966 (Arnob.,
3026 4897 3065 4951 ι.
3096 4913 3156 4962 ιι,
3189 4913 3243 4966 p.
3273 4895 3344 4952 85
3368 4904 3418 4950 et

1816 4990 2006 5066 δοίη).
2030 4990 2280 5046 Christus
2307 4989 2452 5045 enim
2479 5004 2641 5044 verus
2672 4988 2768 5044 Dei
2799 4988 2941 5045 [ilius
2965 4990 3126 5060 jussit
3155 4990 3317 5044 hasce
3344 4988 3414 5043 li-

1816 5086 2060 5156 tigiosas,
2110 5093 2273 5155 atque
2326 5082 2688 5138 infructuosas
2717 5082 3046 5151 qua-stiones
3089 5090 3144 5135 et
3173 5081 3416 5150 disputa-

140 4751 324 4799 rarunt.
356 4743 664 4801 Stoicorum
715 4754 895 4800 autem
945 4756 1169 4812 sectam,
1201 4747 1355 4817 cujus
1401 4760 1591 4806 auctor
1614 4750 1715 4808 fuit

144 4830 291 4903 Zeno,
330 4837 405 4893 illi
430 4838 819 4909 sequebantur.
850 4838 1005 4908 Quod
1026 4840 1246 4911 quidem
1269 4850 1325 4898 et
1348 4845 1710 4914 ostendimus,

139 4934 187 4979 et
219 4942 467 4989 assertam
515 4933 586 4989 ab
613 4932 695 4991 eis
738 4932 904 4989 fuisse
947 4933 1014 4988 de
1059 4934 1245 4989 mundi
1290 4934 1712 5008 conﬂagratione

140 5022 425 5090 opinionem
468 5028 581 5099 jam
629 5026 1109 5084 animadvertimus
1158 5028 1324 5100 (tam.
1369 5046 1387 5086 ι
1430 5031 1710 5104 Apparat.,

140 5119 536 5190 ρ.119.5,1145
564 5133 619 5179 et
648 5122 832 5196 m7).

115 5212 123 5220 ’
198 5213 453 5275 Praeterea
531 5220 724 5285 Plato,
770 5220 910 5276 sicut
964 5229 1154 5277 auctor
1207 5231 1396 5279 noster
1446 5224 1705 5296 loquitur,

144 5324 161 5355 ι
186 5308 403 5368 animam
434 5312 659 5381 dividit,’
680 5322 735 5370 et
765 5313 1131 5385 incorporales
1160 5317 1439 5373 constituit
1471 5317 1702 5375 formas»

139 5399 355 5468 (ιιι-ποὺ..
403 5408 442 5461 ι.
497 5422 555 5474 ιι,
610 5426 665 5478 p.
709 5406 825 5479 48).
857 5406 1093 5471 Nam,ut
1147 5409 1281 5465 scite
1326 5411 1711 5469 animadvertit

141 5492 490 5558 Theodoretns
523 5521 537 5557 :
564 5504 766 5560 Πλάτων
791 5506 891 5584 ’καὶ
937 5505 1247 5580 Πυθαγόρας,
1278 5507 1337 5561 τὸ
1379 5512 1468 5581 μὲν
1518 5510 1708 5583 λογικὸν

140 5591 276 5653 αὐτῆς
302 5590 550 5672 ἄφθαρτον
592 5592 736 5662 εἶναι,
776 5599 985 5676 φθαρτόν
1014 5597 1069 5654 δέ
1093 5601 1152 5655 τὸ
1181 5596 1360 5675 ἄλογον
1399 5602 1704 5672 (ΤΙιεοᾱονη

141 5695 274 5739 term.
312 5685 366 5749 5,
390 5686 454 5742 de
501 5686 625 5743 Nat.
675 5691 841 5757 hom.,
869 5702 993 5746 tom.
1025 5708 1102 5760 ιν,
1129 5710 1250 5764 pag.
1285 5695 1441 5764 546).
1467 5696 1624 5753 Plato
1652 5709 1712 5753 et

143 5772 451 5851 Pythagoras
493 5783 814 5842 rationalem
867 5787 1086 5858 quidem
1134 5788 1329 5845 animae
1383 5800 1591 5862 partem
1623 5793 1710 5849 in-

145 5874 526 5944 corruptibilem
557 5892 698 5951 esse,
728 5894 850 5953 quae
880 5890 1061 5945 autem
1088 5882 1299 5944 ratione
1322 5895 1491 5953 caret,
1518 5900 1707 5946 corru-

1821 3951 1916 4008 pra
1941 3980 1956 4003 ,
2010 3945 2173 4008 atque
2216 3940 2378 3994 etiam
2431 3942 2482 3996 iu
2515 3942 2692 4013 primo
2718 3945 2891 4000 nostri
2939 3945 3246 4017 Apparatus
3273 3956 3422 4004 tomo

1819 4033 2175 4092 disseruimus
2228 4038 2470 4107 (Arnob.,
2502 4039 2540 4095 ι.
2575 4057 2633 4107 ιι,
2661 4059 2714 4111 p.
2750 4041 2819 4097 82
2840 4060 2855 4108 ;
2879 4060 3053 4115 ευριπ,
3081 4060 3126 4098 c.
3145 4043 3202 4110 9,
3231 4054 3331 4098 art.
3365 4045 3418 4111 1;

1818 4138 1942 4185 ιοηι.
1971 4147 1987 4186 ι
2009 4132 2279 4202 Apparat.,
2306 4132 2342 4187 ι.
2369 4147 2451 4201 ιιι,
2475 4133 2678 4190 dissert.
2703 4136 2756 4204 1,
2775 4152 2821 4190 c.
2842 4135 2878 4190 2
2905 4145 2951 4191 et
2971 4152 3132 4208 seqq.,
3160 4155 3214 4207 ρ.
3240 4135 3339 4192 781
3367 4146 3426 4193 et

1816 4242 1952 4297 seqq.
1965 4225 1984 4298 )
1995 4269 2007 4281 .

1891 4322 2087 4378 Multas
2115 4323 2252 4378 alias
2277 4322 2609 4394 quaeStiones
2634 4334 2919 4380 enumerat
2954 4299 3242 4390 Arnobius,
3265 4323 3420 4381 verbi

1816 4419 2008 4490 gratia,
2040 4419 2184 4474 unde
2211 4429 2409 4473 ventus
2451 4418 2679 4482 oriatur,
2704 4428 2759 4473 et
2788 4432 2884 4472 cur
2915 4417 3119 4473 salsum
3147 4418 3219 4473 sit
3245 4432 3417 4485 mare,

1816 4529 1938 4586 qua:
1968 4514 2036 4568 ab
2062 4512 2377 4567 hominibus
2419 4512 2556 4567 solvi
2589 4512 2963 4582 esplicarique
2994 4520 3289 4581 nequeunt.
3324 4513 3420 4567 At-

2766 4648 2783 4673 ,
2816 4623 2938 4679 qua:
2966 4606 3168 4663 ethnici
3199 4608 3416 4680 ignora-

1818 5178 1995 5233 tiones
2028 5192 2056 5230 a
2082 5175 2363 5246 discipulis
2411 5176 2524 5230 suis
2574 5175 2808 5245 relinqui
2845 5183 2942 5240 ;ut
2967 5174 3033 5229 ad
3063 5188 3246 5229 rerum
3290 5189 3412 5229 om-

1817 5271 1964 5326 nium
1986 5270 2290 5333 Dominum,
2316 5278 2427 5324 tota
2450 5278 2652 5337 mente,
2679 5268 2854 5340 quoad
2884 5268 3000 5324 ﬁeri
3032 5278 3223 5339 potest,
3253 5267 3415 5323 attol-

1818 5364 2020 5420 lantur.
2055 5364 2214 5435 eique
2268 5363 2602 5419 adhaereant.
2635 5362 2732 5417 Ille
2761 5363 3038 5418 enimvero
3067 5363 3183 5431 ipse
3209 5371 3312 5430 est,
3342 5363 3412 5419 de

1817 5474 1926 5530 quo
1951 5460 2132 5515 nullus
2173 5460 2277 5515 nisi
2304 5475 2515 5524 amens,
2550 5468 2641 5513 aut
2670 5457 2829 5529 plane
2852 5457 3097 5529 stupidus
3126 5457 3287 5514 homo
3311 5457 3411 5515 du-

1814 5554 1987 5611 bitare
2014 5563 2197 5625 queat.
2242 5554 2309 5608 At
2351 5552 2501 5608 illum
2534 5551 2710 5606 solum
2757 5553 2897 5608 scire
2944 5551 3163 5621 sufﬁcit,
3197 5561 3253 5609 et
3290 5552 3409 5626 ejus

1814 5649 2053 5722 cognitio
2081 5647 2309 5705 scientia
2338 5659 2419 5703 est
2450 5646 2703 5701 maxima.
