3878 6312
504 318 612 379 667

1070 446 1297 509 CAPUT
1335 452 1527 513 XXVI.

502 554 582 615 De
610 559 791 631 quibus
820 562 940 618 riris
992 565 1300 633 illustribus,
1334 572 1549 640 vatibus,
1582 576 1935 646 scriptoribus,
1969 596 2095 650 quos

574 654 830 711 Arnobius
855 659 1047 725 citavit,
1069 680 1129 716 ac
1160 665 1223 718 de
1251 667 1411 721 verbis
1438 668 1687 737 barbaris,
1715 672 1973 741 obsoletis,
2006 675 2096 729 ob-

575 750 760 811 scuris,
790 751 967 820 quibus
998 770 1121 809 usus
1142 764 1233 810 est.

1016 887 1309 933 ARTICULUS
1346 892 1557 935 PRIIUS.

494 980 887 1059 De_Py}hagora',
915 991 1074 1059 quiin
1101 990 1209 1059 fano
1244 1002 1595 1059 concrematas
1618 996 1738 1056 fuit,
1763 998 1824 1046 de
1860 998 2092 1059 Socratis,

558 1045 822 1126 ’ξηξιιοιιὶἰ2
854 1045 1029 1126 Reguli
1058 1062 1108 1126 et
1132 1054 1310 1126 Aquilii
1337 1045 1530 1109 crudeli
1548 1045 1701 1120 noce,
1724 1045 2093 1126 asilo-quibus:

556 1109 865 1183 datn_rna_gis,
890 1112 1149 1183 Zoroastre
1176 1109 1484 1183 porrigneam
1512 1109 2092 1183 zonam'ex’cito,ldeﬁAr-

556 1174 724 1251 mento
748 1172 987 1251 lostriani
1012 1172 1189 1251 περιιοιέ
1214 1221 1225 1235 ,
1245 1172 1502 1251 ξάῇιιρωιο
1526 1184 1666 1251 Cyri,
1692 1172 1966 1251 Apollouio,
1991 1172 2093 1237 na-

556 1235 765 1299 mlgero,
794 1235 1150 1299 Velo,Ju|ia'no
1174 1252 1224 1294 et
1245 1235 1450 1296 Bebulo.
1560 1235 1580 1251 ⁸
1656 1235 1666 1243 ’
1738 1235 1749 1249 ⁵
1869 1280 1875 1287 .

574 1386 763 1445 Plures
812 1390 1083 1449 Arnobius
1115 1396 1227 1452 suis
1270 1397 1320 1450 in
1355 1397 1505 1454 libris
1535 1401 1718 1456 citavit
1762 1413 1815 1459 et
1844 1403 2001 1460 factis
2031 1415 2086 1462 ct

515 1479 731 1548 scriptis
762 1483 997 1541 illustres
1026 1487 1194 1550 viros,
1227 1504 1452 1561 quorum
1486 1496 1753 1567 exemplo,
1790 1499 1869 1552 vel
1902 1509 2091 1553 aucto-

422 1563 429 1571 ’
508 1568 669 1629 ritate
698 1575 1017 1634 documenta
1068 1598 1160 1636 sua
1201 1592 1381 1641 tuetur
1408 1600 1469 1639 ac
1497 1588 1799 1644 conﬁrmat.
1831 1592 1935 1645 Sed
1967 1595 2090 1664 quia

505 1669 688 1723 multis
716 1670 877 1728 hosce
910 1675 1076 1732 libros
1105 1678 1403 1747 legentibus
1426 1681 1636 1750 quidam
1659 1683 1870 1753 penitus
1898 1686 2087 1756 ignoti,

498 1767 554 1815 et
600 1761 692 1816 alii
742 1780 847 1819 non
886 1768 1015 1821 satis
1065 1770 1264 1841 cngniti
1309 1788 1428 1826 esse
1458 1784 1703 1843 possunt,
1735 1776 1802 1831 de
1828 1778 1910 1831 bis
1936 1794 2089 1834 scor-

494 1854 622 1926 sim,
655 1857 865 1930 hocque
887 1861 937 1917 iu
964 1862 1083 1920 loco
1110 1867 1373 1935 agendum
1408 1867 1694 1936 duximus;
1729 1886 1796 1925 ne
1821 1874 2084 1930 orationis
2114 1862 2162 1923 Β
2190 1879 2337 1929 nem.
2382 1884 2401 1916 ³
2438 1865 2548 1933 ipsa
2577 1876 2701 1920 ευηι
2728 1867 2972 1935 θὶιιεάθῐη
3004 1866 3281 1922 Ciceronis
3311 1867 3492 1933 verba.
3532 1886 3549 1919 ³
3576 1882 3733 1922 εοῐιευ-

495 1959 695 2006 nostra:
730 1954 874 2009 tilum
904 1956 956 2010 in
985 1959 1357 2027 superioribus
1398 1960 1858 2030 disputationibus
1887 1969 2086 2037 smptus

487 2038 990 2112 interrumperetnr.
1020 2049 1100 2103 Ab
1144 2050 1207 2105 iis
1263 2062 1440 2106 autem
1479 2053 1819 2124 incipiemus,
1852 2074 2083 2127 quorum

500 2131 656 2189 factis
686 2142 741 2191 et
763 2140 1023 2212 exemplis
1053 2153 1241 2198 auctor
1258 2154 1443 2199 noster
1467 2146 1716 2204 ethnicos
1737 2149 1995 2215 coniutat,
2021 2167 2083 2207 ac

493 2229 743 2286 revincit.

556 2322 769 2380 Primus
801 2342 868 2382 ex
894 2327 976 2383 his
990 2344 1111 2384 sese
1133 2331 1288 2386 nobis
1312 2331 1468 2389 otl‘ert
1488 2332 1821 2408 Pythagoras
1843 2337 2079 2407 Samius,

491 2416 579 2486 qui
608 2436 627 2470 ι
661 2420 995 2490 suSpicioue,
1030 2423 1221 2494 inquit,
1248 2426 1638 2485 dominationis
1680 2430 1900 2503 injusta,
1929 2433 2081 2489 vivus

486 2524 868 2569 concrematus
898 2517 949 2571 in
984 2514 1109 2573 fauo
1139 2529 1221 2574 est
1259 2540 1278 2573 ι
1312 2520 1554 2593 (Arnob.,
1584 2523 1621 2578 ι.
1657 2540 1716 2591 tt,
1749 2543 1801 2595 p.
1826 2525 1941 2599 25).
1978 2525 2080 2581 Va-

487 2604 584 2659 rize
613 2614 793 2662 autem
825 2606 1046 2666 fuerunt
1091 2611 1158 2667 de
1189 2613 1505 2685 Pythagora:
1546 2629 1720 2679 morte
1771 2620 2074 2687 opiniones,

482 2709 616 2766 quas
663 2697 929 2767 Laertius,
965 2702 1212 2772 Tzetzcs,
1247 2706 1464 2773 Suidns,
1520 2708 1719 2779 aliique
1776 2711 2080 2767 retulerunt

479 2788 704 2864 (Laert.,
732 2794 769 2850 l.
816 2811 910 2851 vun
938 2839 953 2864 ,
988 2799 1039 2853 in
1096 2797 1196 2853 Vit.
1230 2798 1482 2872 Pythag.,
1516 2800 1543 2874 §
1576 2803 1645 2859 59
1675 2820 1689 2867 ;
1742 2801 1934 2871 Tzetz.,
1964 2805 2076 2858 chi-

480 2883 606 2941 liad.
650 2903 723 2955 xl,
776 2907 829 2961 p.
863 2892 970 2948 445
996 2910 1009 2957 ;
1036 2893 1214 2960 Suid.,
1247 2897 1317 2949 ad
1344 2896 1480 2952 verb.
1530 2899 1858 2975 Πυθαγόρας).
1894 2899 2071 2954 Prima

479 2986 587 3041 est,
639 2979 785 3034 illum
838 2984 892 3037 in
942 2983 1104 3040 domo
1132 2984 1346 3041 Milonis
1395 2988 1726 3043 Crotoniatas
1752 3006 1872 3044 cutn
1904 2996 2071 3058 esset,

488 3075 768 3143 cujusdam
799 3093 867 3133 ex
899 3079 1027 3147 illis,
1060 3097 1197 3153 quos
1244 3083 1370 3138 illuc
1396 3084 1682 3140 admittere
1714 3086 1903 3152 uoluit,
1937 3086 2075 3140 mvi-

478 3164 589 3233 dia,
619 3167 701 3222 vel
750 3168 1185 3229 Crotoniatarum
1241 3177 1549 3245 suSpicione
1601 3188 1857 3249 metuque
1886 3188 2071 3251 tyran-

1750 340 2201 405 DlSSERTATlO
2251 349 2413 407 ΡΒᾸΞ
2425 352 2537 408 VIA
3648 354 3731 417 €68

2117 472 2171 530 Α
2265 464 2511 522 Socrates
2540 484 2771 541 quoque,
2804 471 2878 527 ait
2908 472 3197 540 Arnobius,
3235 494 3255 528 ι
3291 474 3510 533 civitatis
3538 481 3723 551 suzeju-

2198 558 2341 615 dicio
2362 560 2667 629 damnatus,
2700 565 2915 635 capitali
2943 567 3168 623 allectus
3198 578 3281 623 est
3301 585 3450 641 poena
3480 590 3498 623 ι
3524 573 3728 641 (Arnob.,

2196 653 2235 708 ι.
2288 671 2323 720 t,
2375 673 2427 726 p.
2459 655 2572 729 9.3).
2606 660 2674 713 At
2720 674 2841 713 eum
2871 677 2901 714 a
2933 661 3136 716 civibus
3187 663 3298 717 suis
3352 663 3723 724 Atheniensibus

2196 759 2370 803 morte
2395 750 2834 820 condemnatum,
2868 754 3097 808 cicutam
3143 754 3360 819 bibisse,
3392 757 3457 810 ab
3497 757 3731 826 scriptori-

2194 839 2295 895 bus
2330 840 2565 910 Laertio,
2593 843 2840 911 Platone,
2873 845 3101 914 aliisque
3142 847 3539 916 quampluritnis
3567 864 3732 905 memo-

2194 931 2288 1013 riae
2343 934 2608 1003 proditum
2660 946 2782 1002 est;
2815 952 3020 1007 nosque
3049 938 3114 993 de
3169 939 3311 994 illius
3354 955 3481 995 nece
3525 941 3730 1010 quzedam

2194 1025 2322 1080 alibi
2377 1028 2853 1083 animadvertimUs
2900 1030 3121 1103 (Laert.,
3172 1035 3211 1084 ι.
3264 1048 3299 1086 ll
3353 1033 3403 1086 in
3452 1030 3548 1086 Vit.
3589 1033 3731 1100 Socr.,

2198 1116 2352 1191 542;
2386 1119 2551 1183 ΡΙαι..
2582 1121 2634 1175 in
2670 1120 2881 1187 Phced.,
2914 1135 2950 1176 t.
2990 1140 3028 1187 t,
3056 1142 3107 1195 p.
3142 1124 3285 1189 H7;
3319 1125 3527 1198 Apolog.
3564 1125 3729 1180 Socrat.

2197 1223 2243 1265 et
2274 1213 2398 1266 alibi
2426 1232 2439 1279 ;
2471 1214 2686 1268 Disserl.
2718 1216 2769 1270 in
2797 1217 3016 1281 Minue,
3040 1235 3087 1271 c.
3114 1216 3168 1285 6,
3199 1227 3297 1272 art.
3327 1216 3406 1289 ιεἰ).
3441 1218 3586 1272 Plura
3608 1218 3733 1289 igitur

2193 1319 2487 1377 congerere
2520 1307 2709 1362 inutile
2737 1324 3273 1380 superaeaneumque
3305 1309 3459 1365 foret.

2266 1399 2615 1470 PrOscqnitur
2664 1402 2954 1469 Arnobius,
2986 1416 3049 1456 ac
3098 1400 3428 1457 Trebonium
3458 1402 3606 1458 simili
3632 1420 3732 1474 sup—

2193 1493 2476 1563 pliciorum
2529 1512 2724 1566 genere
2772 1497 3156 1566 interemptum
3214 1496 3429 1551 asserit.
3470 1494 3732 1551 Consularis

2192 1580 2283 1641 ille
2316 1588 2395 1641 vir
2423 1586 2546 1650 fuit,
2583 1599 2636 1643 et
2659 1590 2917 1659 optimus,
2953 1590 3124 1660 inquit
3152 1587 3367 1655 Cicero,
3395 1589 3540 1655 civis,
3566 1606 3621 1645 ac
3646 1607 3733 1644 mo-

2192 1678 2566 1735 deratissimus
2615 1681 2779 1735 homo
2807 1725 2822 1749 ,
2884 1698 3041 1753 quem
3076 1682 3311 1752 perﬁdus
3343 1682 3598 1737 Dolabella
3627 1683 3731 1738 ﬁctae

2190 1771 2567 1843 simulatioque
2615 1774 2866 1829 amicitia:
2916 1773 3160 1828 insidiis:
3193 1792 3212 1824 σ
3236 1771 3573 1830 Consularem
3598 1774 3731 1829 homi-

2188 1956 2285 2011 lari
2320 1960 2547 2028 imperio
2578 1960 2909 2030 provinciam
2942 1960 3121 2015 Asiam
3152 1960 3504 2025 obtinentem,
3534 1959 3731 2015 Samario

2186 2050 2358 2105 exsuli
2388 2050 2646 2116 tradidit;
2683 2050 2990 2106 intercere
3020 2051 3202 2105 statim
3250 2060 3465 2121 captum
3493 2050 3658 2115 noluit,
3680 2064 3728 2105 ne

2191 2142 2371 2205 nimis,
2403 2143 2587 2208 credo,
2634 2145 2685 2197 in
2720 2144 2958 2198 victoriis
3018 2143 3258 2197 liberalis
3311 2143 3587 2199 videretur.
3628 2139 3726 2196 Cum

2185 2236 2471 2291 verborum
2524 2237 2868 2292 contumeliis
2915 2238 3178 2305 Optimum
3226 2237 3400 2291 virum
3452 2236 3637 2290 incesto
3658 2249 3725 2289 ore

2185 2331 2503 2397 lacerasset,
2536 2340 2647 2390 tum
2680 2330 2997 2385 verberibus
3027 2345 3090 2385 ac
3115 2331 3400 2384 tormentis
3426 2330 3722 2401 quzcsuonem

2186 2423 2373 2477 habuit
2402 2423 2644 2493 pecunia:
2670 2423 2922 2493 publicm,
2947 2423 3106 2494 idque
3131 2439 3226 2492 per
3246 2423 3487 2487 biduum,
3512 2432 3615 2493 post
3637 2435 3723 2475 cer-

2183 2515 2389 2571 vicibus
2418 2526 2578 2586 caput
2623 2516 2874 2583 abscidit,
2910 2517 3069 2587 idque
3113 2514 3280 2571 ﬁxum
3312 2518 3507 2587 gestari
3532 2514 3721 2587 jussitin

2185 2609 2316 2680 pilo,
2346 2610 2611 2679 reliquum
2655 2625 2854 2679 corpus
2887 2618 3135 2674 tractum,
3168 2621 3332 2679 atque
3362 2612 3628 2666 laceratum
3650 2608 3718 2661 ab-

2176 2703 2308 2773 jccit
2335 2703 2387 2758 in
2420 2718 2569 2758 mare
2595 2723 2612 2756 ι
2637 2701 2795 2775 (Cic.,
2820 2702 3023 2774 Philip.
3048 2720 3103 2771 ιι,
3134 2722 3183 2775 p.
3215 2704 3343 2769 6M,
3376 2707 3467 2760 lin.
3490 2703 3591 2774 50).
3619 2702 3717 2757 Tum

2181 2796 2379 2851 deinde
2433 2796 2573 2850 hunc
2620 2797 2947 2851 Trebonium
2996 2814 3118 2852 cum
3172 2796 3398 2869 Regulo,
3430 2796 3719 2869 quemadmo-

2181 2889 2306 2943 dum
2349 2900 2538 2943 auctor
2582 2900 2803 2956 noster,
2860 2891 2937 2944 sic
2985 2891 3267 2961 conjungit
3298 2934 3314 2958 ,
3346 2901 3399 2947 et
3446 2889 3717 2959 componit:

2185 3001 2204 3035 ι
2241 2978 2523 3037 Cruciatus
2550 2992 2631 3037 est
2662 3000 2689 3036 a
2722 2982 2997 3038 Dolabella
3051 2982 3379 3046 Trebonius,
3408 2992 3462 3038 et
3502 2982 3675 3054 quidem
3695 2993 3717 3033 a

2179 3074 2701 3146 Carthaginensibus
2754 3076 3010 3147 Regulus.
3046 3076 3103 3131 In
3133 3092 3237 3146 qua
3270 3093 3333 3133 re
3360 3092 3482 3132 cum
3508 3073 3717 3131 crudelis-

2178 3172 2299 3225 simi
2334 3171 2482 3226 Pmni
2507 3171 2732 3241 judicati
2761 3172 2868 3227 sint
2914 3173 2966 3224 in
2998 3170 3171 3235 hoste,
3208 3174 3339 3234 quid
3394 3173 3444 3226 in
3470 3173 3578 3227 cive
3603 3168 3720 3223 Dola-

478 3258 642 3327 nidis,
675 3262 861 3317 eadem
888 3263 1050 3321 domo
1091 3269 1334 3332 incensa,
1360 3268 1591 3325 ﬂammis
1640 3271 1805 3326 fuisse
1836 3271 2069 3327 suffoca-

2184 3260 2317 3315 bella
2342 3262 2664 3331 judicandus
2682 3264 2800 3316 est?
2826 3282 2847 3315 ν
2872 3261 3061 3335 (lbid.,
3082 3281 3133 3333 p.
3159 3264 3287 3330 645,
3308 3265 3404 3319 lin.
3430 3266 3523 3329 13;
3546 3260 3714 3324 Arnob,

476 3358 610 3407 tum.
645 3354 747 3409 Alii
782 3372 913 3413 vero
943 3360 1162 3415 tradunt
1192 3362 1366 3429 illum,
1411 3364 1538 3419 inde
1567 3374 1837 3435 ereptum,
1870 3368 1920 3420 in
1942 3382 2071 3437 agro

476 3443 618 3501 fabis
648 3448 807 3518 pleno
854 3452 1100 3522 jugulum
1152 3459 1601 3528 persequentibus
1628 3459 1863 3515 dedisse.
1900 3462 2071 3517 Dicae-

487 3538 687 3596 archus
718 3558 846 3599 vero
872 3550 1122 3616 opinatus
1170 3560 1255 3605 est
1304 3551 1480 3621 ipsum
1535 3552 1590 3607 in
1619 3552 1888 3608 Musarum
1916 3556 2072 3611 delu-

476 3628 595 3696 bro,
633 3635 775 3717 quod
807 3636 1102 3710 MetapOuti
1132 3652 1236 3709 est,
1289 3660 1387 3715 per
1432 3646 1785 3717 quadraginta
1839 3649 1952 3704 dies
1980 3650 2074 3705 ab-

475 3724 802 3795 sconditum,
836 3730 977 3785 fame
1002 3742 1058 3788 et
1100 3735 1280 3789 inedia
1310 3739 1484 3807 egisse
1514 3739 1768 3793 animam.
1802 3741 1948 3796 Alias
1979 3741 2072 3796 ad-

476 3813 580 3870 huc
605 3816 852 3875 Laertius
881 3823 951 3877 de
979 3825 1225 3892 ejusdem
1259 3828 1579 3900 Pythagorae
1602 3833 1822 3886 interitu
1849 3843 2070 3889 senten-

475 3900 574 3954 tias
607 3902 906 3962 Heraclidis
935 3920 991 3964 et
1014 3911 1289 3984 Hertnippi
1314 3929 1525 3975 enarrat
1561 3915 1781 3987 (Laert.,
1812 3919 1908 3972 loc.
1932 3922 2066 3991 cit.).

474 3996 543 4050 At
575 3996 791 4055 brevius
820 4001 1139 4060 Plutarchus
1161 4025 1173 4061 :
1193 4010 1259 4064 Τὸ
1279 4013 1369 4083 μὲν
1391 4013 1456 4066 τὰ
1477 4018 1690 4069 τοιαῦτα
1712 4019 2076 4089 συμπτώματα

469 4098 570 4147 τῶν
587 4094 749 4149 καλῶν
763 4101 847 4151 καὶ
867 4101 1062 4173 ἀγαθῶν
1083 4101 1293 4179 ἀνδρῶν,
1314 4101 1413 4159 οἷον
1444 4108 1473 4165 ἡ
1499 4109 1799 4182 Σωκράτους
1814 4110 2070 4179 καταδίκη,

469 4192 556 4241 καὶ
583 4188 608 4243 ὁ
639 4194 930 4272 Πυθαγόρου
960 4200 1147 4260 ζῶντος
1192 4201 1494 4276 ἐμπρησμὸς
1534 4204 1637 4257 ὑπὸ
1663 4212 1762 4259 τῶν
1790 4207 2075 4262 Κυλωνείων

467 4277 791 4369 (Plutarch,
819 4286 881 4339 de
929 4287 1153 4343 Stoicor.
1183 4304 1518 4361 repugnant.,
1550 4304 1670 4350 tom.
1707 4310 1764 4363 tl,
1797 4316 1847 4367 ρ.
1884 4298 2072 4369 1051).

468 4367 590 4424 lam
651 4373 1009 4444 hujuscemodi
1073 4384 1439 4452 pra’clurorum
1503 4380 1729 4440 uirorum
1795 4390 2072 4444 calamita-

471 4470 574 4528 tes,
614 4467 782 4533 qualis
823 4471 921 4539 fuit
972 4475 1328 4529 condemnatio
1376 4477 1644 4541 Socratis,
1683 4480 1820 4547 quod
1872 4479 2073 4551 Pytha-

472 4572 613 4626 gora:
667 4560 777 4615 uiuo
826 4579 858 4616 a
905 4563 1144 4636 Cyloneis
1204 4579 1278 4623 est
1332 4569 1536 4625 illatum
1601 4574 1913 4628 incendium.
1968 4575 2074 4633 Sed

466 4658 646 4707 utrum
679 4652 766 4710 hic
815 4656 866 4709 in
895 4658 1059 4714 domo
1086 4662 1287 4731 aliqua,
1324 4664 1410 4718 vel
1451 4665 1503 4720 in
1534 4666 1659 4721 fano
1690 4678 2071 4726 concrematas

467 4740 650 4809 fuerit,
689 4749 901 4815 penitus
951 4762 1110 4808 Iacet.
1150 4755 1343 4811 Verum
1388 4757 1454 4812 de
1498 4759 1638 4815 illius
1666 4772 1840 4818 morte
1871 4764 2071 4835 aliquid

465 4836 593 4931 alibi
619 4839 1028 4931 observavimus
1071 4845 1134 4918 (t.
1182 4864 1197 4902 t
1239 4849 1519 4921 Apparat.,
1545 4854 1783 4922 ρ.1125,
1812 4867 1859 4910 et
1889 4858 2073 4931 seqq.).

464 4927 567 4982 Adi
612 4929 821 5000 adhuc,
869 4934 915 4989 si
956 4936 1172 5005 placet,
1219 4942 1485 4998 Malchum
1536 4943 1897 5014 Jamblicum,
1928 4927 2067 5005 Tac—-

465 5029 603 5079 tzem
646 5034 701 5078 et
744 5025 883 5082 alios
932 5027 984 5082 in
1033 5030 1354 5102 Pythagorae
1398 5037 1583 5103 vitam,
1616 5047 1778 5110 atque
1816 5040 2067 5114 Menagii,

463 5125 519 5170 et
559 5116 789 5172 aliorum
842 5120 893 5173 in
934 5122 1158 5177 citatum
1201 5125 1400 5182 Lacrtii
1452 5130 1631 5186 locum
1687 5136 2070 5193 annotationes

467 5206 762 5276 (Jamblic.,
784 5210 824 5265 ι.
855 5228 872 5267 ι
904 5213 966 5266 de
1004 5213 1107 5268 Vit.
1166 5216 1419 5289 Pythag.,
1442 5238 1490 5274 c.
1523 5223 1634 5285 55;
1670 5223 1867 5291 Tzelz.,
1904 5226 2067 5296 Hist.,

462 5303 681 5357 chiliad.
715 5320 801 5369 ιι,
832 5320 880 5359 υ.
916 5306 983 5362 69
1007 5317 1053 5361 et
1083 5315 1274 5379 seqq.).
1311 5315 1551 5384 Denique
1597 5318 1740 5388 quod
1789 5321 2071 5390 subjuuxit

471 5396 744 5452 Arnobius
796 5408 985 5455 noster
1027 5401 1389 5474 Pythagoram
1442 5408 1621 5462 vivum
1678 5411 2063 5481 combustum,

470 5505 489 5539 ι
522 5488 831 5557 suspicione
884 5490 1272 5550 dominationis
1323 5497 1545 5569 injusta,
1581 5520 1600 5555 ι
1632 5502 1731 5557 hoc
1760 5506 2074 5563 conﬁrmari

467 5588 644 5647 potest
667 5580 985 5640 Tertulliani
1014 5588 1350 5656 testimonio,
1369 5593 1459 5662 qui
1485 5591 1627 5648 haud
1655 5594 1963 5652 dubitanter
1985 5616 2070 5654 as-

462 5685 685 5728 severat
714 5675 1026 5733 atlectatam
1058 5682 1126 5736 ab
1160 5698 1227 5737 eo
1258 5685 1427 5741 fuisse
1454 5689 1793 5759 tyrannidem
1821 5691 2071 5763 (Arnob.,

466 5766 504 5818 l.
532 5782 566 5832 ι,
601 5786 652 5835 p.
683 5769 785 5834 25;
821 5771 1153 5840 Tertullian.,
1178 5777 1402 5851 Apolog.
1424 5825 1438 5848 ,
1469 5799 1515 5835 c.
1558 5781 1674 5853 46).
1708 5784 1814 5839 Sed
1856 5784 1923 5840 de
1972 5784 2073 5842 hac

468 5870 529 5912 re
560 5872 668 5914 nos
707 5874 805 5916 suo
858 5865 977 5920 loco
1009 5866 1228 5926 uberius
1258 5871 1677 5943 disputabimus.

2177 3355 2213 3408 ι.
2248 3370 2285 3420 ι,
2320 3373 2371 3425 p.
2395 3353 2514 3426 25.)
2539 3355 2765 3410 Exstant
2791 3356 3085 3411 etiamnum
3130 3357 3274 3411 inter
3292 3357 3561 3411 Ciceronis
3584 3353 3715 3423 Opera

2175 3458 2375 3501 mutua:
2404 3449 2648 3518 epistolae
2679 3447 2933 3503 Trebonii
2966 3449 3031 3503 ad
3057 3447 3382 3503 Ciceronem
3409 3460 3463 3504 et
3489 3444 3713 3503 Ciceronis

2175 3541 2242 3595 ad
2273 3540 2634 3607 Trebonium,
2691 3552 2852 3612 atque
2904 3542 2974 3596 ibi
3022 3542 3185 3596 etiam
3218 3538 3481 3596 Lentulus
3528 3539 3632 3596 data
3667 3532 3713 3588 sd

2176 3634 2427 3689 eumdem
2469 3634 2786 3689 Ciceronem
2834 3634 3083 3704 epistola,
3121 3651 3141 3684 ι
3171 3633 3429 3690 Trebonii
3465 3626 3715 3701 indignissio

2179 3743 2318 3781 mam
2350 3727 2588 3781 cmdemr
2615 3727 2852 3797 appellat
2879 3724 3090 3795 (ϐίαι,
3124 3727 3165 3780 ι.
3194 3743 3291 3791 xtl,
3324 3744 3408 3797 ep.
3439 3716 3713 3795 15,ρ.119)·

2179 3821 2255 3876 De
2294 3822 2482 3893 Reguli
2526 3835 2729 3888 autem,
2759 3834 2918 3891 quem
2952 3832 3007 3875 ut
3038 3823 3286 3892 proxime
3311 3821 3511 3877 dictum
3536 3824 3622 3881 est,
3645 3828 3709 3867 att-

2177 3922 2294 3967 ctor
2322 3923 2506 3969 noster
2524 3913 2834 3970 Threbonio
2855 3914 3155 3984 conjungit,
3169 3913 3383 3969 crudeli
3416 3913 3565 3968 etiam
3592 3905 3710 3967 etde»

2179 4024 2278 4063 nos
2313 4010 2365 4063 in
2420 4009 2689 4079 superiori
2730 4009 3112 4064 dissertatione
3164 4009 3378 4078 egimus
3426 4006 3639 4077 (θῆκαι.
3676 3999 3712 4050 in

2179 4100 2379 4157 Minuc.
2417 4103 2620 4169 0ctau.,
2654 4119 2700 4156 c.
2730 4104 2784 4166 6,
2816 4112 2916 4156 art.
2946 4104 3001 4167 '5,
3029 4111 3146 4157 etc.
3179 4099 3269 4167 19,
3299 4112 3401 4155 art.
3429 4099 3506 4171 4).

2250 4196 2485 4263 Quartus
2516 4197 2582 4251 ab
2609 4196 2853 4250 Arnobio
2875 4202 3207 4249 memoratur
3228 4194 3476 4265 Aquilius
3501 4188 3581 4263 qui
3599 4182 3713 4244 diris-

2178 4290 2331 4345 simis
2381 4290 2711 4345 cruciatibus
2742 4302 2770 4342 a
2815 4287 3123 4343 Mithridate
3168 4274 3383 4343 occisus
3410 4295 3530 4340 est:
3569 4274 3713 4337 πόδε

2179 4400 2245 4441 eo
2270 4400 2481 4456 quoquc
2513 4385 2564 4439 in
2590 4384 2779 4440 eadem
2819 4384 3083 4454 superiori
3115 4381 3498 4437 dissertatione
3524 4377 3711 4446 dispuli-

2179 4478 2353 4532 vimus
2382 4477 2567 4548 (lbid.,
2610 4496 2657 4532 c.
2693 4479 2747 4544 6,
2780 4487 2879 4531 art.
2910 4478 2982 4543 ὃς
3014 4475 3235 4542 Meum,
3264 4479 3379 4530 crit.
3411 4472 3604 4532 Arnob,
3636 4467 3709 4527 Ισιι

2178 4589 2225 4626 c.
2262 4572 2350 4637 10,
2376 4589 2426 4641 ρ.
2460 4571 2571 4642 19).
2602 4573 2670 4626 At
2692 4572 2816 4627 inde
2841 4572 3009 4642 liquet
3031 4586 3224 4625 vanam
3247 4583 3372 4626 esse
3397 4564 3597 4624 Meursii
3618 4572 3710 4615 cono

2100 4644 2152 4709 Ῑ)
2177 4666 2468 4735 jecturam,
2495 4664 2584 4734 qui
2626 4666 2678 4719 in
2722 4665 2964 4720 auctoris
3008 4666 3179 4719 nostri
3210 4672 3360 4718 textu
3383 4676 3479 4735 pro
3507 4653 3708 4727 Aquili”.

2178 4758 2461 4829 legendum
2514 4760 2817 4830 suspicatur
2847 4758 3060 4822 Acilius,
3094 4771 3329 4828 eumque
3360 4769 3477 4811 esse
3502 4752 3618 4813 vult,
3644 4739 3707 4813 τισί

2173 4851 2312 4906 sicut
2357 4852 2553 4906 cecinit
2600 4851 2912 4916 Iuvenalis,
2945 4849 3012 4904 ab
3064 4849 3161 4905 illo
3208 4848 3436 4913 citatus,
3469 4861 3496 4900 a
3538 4842 3704 4899 Nerone

2177 4959 2318 4997 saeva
2348 4950 2521 4999 morte
2549 4959 2581 4999 e
2612 4942 2789 4998 medio
2817 4942 3062 4998 sublatus
3086 4950 3189 4996 est.
3225 4940 3309 4996 Ex
3356 4941 3425 4995 ibi
3472 4936 3639 5007 quippe
3659 4925 3707 4981 de

2176 5037 2388 5106 Aquilio
2414 5037 2572 5091 dictis
2588 5035 2866 5092 evidenter
2885 5035 3177 5106 colligitur,
3211 5033 3347 5087 nihil
3377 5032 3430 5088 in
3453 5022 3706 5085 Arnobiatlo

2178 5140 2326 5185 textu
2368 5129 2707 5183 mutandum.
3541 5214 3548 5216 μ
3673 5203 3683 5216 ι

2247 5222 2349 5278 Ubi
2385 5238 2517 5277 vero
2547 5233 2736 5279 auctor
2765 5231 2951 5279 noster
2977 5221 3288 5277 christiana:
3317 5214 3703 5305 religionis

2175 5323 2339 5369 tatem
2390 5314 2709 5377 innumeris,
2749 5323 2914 5382 atque
2964 5314 3069 5369 huc
3105 5328 3274 5383 usque
3318 5307 3554 5366 inauditis

2176 5408 2243 5463 sti
2279 5408 2553 5463 miraculis
2580 5407 2941 5474 demonstrat,
2969 5407 3045 5463 ibi
3072 5407 3277 5462 nullum
3306 5404 3456 5475 plane
3492 5399 3552 5455 ab
3573 5391 3704 5450 ethni-

2174 5516 2360 5555 corum
2407 5500 2578 5571 magis
2610 5510 2704 5555 aut
2750 5517 2846 5570 per
2895 5516 2973 5566 se,
3006 5508 3101 5555 aut
3127 5515 3222 5571 per
3253 5499 3387 5553 alios
3411 5491 3627 5550 similiter
3647 5481 3702 5535 lt-

2175 5606 2320 5648 Ctttm
2374 5603 2520 5647 recte
2568 5594 2867 5648 contendit.
2901 5593 3055 5662 Quod
3086 5593 3305 5663 quidem
3338 5591 3534 5648 illorum
3559 5577 3702 5652 probat

2177 5686 2454 5755 eremplo,
2485 5685 2575 5756 qui
2605 5690 2819 5741 caneris
2840 5697 2955 5742 arte
2994 5687 3198 5757 magica
3227 5678 3578 5741 antecelluisse
3598 5668 3699 5725 lere-

2179 5779 2392 5833 bantur.
2422 5777 2530 5832 Eos
2551 5785 2728 5834 autem
2759 5779 2872 5835 suis
2895 5779 3203 5835 nominibus
3220 5777 3300 5833 sic
3319 5769 3568 5847 appellat:
3592 5760 3698 5828 «Δίθ

2176 5890 2343 5945 nunc,
2375 5875 2579 5945 veniat,
2612 5890 2821 5947 quaeso,
2850 5891 2947 5947 per
2982 5877 3195 5947 igneam
3242 5884 3426 5932 zonam
3453 5855 3694 5937 maxum“

3811 4574 3813 4667 φ
