3878 6312
172 300 259 363 tta
1307 302 1375 359 IN
1412 295 1792 373 ARNOBIUM,
1832 301 1985 358 car.
2028 299 2222 358 xxvr.

3208 272 3215 275 ’
3302 296 3407 353 ora

173 424 341 480 teriore
356 423 420 480 ab
437 422 567 480 orbe
590 423 927 489 Zoroastres,
950 419 1243 492 Hermippo
1268 430 1329 475 ut
1354 420 1711 477 assentiamur
1739 422 1793 486 Α
1820 437 1841 471 ι
1874 420 1983 489 jam
2010 416 2285 474 vocabulis
2314 424 2453 486 utar,
2480 416 2676 490 quibus
2700 416 2906 473 auctrix
2938 415 3252 487 opinionum
3282 415 3412 472 lstaa

172 517 367 583 auctori,
403 516 754 572 Bactrianus:
787 526 843 571 et
866 514 959 571 ille
981 515 1287 578 conveniat,
1323 517 1477 585 cujus
1505 515 1717 570 Ctesias

170 622 242 664 res
278 592 441 680 geStas
486 607 832 664 historiarum
861 605 1086 679 exponit
1117 606 1169 660 in
1204 606 1395 676 primo,
1430 605 1717 663 Armenius

180 702 414 759 Zostriani
431 717 617 773 nepos,
644 712 701 758 et
722 701 1001 757 familiaris
1030 700 1344 770 Pamphilus
1372 701 1520 773 Cyri.
1551 702 1716 771 Apol«

168 796 351 858 lonius,
399 794 700 864 Damigero,
753 805 806 851 et
858 794 1155 859 Dardanus,
1184 794 1346 848 Velus
1392 793 1637 848 Julianus
1665 802 1719 848 et

168 885 388 942 Btebulus
420 905 439 938 ›
472 886 708 958 (Arnob.,
737 889 774 941 l.
807 904 845 955 ι,
878 904 931 958 p.
962 887 1074 959 5|).
1106 886 1214 942 Sed
1242 887 1456 957 plurimi
1486 901 1718 956 conque.

165 992 331 1035 runtur
372 978 508 1036 unde
557 990 869 1050 corruptum
921 996 1043 1035 esse
1097 977 1239 1034 hunc
1294 981 1488 1033 locum.
1540 978 1719 1033 Primo

165 1073 286 1129 enim
327 1071 581 1128 Heraldus
612 1073 905 1128 arbitratur
947 1073 1061 1127 haec
1110 1070 1294 1135 verba,
1323 1088 1474 1142 super
1520 1071 1720 1141 igneam

164 1183 318 1221 zonam
362 1165 826 1238 interpretamenti
873 1166 985 1221 vice
1028 1164 1234 1235 adjecta
1282 1180 1422 1225 esse,
1456 1174 1619 1234 atque
1648 1162 1718 1218 ibi

165 1258 415 1324 Azonacis,
448 1260 536 1331 qui
567 1267 705 1314 teste
732 1259 907 1314 Plinio
935 1275 1144 1330 magus,
1175 1270 1225 1313 et
1250 1256 1552 1313 Zoroastris
1577 1273 1719 1329 pra:-

163 1362 321 1422 ceptor
349 1350 442 1406 fuit
469 1392 484 1416 ,
513 1353 841 1407 mentionem
875 1351 989 1406 ﬁeri
1022 1349 1215 1422 (Plin.,
1246 1351 1284 1406 ι.
1315 1366 1423 1404 xxx
1454 1346 1591 1403 Hist.
1622 1366 1718 1403 na-

164 1456 268 1512 tur.,
295 1462 341 1501 ο.
375 1448 439 1511 1,
474 1463 528 1518 p.
561 1446 712 1520 725).
767 1446 1104 1517 Quapropter
1154 1449 1232 1500 sic
1269 1454 1455 1500 censet
1511 1452 1717 1497 textum

159 1554 260 1595 esse
299 1537 731 1595 restituendum:
781 1558 800 1591 ι
832 1538 1026 1595 Veniat
1056 1538 1176 1610 quis
1206 1538 1488 1594 Azonaces
1532 1551 1719 1607 magus

162 1633 388 1689 interiore
413 1633 482 1689 ab
511 1634 667 1700 orbe,
704 1632 997 1705 Hermippo
1022 1643 1080 1688 ut
1105 1633 1465 1687 assentianmr
1489 1632 1716 1686 auctori.

158 1724 440 1780 Bactrianus
462 1735 520 1781 et
544 1725 636 1781 ille
664 1725 1007 1791 conveniam
1044 1724 1094 1779 id
1124 1735 1228 1791 est,
1258 1723 1596 1789 Zoroasues,
1630 1721 1719 1793 qui

1821 528 1940 568 rum
1968 512 2137 583 magia
2160 520 2333 575 sonat,
2364 511 2645 574 Hostanes.
2677 518 2732 566 et
2757 510 3004 582 Typhon,
3029 519 3080 565 et
3108 508 3408 575 Dardanus,

1819 616 1875 662 et
1908 607 2245 675 Damigeron,
2289 615 2343 660 et
2370 605 2636 672 Nectabis,
2686 614 2741 661 et
2772 606 3032 662 Berenice
3068 622 3088 658 ι
3123 603 3406 679 (Tertull.,

1822 697 1909 752 lib.
1942 698 2006 752 de
2034 697 2230 761 Anlm.,
2260 714 2376 768 cap.
2403 698 2518 768 57).

1892 788 2026 844 Tres
2048 788 2223 861 itaque
2251 790 2318 845 ab
2354 790 2442 844 illo
2484 800 2538 845 et
2567 790 2794 859 Apuleio
2823 799 3211 856 memorantur,
3255 789 3411 847 sicuti

1821 883 1961 939 etab
1990 893 2210 938 auctore
2237 893 2424 938 nostro
2449 884 2703 938 nimirum
2740 885 3076 953 Apollonius,
3107 885 3410 956 Damigero,

1823 986 1874 1030 et
1906 973 2182 1029 Dardanus
2205 976 2223 1047 (
2246 975 2463 1041 Arnob,
2505 975 2592 1030 lib.
2625 992 2664 1039 ι,
2694 991 2817 1047 pag.
2848 974 2912 1031 iii
2942 976 2982 1048 ).
3012 976 3203 1033 Plures
3230 989 3412 1032 autem

1823 1086 2020 1126 nomen
2060 1069 2329 1140 Apollonii
2357 1085 2480 1124 cum
2526 1069 2700 1124 sortiti
2750 1071 2983 1135 fuerint,
3028 1070 3283 1141 numquid
3326 1069 3413 1125 hic

1822 1164 1927 1219 dici
1960 1171 2134 1234 potest
2166 1162 2484 1233 Apollonius
2524 1162 2809 1233 'l‘yameus,
2852 1166 2942 1233 qui
2969 1173 3104 1219 teste
3130 1163 3314 1229 Suida,
3346 1163 3416 1219 ab

1822 1257 2110 1328 Egyptiis,
2143 1256 2475 1327 Babyloniis,
2506 1266 2666 1325 atque
2696 1256 2982 1317 Arabibus,
3013 1271 3149 1327 quos
3182 1257 3411 1320 adierat,

1823 1349 2056 1403 inﬁnitas
2080 1349 2378 1420 praestigias
2404 1350 2663 1419 collegit?
2693 1348 2881 1404 Nonne
2906 1350 2958 1403 id
2988 1350 3204 1419 scriptis
3228 1368 3255 1401 a
3289 1348 3415 1404 Phl-

1823 1442 2044 1497 lostrato
2069 1443 2137 1497 de
2164 1442 2322 1514 hujus
2347 1443 2624 1513 Apollonii
2648 1443 2753 1496 vita
2782 1442 2934 1497 libris
2955 1440 3265 1497 conﬁrmari
3294 1455 3417 1510 pos-

1823 1546 1924 1599 set,
1974 1536 2075 1590 nisi
2117 1535 2238 1591 illos
2276 1536 2467 1591 fabulis
2496 1536 2729 1591 ciuilibus
2767 1546 2979 1591 scatere
3008 1534 3205 1590 eruditi
3238 1534 3417 1604 plures

1822 1627 1922 1681 viri
1950 1628 2270 1684 censerent?
2295 1628 2494 1683 Eorum
2523 1630 2683 1699 igitur
2707 1626 3079 1683 auctoritatem
3131 1644 3238 1680 non
3264 1640 3419 1696 urge-

1823 1721 2020 1778 bimus.
2044 1724 2111 1779 At
2135 1714 2283 1778 certe
2304 1739 2485 1789 nemo,
2514 1724 2587 1777 uti
2612 1722 2918 1792 opinamur,
2939 1720 3418 1791 negabiteumdem

158 1818 299 1888 patria
327 1818 648 1875 Bactrianus
675 1828 813 1875 erat.
847 1818 1049 1873 Verum
1078 1817 1162 1873 ha:
1186 1834 1349 1874 mera:
1395 1816 1717 1887 conjecturae
1749 1826 1798 1888 Β
1825 1816 2166 1887 Apollonium
2214 1824 2426 1888 magoni
2473 1817 2541 1873 ab
2582 1817 2831 1887 Apuleio,
2885 1826 3047 1887 atque
3097 1816 3166 1871 ab
3201 1826 3421 1872 auctore

157 1920 276 1976 sunt,
315 1928 433 1983 quae
462 1927 569 1968 nec
618 1912 991 1983 manuscripti.
1023 1928 1125 1967 nec
1164 1912 1325 1967 ullius
1363 1911 1490 1966 editi
1516 1910 1719 1967 codicis

159 2003 437 2058 auctoritate
476 2004 847 2061 stabiliuntur.
905 2004 1131 2060 Huctius
1163 2012 1364 2072 tamen,
1416 2004 1719 2059 Abrincen-

160 2095 270 2151 sium
304 2095 431 2151 olim
475 2097 792 2168 episc0pus,
832 2099 1046 2153 videtur
1087 2096 1319 2152 lleraldo
1349 2114 1502 2152 suum
1535 2097 1721 2152 tulisse

164 2189 460 2261 sull‘ragium,
511 2204 614 2245 nec
641 2190 783 2245 aliud
837 2191 1076 2260 putatab
1119 2190 1359 2245 Arnobio
1407 2189 1718 2260 signiﬁcari,

163 2280 243 2334 nisi
265 2296 277 2333 :
302 2299 319 2333 t
351 2279 430 2337 Ex
449 2280 737 2352 {Ethiopia
767 2268 1027 2338 interiore
1053 2298 1148 2352 per
1169 2283 1378 2354 igneam
1409 2298 1598 2336 zonam
1624 2296 1721 2336 ve-

159 2374 275 2432 nisse
316 2375 669 2433 Zoroastrcm
699 2396 718 2429 ι
757 2375 967 2449 (ﬂuet,
998 2374 1299 2432 Demonstr.
1345 2376 1569 2448 Evnng.,
1596 2393 1720 2448 pro-

157 2471 281 2540 porit.
315 2470 370 2535 4,
399 2488 447 2526 c.
479 2472 547 2535 5,
587 2489 642 2543 ρ.
681 2471 773 2539 89,
802 2474 882 2541 υ).
942 2471 1171 2527 Putabat
1213 2471 1358 2527 enim
1403 2472 1485 2525 vir
1515 2469 1605 2525 ille
1634 2470 1725 2526 do-

158 2572 270 2629 ctus,
296 2563 431 2619 sicut
472 2573 537 2619 et
590 2564 679 2619 alii
724 2565 927 2635 plures,
960 2564 1106 2620 hunc
1162 2564 1232 2619 ab
1260 2564 1499 2619 Arnobio
1551 2565 1722 2635 patria

156 2652 565 2727 diciElhiopem
587 2655 825 2727 (Arnob.,
860 2657 900 2713 ι.
922 2671 963 2723 ι,
994 2673 1049 2728 p.
1081 2655 1148 2720 5;
1181 2673 1328 2727 sup,
1361 2675 1407 2710 c.
1428 2656 1482 2724 4,
1515 2666 1615 2711 art.
1639 2657 1720 2729 4).

156 2744 317 2814 Quidni
345 2764 475 2804 vero
504 2748 798 2803 credamus
825 2763 948 2802 eum
974 2748 1043 2802 ab
1076 2744 1317 2802 Arnobio
1338 2747 1443 2803 dici
1478 2748 1723 2803 Bactria-

155 2852 278 2904 num,
318 2857 473 2911 quem
508 2856 675 2911 supra
703 2840 1019 2906 Bactrianis,
1054 2841 1128 2895 uti
1162 2841 1589 2906 observavimus,
1624 2842 1724 2896 im-

155 2944 361 2999 perasse,
389 2942 443 2988 et
473 2933 745 2987 adversus
797 2931 990 2987 Ninum
1050 2933 1274 3003 magicis
1329 2934 1535 2988 artibus
1564 2932 1725 2987 dimi-

153 3036 279 3080 casse
315 3024 581 3082 dixerat?
608 3025 717 3081 Nec
760 3028 929 3082 refert
965 3027 1107 3097 quod
1152 3043 1350 3083 nomen
1393 3027 1722 3095 Bactrianus,

155 3116 313 3176 ultimo
366 3132 419 3176 et
470 3121 760 3179 remotiori
812 3123 951 3190 loco,
987 3123 1039 3177 in
1094 3125 1330 3179 auctoris
1373 3126 1541 3179 nostri
1576 3134 1723 3180 textu

1823 1919 2009 1965 nostro
2032 1909 2307 1980 appellari.

1894 2006 1976 2061 Ad
2020 2005 2138 2061 htrc
2194 2021 2342 2071 vero,
2402 2024 2421 2061 ι
2457 2006 2784 2071 Dardanum,
2818 2023 2838 2058 ι
2874 2015 3043 2075 inquit
3066 1984 3293 2069 Plinius,
3332 2019 3351 2054 ι
3389 2016 3422 2071 ρ

1824 2100 2073 2157 Pbaeniee
2091 2102 2376 2156 illustravit
2400 2101 2758 2167 Democritus,
2800 2097 3164 2155 voluminibus
3192 2095 3422 2159 Dardani

1824 2194 1876 2249 in
1924 2195 2272 2265 sepulchrum
2320 2195 2439 2265 ejus
2482 2196 2661 2264 petitis
2707 2190 2899 2269 (Plin.,
2971 2192 3062 2246 lib.
3114 2205 3223 2245 xxx
3274 2187 3413 2243 Hist.

1824 2298 2022 2355 natum,
2050 2304 2166 2359 cap.
2198 2289 2251 2352 l,
2285 2304 2406 2359 pag.
2437 2288 2538 2342 727
2561 2286 2603 2359 ).
2638 2286 2822 2357 Magia:
2846 2294 3026 2340 autem
3060 2281 3256 2338 deditis
3282 2281 3422 2337 hunc

1825 2388 1893 2438 ab
1950 2384 2178 2453 Apuleio
2220 2393 2273 2439 et
2315 2382 2651 2438 Tertulliano
2698 2386 3109 2436 annumeratum
3162 2376 3417 2431 vidimus.

1825 2475 1959 2530 Eam
1988 2491 2119 2531 sane
2146 2476 2217 2531 ob
2240 2490 2456 2533 causam
2483 2476 2704 2546 magica:
2730 2482 2876 2528 artes
2903 2480 2934 2527 a
2962 2469 3257 2526 Columella
3289 2468 3422 2523 Dar3

1825 2567 1998 2625 danlte
2030 2567 2113 2622 bis
2138 2568 2479 2637 appellanti"
2508 2567 2752 2623 versibus
2782 2583 2796 2620 :

1919 2682 1984 2746 At
2005 2684 2047 2746 si
2071 2681 2199 2732 nulla
2219 2682 2351 2732 valet
2373 2682 2615 2733 medicina
2636 2679 2889 2746 repellere
2914 2682 3124 2744 pestem,

1918 2744 2175 2795 Dardaniae
2202 2748 2396 2795 veniant
2417 2752 2569 2796 artes.

2137 2828 2412 2893 (Columel.,
2436 2827 2519 2881 lib.
2548 2845 2578 2880 χ
2599 2830 2662 2879 de
2686 2829 2829 2880 Cultu
2847 2828 3047 2889 Itortor.,
3073 2838 3201 2876 vers.
3224 2822 3357 2887 250.)

1826 2936 1957 3005 Quis
1977 2937 2153 3007 itaque
2174 2936 2468 2991 Arnobium
2499 2935 2568 2991 de
2594 2937 2697 2991 hoe
2724 2934 2971 2989 Dardano
2998 2931 3144 3003 loqui
3178 2927 3422 2987 abnuet?

1826 3028 1954 3083 Post
1982 3029 2312 3084 Clementem
2336 3044 2464 3085 vero
2497 3027 2915 3087 Alexandrinum
2948 3025 3037 3083 ille
3067 3024 3193 3080 alibi
3220 3020 3419 3081 Darda-

1830 3137 1955 3177 num
1996 3123 2306 3192 compellat,
2354 3122 2444 3192 qui
2490 3120 2759 3192 Phrygim,
2810 3120 2924 3175 sive
2973 3118 3196 3173 deorum
3237 3115 3421 3173 Matris

150 3212 349 3277 positum
376 3214 464 3268 sit.
518 3213 816 3269 Peculiaris
859 3215 1127 3285 siquidem
1161 3215 1308 3285 illius
1351 3224 1434 3271 est
1466 3215 1719 3286 loquendi
1746 3220 1793 3284 C
1825 3218 2077 3288 mysteria
2109 3217 2424 3286 patefecisse
2452 3216 2787 3281 credebatur.
2818 3213 2923 3273 Sed
2952 3214 3018 3268 tle
3044 3212 3135 3268 lllo
3167 3212 3218 3265 in
3249 3227 3415 3279 supe-

149 3302 330 3370 modus,
360 3322 466 3377 quo
503 3305 824 3378 hyperbatis
857 3308 1053 3376 passim
1090 3307 1286 3376 ubique
1319 3308 1503 3362 utitur.

201 3392 500 3455 Zoroastres
551 3413 678 3454 vero
714 3414 821 3453 non
868 3401 1043 3454 solum
1088 3415 1273 3468 magus
1299 3399 1431 3468 fuit,
1462 3401 1555 3455 sed
1580 3400 1657 3456 illi
1689 3416 1721 3457 a

146 3488 454 3558 quibusdam,
489 3494 574 3547 uti
604 3493 729 3547 alibi
756 3492 1009 3558 vidimus,
1043 3494 1229 3564 magiae
1268 3495 1428 3550 etiam
1472 3495 1722 3550 tribuitur

146 3579 372 3640 inventio.
393 3584 537 3641 Cum
560 3597 738 3643 autem
768 3587 1037 3643 Arnobius
1059 3588 1208 3644 illiilli
1226 3589 1293 3644 ab
1316 3590 1571 3646 interiore
1590 3590 1721 3646 orbe

144 3688 215 3740 per
236 3675 426 3746 igneam
454 3695 649 3733 zonam
689 3678 936 3733 ethnicos
968 3679 1244 3735 irridendo
1284 3688 1474 3735 evocat
1513 3683 1672 3749 (tam.
1702 3698 1719 3736 t

144 3765 389 3837 Apparet"
423 3790 553 3845 pag.
583 3772 691 3827 545
716 3783 762 3825 et
793 3772 898 3826 550
920 3771 940 3843 )
961 3815 976 3837 ,
1008 3789 1185 3828 nonne
1212 3774 1277 3826 ad
1308 3772 1440 3827 illud
1477 3773 1719 3831 alludere

142 3858 344 3931 videtur,
367 3866 517 3934 quod
546 3864 737 3919 Suidas
767 3875 952 3920 narrat
975 3865 993 3938 (
1015 3865 1168 3920 Suid.
1195 3907 1210 3932 ,
1245 3867 1314 3920 ad
1355 3871 1490 3920 verb.
1524 3870 1720 3944 Ζωροά-

142 3956 337 4027 στρης),
368 3956 724 4013 Zoroastrem
779 3958 1026 4029 precibus
1070 3959 1284 4028 petiisse
1335 3968 1391 4014 ut
1435 3960 1555 4028 igne
1584 3975 1718 4015 cou-

139 4058 355 4118 sumptus
409 4052 612 4109 abiret.
671 4055 875 4109 Auctor
919 4068 1050 4108 vero
1102 4053 1547 4124 ltecognitionum
1591 4054 1718 4111 Cle-

141 4142 309 4196 mentis
338 4145 567 4201 nomine
593 4145 971 4215 inscriptarum
996 4147 1062 4201 de
1091 4146 1378 4203 Zoroastre
1406 4148 1550 4204 hunc
1580 4151 1717 4206 scri-

138 4231 203 4288 bit
234 4237 282 4290 in
329 4240 603 4295 modum:
652 4256 672 4291 ‹
709 4239 919 4303 Saepius
964 4242 1062 4295 ista
1099 4259 1118 4293 ι
1150 4284 1164 4306 ,
1214 4241 1268 4296 id
1319 4253 1424 4310 est,
1456 4244 1719 4300 scintillas

140 4329 369 4395 quasdam
392 4347 466 4388 ex
487 4333 685 4399 stellis,
714 4350 732 4385 t
761 4332 1056 4403 producere
1074 4335 1412 4402 moliebatur,
1439 4352 1718 4408 usquequo

137 4419 192 4474 ab
229 4422 342 4493 ipso
381 4426 660 4492 dtemone,
698 4443 858 4497 quem
906 4428 1266 4496 importunius
1309 4428 1714 4501 frequentabat,

136 4522 402 4577 succensus
448 4527 784 4577 cremaretur
821 4538 840 4572 ι
873 4517 1161 4590 (Recognit.
1190 4520 1299 4590 jlib.
1327 4534 1379 4576 tv
1403 4561 1417 4587 ,
1450 4538 1567 4590 cap.
1597 4521 1712 4588 27).

1826 3311 1968 3367 riore
2006 3312 2307 3381 Apparatus
2351 3311 2518 3366 nostri
2566 3320 2713 3365 temo
2738 3309 3130 3378 disputavimus
3155 3304 3423 3379 (Clemens

1830 3403 2131 3467 Διρκαίων..
2177 3403 2436 3461 Αάηιοηίε.
2485 3402 2552 3457 ad
2587 3409 2724 3473 gent.
2748 3442 2762 3467 ,
2800 3417 2920 3472 pag.
2953 3398 3063 3465 95;
3107 3409 3229 3455 tom.
3261 3409 3277 3450 ι
3309 3395 3421 3465 Ap-

1825 3506 2020 3567 parttt.,
2052 3513 2171 3567 pag.
2207 3496 2312 3551 758

1895 3589 2080 3659 Neque
2123 3591 2282 3644 etiam
2331 3591 2535 3660 integra
2587 3598 2641 3644 et
2685 3588 2992 3657 incorrupta
3025 3584 3273 3643 videntur
3303 3582 3420 3639 licet:

1823 3683 2204 3751 subsequentia
2258 3683 2481 3739 Arnobii
2522 3683 2680 3737 verba
2717 3700 2729 3736 :
2785 3700 2804 3732 ι
2835 3679 3124 3738 Armenius
3151 3676 3419 3737 Zostriaui

1824 3790 1993 3845 nepos
2017 3785 2072 3829 et
2106 3776 2384 3830 familiaris
2417 3774 2731 3845 Pamphilus
2758 3774 2903 3845 Cyri.
2937 3793 2955 3826 ι
2998 3772 3128 3840 Quis
3153 3772 3294 3827 enim
3329 3769 3421 3826 ille

1827 3885 1949 3924 esse
1991 3880 2168 3940 potest
2194 3870 2482 3926 Armattius
2531 3869 2835 3940 Pamphilus
2882 3868 3036 3941 Cyri,
3084 3867 3225 3922 haud
3257 3866 3421 3922 dubie

1826 3961 1990 4029 ﬁlius,
2020 3970 2075 4018 et
2099 3962 2361 4018 Zustriam’
2391 3980 2548 4034 nepos
2571 3964 2596 4015 Ρ
2624 3964 2776 4018 Dictu
2805 3962 2980 4017 adhuc
3001 3960 3274 4019 difﬁcilius
3301 3959 3421 4030 quis

1823 4055 1914 4111 ille
1937 4056 2093 4112 fuerit
2114 4056 2445 4112 Zostrianus.
2465 4057 2712 4124 Quidam,
2737 4073 2863 4112 vero
2880 4058 3219 4126 suiSpicantur
3241 4054 3420 4123 legen-

1824 4150 1951 4205 dum
1975 4166 2081 4206 non
2106 4152 2320 4222 quidem
2339 4152 2619 4216 Zostriani,
2640 4152 2733 4207 sed
2756 4151 2984 4215 Ostanis,
3011 4151 3126 4203 sive
3147 4146 3417 4216 Hostanis,

1826 4243 1897 4300 de
1941 4258 2049 4313 quo
2095 4245 2255 4312 paulo
2298 4255 2425 4299 ante
2470 4245 2618 4300 citati
2645 4242 2910 4315 Apuleius
2941 4252 2997 4297 et
3029 4240 3414 4305 Tertullianus,

1824 4353 2032 4409 uosque
2053 4338 2174 4393 alibi
2197 4339 2406 4409 egimus
2427 4339 2563 4411 (eod.
2605 4349 2725 4394 tant.
2760 4354 2777 4393 ι
2809 4337 3085 4409 Apparet,
3115 4350 3234 4405 pag.
3260 4330 3415 4403 550).

1826 4436 1892 4489 At
1918 4436 1963 4489 si
1999 4434 2287 4493 obscurum
2319 4443 2402 4489 est
2428 4433 2687 4489 Zostriani
2730 4448 2964 4499 nomen,
3014 4428 3259 4501 plurimis
3288 4440 3418 4483 sane

1823 4526 2038 4598 cognita
2067 4538 2149 4582 est
2178 4527 2357 4582 fabula
2388 4526 2509 4582 Heri
2542 4527 2801 4591 Armenii,
2835 4541 3016 4595 quem,
3043 4524 3181 4579 sicut
3205 4522 3272 4579 ab
3295 4520 3417 4576 Ori-

135 4604 354 4667 Tametsi
384 4611 536 4668 enim
578 4610 725 4682 Opus
753 4612 896 4667 istud
928 4612 1122 4669 fabulis
1153 4611 1412 4668 refertum
1455 4615 1556 4681 sit,
1598 4614 1715 4670 haec
1743 4622 1798 4683 1)
1822 4635 1974 4689 gene,
2007 4617 2207 4691 Cyrillo
2232 4620 2603 4676 Alexandrino
2640 4629 2799 4687 atque
2826 4637 2854 4671 a
2884 4616 3037 4673 nobis
3073 4616 3417 4673 observatum

135 4704 290 4757 tamen
332 4704 458 4761 ideo
508 4704 761 4760 videntur
808 4706 877 4761 ab
907 4706 1050 4761 illius
1093 4717 1311 4762 auctore
1346 4708 1559 4776 tradita,
1592 4712 1715 4779 quia

135 4793 356 4865 plerique
399 4798 794 4855 existimabant
824 4799 1171 4856 Zoroastrem
1202 4804 1323 4872 igne
1371 4800 1538 4857 fuisse
1585 4819 1717 4857 con-

133 4900 404 4962 sumptum.
429 4891 577 4962 Quid
603 4909 731 4965 ergo
768 4903 913 4949 vetat
931 4936 946 4959 ,
996 4895 1282 4965 quominus
1312 4893 1584 4952 Arnobius
1612 4897 1715 4955 hoc

132 4981 344 5040 ethnicis
368 5002 458 5045 ea.
498 4988 575 5041 uti
606 4986 863 5055 diximus,
896 4988 1005 5043 acri
1034 4988 1207 5043 ironia
1234 4988 1536 5057 objecerit?

191 5077 451 5137 Caeterum
488 5081 749 5151 Apuleius
768 5093 824 5137 et
848 5082 1210 5138 Tertullianus
1232 5082 1391 5154 hujus
1412 5083 1716 5142 Zoroastris

131 5175 286 5244 magi,
324 5185 379 5232 et
442 5175 677 5232 aliorum
730 5176 960 5245 ibidem,
1007 5177 1076 5232 ab
1119 5179 1359 5235 Arnobio
1407 5179 1712 5248 citatorum,

132 5267 443 5323 mentionem
468 5266 714 5323 fecerunt
737 5286 751 5334 ;
774 5280 828 5324 et
853 5270 1112 5340 Apuleius
1137 5271 1351 5340 quidem
1378 5271 1462 5327 his
1492 5274 1712 5330 verbis:

136 5372 153 5406 ι
179 5356 234 5413 Si
268 5361 571 5429 quamlibet
604 5361 876 5418 modicum
928 5361 1353 5419 emolumentum
1403 5366 1717 5435 probaveri-

132 5448 350 5523 lis;ego
410 5454 506 5510 ille
568 5454 669 5510 sim
731 5455 1116 5525 Carimondas,
1159 5457 1240 5512 vel
1292 5458 1597 5526 Hismoses,
1633 5460 1712 5517 vel

131 5542 413 5615 Johannes,
462 5549 550 5605 vel
598 5550 948 5621 Apollonius,
994 5552 1080 5607 vel
1124 5552 1238 5622 ipse
1280 5552 1575 5622 Dardanus,
1631 5555 1716 5611 vel

132 5638 444 5712 quicumque
494 5642 633 5697 alius
682 5654 804 5714 post
850 5643 1237 5712 Zoroastrem,
1286 5646 1372 5700 vel
1424 5645 1712 5703 ilostanem

133 5726 261 5786 inter
315 5750 505 5805 magos
550 5735 851 5792 celebratus
894 5747 979 5792 est
1029 5755 1049 5791 ι
1105 5737 1123 5808 (
1166 5739 1344 5808 Apul.,
1381 5740 1601 5811 Apolog.
1637 5757 1708 5808 tt,

124 5834 238 5894 pag.
269 5824 373 5883 375
395 5825 443 5897 ).
489 5825 856 5888 Tertullianus
880 5844 1012 5887 vero
1045 5850 1059 5886 :
1100 5849 1119 5883 t
1156 5830 1225 5889 Ut
1254 5831 1417 5903 ipsis,
1456 5851 1477 5887 ι
1511 5834 1711 5909 inquit,

1824 4712 1942 4778 fuit,
1991 4712 2272 4767 undecima
2318 4719 2437 4781 post
2465 4712 2667 4766 obitum
2696 4710 2783 4766 die
2818 4710 3080 4767 revixisse
3126 4708 3420 4769 narrabant

1824 4806 2083 4881 (0rigen.,
2112 4806 2200 4861 lib.
2234 4822 2287 4864 ll,
2309 4816 2474 4861 contr.
2505 4804 2662 4872 Cela,
2697 4823 2748 4875 p.
2778 4806 2880 4872 ’ῖος
2911 4803 3074 4878 Cyr-il.
3104 4803 3279 4868 Alex"
3324 4801 3414 4858 lib.

1821 4913 1890 4952 vn
1936 4907 2069 4952 cont.
2097 4896 2288 4964 Julia.,
2340 4916 2393 4967 p.
2438 4897 2574 4965 250;
2607 4908 2731 4954 tom.
2779 4901 3113 4968 tApparat.,
3158 4916 3211 4969 p.
3267 4894 3412 4965 116).

1824 4991 1898 5045 De
1919 4990 2008 5045 illo
2023 4999 2201 5046 autem
2227 4991 2341 5046 haec
2361 5002 2480 5045 sunt
2504 4990 2725 5047 totidem
2752 4990 3045 5046 Clementis
3065 4986 3416 5049 Alexandrini

1821 5088 2002 5153 verba,
2037 5086 2103 5139 ab
2135 5086 2368 5141 Eusebio
2391 5095 2636 5141 accurate
2664 5086 2931 5155 descripta
2966 5101 2980 5138 :
3015 5084 3185 5148 Plato,
3218 5083 3415 5151 inquit.

1818 5179 1965 5257 Ἠρὸς
1993 5185 2086 5235 τοῦ
2109 5178 2390 5256 Ἀρμενίου,
2422 5182 2482 5237 τὸ
2518 5183 2661 5256 γένος
2706 5181 2999 5253 Παμφύλου,
3050 5181 3315 5251 μέμνηται,
3360 5172 3417 5238 ὅς

1820 5275 1933 5332 ἔστι
1956 5277 2298 5351 Ζωροάστρης
2332 5275 2585 5346 (Clemens
2611 5274 2915 5338 Alexnndr.,
2946 5273 3036 5327 lib.
3071 5288 3100 5324 v
3136 5272 3413 5337 Stromat.,

1820 5387 1874 5437 ρ.
1909 5368 2050 5434 ὅ99;
2087 5368 2301 5435 Euseb.,
2345 5369 2432 5424 lib.
2489 5386 2583 5425 xm
2630 5367 2889 5437 Prtepar.,
2920 5384 2968 5421 ε.
3000 5367 3067 5422 15
3091 5406 3106 5432 ,
3153 5384 3205 5436 p.
3240 5365 3412 5432 675):

1821 5461 2056 5517 Meminit
2089 5461 2213 5517 Heri
2234 5463 2460 5517 Armenii
2492 5464 2608 5533 filii,
2640 5477 2825 5534 genere
2856 5458 3142 5530 Pamphili,
3172 5459 3259 5531 qui
3302 5460 3417 5522 qui-

1821 5553 1934 5608 dem
1980 5565 2053 5609 est
2096 5555 2416 5610 Zoroastres.
2452 5557 2506 5612 Si
2536 5571 2667 5627 ergo
2693 5554 2964 5613 Arnobius
2990 5568 3143 5609 more
3171 5567 3270 5606 suo
3294 5551 3416 5608 Cle-

1821 5647 2019 5702 mentis
2049 5650 2469 5704 Alexandrinum
2522 5650 2591 5704 ibi
2643 5657 2858 5702 secutus
2884 5655 2987 5713 est,
3017 5654 3109 5699 aut
3140 5644 3416 5700 memoris:

1820 5742 1972 5812 lapsu
2006 5744 2119 5798 lllIEC
2153 5746 2365 5799 nomina
2400 5745 2649 5805 turbavit,
2692 5754 2783 5795 aut
2810 5741 2876 5795 ab
2905 5740 3152 5812 imperito
3197 5739 3417 5794 librario

1821 5837 2108 5909 depravata
2140 5849 2283 5895 sunt.
2336 5839 2532 5895 Verum
2578 5852 2699 5893 cum
2730 5835 2819 5892 ille
2851 5843 3041 5891 testem
3088 5847 3247 5892 suum
3291 5830 3417 5889 Cte-
