  <div class='ocr_page' id='page_1' title='image "/cluster/home/n/w/nwhite01/storage/ocr_20150623/5/hvd.32044015466758/340.png"; bbox 0 0 3878 6312; ppageno 0'>
   <div class='ocr_carea' id='block_1_1' title="bbox 190 316 1748 396">
    <p class='ocr_par' dir='ltr' id='par_1_1' title="bbox 190 327 1748 389">
     <span class='ocr_line' id='line_1_1' title="bbox 190 327 1748 389; baseline -0.002 -2"><span class='ocrx_word' id='word_1_1' title='bbox 190 331 278 389; x_wconf 79' lang='grc'><strong>675</strong></span> <span class='ocrx_word' id='word_1_2' title='bbox 1322 329 1390 386; x_wconf 83' lang='grc' dir='ltr'>ΙΝ</span> <span class='ocrx_word' id='word_1_3' title='bbox 1439 327 1748 388; x_wconf 75' lang='grc' dir='ltr'><strong>ΑΒΝΟΒΙΠ]</strong></span> 
     </span>
    </p>
   </div>
   <div class='ocr_carea' id='block_1_2' title="bbox 1859 316 2246 396">
    <p class='ocr_par' dir='ltr' id='par_1_2' title="bbox 1861 316 2246 386">
     <span class='ocr_line' id='line_1_2' title="bbox 1861 316 2246 386; baseline -0.003 -3"><span class='ocrx_word' id='word_1_4' title='bbox 1861 326 2018 386; x_wconf 79' lang='lat' dir='ltr'><strong>CAP.</strong></span> <span class='ocrx_word' id='word_1_5' title='bbox 2051 316 2246 385; x_wconf 76' lang='lat' dir='ltr'><strong>XXVI.</strong></span> 
     </span>
    </p>
   </div>
   <div class='ocr_carea' id='block_1_3' title="bbox 3350 319 3456 387">
    <p class='ocr_par' dir='ltr' id='par_1_3' title="bbox 3350 319 3456 387">
     <span class='ocr_line' id='line_1_3' title="bbox 3350 319 3456 387; baseline -0.009 -1"><span class='ocrx_word' id='word_1_6' title='bbox 3350 319 3456 387; x_wconf 61' lang='grc' dir='ltr'><strong>δίη</strong></span> 
     </span>
    </p>
   </div>
   <div class='ocr_carea' id='block_1_4' title="bbox 248 440 3456 516">
    <p class='ocr_par' dir='ltr' id='par_1_4' title="bbox 248 440 3456 516">
     <span class='ocr_line' id='line_1_4' title="bbox 248 440 3456 516; baseline 0.002 -19"><span class='ocrx_word' id='word_1_7' title='bbox 248 446 308 498; x_wconf 82' lang='lat' dir='ltr'><strong>At</strong></span> <span class='ocrx_word' id='word_1_8' title='bbox 351 443 392 496; x_wconf 89' lang='lat' dir='ltr'><strong>si</strong></span> <span class='ocrx_word' id='word_1_9' title='bbox 438 440 509 496; x_wconf 86' lang='lat' dir='ltr'><strong>de</strong></span> <span class='ocrx_word' id='word_1_10' title='bbox 551 441 864 513; x_wconf 86' lang='lat' dir='ltr'><strong>Trophonio</strong></span> <span class='ocrx_word' id='word_1_11' title='bbox 929 441 1178 499; x_wconf 84' lang='lat' dir='ltr'><strong>locutum</strong></span> <span class='ocrx_word' id='word_1_12' title='bbox 1218 443 1384 501; x_wconf 81' lang='lat' dir='ltr'><strong>fuisse</strong></span> <span class='ocrx_word' id='word_1_13' title='bbox 1447 447 1747 501; x_wconf 86' lang='lat' dir='ltr'><strong>Arnobium</strong></span> <span class='ocrx_word' id='word_1_14' title='bbox 1785 455 1825 509; x_wconf 74' lang='grc' dir='ltr'>Α</span> <span class='ocrx_word' id='word_1_15' title='bbox 1862 444 1965 498; x_wconf 88' lang='lat' dir='ltr'><strong>alia</strong></span> <span class='ocrx_word' id='word_1_16' title='bbox 1999 444 2259 510; x_wconf 86' lang='lat' dir='ltr'><strong>delubra,</strong></span> <span class='ocrx_word' id='word_1_17' title='bbox 2290 459 2406 513; x_wconf 74' lang='lat' dir='ltr'><strong>qure</strong></span> <span class='ocrx_word' id='word_1_18' title='bbox 2438 443 2594 516; x_wconf 86' lang='lat' dir='ltr'><strong>hujus</strong></span> <span class='ocrx_word' id='word_1_19' title='bbox 2618 443 2883 515; x_wconf 85' lang='lat' dir='ltr'><strong>Apollinis</strong></span> <span class='ocrx_word' id='word_1_20' title='bbox 2910 445 3188 502; x_wconf 91' lang='lat' dir='ltr'><strong>oraculum</strong></span> <span class='ocrx_word' id='word_1_21' title='bbox 3220 455 3274 503; x_wconf 89' lang='lat' dir='ltr'><strong>et</strong></span> <span class='ocrx_word' id='word_1_22' title='bbox 3302 461 3456 504; x_wconf 88' lang='lat' dir='ltr'><strong>sacra</strong></span> 
     </span>
    </p>
   </div>
   <div class='ocr_carea' id='block_1_5' title="bbox 194 535 1751 608">
    <p class='ocr_par' dir='ltr' id='par_1_5' title="bbox 194 535 1751 608">
     <span class='ocr_line' id='line_1_5' title="bbox 194 535 1751 608; baseline 0.003 -18"><span class='ocrx_word' id='word_1_23' title='bbox 194 545 318 591; x_wconf 87' lang='lat' dir='ltr'><strong>recte</strong></span> <span class='ocrx_word' id='word_1_24' title='bbox 338 535 607 604; x_wconf 77' lang='lat' dir='ltr'><strong>probetur,</strong></span> <span class='ocrx_word' id='word_1_25' title='bbox 633 535 684 590; x_wconf 91' lang='lat' dir='ltr'><strong>id</strong></span> <span class='ocrx_word' id='word_1_26' title='bbox 713 537 1019 592; x_wconf 90' lang='lat' dir='ltr'><strong>conﬁrmari</strong></span> <span class='ocrx_word' id='word_1_27' title='bbox 1051 539 1247 608; x_wconf 81' lang='lat' dir='ltr'><strong>poterit</strong></span> <span class='ocrx_word' id='word_1_28' title='bbox 1269 541 1578 595; x_wconf 76' lang='lat' dir='ltr'><strong>testimoiiio</strong></span> <span class='ocrx_word' id='word_1_29' title='bbox 1600 549 1751 595; x_wconf 87' lang='lat' dir='ltr'><strong>vete-</strong></span> 
     </span>
    </p>
   </div>
   <div class='ocr_carea' id='block_1_6' title="bbox 193 630 1755 705">
    <p class='ocr_par' dir='ltr' id='par_1_6' title="bbox 193 630 1755 705">
     <span class='ocr_line' id='line_1_6' title="bbox 193 630 1755 705; baseline 0 -16"><span class='ocrx_word' id='word_1_30' title='bbox 193 648 294 689; x_wconf 90' lang='lat' dir='ltr'><strong>rum</strong></span> <span class='ocrx_word' id='word_1_31' title='bbox 332 630 688 701; x_wconf 77' lang='lat' dir='ltr'><strong>Scriptorum,</strong></span> <span class='ocrx_word' id='word_1_32' title='bbox 737 633 830 703; x_wconf 88' lang='lat' dir='ltr'><strong>qui</strong></span> <span class='ocrx_word' id='word_1_33' title='bbox 882 634 1159 688; x_wconf 75' lang='lat' dir='ltr'><strong>memoriae</strong></span> <span class='ocrx_word' id='word_1_34' title='bbox 1209 634 1560 705; x_wconf 87' lang='lat' dir='ltr'><strong>prodiderunt</strong></span> <span class='ocrx_word' id='word_1_35' title='bbox 1609 634 1755 689; x_wconf 90' lang='lat' dir='ltr'><strong>illius</strong></span> 
     </span>
    </p>
   </div>
   <div class='ocr_carea' id='block_1_7' title="bbox 191 724 1754 801">
    <p class='ocr_par' dir='ltr' id='par_1_7' title="bbox 191 724 1754 801">
     <span class='ocr_line' id='line_1_7' title="bbox 191 724 1754 801; baseline -0.001 -20"><span class='ocrx_word' id='word_1_36' title='bbox 191 725 422 790; x_wconf 85' lang='lat' dir='ltr'><strong>oracula,</strong></span> <span class='ocrx_word' id='word_1_37' title='bbox 475 739 539 781; x_wconf 84' lang='lat' dir='ltr'><strong>ex</strong></span> <span class='ocrx_word' id='word_1_38' title='bbox 584 724 818 796; x_wconf 87' lang='lat' dir='ltr'><strong>quodam</strong></span> <span class='ocrx_word' id='word_1_39' title='bbox 870 726 1124 781; x_wconf 69' lang='lat' dir='ltr'><strong>Lahadia:</strong></span> <span class='ocrx_word' id='word_1_40' title='bbox 1168 742 1331 797; x_wconf 82' lang='lat' dir='ltr'><strong>specu</strong></span> <span class='ocrx_word' id='word_1_41' title='bbox 1373 727 1500 781; x_wconf 87' lang='lat' dir='ltr'><strong>olim</strong></span> <span class='ocrx_word' id='word_1_42' title='bbox 1548 727 1754 801; x_wconf 71' lang='lat' dir='ltr'><strong>reddita</strong></span> 
     </span>
    </p>
   </div>
   <div class='ocr_carea' id='block_1_8' title="bbox 189 817 1752 892">
    <p class='ocr_par' dir='ltr' id='par_1_8' title="bbox 189 817 1752 892">
     <span class='ocr_line' id='line_1_8' title="bbox 189 817 1752 892; baseline 0.001 -18"><span class='ocrx_word' id='word_1_43' title='bbox 189 818 352 874; x_wconf 81' lang='lat' dir='ltr'><strong>fuisse.</strong></span> <span class='ocrx_word' id='word_1_44' title='bbox 382 817 568 873; x_wconf 87' lang='lat' dir='ltr'><strong>Narrat</strong></span> <span class='ocrx_word' id='word_1_45' title='bbox 613 835 743 874; x_wconf 87' lang='lat' dir='ltr'><strong>vero</strong></span> <span class='ocrx_word' id='word_1_46' title='bbox 772 820 1069 876; x_wconf 79' lang='lat' dir='ltr'><strong>Pausanias</strong></span> <span class='ocrx_word' id='word_1_47' title='bbox 1099 821 1292 891; x_wconf 89' lang='lat' dir='ltr'><strong>quibus</strong></span> <span class='ocrx_word' id='word_1_48' title='bbox 1337 822 1530 876; x_wconf 89' lang='lat' dir='ltr'><strong>ritibus</strong></span> <span class='ocrx_word' id='word_1_49' title='bbox 1561 823 1630 887; x_wconf 89' lang='lat' dir='ltr'><strong>ii,</strong></span> <span class='ocrx_word' id='word_1_50' title='bbox 1663 822 1752 892; x_wconf 90' lang='lat' dir='ltr'><strong>qui</strong></span> 
     </span>
    </p>
   </div>
   <div class='ocr_carea' id='block_1_9' title="bbox 189 913 1753 986">
    <p class='ocr_par' dir='ltr' id='par_1_9' title="bbox 189 913 1753 986">
     <span class='ocr_line' id='line_1_9' title="bbox 189 913 1753 986; baseline -0.001 -16"><span class='ocrx_word' id='word_1_51' title='bbox 189 913 529 983; x_wconf 88' lang='lat' dir='ltr'><strong>Trophoniutn</strong></span> <span class='ocrx_word' id='word_1_52' title='bbox 561 913 940 981; x_wconf 89' lang='lat' dir='ltr'><strong>consulebant,</strong></span> <span class='ocrx_word' id='word_1_53' title='bbox 994 916 1046 970; x_wconf 91' lang='lat' dir='ltr'><strong>in</strong></span> <span class='ocrx_word' id='word_1_54' title='bbox 1081 915 1220 971; x_wconf 85' lang='lat' dir='ltr'><strong>hanc</strong></span> <span class='ocrx_word' id='word_1_55' title='bbox 1261 931 1481 986; x_wconf 78' lang='lat' dir='ltr'><strong>Specum</strong></span> <span class='ocrx_word' id='word_1_56' title='bbox 1529 916 1753 971; x_wconf 89' lang='lat' dir='ltr'><strong>descen-</strong></span> 
     </span>
    </p>
   </div>
   <div class='ocr_carea' id='block_1_10' title="bbox 184 1009 1753 1080">
    <p class='ocr_par' dir='ltr' id='par_1_10' title="bbox 184 1009 1753 1080">
     <span class='ocr_line' id='line_1_10' title="bbox 184 1009 1753 1080; baseline 0.001 -16"><span class='ocrx_word' id='word_1_57' title='bbox 184 1009 374 1076; x_wconf 88' lang='lat' dir='ltr'><strong>derent,</strong></span> <span class='ocrx_word' id='word_1_58' title='bbox 406 1018 565 1080; x_wconf 89' lang='lat' dir='ltr'><strong>atque</strong></span> <span class='ocrx_word' id='word_1_59' title='bbox 594 1020 751 1066; x_wconf 88' lang='lat' dir='ltr'><strong>antea</strong></span> <span class='ocrx_word' id='word_1_60' title='bbox 783 1009 1050 1066; x_wconf 71' lang='lat' dir='ltr'><strong>deberent</strong></span> <span class='ocrx_word' id='word_1_61' title='bbox 1079 1011 1304 1080; x_wconf 78' lang='lat' dir='ltr'><strong>expiari.</strong></span> <span class='ocrx_word' id='word_1_62' title='bbox 1340 1011 1412 1066; x_wconf 88' lang='lat' dir='ltr'><strong>De</strong></span> <span class='ocrx_word' id='word_1_63' title='bbox 1445 1011 1545 1065; x_wconf 92' lang='lat' dir='ltr'><strong>hoc</strong></span> <span class='ocrx_word' id='word_1_64' title='bbox 1573 1020 1753 1066; x_wconf 89' lang='lat' dir='ltr'><strong>autem</strong></span> 
     </span>
    </p>
   </div>
   <div class='ocr_carea' id='block_1_11' title="bbox 187 1103 1753 1174">
    <p class='ocr_par' dir='ltr' id='par_1_11' title="bbox 187 1103 1753 1174">
     <span class='ocr_line' id='line_1_11' title="bbox 187 1103 1753 1174; baseline -0.001 -15"><span class='ocrx_word' id='word_1_65' title='bbox 187 1104 382 1159; x_wconf 86' lang='lat' dir='ltr'><strong>oraculo</strong></span> <span class='ocrx_word' id='word_1_66' title='bbox 407 1113 604 1174; x_wconf 70' lang='lat' dir='ltr'><strong>prater</strong></span> <span class='ocrx_word' id='word_1_67' title='bbox 625 1103 972 1168; x_wconf 75' lang='lat' dir='ltr'><strong>Strabonem,</strong></span> <span class='ocrx_word' id='word_1_68' title='bbox 1005 1105 1346 1172; x_wconf 79' lang='lat' dir='ltr'><strong>Ciceronem,</strong></span> <span class='ocrx_word' id='word_1_69' title='bbox 1372 1105 1600 1170; x_wconf 86' lang='lat' dir='ltr'><strong>Livium,</strong></span> <span class='ocrx_word' id='word_1_70' title='bbox 1629 1105 1753 1159; x_wconf 91' lang='lat' dir='ltr'><strong>Ori-</strong></span> 
     </span>
    </p>
   </div>
   <div class='ocr_carea' id='block_1_12' title="bbox 185 1198 1754 1270">
    <p class='ocr_par' dir='ltr' id='par_1_12' title="bbox 185 1198 1754 1270">
     <span class='ocr_line' id='line_1_12' title="bbox 185 1198 1754 1270; baseline -0.001 -15"><span class='ocrx_word' id='word_1_71' title='bbox 185 1215 351 1270; x_wconf 80' lang='lat' dir='ltr'><strong>geuem</strong></span> <span class='ocrx_word' id='word_1_72' title='bbox 371 1239 386 1263; x_wconf 91' lang='lat'><strong>,</strong></span> <span class='ocrx_word' id='word_1_73' title='bbox 416 1199 631 1253; x_wconf 90' lang='lat' dir='ltr'><strong>Suidam</strong></span> <span class='ocrx_word' id='word_1_74' title='bbox 654 1242 668 1263; x_wconf 88' lang='lat'><strong>,</strong></span> <span class='ocrx_word' id='word_1_75' title='bbox 721 1199 982 1270; x_wconf 77' lang='lat' dir='ltr'><strong>legendus</strong></span> <span class='ocrx_word' id='word_1_76' title='bbox 1013 1208 1092 1255; x_wconf 91' lang='lat' dir='ltr'><strong>est</strong></span> <span class='ocrx_word' id='word_1_77' title='bbox 1125 1198 1415 1263; x_wconf 76' lang='lat' dir='ltr'><strong>Erasmus,</strong></span> <span class='ocrx_word' id='word_1_78' title='bbox 1450 1201 1536 1270; x_wconf 92' lang='lat' dir='ltr'><strong>qui</strong></span> <span class='ocrx_word' id='word_1_79' title='bbox 1578 1199 1754 1253; x_wconf 87' lang='lat' dir='ltr'><strong>varias</strong></span> 
     </span>
    </p>
   </div>
   <div class='ocr_carea' id='block_1_13' title="bbox 184 1289 1752 1360">
    <p class='ocr_par' dir='ltr' id='par_1_13' title="bbox 184 1289 1752 1360">
     <span class='ocr_line' id='line_1_13' title="bbox 184 1289 1752 1360; baseline -0.001 -14"><span class='ocrx_word' id='word_1_80' title='bbox 184 1291 239 1346; x_wconf 87' lang='lat' dir='ltr'><strong>de</strong></span> <span class='ocrx_word' id='word_1_81' title='bbox 265 1289 354 1345; x_wconf 93' lang='lat' dir='ltr'><strong>illo</strong></span> <span class='ocrx_word' id='word_1_82' title='bbox 380 1291 665 1360; x_wconf 82' lang='lat' dir='ltr'><strong>Opiniones</strong></span> <span class='ocrx_word' id='word_1_83' title='bbox 694 1292 899 1348; x_wconf 60' lang='lat' dir='ltr'><strong>retulit.</strong></span> <span class='ocrx_word' id='word_1_84' title='bbox 940 1291 1011 1347; x_wconf 83' lang='lat' dir='ltr'><strong>At</strong></span> <span class='ocrx_word' id='word_1_85' title='bbox 1048 1293 1117 1347; x_wconf 92' lang='lat' dir='ltr'><strong>de</strong></span> <span class='ocrx_word' id='word_1_86' title='bbox 1147 1293 1239 1346; x_wconf 92' lang='lat' dir='ltr'><strong>illo</strong></span> <span class='ocrx_word' id='word_1_87' title='bbox 1269 1292 1430 1347; x_wconf 89' lang='lat' dir='ltr'><strong>etiam</strong></span> <span class='ocrx_word' id='word_1_88' title='bbox 1464 1291 1752 1346; x_wconf 87' lang='lat' dir='ltr'><strong>Tertullia-</strong></span> 
     </span>
    </p>
   </div>
   <div class='ocr_carea' id='block_1_14' title="bbox 184 1384 1751 1458">
    <p class='ocr_par' dir='ltr' id='par_1_14' title="bbox 184 1384 1751 1458">
     <span class='ocr_line' id='line_1_14' title="bbox 184 1384 1751 1458; baseline 0 -19"><span class='ocrx_word' id='word_1_89' title='bbox 184 1400 268 1439; x_wconf 85' lang='lat' dir='ltr'><strong>nus</strong></span> <span class='ocrx_word' id='word_1_90' title='bbox 294 1384 426 1455; x_wconf 90' lang='lat' dir='ltr'><strong>egit,</strong></span> <span class='ocrx_word' id='word_1_91' title='bbox 462 1392 519 1439; x_wconf 88' lang='lat' dir='ltr'><strong>ut</strong></span> <span class='ocrx_word' id='word_1_92' title='bbox 545 1399 645 1440; x_wconf 89' lang='lat' dir='ltr'><strong>suo</strong></span> <span class='ocrx_word' id='word_1_93' title='bbox 678 1386 795 1441; x_wconf 93' lang='lat' dir='ltr'><strong>loco</strong></span> <span class='ocrx_word' id='word_1_94' title='bbox 823 1385 1143 1441; x_wconf 86' lang='lat' dir='ltr'><strong>videbimus.</strong></span> <span class='ocrx_word' id='word_1_95' title='bbox 1179 1385 1198 1458; x_wconf 96' lang='lat'><strong>(</strong></span> <span class='ocrx_word' id='word_1_96' title='bbox 1229 1385 1458 1439; x_wconf 84' lang='lat' dir='ltr'><strong>Pausan.</strong></span> <span class='ocrx_word' id='word_1_97' title='bbox 1484 1427 1498 1447; x_wconf 90' lang='lat'><strong>,</strong></span> <span class='ocrx_word' id='word_1_98' title='bbox 1540 1385 1627 1439; x_wconf 86' lang='lat' dir='ltr'><strong>lib.</strong></span> <span class='ocrx_word' id='word_1_99' title='bbox 1664 1399 1715 1439; x_wconf 82' lang='lat' dir='ltr'><strong>ix</strong></span> <span class='ocrx_word' id='word_1_100' title='bbox 1736 1427 1751 1450; x_wconf 93' lang='lat'><strong>,</strong></span> 
     </span>
    </p>
   </div>
   <div class='ocr_carea' id='block_1_15' title="bbox 183 1477 1751 1556">
    <p class='ocr_par' dir='ltr' id='par_1_15' title="bbox 183 1477 1751 1556">
     <span class='ocr_line' id='line_1_15' title="bbox 183 1477 1751 1556; baseline 0 -24"><span class='ocrx_word' id='word_1_101' title='bbox 183 1495 290 1550; x_wconf 84' lang='lat' dir='ltr'><strong>pag.</strong></span> <span class='ocrx_word' id='word_1_102' title='bbox 320 1479 440 1543; x_wconf 88' lang='grc'><strong>515,</strong></span> <span class='ocrx_word' id='word_1_103' title='bbox 473 1489 522 1533; x_wconf 83' lang='lat' dir='ltr'><strong>et</strong></span> <span class='ocrx_word' id='word_1_104' title='bbox 551 1494 688 1551; x_wconf 79' lang='lat' dir='ltr'><strong>seq.;</strong></span> <span class='ocrx_word' id='word_1_105' title='bbox 719 1479 902 1545; x_wconf 82' lang='lat' dir='ltr'><strong>Suid.,</strong></span> <span class='ocrx_word' id='word_1_106' title='bbox 945 1479 1013 1532; x_wconf 88' lang='lat' dir='ltr'><strong>ad</strong></span> <span class='ocrx_word' id='word_1_107' title='bbox 1041 1478 1178 1533; x_wconf 82' lang='lat' dir='ltr'><strong>verb.</strong></span> <span class='ocrx_word' id='word_1_108' title='bbox 1207 1482 1522 1556; x_wconf 75' lang='grc' dir='ltr'><strong>Τροφώνιοςς</strong></span> <span class='ocrx_word' id='word_1_109' title='bbox 1551 1477 1751 1541; x_wconf 87' lang='lat' dir='ltr'><strong>Strab.,</strong></span> 
     </span>
    </p>
   </div>
   <div class='ocr_carea' id='block_1_16' title="bbox 181 1569 1752 1645">
    <p class='ocr_par' dir='ltr' id='par_1_16' title="bbox 181 1569 1752 1645">
     <span class='ocr_line' id='line_1_16' title="bbox 181 1569 1752 1645; baseline 0 -19"><span class='ocrx_word' id='word_1_110' title='bbox 181 1570 279 1635; x_wconf 84' lang='lat' dir='ltr'><strong>lib.,</strong></span> <span class='ocrx_word' id='word_1_111' title='bbox 308 1587 355 1627; x_wconf 79' lang='lat' dir='ltr'><strong>Ix</strong></span> <span class='ocrx_word' id='word_1_112' title='bbox 388 1569 606 1643; x_wconf 85' lang='lat' dir='ltr'><strong>Geogr.,</strong></span> <span class='ocrx_word' id='word_1_113' title='bbox 633 1591 752 1645; x_wconf 83' lang='lat' dir='ltr'><strong>pag.</strong></span> <span class='ocrx_word' id='word_1_114' title='bbox 784 1573 911 1640; x_wconf 72' lang='lat' dir='ltr'><strong>4M,</strong></span> <span class='ocrx_word' id='word_1_115' title='bbox 941 1573 1079 1640; x_wconf 73' lang='grc'><strong>421,</strong></span> <span class='ocrx_word' id='word_1_116' title='bbox 1110 1583 1155 1627; x_wconf 82' lang='lat' dir='ltr'><strong>et</strong></span> <span class='ocrx_word' id='word_1_117' title='bbox 1184 1573 1270 1627; x_wconf 84' lang='lat' dir='ltr'><strong>lib.</strong></span> <span class='ocrx_word' id='word_1_118' title='bbox 1316 1589 1438 1634; x_wconf 66' lang='grc' dir='ltr'><strong>χιιι,</strong></span> <span class='ocrx_word' id='word_1_119' title='bbox 1473 1590 1590 1644; x_wconf 85' lang='lat' dir='ltr'><strong>pag.</strong></span> <span class='ocrx_word' id='word_1_120' title='bbox 1625 1572 1752 1640; x_wconf 72' lang='lat'><strong>76:2;</strong></span> 
     </span>
    </p>
   </div>
   <div class='ocr_carea' id='block_1_17' title="bbox 182 1663 1750 1738">
    <p class='ocr_par' dir='ltr' id='par_1_17' title="bbox 182 1663 1750 1738">
     <span class='ocr_line' id='line_1_17' title="bbox 182 1663 1750 1738; baseline 0 -18"><span class='ocrx_word' id='word_1_121' title='bbox 182 1663 320 1721; x_wconf 82' lang='lat' dir='ltr'><strong>Cicer.</strong></span> <span class='ocrx_word' id='word_1_122' title='bbox 348 1708 362 1732; x_wconf 93' lang='lat'><strong>,</strong></span> <span class='ocrx_word' id='word_1_123' title='bbox 395 1667 481 1721; x_wconf 83' lang='lat' dir='ltr'><strong>lib.</strong></span> <span class='ocrx_word' id='word_1_124' title='bbox 540 1683 558 1722; x_wconf 91' lang='grc' dir='ltr'><strong>ι</strong></span> <span class='ocrx_word' id='word_1_125' title='bbox 598 1666 808 1724; x_wconf 76' lang='lat' dir='ltr'><strong>Tuscul.</strong></span> <span class='ocrx_word' id='word_1_126' title='bbox 831 1710 847 1736; x_wconf 93' lang='lat'><strong>,</strong></span> <span class='ocrx_word' id='word_1_127' title='bbox 881 1685 1002 1738; x_wconf 86' lang='lat' dir='ltr'><strong>pag.</strong></span> <span class='ocrx_word' id='word_1_128' title='bbox 1033 1669 1163 1734; x_wconf 66' lang='grc'><strong>154,</strong></span> <span class='ocrx_word' id='word_1_129' title='bbox 1197 1679 1244 1722; x_wconf 84' lang='lat' dir='ltr'><strong>et</strong></span> <span class='ocrx_word' id='word_1_130' title='bbox 1281 1669 1368 1723; x_wconf 89' lang='lat' dir='ltr'><strong>lib.</strong></span> <span class='ocrx_word' id='word_1_131' title='bbox 1407 1684 1460 1722; x_wconf 91' lang='grc' dir='ltr'><strong>ιιι</strong></span> <span class='ocrx_word' id='word_1_132' title='bbox 1513 1670 1575 1723; x_wconf 87' lang='lat' dir='ltr'><strong>de</strong></span> <span class='ocrx_word' id='word_1_133' title='bbox 1626 1667 1750 1721; x_wconf 80' lang='lat' dir='ltr'><strong>Nat.</strong></span> 
     </span>
    </p>
   </div>
   <div class='ocr_carea' id='block_1_18' title="bbox 182 1759 1751 1834">
    <p class='ocr_par' dir='ltr' id='par_1_18' title="bbox 182 1759 1751 1834">
     <span class='ocr_line' id='line_1_18' title="bbox 182 1759 1751 1834; baseline 0 -20"><span class='ocrx_word' id='word_1_134' title='bbox 182 1759 301 1814; x_wconf 77' lang='lat' dir='ltr'><strong>deor.</strong></span> <span class='ocrx_word' id='word_1_135' title='bbox 323 1801 337 1823; x_wconf 92' lang='lat'><strong>,</strong></span> <span class='ocrx_word' id='word_1_136' title='bbox 366 1777 485 1831; x_wconf 87' lang='lat' dir='ltr'><strong>pag.</strong></span> <span class='ocrx_word' id='word_1_137' title='bbox 521 1761 668 1828; x_wconf 62' lang='lat'><strong>247;</strong></span> <span class='ocrx_word' id='word_1_138' title='bbox 700 1761 847 1829; x_wconf 79' lang='lat' dir='ltr'><strong>Liv.,</strong></span> <span class='ocrx_word' id='word_1_139' title='bbox 881 1762 968 1816; x_wconf 88' lang='lat' dir='ltr'><strong>lib.</strong></span> <span class='ocrx_word' id='word_1_140' title='bbox 1017 1777 1146 1826; x_wconf 78' lang='lat' dir='ltr'><strong>XLV,</strong></span> <span class='ocrx_word' id='word_1_141' title='bbox 1195 1779 1312 1829; x_wconf 86' lang='lat' dir='ltr'><strong>cap.</strong></span> <span class='ocrx_word' id='word_1_142' title='bbox 1344 1763 1446 1826; x_wconf 73' lang='lat'><strong>27;</strong></span> <span class='ocrx_word' id='word_1_143' title='bbox 1498 1762 1707 1834; x_wconf 84' lang='lat' dir='ltr'><strong>Origen.</strong></span> <span class='ocrx_word' id='word_1_144' title='bbox 1735 1804 1751 1830; x_wconf 90' lang='lat'><strong>,</strong></span> 
     </span>
    </p>
   </div>
   <div class='ocr_carea' id='block_1_19' title="bbox 1859 536 3458 606">
    <p class='ocr_par' dir='ltr' id='par_1_19' title="bbox 1859 536 3458 606">
     <span class='ocr_line' id='line_1_19' title="bbox 1859 536 3458 606; baseline 0.004 -16"><span class='ocrx_word' id='word_1_145' title='bbox 1859 537 2158 590; x_wconf 89' lang='lat' dir='ltr'><strong>continent.</strong></span> <span class='ocrx_word' id='word_1_146' title='bbox 2215 536 2487 591; x_wconf 88' lang='lat' dir='ltr'><strong>Giraldutn</strong></span> <span class='ocrx_word' id='word_1_147' title='bbox 2543 538 2744 604; x_wconf 90' lang='lat' dir='ltr'><strong>etiam,</strong></span> <span class='ocrx_word' id='word_1_148' title='bbox 2791 540 2837 595; x_wconf 92' lang='lat' dir='ltr'><strong>si</strong></span> <span class='ocrx_word' id='word_1_149' title='bbox 2888 540 3100 594; x_wconf 89' lang='lat' dir='ltr'><strong>auinms</strong></span> <span class='ocrx_word' id='word_1_150' title='bbox 3143 549 3255 606; x_wconf 86' lang='lat' dir='ltr'><strong>est,</strong></span> <span class='ocrx_word' id='word_1_151' title='bbox 3309 541 3458 597; x_wconf 87' lang='lat' dir='ltr'><strong>adire</strong></span> 
     </span>
    </p>
   </div>
   <div class='ocr_carea' id='block_1_20' title="bbox 1858 627 3454 705">
    <p class='ocr_par' dir='ltr' id='par_1_20' title="bbox 1858 627 3454 705">
     <span class='ocr_line' id='line_1_20' title="bbox 1858 627 3454 705; baseline 0.006 -25"><span class='ocrx_word' id='word_1_152' title='bbox 1858 629 1997 682; x_wconf 89' lang='lat' dir='ltr'><strong>haud</strong></span> <span class='ocrx_word' id='word_1_153' title='bbox 2025 627 2320 684; x_wconf 82' lang='lat' dir='ltr'><strong>difﬁciliter</strong></span> <span class='ocrx_word' id='word_1_154' title='bbox 2372 630 2571 699; x_wconf 82' lang='lat' dir='ltr'><strong>poteris</strong></span> <span class='ocrx_word' id='word_1_155' title='bbox 2602 630 2802 702; x_wconf 88' lang='lat' dir='ltr'><strong>(Strab.</strong></span> <span class='ocrx_word' id='word_1_156' title='bbox 2832 672 2846 694; x_wconf 90' lang='lat'><strong>,</strong></span> <span class='ocrx_word' id='word_1_157' title='bbox 2877 631 2965 686; x_wconf 89' lang='lat' dir='ltr'><strong>lib.</strong></span> <span class='ocrx_word' id='word_1_158' title='bbox 3013 648 3128 696; x_wconf 79' lang='lat' dir='ltr'><strong>xw,</strong></span> <span class='ocrx_word' id='word_1_159' title='bbox 3164 650 3283 705; x_wconf 83' lang='lat' dir='ltr'><strong>pag.</strong></span> <span class='ocrx_word' id='word_1_160' title='bbox 3315 632 3454 700; x_wconf 66' lang='lat'><strong>654;</strong></span> 
     </span>
    </p>
   </div>
   <div class='ocr_carea' id='block_1_21' title="bbox 1859 721 3454 799">
    <p class='ocr_par' dir='ltr' id='par_1_21' title="bbox 1859 721 3454 799">
     <span class='ocr_line' id='line_1_21' title="bbox 1859 721 3454 799; baseline 0.004 -23"><span class='ocrx_word' id='word_1_161' title='bbox 1859 721 2067 778; x_wconf 82' lang='lat' dir='ltr'><strong>Girald.</strong></span> <span class='ocrx_word' id='word_1_162' title='bbox 2095 766 2108 787; x_wconf 90' lang='lat'><strong>,</strong></span> <span class='ocrx_word' id='word_1_163' title='bbox 2143 723 2416 795; x_wconf 83' lang='lat' dir='ltr'><strong>Syntagm.</strong></span> <span class='ocrx_word' id='word_1_164' title='bbox 2449 727 2478 778; x_wconf 87' lang='lat'><strong>7</strong></span> <span class='ocrx_word' id='word_1_165' title='bbox 2513 725 2574 778; x_wconf 83' lang='lat' dir='ltr'><strong>de</strong></span> <span class='ocrx_word' id='word_1_166' title='bbox 2593 727 2692 780; x_wconf 77' lang='lat' dir='ltr'><strong>diis</strong></span> <span class='ocrx_word' id='word_1_167' title='bbox 2712 735 2844 797; x_wconf 80' lang='lat' dir='ltr'><strong>gent.</strong></span> <span class='ocrx_word' id='word_1_168' title='bbox 2869 771 2884 793; x_wconf 95' lang='lat'><strong>,</strong></span> <span class='ocrx_word' id='word_1_169' title='bbox 2928 745 3048 798; x_wconf 86' lang='lat' dir='ltr'><strong>pag.</strong></span> <span class='ocrx_word' id='word_1_170' title='bbox 3091 726 3244 799; x_wconf 69' lang='lat'><strong>2‘25).</strong></span> <span class='ocrx_word' id='word_1_171' title='bbox 3292 727 3454 784; x_wconf 90' lang='lat' dir='ltr'><strong>Deni-</strong></span> 
     </span>
    </p>
   </div>
   <div class='ocr_carea' id='block_1_22' title="bbox 1861 817 3269 887">
    <p class='ocr_par' dir='ltr' id='par_1_22' title="bbox 1861 817 3269 887">
     <span class='ocr_line' id='line_1_22' title="bbox 1861 817 3269 887; baseline 0.007 -18"><span class='ocrx_word' id='word_1_172' title='bbox 1861 832 1965 886; x_wconf 89' lang='lat' dir='ltr'><strong>que</strong></span> <span class='ocrx_word' id='word_1_173' title='bbox 1991 817 2059 870; x_wconf 90' lang='lat' dir='ltr'><strong>de</strong></span> <span class='ocrx_word' id='word_1_174' title='bbox 2088 818 2253 872; x_wconf 84' lang='lat' dir='ltr'><strong>variis</strong></span> <span class='ocrx_word' id='word_1_175' title='bbox 2286 819 2624 887; x_wconf 89' lang='lat' dir='ltr'><strong>Apollinibus</strong></span> <span class='ocrx_word' id='word_1_176' title='bbox 2651 823 2764 876; x_wconf 75' lang='lat' dir='ltr'><strong>lucc</strong></span> <span class='ocrx_word' id='word_1_177' title='bbox 2792 821 2994 877; x_wconf 82' lang='lat' dir='ltr'><strong>Statius</strong></span> <span class='ocrx_word' id='word_1_178' title='bbox 3023 823 3220 878; x_wconf 74' lang='lat' dir='ltr'><strong>cecinit</strong></span> <span class='ocrx_word' id='word_1_179' title='bbox 3253 839 3269 879; x_wconf 90' lang='lat'><strong>:</strong></span> 
     </span>
    </p>
   </div>
   <div class='ocr_carea' id='block_1_23' title="bbox 1949 927 3333 993">
    <p class='ocr_par' dir='ltr' id='par_1_23' title="bbox 1949 927 3333 993">
     <span class='ocr_line' id='line_1_23' title="bbox 1949 927 3333 993; baseline 0.006 -16"><span class='ocrx_word' id='word_1_180' title='bbox 1949 927 2192 991; x_wconf 85' lang='lat' dir='ltr'><strong>Quidquid</strong></span> <span class='ocrx_word' id='word_1_181' title='bbox 2217 943 2288 989; x_wconf 88' lang='lat' dir='ltr'><strong>es,</strong></span> <span class='ocrx_word' id='word_1_182' title='bbox 2316 937 2532 980; x_wconf 71' lang='lat' dir='ltr'><strong>:eternus</strong></span> <span class='ocrx_word' id='word_1_183' title='bbox 2556 931 2742 983; x_wconf 67' lang='lat' dir='ltr'><strong>Pstbo</strong></span> <span class='ocrx_word' id='word_1_184' title='bbox 2763 933 2917 993; x_wconf 90' lang='lat' dir='ltr'><strong>dolor,</strong></span> <span class='ocrx_word' id='word_1_185' title='bbox 2943 941 2994 984; x_wconf 91' lang='lat' dir='ltr'><strong>et</strong></span> <span class='ocrx_word' id='word_1_186' title='bbox 3017 947 3141 984; x_wconf 85' lang='lat' dir='ltr'><strong>nova</strong></span> <span class='ocrx_word' id='word_1_187' title='bbox 3167 933 3333 985; x_wconf 84' lang='lat' dir='ltr'><strong>clades</strong></span> 
     </span>
    </p>
   </div>
   <div class='ocr_carea' id='block_1_24' title="bbox 1951 993 3201 1058">
    <p class='ocr_par' dir='ltr' id='par_1_24' title="bbox 1951 993 3201 1058">
     <span class='ocr_line' id='line_1_24' title="bbox 1951 993 3201 1058; baseline 0.006 -20"><span class='ocrx_word' id='word_1_188' title='bbox 1951 993 2160 1058; x_wconf 65' lang='lat' dir='ltr'><strong>Semper</strong></span> <span class='ocrx_word' id='word_1_189' title='bbox 2180 994 2296 1049; x_wconf 89' lang='lat' dir='ltr'><strong>eris,</strong></span> <span class='ocrx_word' id='word_1_190' title='bbox 2321 995 2565 1058; x_wconf 72' lang='lat' dir='ltr'><strong>mutisque</strong></span> <span class='ocrx_word' id='word_1_191' title='bbox 2589 996 2671 1044; x_wconf 84' lang='lat' dir='ltr'><strong>diu</strong></span> <span class='ocrx_word' id='word_1_192' title='bbox 2695 996 2954 1058; x_wconf 84' lang='lat' dir='ltr'><strong>plorabere</strong></span> <span class='ocrx_word' id='word_1_193' title='bbox 2982 997 3088 1058; x_wconf 71' lang='lat' dir='ltr'><strong>Del,</strong></span> <span class='ocrx_word' id='word_1_194' title='bbox 3111 999 3201 1046; x_wconf 88' lang='lat' dir='ltr'><strong>bis.</strong></span> 
     </span>
    </p>
   </div>
   <div class='ocr_carea' id='block_1_25' title="bbox 1949 1052 3330 1122">
    <p class='ocr_par' dir='ltr' id='par_1_25' title="bbox 1949 1052 3330 1122">
     <span class='ocr_line' id='line_1_25' title="bbox 1949 1052 3330 1122; baseline 0.007 -22"><span class='ocrx_word' id='word_1_195' title='bbox 1949 1052 2068 1122; x_wconf 58' lang='lat' dir='ltr'><strong>llaec</strong></span> <span class='ocrx_word' id='word_1_196' title='bbox 2092 1053 2346 1122; x_wconf 74' lang='lat' dir='ltr'><strong>Tenedon,</strong></span> <span class='ocrx_word' id='word_1_197' title='bbox 2375 1052 2706 1122; x_wconf 68' lang='lat' dir='ltr'><strong>Cyrrhamque</strong></span> <span class='ocrx_word' id='word_1_198' title='bbox 2729 1061 2853 1110; x_wconf 89' lang='lat' dir='ltr'><strong>dies.</strong></span> <span class='ocrx_word' id='word_1_199' title='bbox 2875 1052 3116 1122; x_wconf 79' lang='lat' dir='ltr'><strong>partuque</strong></span> <span class='ocrx_word' id='word_1_200' title='bbox 3133 1060 3330 1122; x_wconf 81' lang='lat' dir='ltr'><strong>ligatam</strong></span> 
     </span>
    </p>
   </div>
   <div class='ocr_carea' id='block_1_26' title="bbox 1952 1113 3206 1183">
    <p class='ocr_par' dir='ltr' id='par_1_26' title="bbox 1952 1113 3206 1183">
     <span class='ocr_line' id='line_1_26' title="bbox 1952 1113 3206 1183; baseline 0.009 -22"><span class='ocrx_word' id='word_1_201' title='bbox 1952 1113 2132 1183; x_wconf 61' lang='lat' dir='ltr'><strong>pelea,</strong></span> <span class='ocrx_word' id='word_1_202' title='bbox 2160 1125 2211 1183; x_wconf 86' lang='lat' dir='ltr'><strong>et</strong></span> <span class='ocrx_word' id='word_1_203' title='bbox 2237 1113 2638 1183; x_wconf 54' lang='lat' dir='ltr'><strong>intonsi&#39;claudet&#39;</strong></span> <span class='ocrx_word' id='word_1_204' title='bbox 2667 1113 2937 1183; x_wconf 74' lang='lat' dir='ltr'><strong>penetralia</strong></span> <span class='ocrx_word' id='word_1_205' title='bbox 2960 1113 3206 1172; x_wconf 49' lang='lat' dir='ltr'><strong>Branchi&quot;:</strong></span> 
     </span>
    </p>
   </div>
   <div class='ocr_carea' id='block_1_27' title="bbox 1948 1175 3328 1249">
    <p class='ocr_par' dir='ltr' id='par_1_27' title="bbox 1948 1175 3328 1249">
     <span class='ocr_line' id='line_1_27' title="bbox 1948 1175 3328 1249; baseline 0.007 -24"><span class='ocrx_word' id='word_1_206' title='bbox 1948 1175 2258 1249; x_wconf 36' lang='lat' dir='ltr'><strong>Nec-Clarias</strong></span> <span class='ocrx_word' id='word_1_207' title='bbox 2282 1181 2370 1249; x_wconf 69' lang='lat' dir='ltr'><strong>hac</strong></span> <span class='ocrx_word' id='word_1_208' title='bbox 2392 1179 2503 1249; x_wconf 87' lang='lat' dir='ltr'><strong>luce</strong></span> <span class='ocrx_word' id='word_1_209' title='bbox 2529 1175 2678 1249; x_wconf 53' lang='lat' dir='ltr'><strong>fores,</strong></span> <span class='ocrx_word' id='word_1_210' title='bbox 2698 1183 2946 1249; x_wconf 73' lang='lat' dir='ltr'><strong>Didymtea</strong></span> <span class='ocrx_word' id='word_1_211' title='bbox 2968 1198 3047 1244; x_wconf 84' lang='lat' dir='ltr'><strong>.ue</strong></span> <span class='ocrx_word' id='word_1_212' title='bbox 3071 1186 3328 1249; x_wconf 84' lang='lat' dir='ltr'><strong>quisquam</strong></span> 
     </span>
    </p>
   </div>
   <div class='ocr_carea' id='block_1_28' title="bbox 1951 1237 3206 1307">
    <p class='ocr_par' dir='ltr' id='par_1_28' title="bbox 1951 1237 3206 1307">
     <span class='ocr_line' id='line_1_28' title="bbox 1951 1237 3206 1307; baseline 0.006 -20"><span class='ocrx_word' id='word_1_213' title='bbox 1951 1237 2156 1302; x_wconf 85' lang='lat' dir='ltr'><strong>Limina,</strong></span> <span class='ocrx_word' id='word_1_214' title='bbox 2184 1254 2279 1291; x_wconf 88' lang='lat' dir='ltr'><strong>nec</strong></span> <span class='ocrx_word' id='word_1_215' title='bbox 2302 1243 2495 1306; x_wconf 82' lang='lat' dir='ltr'><strong>Lyciam</strong></span> <span class='ocrx_word' id='word_1_216' title='bbox 2529 1237 2738 1307; x_wconf 81' lang='lat' dir='ltr'><strong>supplex</strong></span> <span class='ocrx_word' id='word_1_217' title='bbox 2765 1237 3012 1297; x_wconf 70' lang='lat' dir='ltr'><strong>cbnsultor</strong></span> <span class='ocrx_word' id='word_1_218' title='bbox 3034 1237 3206 1296; x_wconf 51' lang='lat' dir='ltr'><strong>adibis:</strong></span> 
     </span>
    </p>
   </div>
   <div class='ocr_carea' id='block_1_29' title="bbox 2235 1325 3334 1397">
    <p class='ocr_par' dir='ltr' id='par_1_29' title="bbox 2235 1325 3334 1397">
     <span class='ocr_line' id='line_1_29' title="bbox 2235 1325 3334 1397; baseline 0.005 -20"><span class='ocrx_word' id='word_1_219' title='bbox 2235 1328 2405 1390; x_wconf 86' lang='lat' dir='ltr'><strong>(Stat.,</strong></span> <span class='ocrx_word' id='word_1_220' title='bbox 2429 1325 2513 1379; x_wconf 88' lang='lat' dir='ltr'><strong>lib.</strong></span> <span class='ocrx_word' id='word_1_221' title='bbox 2539 1345 2619 1379; x_wconf 79' lang='lat' dir='ltr'><strong>vni</strong></span> <span class='ocrx_word' id='word_1_222' title='bbox 2642 1328 2898 1392; x_wconf 83' lang='lat' dir='ltr'><strong>Thebaid.,</strong></span> <span class='ocrx_word' id='word_1_223' title='bbox 2923 1330 3060 1397; x_wconf 81' lang='lat' dir='ltr'><strong>longe</strong></span> <span class='ocrx_word' id='word_1_224' title='bbox 3077 1337 3180 1396; x_wconf 72' lang='lat' dir='ltr'><strong>post</strong></span> <span class='ocrx_word' id='word_1_225' title='bbox 3201 1329 3334 1394; x_wconf 83' lang='lat' dir='ltr'><strong>init.)</strong></span> 
     </span>
    </p>
   </div>
   <div class='ocr_carea' id='block_1_30' title="bbox 2459 1471 2850 1513">
    <p class='ocr_par' dir='ltr' id='par_1_30' title="bbox 2459 1471 2850 1513">
     <span class='ocr_line' id='line_1_30' title="bbox 2459 1471 2850 1513; baseline 0.003 -3"><span class='ocrx_word' id='word_1_226' title='bbox 2459 1471 2747 1512; x_wconf 73' lang='lat' dir='ltr'><strong>ARTICULUS</strong></span> <span class='ocrx_word' id='word_1_227' title='bbox 2772 1473 2850 1513; x_wconf 78' lang='lat' dir='ltr'><strong>Ill.</strong></span> 
     </span>
    </p>
   </div>
   <div class='ocr_carea' id='block_1_31' title="bbox 1857 1562 3458 1638">
    <p class='ocr_par' dir='ltr' id='par_1_31' title="bbox 1857 1562 3458 1638">
     <span class='ocr_line' id='line_1_31' title="bbox 1857 1562 3458 1638; baseline 0.009 -26"><span class='ocrx_word' id='word_1_228' title='bbox 1857 1562 1936 1616; x_wconf 91' lang='lat' dir='ltr'><strong>De</strong></span> <span class='ocrx_word' id='word_1_229' title='bbox 1961 1566 2108 1616; x_wconf 87' lang='lat' dir='ltr'><strong>variis</strong></span> <span class='ocrx_word' id='word_1_230' title='bbox 2139 1570 2455 1638; x_wconf 79' lang='lat' dir='ltr'><strong>scriptoribus</strong></span> <span class='ocrx_word' id='word_1_231' title='bbox 2466 1571 2541 1638; x_wconf 77' lang='lat' dir='ltr'><strong>_al_i</strong></span> <span class='ocrx_word' id='word_1_232' title='bbox 2576 1571 2795 1638; x_wconf 71' lang='lat' dir='ltr'><strong>Arnobio</strong></span> <span class='ocrx_word' id='word_1_233' title='bbox 2819 1573 2994 1638; x_wconf 81' lang='lat' dir='ltr'><strong>citatis,</strong></span> <span class='ocrx_word' id='word_1_234' title='bbox 3019 1587 3227 1638; x_wconf 91' lang='lat' dir='ltr'><strong>quorum</strong></span> <span class='ocrx_word' id='word_1_235' title='bbox 3265 1576 3458 1628; x_wconf 86' lang='lat' dir='ltr'><strong>nomina</strong></span> 
     </span>
    </p>
   </div>
   <div class='ocr_carea' id='block_1_32' title="bbox 2234 1632 3077 1696">
    <p class='ocr_par' dir='ltr' id='par_1_32' title="bbox 2234 1632 3077 1696">
     <span class='ocr_line' id='line_1_32' title="bbox 2234 1632 3077 1696; baseline 0.009 -16"><span class='ocrx_word' id='word_1_236' title='bbox 2234 1633 2410 1682; x_wconf 84' lang='lat' dir='ltr'><strong>ordine</strong></span> <span class='ocrx_word' id='word_1_237' title='bbox 2433 1632 2743 1696; x_wconf 85' lang='lat' dir='ltr'><strong>alphabetico</strong></span> <span class='ocrx_word' id='word_1_238' title='bbox 2763 1632 3077 1688; x_wconf 75' lang='lat' dir='ltr'><strong>exhibentur.</strong></span> 
     </span>
    </p>
   </div>
   <div class='ocr_carea' id='block_1_33' title="bbox 1931 1756 3453 1840">
    <p class='ocr_par' dir='ltr' id='par_1_33' title="bbox 1931 1756 3453 1840">
     <span class='ocr_line' id='line_1_33' title="bbox 1931 1756 3453 1840; baseline 0.011 -30"><span class='ocrx_word' id='word_1_239' title='bbox 1931 1756 2123 1814; x_wconf 88' lang='lat' dir='ltr'><strong>Plures</strong></span> <span class='ocrx_word' id='word_1_240' title='bbox 2151 1759 2422 1816; x_wconf 81' lang='lat' dir='ltr'><strong>Arnobius</strong></span> <span class='ocrx_word' id='word_1_241' title='bbox 2471 1763 2581 1818; x_wconf 82' lang='lat' dir='ltr'><strong>suis</strong></span> <span class='ocrx_word' id='word_1_242' title='bbox 2611 1763 2663 1818; x_wconf 93' lang='lat' dir='ltr'><strong>in</strong></span> <span class='ocrx_word' id='word_1_243' title='bbox 2710 1765 2862 1822; x_wconf 87' lang='lat' dir='ltr'><strong>libris</strong></span> <span class='ocrx_word' id='word_1_244' title='bbox 2889 1766 3074 1823; x_wconf 89' lang='lat' dir='ltr'><strong>citavit</strong></span> <span class='ocrx_word' id='word_1_245' title='bbox 3125 1769 3416 1840; x_wconf 90' lang='lat' dir='ltr'><strong>scriptores</strong></span> <span class='ocrx_word' id='word_1_246' title='bbox 3437 1810 3453 1838; x_wconf 94' lang='lat'><strong>,</strong></span> 
     </span>
    </p>
   </div>
   <div class='ocr_carea' id='block_1_34' title="bbox 182 1846 3456 1933">
    <p class='ocr_par' dir='ltr' id='par_1_34' title="bbox 182 1846 3456 1933">
     <span class='ocr_line' id='line_1_34' title="bbox 182 1846 3456 1933; baseline 0.004 -28"><span class='ocrx_word' id='word_1_247' title='bbox 182 1851 254 1906; x_wconf 81' lang='lat' dir='ltr'><strong>lib.</strong></span> <span class='ocrx_word' id='word_1_248' title='bbox 281 1868 336 1909; x_wconf 90' lang='grc' dir='ltr'><strong>ιιι</strong></span> <span class='ocrx_word' id='word_1_249' title='bbox 373 1863 547 1908; x_wconf 89' lang='lat' dir='ltr'><strong>contr.</strong></span> <span class='ocrx_word' id='word_1_250' title='bbox 579 1853 710 1909; x_wconf 74' lang='lat' dir='ltr'><strong>Cels.</strong></span> <span class='ocrx_word' id='word_1_251' title='bbox 733 1896 748 1921; x_wconf 88' lang='lat'><strong>,</strong></span> <span class='ocrx_word' id='word_1_252' title='bbox 784 1872 901 1926; x_wconf 85' lang='lat' dir='ltr'><strong>pag.</strong></span> <span class='ocrx_word' id='word_1_253' title='bbox 939 1855 1032 1910; x_wconf 87' lang='grc'><strong>151</strong></span> <span class='ocrx_word' id='word_1_254' title='bbox 1063 1871 1078 1919; x_wconf 93' lang='lat'><strong>;</strong></span> <span class='ocrx_word' id='word_1_255' title='bbox 1114 1855 1345 1922; x_wconf 76' lang='lat' dir='ltr'><strong>Eraam.,</strong></span> <span class='ocrx_word' id='word_1_256' title='bbox 1379 1856 1547 1926; x_wconf 83' lang='lat' dir='ltr'><strong>Adag.</strong></span> <span class='ocrx_word' id='word_1_257' title='bbox 1594 1853 1754 1920; x_wconf 85' lang='lat' dir='ltr'><strong>CItil.,</strong></span> <span class='ocrx_word' id='word_1_258' title='bbox 1788 1846 1837 1908; x_wconf 93' lang='grc' dir='ltr'><strong>Β</strong></span> <span class='ocrx_word' id='word_1_259' title='bbox 1863 1849 2096 1907; x_wconf 89' lang='lat' dir='ltr'><strong>buorum</strong></span> <span class='ocrx_word' id='word_1_260' title='bbox 2141 1854 2450 1910; x_wconf 89' lang='lat' dir='ltr'><strong>testimonio</strong></span> <span class='ocrx_word' id='word_1_261' title='bbox 2497 1867 2550 1912; x_wconf 89' lang='lat' dir='ltr'><strong>et</strong></span> <span class='ocrx_word' id='word_1_262' title='bbox 2579 1858 2866 1915; x_wconf 89' lang='lat' dir='ltr'><strong>autoritate</strong></span> <span class='ocrx_word' id='word_1_263' title='bbox 2921 1871 3014 1916; x_wconf 89' lang='lat' dir='ltr'><strong>aut</strong></span> <span class='ocrx_word' id='word_1_264' title='bbox 3061 1862 3308 1933; x_wconf 81' lang='lat' dir='ltr'><strong>dogmata</strong></span> <span class='ocrx_word' id='word_1_265' title='bbox 3359 1879 3456 1919; x_wconf 88' lang='lat' dir='ltr'><strong>sua</strong></span> 
     </span>
    </p>
   </div>
   <div class='ocr_carea' id='block_1_35' title="bbox 183 1949 1753 2022">
    <p class='ocr_par' dir='ltr' id='par_1_35' title="bbox 183 1949 1753 2022">
     <span class='ocr_line' id='line_1_35' title="bbox 183 1949 1753 2022; baseline 0.002 -22"><span class='ocrx_word' id='word_1_266' title='bbox 183 1956 292 2002; x_wconf 80' lang='lat' dir='ltr'><strong>cent.</strong></span> <span class='ocrx_word' id='word_1_267' title='bbox 331 1949 380 2016; x_wconf 91' lang='lat'><strong>7,</strong></span> <span class='ocrx_word' id='word_1_268' title='bbox 420 1949 597 2022; x_wconf 82' lang='lat' dir='ltr'><strong>Adag.</strong></span> <span class='ocrx_word' id='word_1_269' title='bbox 645 1949 754 2017; x_wconf 89' lang='lat'><strong>77;</strong></span> <span class='ocrx_word' id='word_1_270' title='bbox 809 1949 1007 2005; x_wconf 81' lang='lat' dir='ltr'><strong>Dissert</strong></span> <span class='ocrx_word' id='word_1_271' title='bbox 1055 1952 1109 2004; x_wconf 84' lang='lat' dir='ltr'><strong>in</strong></span> <span class='ocrx_word' id='word_1_272' title='bbox 1151 1949 1480 2014; x_wconf 84' lang='lat' dir='ltr'><strong>Tertullian.,</strong></span> <span class='ocrx_word' id='word_1_273' title='bbox 1521 1966 1641 2022; x_wconf 87' lang='lat' dir='ltr'><strong>cap.</strong></span> <span class='ocrx_word' id='word_1_274' title='bbox 1686 1950 1753 2020; x_wconf 90' lang='lat'><strong>7,</strong></span> 
     </span>
    </p>
   </div>
   <div class='ocr_carea' id='block_1_36' title="bbox 184 2040 380 2116">
    <p class='ocr_par' dir='ltr' id='par_1_36' title="bbox 184 2040 380 2116">
     <span class='ocr_line' id='line_1_36' title="bbox 184 2040 380 2116; baseline 0.02 -22"><span class='ocrx_word' id='word_1_275' title='bbox 184 2052 264 2096; x_wconf 86' lang='lat' dir='ltr'><strong>art.</strong></span> <span class='ocrx_word' id='word_1_276' title='bbox 285 2043 336 2097; x_wconf 84' lang='grc'><strong>5.</strong></span> <span class='ocrx_word' id='word_1_277' title='bbox 357 2040 380 2116; x_wconf 90' lang='grc'><strong>)</strong></span> 
     </span>
    </p>
   </div>
   <div class='ocr_carea' id='block_1_37' title="bbox 240 2135 1750 2209">
    <p class='ocr_par' dir='ltr' id='par_1_37' title="bbox 240 2135 1750 2209">
     <span class='ocr_line' id='line_1_37' title="bbox 240 2135 1750 2209; baseline 0.001 -18"><span class='ocrx_word' id='word_1_278' title='bbox 240 2135 354 2192; x_wconf 84' lang='grc' dir='ltr'><strong>Τιιιη</strong></span> <span class='ocrx_word' id='word_1_279' title='bbox 393 2137 599 2194; x_wconf 88' lang='lat' dir='ltr'><strong>deinde</strong></span> <span class='ocrx_word' id='word_1_280' title='bbox 624 2138 889 2194; x_wconf 84' lang='lat' dir='ltr'><strong>Arnobius</strong></span> <span class='ocrx_word' id='word_1_281' title='bbox 917 2139 1154 2209; x_wconf 85' lang='lat' dir='ltr'><strong>appellat</strong></span> <span class='ocrx_word' id='word_1_282' title='bbox 1194 2137 1384 2194; x_wconf 87' lang='lat' dir='ltr'><strong>Jovem</strong></span> <span class='ocrx_word' id='word_1_283' title='bbox 1419 2137 1750 2194; x_wconf 76' lang='lat' dir='ltr'><strong>Dodonzeum</strong></span> 
     </span>
    </p>
   </div>
   <div class='ocr_carea' id='block_1_38' title="bbox 189 2226 1753 2304">
    <p class='ocr_par' dir='ltr' id='par_1_38' title="bbox 189 2226 1753 2304">
     <span class='ocr_line' id='line_1_38' title="bbox 189 2226 1753 2304; baseline 0.003 -22"><span class='ocrx_word' id='word_1_284' title='bbox 189 2226 371 2300; x_wconf 90' lang='lat' dir='ltr'><strong>ejusque</strong></span> <span class='ocrx_word' id='word_1_285' title='bbox 397 2234 656 2296; x_wconf 85' lang='lat' dir='ltr'><strong>oracula,</strong></span> <span class='ocrx_word' id='word_1_286' title='bbox 692 2233 760 2288; x_wconf 89' lang='lat' dir='ltr'><strong>de</strong></span> <span class='ocrx_word' id='word_1_287' title='bbox 807 2231 1004 2304; x_wconf 88' lang='lat' dir='ltr'><strong>quibus</strong></span> <span class='ocrx_word' id='word_1_288' title='bbox 1034 2245 1229 2303; x_wconf 67' lang='lat' dir='ltr'><strong>praeter</strong></span> <span class='ocrx_word' id='word_1_289' title='bbox 1255 2234 1390 2288; x_wconf 89' lang='lat' dir='ltr'><strong>alios</strong></span> <span class='ocrx_word' id='word_1_290' title='bbox 1422 2234 1753 2288; x_wconf 84' lang='lat' dir='ltr'><strong>mentionem</strong></span> 
     </span>
    </p>
   </div>
   <div class='ocr_carea' id='block_1_39' title="bbox 184 2321 1760 2398">
    <p class='ocr_par' dir='ltr' id='par_1_39' title="bbox 184 2321 1760 2398">
     <span class='ocr_line' id='line_1_39' title="bbox 184 2321 1760 2398; baseline 0.003 -20"><span class='ocrx_word' id='word_1_291' title='bbox 184 2321 394 2380; x_wconf 70' lang='lat' dir='ltr'><strong>fecerunt</strong></span> <span class='ocrx_word' id='word_1_292' title='bbox 422 2326 749 2394; x_wconf 82' lang='lat' dir='ltr'><strong>Pausanias,</strong></span> <span class='ocrx_word' id='word_1_293' title='bbox 791 2328 882 2382; x_wconf 92' lang='lat' dir='ltr'><strong>lib.</strong></span> <span class='ocrx_word' id='word_1_294' title='bbox 915 2344 952 2390; x_wconf 90' lang='grc' dir='ltr'><strong>ι,</strong></span> <span class='ocrx_word' id='word_1_295' title='bbox 981 2343 1099 2398; x_wconf 90' lang='lat' dir='ltr'><strong>pag.</strong></span> <span class='ocrx_word' id='word_1_296' title='bbox 1129 2328 1226 2390; x_wconf 70' lang='lat'><strong>15;</strong></span> <span class='ocrx_word' id='word_1_297' title='bbox 1258 2326 1482 2393; x_wconf 90' lang='lat' dir='ltr'><strong>Cicero,</strong></span> <span class='ocrx_word' id='word_1_298' title='bbox 1518 2327 1612 2382; x_wconf 91' lang='lat' dir='ltr'><strong>lib.</strong></span> <span class='ocrx_word' id='word_1_299' title='bbox 1644 2344 1658 2382; x_wconf 89' lang='grc' dir='ltr'><strong>ι</strong></span> <span class='ocrx_word' id='word_1_300' title='bbox 1693 2326 1760 2382; x_wconf 84' lang='lat' dir='ltr'><strong>de</strong></span> 
     </span>
    </p>
   </div>
   <div class='ocr_carea' id='block_1_40' title="bbox 182 2415 1756 2490">
    <p class='ocr_par' dir='ltr' id='par_1_40' title="bbox 182 2415 1756 2490">
     <span class='ocr_line' id='line_1_40' title="bbox 182 2415 1756 2490; baseline 0.002 -21"><span class='ocrx_word' id='word_1_301' title='bbox 182 2415 494 2486; x_wconf 81' lang='lat' dir='ltr'><strong>Divinatione,</strong></span> <span class='ocrx_word' id='word_1_302' title='bbox 522 2435 643 2490; x_wconf 84' lang='lat' dir='ltr'><strong>pag.</strong></span> <span class='ocrx_word' id='word_1_303' title='bbox 672 2418 815 2484; x_wconf 75' lang='lat'><strong>268;</strong></span> <span class='ocrx_word' id='word_1_304' title='bbox 850 2420 1074 2483; x_wconf 86' lang='lat' dir='ltr'><strong>Plinius,</strong></span> <span class='ocrx_word' id='word_1_305' title='bbox 1111 2420 1202 2475; x_wconf 91' lang='lat' dir='ltr'><strong>lib.</strong></span> <span class='ocrx_word' id='word_1_306' title='bbox 1228 2437 1280 2476; x_wconf 86' lang='lat' dir='ltr'><strong>tv</strong></span> <span class='ocrx_word' id='word_1_307' title='bbox 1308 2419 1442 2474; x_wconf 83' lang='lat' dir='ltr'><strong>Hist.</strong></span> <span class='ocrx_word' id='word_1_308' title='bbox 1477 2419 1630 2486; x_wconf 85' lang='lat' dir='ltr'><strong>Nat.,</strong></span> <span class='ocrx_word' id='word_1_309' title='bbox 1653 2419 1756 2474; x_wconf 88' lang='lat' dir='ltr'><strong>ini-</strong></span> 
     </span>
    </p>
   </div>
   <div class='ocr_carea' id='block_1_41' title="bbox 181 2511 1756 2588">
    <p class='ocr_par' dir='ltr' id='par_1_41' title="bbox 181 2511 1756 2588">
     <span class='ocr_line' id='line_1_41' title="bbox 181 2511 1756 2588; baseline 0.003 -22"><span class='ocrx_word' id='word_1_310' title='bbox 181 2511 258 2578; x_wconf 86' lang='lat' dir='ltr'><strong>tio,</strong></span> <span class='ocrx_word' id='word_1_311' title='bbox 288 2528 378 2584; x_wconf 86' lang='lat' dir='ltr'><strong>pag</strong></span> <span class='ocrx_word' id='word_1_312' title='bbox 402 2514 509 2570; x_wconf 69' lang='grc'><strong>104</strong></span> <span class='ocrx_word' id='word_1_313' title='bbox 542 2531 557 2579; x_wconf 90' lang='grc'>;</span> <span class='ocrx_word' id='word_1_314' title='bbox 584 2515 803 2570; x_wconf 86' lang='lat' dir='ltr'><strong>Solinus</strong></span> <span class='ocrx_word' id='word_1_315' title='bbox 831 2516 1120 2588; x_wconf 88' lang='lat' dir='ltr'><strong>Polyhist.,</strong></span> <span class='ocrx_word' id='word_1_316' title='bbox 1149 2531 1270 2587; x_wconf 87' lang='lat' dir='ltr'><strong>cap.</strong></span> <span class='ocrx_word' id='word_1_317' title='bbox 1295 2517 1348 2570; x_wconf 90' lang='lat'><strong>7.</strong></span> <span class='ocrx_word' id='word_1_318' title='bbox 1385 2519 1452 2570; x_wconf 87' lang='lat' dir='ltr'><strong>At</strong></span> <span class='ocrx_word' id='word_1_319' title='bbox 1497 2516 1644 2585; x_wconf 91' lang='lat' dir='ltr'><strong>plura</strong></span> <span class='ocrx_word' id='word_1_320' title='bbox 1687 2515 1756 2570; x_wconf 89' lang='lat' dir='ltr'><strong>de</strong></span> 
     </span>
    </p>
   </div>
   <div class='ocr_carea' id='block_1_42' title="bbox 177 2603 1753 2681">
    <p class='ocr_par' dir='ltr' id='par_1_42' title="bbox 177 2603 1753 2681">
     <span class='ocr_line' id='line_1_42' title="bbox 177 2603 1753 2681; baseline 0.004 -24"><span class='ocrx_word' id='word_1_321' title='bbox 177 2603 252 2660; x_wconf 91' lang='lat' dir='ltr'><strong>illo</strong></span> <span class='ocrx_word' id='word_1_322' title='bbox 275 2606 488 2663; x_wconf 86' lang='lat' dir='ltr'><strong>Servius</strong></span> <span class='ocrx_word' id='word_1_323' title='bbox 538 2610 590 2663; x_wconf 92' lang='lat' dir='ltr'><strong>in</strong></span> <span class='ocrx_word' id='word_1_324' title='bbox 618 2609 731 2664; x_wconf 89' lang='lat' dir='ltr'><strong>suis</strong></span> <span class='ocrx_word' id='word_1_325' title='bbox 770 2609 837 2664; x_wconf 91' lang='lat' dir='ltr'><strong>ad</strong></span> <span class='ocrx_word' id='word_1_326' title='bbox 871 2610 1072 2681; x_wconf 72' lang='lat' dir='ltr'><strong>Virgilii</strong></span> <span class='ocrx_word' id='word_1_327' title='bbox 1102 2612 1340 2667; x_wconf 85' lang='lat' dir='ltr'><strong>carmina</strong></span> <span class='ocrx_word' id='word_1_328' title='bbox 1390 2611 1753 2666; x_wconf 52' lang='lat' dir='ltr'><strong>annotationiv</strong></span> 
     </span>
    </p>
   </div>
   <div class='ocr_carea' id='block_1_43' title="bbox 177 2697 1752 2773">
    <p class='ocr_par' dir='ltr' id='par_1_43' title="bbox 177 2697 1752 2773">
     <span class='ocr_line' id='line_1_43' title="bbox 177 2697 1752 2773; baseline 0.002 -22"><span class='ocrx_word' id='word_1_329' title='bbox 177 2697 286 2765; x_wconf 89' lang='lat' dir='ltr'><strong>bus,</strong></span> <span class='ocrx_word' id='word_1_330' title='bbox 319 2701 401 2755; x_wconf 91' lang='lat' dir='ltr'><strong>ubi</strong></span> <span class='ocrx_word' id='word_1_331' title='bbox 433 2701 702 2757; x_wconf 82' lang='lat' dir='ltr'><strong>observat</strong></span> <span class='ocrx_word' id='word_1_332' title='bbox 740 2702 943 2758; x_wconf 88' lang='lat' dir='ltr'><strong>lebetes</strong></span> <span class='ocrx_word' id='word_1_333' title='bbox 974 2705 1024 2758; x_wconf 89' lang='lat' dir='ltr'><strong>in</strong></span> <span class='ocrx_word' id='word_1_334' title='bbox 1060 2705 1259 2773; x_wconf 83' lang='lat' dir='ltr'><strong>templo</strong></span> <span class='ocrx_word' id='word_1_335' title='bbox 1303 2704 1555 2758; x_wconf 81' lang='lat' dir='ltr'><strong>Dodonaei</strong></span> <span class='ocrx_word' id='word_1_336' title='bbox 1583 2702 1752 2770; x_wconf 84' lang='lat' dir='ltr'><strong>Jovis,</strong></span> 
     </span>
    </p>
   </div>
   <div class='ocr_carea' id='block_1_44' title="bbox 176 2789 1756 2862">
    <p class='ocr_par' dir='ltr' id='par_1_44' title="bbox 176 2789 1756 2862">
     <span class='ocr_line' id='line_1_44' title="bbox 176 2789 1756 2862; baseline 0.004 -18"><span class='ocrx_word' id='word_1_337' title='bbox 176 2789 218 2845; x_wconf 88' lang='lat' dir='ltr'><strong>in</strong></span> <span class='ocrx_word' id='word_1_338' title='bbox 243 2793 424 2848; x_wconf 89' lang='lat' dir='ltr'><strong>ﬁnibus</strong></span> <span class='ocrx_word' id='word_1_339' title='bbox 451 2793 794 2862; x_wconf 66' lang='lat' dir='ltr'><strong>1Et0lorum,</strong></span> <span class='ocrx_word' id='word_1_340' title='bbox 831 2797 906 2850; x_wconf 92' lang='lat' dir='ltr'><strong>illi</strong></span> <span class='ocrx_word' id='word_1_341' title='bbox 933 2807 988 2851; x_wconf 89' lang='lat' dir='ltr'><strong>et</strong></span> <span class='ocrx_word' id='word_1_342' title='bbox 1011 2797 1209 2853; x_wconf 86' lang='lat' dir='ltr'><strong>Veneri</strong></span> <span class='ocrx_word' id='word_1_343' title='bbox 1232 2814 1259 2850; x_wconf 91' lang='lat' dir='ltr'><strong>a</strong></span> <span class='ocrx_word' id='word_1_344' title='bbox 1293 2797 1565 2853; x_wconf 86' lang='lat' dir='ltr'><strong>veteribus</strong></span> <span class='ocrx_word' id='word_1_345' title='bbox 1592 2798 1756 2850; x_wconf 85' lang='lat' dir='ltr'><strong>tuisse</strong></span> 
     </span>
    </p>
   </div>
   <div class='ocr_carea' id='block_1_45' title="bbox 175 2887 1750 2962">
    <p class='ocr_par' dir='ltr' id='par_1_45' title="bbox 175 2887 1750 2962">
     <span class='ocr_line' id='line_1_45' title="bbox 175 2887 1750 2962; baseline 0.001 -24"><span class='ocrx_word' id='word_1_346' title='bbox 175 2897 490 2944; x_wconf 80' lang='lat' dir='ltr'><strong>Consecratus</strong></span> <span class='ocrx_word' id='word_1_347' title='bbox 551 2888 571 2960; x_wconf 93' lang='lat'><strong>(</strong></span> <span class='ocrx_word' id='word_1_348' title='bbox 612 2887 838 2962; x_wconf 83' lang='lat' dir='ltr'><strong>Virgil.,</strong></span> <span class='ocrx_word' id='word_1_349' title='bbox 872 2890 962 2944; x_wconf 85' lang='lat' dir='ltr'><strong>lib.</strong></span> <span class='ocrx_word' id='word_1_350' title='bbox 1016 2905 1072 2945; x_wconf 86' lang='grc' dir='ltr'><strong>ιιι</strong></span> <span class='ocrx_word' id='word_1_351' title='bbox 1113 2889 1322 2945; x_wconf 69' lang='grc' dir='ltr'><strong>Αξηεὶά.</strong></span> <span class='ocrx_word' id='word_1_352' title='bbox 1349 2932 1364 2957; x_wconf 88' lang='grc'><strong>,</strong></span> <span class='ocrx_word' id='word_1_353' title='bbox 1406 2905 1536 2944; x_wconf 77' lang='lat' dir='ltr'><strong>vers.</strong></span> <span class='ocrx_word' id='word_1_354' title='bbox 1578 2889 1683 2944; x_wconf 75' lang='grc'><strong>446</strong></span> <span class='ocrx_word' id='word_1_355' title='bbox 1708 2887 1750 2958; x_wconf 91' lang='grc'><strong>).</strong></span> 
     </span>
    </p>
   </div>
   <div class='ocr_carea' id='block_1_46' title="bbox 177 2973 1753 3054">
    <p class='ocr_par' dir='ltr' id='par_1_46' title="bbox 177 2973 1753 3054">
     <span class='ocr_line' id='line_1_46' title="bbox 177 2973 1753 3054; baseline 0.006 -26"><span class='ocrx_word' id='word_1_356' title='bbox 177 2973 284 3034; x_wconf 89' lang='lat' dir='ltr'><strong>lude</strong></span> <span class='ocrx_word' id='word_1_357' title='bbox 297 2981 451 3035; x_wconf 89' lang='lat' dir='ltr'><strong>etiam</strong></span> <span class='ocrx_word' id='word_1_358' title='bbox 481 2995 568 3037; x_wconf 65' lang='lat' dir='ltr'><strong>ars</strong></span> <span class='ocrx_word' id='word_1_359' title='bbox 594 2982 949 3046; x_wconf 86' lang='lat' dir='ltr'><strong>Dodonaeum,</strong></span> <span class='ocrx_word' id='word_1_360' title='bbox 978 2983 1045 3038; x_wconf 92' lang='lat' dir='ltr'><strong>de</strong></span> <span class='ocrx_word' id='word_1_361' title='bbox 1067 2999 1175 3054; x_wconf 90' lang='lat' dir='ltr'><strong>quo</strong></span> <span class='ocrx_word' id='word_1_362' title='bbox 1201 2998 1230 3037; x_wconf 90' lang='lat' dir='ltr'><strong>a</strong></span> <span class='ocrx_word' id='word_1_363' title='bbox 1255 2983 1408 3039; x_wconf 91' lang='lat' dir='ltr'><strong>nobis</strong></span> <span class='ocrx_word' id='word_1_364' title='bbox 1428 2984 1552 3038; x_wconf 85' lang='lat' dir='ltr'><strong>alibi</strong></span> <span class='ocrx_word' id='word_1_365' title='bbox 1576 2995 1753 3038; x_wconf 88' lang='lat' dir='ltr'><strong>actum</strong></span> 
     </span>
    </p>
   </div>
   <div class='ocr_carea' id='block_1_47' title="bbox 175 3071 1750 3146">
    <p class='ocr_par' dir='ltr' id='par_1_47' title="bbox 175 3071 1750 3146">
     <span class='ocr_line' id='line_1_47' title="bbox 175 3071 1750 3146; baseline 0.006 -23"><span class='ocrx_word' id='word_1_366' title='bbox 175 3081 240 3124; x_wconf 78' lang='lat' dir='ltr'><strong>est</strong></span> <span class='ocrx_word' id='word_1_367' title='bbox 264 3072 280 3140; x_wconf 96' lang='lat'><strong>(</strong></span> <span class='ocrx_word' id='word_1_368' title='bbox 308 3071 451 3128; x_wconf 88' lang='lat' dir='ltr'><strong>Tam.</strong></span> <span class='ocrx_word' id='word_1_369' title='bbox 482 3090 500 3129; x_wconf 87' lang='grc' dir='ltr'><strong>ι</strong></span> <span class='ocrx_word' id='word_1_370' title='bbox 544 3075 798 3142; x_wconf 80' lang='lat' dir='ltr'><strong>Apparal.</strong></span> <span class='ocrx_word' id='word_1_371' title='bbox 826 3117 841 3142; x_wconf 92' lang='lat'><strong>,</strong></span> <span class='ocrx_word' id='word_1_372' title='bbox 872 3078 960 3131; x_wconf 83' lang='lat' dir='ltr'><strong>lib.</strong></span> <span class='ocrx_word' id='word_1_373' title='bbox 994 3092 1051 3131; x_wconf 87' lang='grc' dir='ltr'><strong>ιιι</strong></span> <span class='ocrx_word' id='word_1_374' title='bbox 1078 3119 1093 3143; x_wconf 93' lang='grc'><strong>,</strong></span> <span class='ocrx_word' id='word_1_375' title='bbox 1137 3078 1338 3131; x_wconf 79' lang='lat' dir='ltr'><strong>dissert.</strong></span> <span class='ocrx_word' id='word_1_376' title='bbox 1386 3078 1408 3132; x_wconf 93' lang='grc'><strong>1</strong></span> <span class='ocrx_word' id='word_1_377' title='bbox 1435 3119 1450 3142; x_wconf 96' lang='grc'><strong>,</strong></span> <span class='ocrx_word' id='word_1_378' title='bbox 1499 3093 1616 3146; x_wconf 87' lang='lat' dir='ltr'><strong>cap.</strong></span> <span class='ocrx_word' id='word_1_379' title='bbox 1654 3077 1750 3142; x_wconf 69' lang='lat'><strong>10;</strong></span> 
     </span>
    </p>
   </div>
   <div class='ocr_carea' id='block_1_48' title="bbox 175 3166 1753 3243">
    <p class='ocr_par' dir='ltr' id='par_1_48' title="bbox 175 3166 1753 3243">
     <span class='ocr_line' id='line_1_48' title="bbox 175 3166 1753 3243; baseline 0.006 -28"><span class='ocrx_word' id='word_1_380' title='bbox 175 3172 254 3216; x_wconf 88' lang='lat' dir='ltr'><strong>art.</strong></span> <span class='ocrx_word' id='word_1_381' title='bbox 282 3166 302 3220; x_wconf 94' lang='grc'><strong>1</strong></span> <span class='ocrx_word' id='word_1_382' title='bbox 327 3205 342 3232; x_wconf 94' lang='grc'><strong>,</strong></span> <span class='ocrx_word' id='word_1_383' title='bbox 383 3184 503 3240; x_wconf 86' lang='lat' dir='ltr'><strong>pag.</strong></span> <span class='ocrx_word' id='word_1_384' title='bbox 545 3167 650 3223; x_wconf 89' lang='lat'><strong>770</strong></span> <span class='ocrx_word' id='word_1_385' title='bbox 676 3178 725 3222; x_wconf 85' lang='lat' dir='ltr'><strong>et</strong></span> <span class='ocrx_word' id='word_1_386' title='bbox 751 3185 856 3239; x_wconf 79' lang='lat' dir='ltr'><strong>seq.</strong></span> <span class='ocrx_word' id='word_1_387' title='bbox 884 3168 926 3243; x_wconf 91' lang='lat'><strong>).</strong></span> <span class='ocrx_word' id='word_1_388' title='bbox 955 3170 1406 3241; x_wconf 84' lang='lat' dir='ltr'><strong>quemadmodum</strong></span> <span class='ocrx_word' id='word_1_389' title='bbox 1452 3170 1519 3225; x_wconf 89' lang='lat' dir='ltr'><strong>de</strong></span> <span class='ocrx_word' id='word_1_390' title='bbox 1548 3170 1753 3241; x_wconf 83' lang='lat' dir='ltr'><strong>Apolli-</strong></span> 
     </span>
    </p>
   </div>
   <div class='ocr_carea' id='block_1_49' title="bbox 1860 1945 3453 2024">
    <p class='ocr_par' dir='ltr' id='par_1_49' title="bbox 1860 1945 3453 2024">
     <span class='ocr_line' id='line_1_49' title="bbox 1860 1945 3453 2024; baseline 0.009 -26"><span class='ocrx_word' id='word_1_391' title='bbox 1860 1945 2068 1999; x_wconf 83' lang='lat' dir='ltr'><strong>stabilit</strong></span> <span class='ocrx_word' id='word_1_392' title='bbox 2113 1957 2166 2001; x_wconf 91' lang='lat' dir='ltr'><strong>et</strong></span> <span class='ocrx_word' id='word_1_393' title='bbox 2211 1949 2531 2015; x_wconf 84' lang='lat' dir='ltr'><strong>conﬁrmat,</strong></span> <span class='ocrx_word' id='word_1_394' title='bbox 2580 1962 2673 2006; x_wconf 90' lang='lat' dir='ltr'><strong>aut</strong></span> <span class='ocrx_word' id='word_1_395' title='bbox 2718 1953 3001 2024; x_wconf 82' lang='lat' dir='ltr'><strong>gentilium</strong></span> <span class='ocrx_word' id='word_1_396' title='bbox 3052 1970 3266 2011; x_wconf 88' lang='lat' dir='ltr'><strong>errores</strong></span> <span class='ocrx_word' id='word_1_397' title='bbox 3323 1971 3453 2012; x_wconf 92' lang='lat' dir='ltr'><strong>con-</strong></span> 
     </span>
    </p>
   </div>
   <div class='ocr_carea' id='block_1_50' title="bbox 1860 2036 3454 2113">
    <p class='ocr_par' dir='ltr' id='par_1_50' title="bbox 1860 2036 3454 2113">
     <span class='ocr_line' id='line_1_50' title="bbox 1860 2036 3454 2113; baseline 0.009 -23"><span class='ocrx_word' id='word_1_398' title='bbox 1860 2036 1996 2091; x_wconf 76' lang='lat' dir='ltr'><strong>lulat</strong></span> <span class='ocrx_word' id='word_1_399' title='bbox 2025 2048 2076 2094; x_wconf 92' lang='lat' dir='ltr'><strong>et</strong></span> <span class='ocrx_word' id='word_1_400' title='bbox 2109 2039 2360 2097; x_wconf 85' lang='lat' dir='ltr'><strong>destruit.</strong></span> <span class='ocrx_word' id='word_1_401' title='bbox 2395 2041 2504 2096; x_wconf 88' lang='lat' dir='ltr'><strong>Eos</strong></span> <span class='ocrx_word' id='word_1_402' title='bbox 2543 2055 2721 2100; x_wconf 91' lang='lat' dir='ltr'><strong>autem</strong></span> <span class='ocrx_word' id='word_1_403' title='bbox 2775 2046 3000 2110; x_wconf 89' lang='lat' dir='ltr'><strong>ordine,</strong></span> <span class='ocrx_word' id='word_1_404' title='bbox 3057 2058 3112 2101; x_wconf 89' lang='lat' dir='ltr'><strong>ut</strong></span> <span class='ocrx_word' id='word_1_405' title='bbox 3158 2048 3337 2113; x_wconf 89' lang='lat' dir='ltr'><strong>aiunt,</strong></span> <span class='ocrx_word' id='word_1_406' title='bbox 3370 2049 3454 2104; x_wconf 89' lang='lat' dir='ltr'><strong>al-</strong></span> 
     </span>
    </p>
   </div>
   <div class='ocr_carea' id='block_1_51' title="bbox 1864 2129 3457 2199">
    <p class='ocr_par' dir='ltr' id='par_1_51' title="bbox 1864 2129 3457 2199">
     <span class='ocr_line' id='line_1_51' title="bbox 1864 2129 3457 2199; baseline 0.009 -16"><span class='ocrx_word' id='word_1_407' title='bbox 1864 2129 2146 2199; x_wconf 87' lang='lat' dir='ltr'><strong>phabetico</strong></span> <span class='ocrx_word' id='word_1_408' title='bbox 2175 2135 2386 2190; x_wconf 68' lang='lat' dir='ltr'><strong>caeteris</strong></span> <span class='ocrx_word' id='word_1_409' title='bbox 2417 2137 2666 2193; x_wconf 89' lang='lat' dir='ltr'><strong>omnibus</strong></span> <span class='ocrx_word' id='word_1_410' title='bbox 2698 2139 2938 2194; x_wconf 88' lang='lat' dir='ltr'><strong>laciliore</strong></span> <span class='ocrx_word' id='word_1_411' title='bbox 2965 2149 3019 2195; x_wconf 91' lang='lat' dir='ltr'><strong>et</strong></span> <span class='ocrx_word' id='word_1_412' title='bbox 3048 2141 3286 2198; x_wconf 88' lang='lat' dir='ltr'><strong>clariore</strong></span> <span class='ocrx_word' id='word_1_413' title='bbox 3312 2158 3457 2198; x_wconf 88' lang='lat' dir='ltr'><strong>nunc</strong></span> 
     </span>
    </p>
   </div>
   <div class='ocr_carea' id='block_1_52' title="bbox 1861 2224 3455 2299">
    <p class='ocr_par' dir='ltr' id='par_1_52' title="bbox 1861 2224 3455 2299">
     <span class='ocr_line' id='line_1_52' title="bbox 1861 2224 3455 2299; baseline 0.011 -24"><span class='ocrx_word' id='word_1_414' title='bbox 1861 2224 2282 2294; x_wconf 86' lang='lat' dir='ltr'><strong>appellabimus,</strong></span> <span class='ocrx_word' id='word_1_415' title='bbox 2331 2236 2385 2283; x_wconf 91' lang='lat' dir='ltr'><strong>et</strong></span> <span class='ocrx_word' id='word_1_416' title='bbox 2435 2229 2560 2299; x_wconf 85' lang='lat' dir='ltr'><strong>quid</strong></span> <span class='ocrx_word' id='word_1_417' title='bbox 2615 2230 2683 2286; x_wconf 90' lang='lat' dir='ltr'><strong>de</strong></span> <span class='ocrx_word' id='word_1_418' title='bbox 2714 2232 2816 2287; x_wconf 90' lang='lat' dir='ltr'><strong>illis</strong></span> <span class='ocrx_word' id='word_1_419' title='bbox 2855 2233 2922 2289; x_wconf 90' lang='lat' dir='ltr'><strong>ab</strong></span> <span class='ocrx_word' id='word_1_420' title='bbox 2968 2233 3086 2288; x_wconf 87' lang='lat' dir='ltr'><strong>aliis</strong></span> <span class='ocrx_word' id='word_1_421' title='bbox 3138 2237 3455 2292; x_wconf 90' lang='lat' dir='ltr'><strong>auctoribus</strong></span> 
     </span>
    </p>
   </div>
   <div class='ocr_carea' id='block_1_53' title="bbox 1859 2319 3441 2397">
    <p class='ocr_par' dir='ltr' id='par_1_53' title="bbox 1859 2319 3441 2397">
     <span class='ocr_line' id='line_1_53' title="bbox 1859 2319 3441 2397; baseline 0.009 -26"><span class='ocrx_word' id='word_1_422' title='bbox 1859 2319 2107 2373; x_wconf 84' lang='lat' dir='ltr'><strong>traditum</strong></span> <span class='ocrx_word' id='word_1_423' title='bbox 2137 2321 2234 2387; x_wconf 89' lang='lat' dir='ltr'><strong>sit,</strong></span> <span class='ocrx_word' id='word_1_424' title='bbox 2269 2321 2522 2390; x_wconf 89' lang='lat' dir='ltr'><strong>breviter,</strong></span> <span class='ocrx_word' id='word_1_425' title='bbox 2558 2339 2620 2380; x_wconf 90' lang='lat' dir='ltr'><strong>ac</strong></span> <span class='ocrx_word' id='word_1_426' title='bbox 2644 2341 2743 2396; x_wconf 89' lang='lat' dir='ltr'><strong>pro</strong></span> <span class='ocrx_word' id='word_1_427' title='bbox 2773 2325 2909 2381; x_wconf 87' lang='lat' dir='ltr'><strong>virili</strong></span> <span class='ocrx_word' id='word_1_428' title='bbox 2942 2336 3094 2397; x_wconf 85' lang='lat' dir='ltr'><strong>parte</strong></span> <span class='ocrx_word' id='word_1_429' title='bbox 3136 2337 3320 2384; x_wconf 83' lang='lat' dir='ltr'><strong>nostra</strong></span> <span class='ocrx_word' id='word_1_430' title='bbox 3346 2343 3441 2385; x_wconf 80' lang='lat' dir='ltr'><strong>ex-</strong></span> 
     </span>
    </p>
   </div>
   <div class='ocr_carea' id='block_1_54' title="bbox 1859 2413 2428 2480">
    <p class='ocr_par' dir='ltr' id='par_1_54' title="bbox 1859 2413 2428 2480">
     <span class='ocr_line' id='line_1_54' title="bbox 1859 2413 2428 2480; baseline 0.012 -17"><span class='ocrx_word' id='word_1_431' title='bbox 1859 2425 2062 2480; x_wconf 89' lang='lat' dir='ltr'><strong>ponere</strong></span> <span class='ocrx_word' id='word_1_432' title='bbox 2088 2413 2428 2470; x_wconf 83' lang='lat' dir='ltr'><strong>conabimur.</strong></span> 
     </span>
    </p>
   </div>
   <div class='ocr_carea' id='block_1_55' title="bbox 1930 2505 3456 2581">
    <p class='ocr_par' dir='ltr' id='par_1_55' title="bbox 1930 2505 3456 2581">
     <span class='ocr_line' id='line_1_55' title="bbox 1930 2505 3456 2581; baseline 0.007 -20"><span class='ocrx_word' id='word_1_433' title='bbox 1930 2505 2106 2562; x_wconf 65' lang='lat' dir='ltr'><strong>Elius</strong></span> <span class='ocrx_word' id='word_1_434' title='bbox 2133 2507 2316 2579; x_wconf 80' lang='lat' dir='ltr'><strong>itaque</strong></span> <span class='ocrx_word' id='word_1_435' title='bbox 2342 2510 2657 2581; x_wconf 86' lang='lat' dir='ltr'><strong>simpliciter</strong></span> <span class='ocrx_word' id='word_1_436' title='bbox 2698 2512 2767 2569; x_wconf 88' lang='lat' dir='ltr'><strong>ab</strong></span> <span class='ocrx_word' id='word_1_437' title='bbox 2819 2513 3060 2570; x_wconf 85' lang='lat' dir='ltr'><strong>Arnobio</strong></span> <span class='ocrx_word' id='word_1_438' title='bbox 3112 2523 3300 2572; x_wconf 89' lang='lat' dir='ltr'><strong>nostro</strong></span> <span class='ocrx_word' id='word_1_439' title='bbox 3341 2515 3456 2572; x_wconf 88' lang='lat' dir='ltr'><strong>lau-</strong></span> 
     </span>
    </p>
   </div>
   <div class='ocr_carea' id='block_1_56' title="bbox 1857 2598 3456 2680">
    <p class='ocr_par' dir='ltr' id='par_1_56' title="bbox 1857 2598 3456 2680">
     <span class='ocr_line' id='line_1_56' title="bbox 1857 2598 3456 2680; baseline 0.008 -26"><span class='ocrx_word' id='word_1_440' title='bbox 1857 2598 2034 2667; x_wconf 86' lang='lat' dir='ltr'><strong>datur,</strong></span> <span class='ocrx_word' id='word_1_441' title='bbox 2094 2601 2396 2672; x_wconf 85' lang='lat' dir='ltr'><strong>dit-iturque</strong></span> <span class='ocrx_word' id='word_1_442' title='bbox 2469 2607 2518 2660; x_wconf 90' lang='lat' dir='ltr'><strong>in</strong></span> <span class='ocrx_word' id='word_1_443' title='bbox 2579 2607 2778 2675; x_wconf 88' lang='lat' dir='ltr'><strong>aliam,</strong></span> <span class='ocrx_word' id='word_1_444' title='bbox 2851 2624 3010 2680; x_wconf 86' lang='lat' dir='ltr'><strong>quam</strong></span> <span class='ocrx_word' id='word_1_445' title='bbox 3096 2609 3222 2666; x_wconf 89' lang='lat' dir='ltr'><strong>Piso</strong></span> <span class='ocrx_word' id='word_1_446' title='bbox 3267 2619 3321 2665; x_wconf 92' lang='lat' dir='ltr'><strong>et</strong></span> <span class='ocrx_word' id='word_1_447' title='bbox 3389 2616 3456 2667; x_wconf 88' lang='lat' dir='ltr'><strong>de</strong></span> 
     </span>
    </p>
   </div>
   <div class='ocr_carea' id='block_1_57' title="bbox 1859 2691 3448 2759">
    <p class='ocr_par' dir='ltr' id='par_1_57' title="bbox 1859 2691 3448 2759">
     <span class='ocr_line' id='line_1_57' title="bbox 1859 2691 3448 2759; baseline 0.008 -13"><span class='ocrx_word' id='word_1_448' title='bbox 1859 2691 2234 2750; x_wconf 83' lang='lat' dir='ltr'><strong>Novensilibus</strong></span> <span class='ocrx_word' id='word_1_449' title='bbox 2289 2695 2391 2751; x_wconf 90' lang='lat' dir='ltr'><strong>diis</strong></span> <span class='ocrx_word' id='word_1_450' title='bbox 2440 2709 2493 2753; x_wconf 92' lang='lat' dir='ltr'><strong>et</strong></span> <span class='ocrx_word' id='word_1_451' title='bbox 2547 2699 2613 2754; x_wconf 91' lang='lat' dir='ltr'><strong>de</strong></span> <span class='ocrx_word' id='word_1_452' title='bbox 2680 2700 2842 2756; x_wconf 83' lang='lat' dir='ltr'><strong>Musis</strong></span> <span class='ocrx_word' id='word_1_453' title='bbox 2898 2701 3061 2756; x_wconf 86' lang='lat' dir='ltr'><strong>ivisse</strong></span> <span class='ocrx_word' id='word_1_454' title='bbox 3105 2703 3448 2759; x_wconf 85' lang='lat' dir='ltr'><strong>sententiam.</strong></span> 
     </span>
    </p>
   </div>
   <div class='ocr_carea' id='block_1_58' title="bbox 1858 2784 3446 2865">
    <p class='ocr_par' dir='ltr' id='par_1_58' title="bbox 1858 2784 3446 2865">
     <span class='ocr_line' id='line_1_58' title="bbox 1858 2784 3446 2865; baseline 0.006 -25"><span class='ocrx_word' id='word_1_455' title='bbox 1858 2784 1962 2840; x_wconf 88' lang='lat' dir='ltr'><strong>Sed</strong></span> <span class='ocrx_word' id='word_1_456' title='bbox 1994 2785 2098 2839; x_wconf 90' lang='lat' dir='ltr'><strong>duo</strong></span> <span class='ocrx_word' id='word_1_457' title='bbox 2129 2787 2180 2840; x_wconf 93' lang='lat' dir='ltr'><strong>in</strong></span> <span class='ocrx_word' id='word_1_458' title='bbox 2231 2787 2414 2856; x_wconf 85' lang='lat' dir='ltr'><strong>primis</strong></span> <span class='ocrx_word' id='word_1_459' title='bbox 2454 2789 2668 2846; x_wconf 80' lang='lat' dir='ltr'><strong>fuerunt</strong></span> <span class='ocrx_word' id='word_1_460' title='bbox 2700 2791 2827 2846; x_wconf 61' lang='lat' dir='ltr'><strong>[Elii</strong></span> <span class='ocrx_word' id='word_1_461' title='bbox 2883 2792 3103 2848; x_wconf 89' lang='lat' dir='ltr'><strong>nomine</strong></span> <span class='ocrx_word' id='word_1_462' title='bbox 3131 2796 3446 2865; x_wconf 88' lang='lat' dir='ltr'><strong>nuncupati.</strong></span> 
     </span>
    </p>
   </div>
   <div class='ocr_carea' id='block_1_59' title="bbox 1857 2875 3450 2956">
    <p class='ocr_par' dir='ltr' id='par_1_59' title="bbox 1857 2875 3450 2956">
     <span class='ocr_line' id='line_1_59' title="bbox 1857 2875 3450 2956; baseline 0.008 -25"><span class='ocrx_word' id='word_1_463' title='bbox 1857 2875 2066 2932; x_wconf 85' lang='lat' dir='ltr'><strong>Primus</strong></span> <span class='ocrx_word' id='word_1_464' title='bbox 2095 2880 2237 2934; x_wconf 92' lang='lat' dir='ltr'><strong>enim</strong></span> <span class='ocrx_word' id='word_1_465' title='bbox 2271 2882 2412 2936; x_wconf 91' lang='lat' dir='ltr'><strong>enim</strong></span> <span class='ocrx_word' id='word_1_466' title='bbox 2443 2894 2525 2937; x_wconf 89' lang='lat' dir='ltr'><strong>est</strong></span> <span class='ocrx_word' id='word_1_467' title='bbox 2566 2883 2626 2938; x_wconf 90' lang='lat' dir='ltr'><strong>C.</strong></span> <span class='ocrx_word' id='word_1_468' title='bbox 2660 2883 2837 2939; x_wconf 62' lang='lat' dir='ltr'><strong>IElius</strong></span> <span class='ocrx_word' id='word_1_469' title='bbox 2864 2884 3032 2950; x_wconf 91' lang='lat' dir='ltr'><strong>Stilo,</strong></span> <span class='ocrx_word' id='word_1_470' title='bbox 3087 2901 3248 2956; x_wconf 83' lang='lat' dir='ltr'><strong>quem</strong></span> <span class='ocrx_word' id='word_1_471' title='bbox 3282 2886 3450 2943; x_wconf 84' lang='lat' dir='ltr'><strong>Varro</strong></span> 
     </span>
    </p>
   </div>
   <div class='ocr_carea' id='block_1_60' title="bbox 1855 2969 3455 3034">
    <p class='ocr_par' dir='ltr' id='par_1_60' title="bbox 1855 2969 3455 3034">
     <span class='ocr_line' id='line_1_60' title="bbox 1855 2969 3455 3034; baseline 0.006 -11"><span class='ocrx_word' id='word_1_472' title='bbox 1855 2985 1886 3023; x_wconf 87' lang='lat' dir='ltr'><strong>a</strong></span> <span class='ocrx_word' id='word_1_473' title='bbox 1912 2969 2102 3027; x_wconf 81' lang='lat' dir='ltr'><strong>Pisoiie</strong></span> <span class='ocrx_word' id='word_1_474' title='bbox 2129 2971 2196 3027; x_wconf 87' lang='lat' dir='ltr'><strong>de</strong></span> <span class='ocrx_word' id='word_1_475' title='bbox 2225 2974 2337 3027; x_wconf 89' lang='lat' dir='ltr'><strong>lacu</strong></span> <span class='ocrx_word' id='word_1_476' title='bbox 2371 2973 2557 3030; x_wconf 89' lang='lat' dir='ltr'><strong>Curtio</strong></span> <span class='ocrx_word' id='word_1_477' title='bbox 2583 2975 2906 3032; x_wconf 83' lang='lat' dir='ltr'><strong>dissensisse</strong></span> <span class='ocrx_word' id='word_1_478' title='bbox 2957 2978 3039 3032; x_wconf 90' lang='lat' dir='ltr'><strong>his</strong></span> <span class='ocrx_word' id='word_1_479' title='bbox 3067 2977 3246 3034; x_wconf 84' lang='lat' dir='ltr'><strong>verbis</strong></span> <span class='ocrx_word' id='word_1_480' title='bbox 3305 2979 3455 3034; x_wconf 84' lang='lat' dir='ltr'><strong>testi-</strong></span> 
     </span>
    </p>
   </div>
   <div class='ocr_carea' id='block_1_61' title="bbox 1857 3060 3455 3127">
    <p class='ocr_par' dir='ltr' id='par_1_61' title="bbox 1857 3060 3455 3127">
     <span class='ocr_line' id='line_1_61' title="bbox 1857 3060 3455 3127; baseline 0.008 -13"><span class='ocrx_word' id='word_1_481' title='bbox 1857 3060 2083 3117; x_wconf 90' lang='lat' dir='ltr'><strong>ﬁcatur:</strong></span> <span class='ocrx_word' id='word_1_482' title='bbox 2122 3083 2140 3115; x_wconf 74' lang='grc' dir='ltr'><strong>ι</strong></span> <span class='ocrx_word' id='word_1_483' title='bbox 2179 3064 2235 3119; x_wconf 86' lang='lat' dir='ltr'><strong>in</strong></span> <span class='ocrx_word' id='word_1_484' title='bbox 2267 3065 2384 3120; x_wconf 83' lang='lat' dir='ltr'><strong>foro</strong></span> <span class='ocrx_word' id='word_1_485' title='bbox 2433 3067 2607 3123; x_wconf 89' lang='lat' dir='ltr'><strong>lacum</strong></span> <span class='ocrx_word' id='word_1_486' title='bbox 2657 3068 2900 3124; x_wconf 89' lang='lat' dir='ltr'><strong>Curtium</strong></span> <span class='ocrx_word' id='word_1_487' title='bbox 2947 3086 2977 3125; x_wconf 91' lang='lat' dir='ltr'><strong>a</strong></span> <span class='ocrx_word' id='word_1_488' title='bbox 3027 3070 3213 3126; x_wconf 88' lang='lat' dir='ltr'><strong>Curtio</strong></span> <span class='ocrx_word' id='word_1_489' title='bbox 3254 3071 3455 3127; x_wconf 87' lang='lat' dir='ltr'><strong>dictum</strong></span> 
     </span>
    </p>
   </div>
   <div class='ocr_carea' id='block_1_62' title="bbox 1855 3159 3454 3233">
    <p class='ocr_par' dir='ltr' id='par_1_62' title="bbox 1855 3159 3454 3233">
     <span class='ocr_line' id='line_1_62' title="bbox 1855 3159 3454 3233; baseline 0.006 -21"><span class='ocrx_word' id='word_1_490' title='bbox 1855 3169 2090 3213; x_wconf 86' lang='lat' dir='ltr'><strong>constat.</strong></span> <span class='ocrx_word' id='word_1_491' title='bbox 2119 3159 2190 3214; x_wconf 90' lang='lat' dir='ltr'><strong>De</strong></span> <span class='ocrx_word' id='word_1_492' title='bbox 2218 3175 2282 3215; x_wconf 92' lang='lat' dir='ltr'><strong>eo</strong></span> <span class='ocrx_word' id='word_1_493' title='bbox 2311 3163 2509 3233; x_wconf 89' lang='lat' dir='ltr'><strong>triceps</strong></span> <span class='ocrx_word' id='word_1_494' title='bbox 2535 3163 2777 3218; x_wconf 90' lang='lat' dir='ltr'><strong>historia.</strong></span> <span class='ocrx_word' id='word_1_495' title='bbox 2805 3163 2940 3219; x_wconf 88' lang='lat' dir='ltr'><strong>Nam</strong></span> <span class='ocrx_word' id='word_1_496' title='bbox 2971 3175 3024 3219; x_wconf 89' lang='lat' dir='ltr'><strong>et</strong></span> <span class='ocrx_word' id='word_1_497' title='bbox 3053 3165 3320 3221; x_wconf 85' lang='lat' dir='ltr'><strong>Procilius</strong></span> <span class='ocrx_word' id='word_1_498' title='bbox 3348 3182 3454 3222; x_wconf 92' lang='lat' dir='ltr'><strong>non</strong></span> 
     </span>
    </p>
   </div>
   <div class='ocr_carea' id='block_1_63' title="bbox 175 3243 3454 3335">
    <p class='ocr_par' dir='ltr' id='par_1_63' title="bbox 175 3243 3454 3335">
     <span class='ocr_line' id='line_1_63' title="bbox 175 3243 3454 3335; baseline 0.005 -25"><span class='ocrx_word' id='word_1_499' title='bbox 175 3257 540 3328; x_wconf 83' lang='lat' dir='ltr'><strong>nibusClario,</strong></span> <span class='ocrx_word' id='word_1_500' title='bbox 574 3261 871 3335; x_wconf 83' lang='lat' dir='ltr'><strong>Pythio,et</strong></span> <span class='ocrx_word' id='word_1_501' title='bbox 902 3264 1197 3335; x_wconf 77' lang='lat' dir='ltr'><strong>Didytnteo,</strong></span> <span class='ocrx_word' id='word_1_502' title='bbox 1247 3265 1315 3318; x_wconf 86' lang='lat' dir='ltr'><strong>ab</strong></span> <span class='ocrx_word' id='word_1_503' title='bbox 1350 3266 1586 3319; x_wconf 84' lang='lat' dir='ltr'><strong>Aruobio</strong></span> <span class='ocrx_word' id='word_1_504' title='bbox 1615 3264 1745 3320; x_wconf 83' lang='lat' dir='ltr'><strong>cita-</strong></span> <span class='ocrx_word' id='word_1_505' title='bbox 1780 3243 1826 3308; x_wconf 88' lang='lat' dir='ltr'><strong>C</strong></span> <span class='ocrx_word' id='word_1_506' title='bbox 1860 3250 1998 3306; x_wconf 71' lang='lat' dir='ltr'><strong>idem</strong></span> <span class='ocrx_word' id='word_1_507' title='bbox 2055 3253 2290 3322; x_wconf 61' lang='lat' dir='ltr'><strong>prudidit</strong></span> <span class='ocrx_word' id='word_1_508' title='bbox 2343 3256 2486 3326; x_wconf 72' lang='lat' dir='ltr'><strong>qvod</strong></span> <span class='ocrx_word' id='word_1_509' title='bbox 2539 3257 2695 3323; x_wconf 78' lang='lat' dir='ltr'><strong>Piso;</strong></span> <span class='ocrx_word' id='word_1_510' title='bbox 2753 3275 2854 3314; x_wconf 87' lang='lat' dir='ltr'><strong>nec</strong></span> <span class='ocrx_word' id='word_1_511' title='bbox 2900 3260 3043 3330; x_wconf 80' lang='lat' dir='ltr'><strong>quod</strong></span> <span class='ocrx_word' id='word_1_512' title='bbox 3092 3263 3138 3316; x_wconf 90' lang='lat' dir='ltr'><strong>is</strong></span> <span class='ocrx_word' id='word_1_513' title='bbox 3185 3261 3249 3316; x_wconf 75' lang='lat' dir='ltr'><strong>C.</strong></span> <span class='ocrx_word' id='word_1_514' title='bbox 3281 3259 3454 3317; x_wconf 66' lang='lat' dir='ltr'><strong>IElius</strong></span> 
     </span>
    </p>
   </div>
   <div class='ocr_carea' id='block_1_64' title="bbox 98 3351 1752 3426">
    <p class='ocr_par' dir='ltr' id='par_1_64' title="bbox 98 3351 1752 3426">
     <span class='ocr_line' id='line_1_64' title="bbox 98 3351 1752 3426; baseline 0.007 -24"><span class='ocrx_word' id='word_1_515' title='bbox 98 3387 102 3392; x_wconf 69' lang='grc' dir='ltr'><em>ι</em></span> <span class='ocrx_word' id='word_1_516' title='bbox 174 3351 244 3404; x_wconf 88' lang='lat' dir='ltr'><strong>tis.</strong></span> <span class='ocrx_word' id='word_1_517' title='bbox 272 3352 363 3419; x_wconf 85' lang='lat' dir='ltr'><strong>Qui</strong></span> <span class='ocrx_word' id='word_1_518' title='bbox 398 3370 535 3410; x_wconf 83' lang='lat' dir='ltr'><strong>vero</strong></span> <span class='ocrx_word' id='word_1_519' title='bbox 576 3355 731 3424; x_wconf 88' lang='lat' dir='ltr'><strong>plura</strong></span> <span class='ocrx_word' id='word_1_520' title='bbox 780 3356 848 3410; x_wconf 88' lang='lat' dir='ltr'><strong>de</strong></span> <span class='ocrx_word' id='word_1_521' title='bbox 892 3355 1150 3426; x_wconf 81' lang='lat' dir='ltr'><strong>Apolline</strong></span> <span class='ocrx_word' id='word_1_522' title='bbox 1193 3358 1373 3413; x_wconf 84' lang='lat' dir='ltr'><strong>Clario</strong></span> <span class='ocrx_word' id='word_1_523' title='bbox 1404 3359 1672 3425; x_wconf 88' lang='lat' dir='ltr'><strong>voluerit,</strong></span> <span class='ocrx_word' id='word_1_524' title='bbox 1707 3357 1752 3413; x_wconf 91' lang='lat' dir='ltr'><strong>is</strong></span> 
     </span>
    </p>
   </div>
   <div class='ocr_carea' id='block_1_65' title="bbox 173 3442 1746 3520">
    <p class='ocr_par' dir='ltr' id='par_1_65' title="bbox 173 3442 1746 3520">
     <span class='ocr_line' id='line_1_65' title="bbox 173 3442 1746 3520; baseline 0.003 -21"><span class='ocrx_word' id='word_1_525' title='bbox 173 3442 304 3500; x_wconf 83' lang='lat' dir='ltr'><strong>adeat</strong></span> <span class='ocrx_word' id='word_1_526' title='bbox 321 3446 537 3502; x_wconf 83' lang='lat' dir='ltr'><strong>Plinum</strong></span> <span class='ocrx_word' id='word_1_527' title='bbox 565 3447 661 3502; x_wconf 85' lang='lat' dir='ltr'><strong>lib.</strong></span> <span class='ocrx_word' id='word_1_528' title='bbox 683 3464 719 3502; x_wconf 92' lang='grc' dir='ltr'><strong>ιι</strong></span> <span class='ocrx_word' id='word_1_529' title='bbox 742 3447 928 3503; x_wconf 88' lang='lat' dir='ltr'><strong>Natur.</strong></span> <span class='ocrx_word' id='word_1_530' title='bbox 949 3449 1164 3515; x_wconf 89' lang='lat' dir='ltr'><strong>histor.,</strong></span> <span class='ocrx_word' id='word_1_531' title='bbox 1185 3465 1304 3520; x_wconf 81' lang='lat' dir='ltr'><strong>Cap.</strong></span> <span class='ocrx_word' id='word_1_532' title='bbox 1329 3450 1452 3510; x_wconf 85' lang='grc'><strong>105,</strong></span> <span class='ocrx_word' id='word_1_533' title='bbox 1472 3466 1590 3519; x_wconf 85' lang='lat' dir='ltr'><strong>pag.</strong></span> <span class='ocrx_word' id='word_1_534' title='bbox 1608 3449 1746 3514; x_wconf 65' lang='lat'><strong>254;</strong></span> 
     </span>
    </p>
   </div>
   <div class='ocr_carea' id='block_1_66' title="bbox 171 3536 1748 3615">
    <p class='ocr_par' dir='ltr' id='par_1_66' title="bbox 171 3536 1748 3615">
     <span class='ocr_line' id='line_1_66' title="bbox 171 3536 1748 3615; baseline 0.003 -23"><span class='ocrx_word' id='word_1_535' title='bbox 171 3536 458 3598; x_wconf 87' lang='lat' dir='ltr'><strong>Strabonem</strong></span> <span class='ocrx_word' id='word_1_536' title='bbox 486 3584 504 3610; x_wconf 91' lang='lat'><strong>,</strong></span> <span class='ocrx_word' id='word_1_537' title='bbox 550 3542 642 3597; x_wconf 90' lang='lat' dir='ltr'><strong>lib.</strong></span> <span class='ocrx_word' id='word_1_538' title='bbox 684 3558 772 3598; x_wconf 82' lang='lat' dir='ltr'><strong>xlv</strong></span> <span class='ocrx_word' id='word_1_539' title='bbox 813 3542 1159 3614; x_wconf 82' lang='lat' dir='ltr'><strong>Geograph.,</strong></span> <span class='ocrx_word' id='word_1_540' title='bbox 1192 3560 1311 3615; x_wconf 89' lang='lat' dir='ltr'><strong>pag.</strong></span> <span class='ocrx_word' id='word_1_541' title='bbox 1365 3543 1489 3600; x_wconf 68' lang='grc'><strong>642.</strong></span> <span class='ocrx_word' id='word_1_542' title='bbox 1534 3554 1582 3599; x_wconf 91' lang='lat' dir='ltr'><strong>et</strong></span> <span class='ocrx_word' id='word_1_543' title='bbox 1615 3546 1748 3598; x_wconf 82' lang='lat' dir='ltr'><strong>Cor-</strong></span> 
     </span>
    </p>
   </div>
   <div class='ocr_carea' id='block_1_67' title="bbox 170 3634 1751 3706">
    <p class='ocr_par' dir='ltr' id='par_1_67' title="bbox 170 3634 1751 3706">
     <span class='ocr_line' id='line_1_67' title="bbox 170 3634 1751 3706; baseline 0.001 -19"><span class='ocrx_word' id='word_1_544' title='bbox 170 3634 344 3690; x_wconf 86' lang='lat' dir='ltr'><strong>nelium</strong></span> <span class='ocrx_word' id='word_1_545' title='bbox 367 3635 644 3699; x_wconf 85' lang='lat' dir='ltr'><strong>Tacitum,</strong></span> <span class='ocrx_word' id='word_1_546' title='bbox 670 3636 762 3691; x_wconf 92' lang='lat' dir='ltr'><strong>lib.</strong></span> <span class='ocrx_word' id='word_1_547' title='bbox 783 3637 1061 3705; x_wconf 84' lang='lat' dir='ltr'><strong>ttAunal.,</strong></span> <span class='ocrx_word' id='word_1_548' title='bbox 1086 3647 1204 3706; x_wconf 87' lang='lat' dir='ltr'><strong>post</strong></span> <span class='ocrx_word' id='word_1_549' title='bbox 1231 3637 1397 3704; x_wconf 89' lang='lat' dir='ltr'><strong>med.,</strong></span> <span class='ocrx_word' id='word_1_550' title='bbox 1415 3637 1502 3689; x_wconf 87' lang='lat' dir='ltr'><strong>ubi</strong></span> <span class='ocrx_word' id='word_1_551' title='bbox 1527 3635 1594 3690; x_wconf 91' lang='lat' dir='ltr'><strong>de</strong></span> <span class='ocrx_word' id='word_1_552' title='bbox 1617 3635 1751 3690; x_wconf 89' lang='lat' dir='ltr'><strong>Ger-</strong></span> 
     </span>
    </p>
   </div>
   <div class='ocr_carea' id='block_1_68' title="bbox 171 3729 1750 3802">
    <p class='ocr_par' dir='ltr' id='par_1_68' title="bbox 171 3729 1750 3802">
     <span class='ocr_line' id='line_1_68' title="bbox 171 3729 1750 3802; baseline 0.004 -24"><span class='ocrx_word' id='word_1_553' title='bbox 171 3729 360 3784; x_wconf 87' lang='lat' dir='ltr'><strong>manico</strong></span> <span class='ocrx_word' id='word_1_554' title='bbox 387 3730 638 3788; x_wconf 85' lang='lat' dir='ltr'><strong>dissertt.</strong></span> <span class='ocrx_word' id='word_1_555' title='bbox 673 3731 746 3784; x_wconf 87' lang='lat' dir='ltr'><strong>De</strong></span> <span class='ocrx_word' id='word_1_556' title='bbox 778 3730 1053 3802; x_wconf 74' lang='lat' dir='ltr'><strong>Didyman</strong></span> <span class='ocrx_word' id='word_1_557' title='bbox 1081 3741 1284 3798; x_wconf 85' lang='lat' dir='ltr'><strong>autem,</strong></span> <span class='ocrx_word' id='word_1_558' title='bbox 1315 3731 1567 3786; x_wconf 86' lang='lat' dir='ltr'><strong>eumdem</strong></span> <span class='ocrx_word' id='word_1_559' title='bbox 1598 3730 1750 3785; x_wconf 85' lang='lat' dir='ltr'><strong>Stra-</strong></span> 
     </span>
    </p>
   </div>
   <div class='ocr_carea' id='block_1_69' title="bbox 169 3816 1745 3896">
    <p class='ocr_par' dir='ltr' id='par_1_69' title="bbox 169 3816 1745 3896">
     <span class='ocr_line' id='line_1_69' title="bbox 169 3816 1745 3896; baseline 0.004 -22"><span class='ocrx_word' id='word_1_560' title='bbox 169 3816 360 3891; x_wconf 88' lang='lat' dir='ltr'><strong>bonem,</strong></span> <span class='ocrx_word' id='word_1_561' title='bbox 379 3824 472 3881; x_wconf 92' lang='lat' dir='ltr'><strong>lib.</strong></span> <span class='ocrx_word' id='word_1_562' title='bbox 493 3825 688 3890; x_wconf 87' lang='lat' dir='ltr'><strong>citato,</strong></span> <span class='ocrx_word' id='word_1_563' title='bbox 711 3839 829 3896; x_wconf 87' lang='lat' dir='ltr'><strong>pag.</strong></span> <span class='ocrx_word' id='word_1_564' title='bbox 851 3825 977 3888; x_wconf 69' lang='lat'><strong>654;</strong></span> <span class='ocrx_word' id='word_1_565' title='bbox 995 3825 1335 3892; x_wconf 87' lang='lat' dir='ltr'><strong>Pausaniam,</strong></span> <span class='ocrx_word' id='word_1_566' title='bbox 1354 3827 1448 3881; x_wconf 91' lang='lat' dir='ltr'><strong>lib.</strong></span> <span class='ocrx_word' id='word_1_567' title='bbox 1466 3843 1502 3891; x_wconf 90' lang='grc' dir='ltr'><strong>ι,</strong></span> <span class='ocrx_word' id='word_1_568' title='bbox 1519 3842 1638 3896; x_wconf 84' lang='lat' dir='ltr'><strong>pag.</strong></span> <span class='ocrx_word' id='word_1_569' title='bbox 1659 3825 1745 3891; x_wconf 76' lang='lat' dir='ltr'><strong>i5;</strong></span> 
     </span>
    </p>
   </div>
   <div class='ocr_carea' id='block_1_70' title="bbox 171 3911 1748 3989">
    <p class='ocr_par' dir='ltr' id='par_1_70' title="bbox 171 3911 1748 3989">
     <span class='ocr_line' id='line_1_70' title="bbox 171 3911 1748 3989; baseline 0.004 -23"><span class='ocrx_word' id='word_1_570' title='bbox 171 3911 359 3980; x_wconf 78' lang='lat' dir='ltr'><strong>Melatn,</strong></span> <span class='ocrx_word' id='word_1_571' title='bbox 383 3919 476 3974; x_wconf 88' lang='lat' dir='ltr'><strong>lib.</strong></span> <span class='ocrx_word' id='word_1_572' title='bbox 505 3935 548 3986; x_wconf 94' lang='grc' dir='ltr'><strong>ι,</strong></span> <span class='ocrx_word' id='word_1_573' title='bbox 573 3919 664 3973; x_wconf 91' lang='lat' dir='ltr'><strong>ubi</strong></span> <span class='ocrx_word' id='word_1_574' title='bbox 687 3917 756 3974; x_wconf 90' lang='lat' dir='ltr'><strong>de</strong></span> <span class='ocrx_word' id='word_1_575' title='bbox 775 3918 954 3984; x_wconf 86' lang='lat' dir='ltr'><strong>Jonia;</strong></span> <span class='ocrx_word' id='word_1_576' title='bbox 982 3921 1285 3989; x_wconf 82' lang='lat' dir='ltr'><strong>Apuleium,</strong></span> <span class='ocrx_word' id='word_1_577' title='bbox 1319 3921 1420 3974; x_wconf 90' lang='lat' dir='ltr'><strong>sub</strong></span> <span class='ocrx_word' id='word_1_578' title='bbox 1466 3919 1554 3974; x_wconf 91' lang='lat' dir='ltr'><strong>ﬁn.</strong></span> <span class='ocrx_word' id='word_1_579' title='bbox 1581 3920 1672 3974; x_wconf 90' lang='lat' dir='ltr'><strong>lib.</strong></span> <span class='ocrx_word' id='word_1_580' title='bbox 1698 3935 1748 3974; x_wconf 87' lang='lat' dir='ltr'><strong>tv</strong></span> 
     </span>
    </p>
   </div>
   <div class='ocr_carea' id='block_1_71' title="bbox 171 4005 1744 4084">
    <p class='ocr_par' dir='ltr' id='par_1_71' title="bbox 171 4005 1744 4084">
     <span class='ocr_line' id='line_1_71' title="bbox 171 4005 1744 4084; baseline 0.004 -23"><span class='ocrx_word' id='word_1_581' title='bbox 171 4005 532 4083; x_wconf 82' lang='lat' dir='ltr'><strong>Metamorph.,</strong></span> <span class='ocrx_word' id='word_1_582' title='bbox 559 4027 678 4084; x_wconf 84' lang='lat' dir='ltr'><strong>pag.</strong></span> <span class='ocrx_word' id='word_1_583' title='bbox 714 4012 802 4078; x_wconf 89' lang='lat'><strong>70;</strong></span> <span class='ocrx_word' id='word_1_584' title='bbox 832 4012 1086 4078; x_wconf 89' lang='lat' dir='ltr'><strong>Plinium,</strong></span> <span class='ocrx_word' id='word_1_585' title='bbox 1120 4013 1213 4067; x_wconf 92' lang='lat' dir='ltr'><strong>lib.</strong></span> <span class='ocrx_word' id='word_1_586' title='bbox 1249 4030 1298 4067; x_wconf 71' lang='grc' dir='ltr'><strong>γι</strong></span> <span class='ocrx_word' id='word_1_587' title='bbox 1325 4013 1567 4068; x_wconf 84' lang='lat' dir='ltr'><strong>Natural.</strong></span> <span class='ocrx_word' id='word_1_588' title='bbox 1595 4013 1744 4080; x_wconf 90' lang='lat' dir='ltr'><strong>hist.,</strong></span> 
     </span>
    </p>
   </div>
   <div class='ocr_carea' id='block_1_72' title="bbox 171 4103 1741 4176">
    <p class='ocr_par' dir='ltr' id='par_1_72' title="bbox 171 4103 1741 4176">
     <span class='ocr_line' id='line_1_72' title="bbox 171 4103 1741 4176; baseline 0.003 -22"><span class='ocrx_word' id='word_1_589' title='bbox 171 4113 270 4172; x_wconf 81' lang='lat' dir='ltr'><strong>cap.</strong></span> <span class='ocrx_word' id='word_1_590' title='bbox 324 4104 414 4168; x_wconf 87' lang='grc'><strong>16,</strong></span> <span class='ocrx_word' id='word_1_591' title='bbox 467 4120 593 4176; x_wconf 90' lang='lat' dir='ltr'><strong>pag.</strong></span> <span class='ocrx_word' id='word_1_592' title='bbox 646 4103 769 4169; x_wconf 81' lang='lat'><strong>678;</strong></span> <span class='ocrx_word' id='word_1_593' title='bbox 825 4104 1220 4172; x_wconf 85' lang='lat' dir='ltr'><strong>Sozomeuum,</strong></span> <span class='ocrx_word' id='word_1_594' title='bbox 1290 4105 1382 4160; x_wconf 89' lang='lat' dir='ltr'><strong>lib.</strong></span> <span class='ocrx_word' id='word_1_595' title='bbox 1439 4122 1476 4173; x_wconf 91' lang='grc' dir='ltr'><strong>ι,</strong></span> <span class='ocrx_word' id='word_1_596' title='bbox 1512 4122 1631 4175; x_wconf 91' lang='lat' dir='ltr'><strong>cap.</strong></span> <span class='ocrx_word' id='word_1_597' title='bbox 1691 4106 1741 4172; x_wconf 90' lang='lat'><strong>7,</strong></span> 
     </span>
    </p>
   </div>
   <div class='ocr_carea' id='block_1_73' title="bbox 171 4195 1746 4268">
    <p class='ocr_par' dir='ltr' id='par_1_73' title="bbox 171 4195 1746 4268">
     <span class='ocr_line' id='line_1_73' title="bbox 171 4195 1746 4268; baseline 0.003 -22"><span class='ocrx_word' id='word_1_598' title='bbox 171 4207 272 4266; x_wconf 85' lang='lat' dir='ltr'><strong>pag.</strong></span> <span class='ocrx_word' id='word_1_599' title='bbox 302 4196 426 4253; x_wconf 73' lang='grc'><strong>109.</strong></span> <span class='ocrx_word' id='word_1_600' title='bbox 472 4197 550 4252; x_wconf 89' lang='lat' dir='ltr'><strong>De</strong></span> <span class='ocrx_word' id='word_1_601' title='bbox 594 4195 807 4268; x_wconf 86' lang='lat' dir='ltr'><strong>Pythio,</strong></span> <span class='ocrx_word' id='word_1_602' title='bbox 857 4196 1131 4261; x_wconf 59' lang='lat' dir='ltr'><strong>Ouidium,</strong></span> <span class='ocrx_word' id='word_1_603' title='bbox 1165 4197 1307 4253; x_wconf 86' lang='lat' dir='ltr'><strong>lib.t</strong></span> <span class='ocrx_word' id='word_1_604' title='bbox 1357 4197 1746 4267; x_wconf 89' lang='lat' dir='ltr'><strong>Metamorpb.,</strong></span> 
     </span>
    </p>
   </div>
   <div class='ocr_carea' id='block_1_74' title="bbox 171 4285 1744 4359">
    <p class='ocr_par' dir='ltr' id='par_1_74' title="bbox 171 4285 1744 4359">
     <span class='ocr_line' id='line_1_74' title="bbox 171 4285 1744 4359; baseline 0.003 -19"><span class='ocrx_word' id='word_1_605' title='bbox 171 4285 292 4341; x_wconf 71' lang='lat' dir='ltr'><strong>circa</strong></span> <span class='ocrx_word' id='word_1_606' title='bbox 326 4291 492 4357; x_wconf 86' lang='lat' dir='ltr'><strong>med.;</strong></span> <span class='ocrx_word' id='word_1_607' title='bbox 524 4289 819 4344; x_wconf 89' lang='lat' dir='ltr'><strong>Diodorum</strong></span> <span class='ocrx_word' id='word_1_608' title='bbox 875 4289 1140 4353; x_wconf 89' lang='lat' dir='ltr'><strong>Siculum,</strong></span> <span class='ocrx_word' id='word_1_609' title='bbox 1196 4289 1289 4344; x_wconf 81' lang='lat' dir='ltr'><strong>lib.</strong></span> <span class='ocrx_word' id='word_1_610' title='bbox 1329 4306 1422 4344; x_wconf 60' lang='grc' dir='ltr'><strong>χιιι</strong></span> <span class='ocrx_word' id='word_1_611' title='bbox 1462 4290 1744 4359; x_wconf 90' lang='lat' dir='ltr'><strong>Biblioth.,</strong></span> 
     </span>
    </p>
   </div>
   <div class='ocr_carea' id='block_1_75' title="bbox 171 4381 1742 4455">
    <p class='ocr_par' dir='ltr' id='par_1_75' title="bbox 171 4381 1742 4455">
     <span class='ocr_line' id='line_1_75' title="bbox 171 4381 1742 4455; baseline 0.005 -25"><span class='ocrx_word' id='word_1_612' title='bbox 171 4391 275 4450; x_wconf 85' lang='lat' dir='ltr'><strong>pag.</strong></span> <span class='ocrx_word' id='word_1_613' title='bbox 295 4381 417 4444; x_wconf 69' lang='lat'><strong>59.3,</strong></span> <span class='ocrx_word' id='word_1_614' title='bbox 438 4391 494 4437; x_wconf 85' lang='lat' dir='ltr'><strong>et</strong></span> <span class='ocrx_word' id='word_1_615' title='bbox 516 4396 659 4452; x_wconf 90' lang='lat' dir='ltr'><strong>seq.;</strong></span> <span class='ocrx_word' id='word_1_616' title='bbox 681 4381 1028 4445; x_wconf 86' lang='lat' dir='ltr'><strong>Herodotum,</strong></span> <span class='ocrx_word' id='word_1_617' title='bbox 1057 4382 1148 4438; x_wconf 90' lang='lat' dir='ltr'><strong>lib.</strong></span> <span class='ocrx_word' id='word_1_618' title='bbox 1173 4399 1210 4446; x_wconf 89' lang='grc' dir='ltr'><strong>ι,</strong></span> <span class='ocrx_word' id='word_1_619' title='bbox 1233 4381 1261 4455; x_wconf 75' lang='lat'>§</span> <span class='ocrx_word' id='word_1_620' title='bbox 1282 4383 1371 4446; x_wconf 80' lang='lat'><strong>65;</strong></span> <span class='ocrx_word' id='word_1_621' title='bbox 1399 4383 1742 4450; x_wconf 75' lang='lat' dir='ltr'><strong>Pausaniam,</strong></span> 
     </span>
    </p>
   </div>
   <div class='ocr_carea' id='block_1_76' title="bbox 170 4469 1746 4548">
    <p class='ocr_par' dir='ltr' id='par_1_76' title="bbox 170 4469 1746 4548">
     <span class='ocr_line' id='line_1_76' title="bbox 170 4469 1746 4548; baseline 0.006 -24"><span class='ocrx_word' id='word_1_622' title='bbox 170 4469 250 4526; x_wconf 91' lang='lat' dir='ltr'><strong>lib.</strong></span> <span class='ocrx_word' id='word_1_623' title='bbox 276 4489 330 4537; x_wconf 70' lang='grc' dir='ltr'><strong>ι,</strong></span> <span class='ocrx_word' id='word_1_624' title='bbox 365 4491 484 4547; x_wconf 86' lang='lat' dir='ltr'><strong>pag.</strong></span> <span class='ocrx_word' id='word_1_625' title='bbox 509 4475 636 4538; x_wconf 72' lang='lat'><strong>520,</strong></span> <span class='ocrx_word' id='word_1_626' title='bbox 661 4486 716 4531; x_wconf 91' lang='lat' dir='ltr'><strong>et</strong></span> <span class='ocrx_word' id='word_1_627' title='bbox 744 4490 920 4546; x_wconf 88' lang='lat' dir='ltr'><strong>seqq.;</strong></span> <span class='ocrx_word' id='word_1_628' title='bbox 949 4475 1316 4539; x_wconf 83' lang='lat' dir='ltr'><strong>Plutarchum,</strong></span> <span class='ocrx_word' id='word_1_629' title='bbox 1338 4476 1430 4530; x_wconf 90' lang='lat' dir='ltr'><strong>lib.</strong></span> <span class='ocrx_word' id='word_1_630' title='bbox 1455 4477 1521 4531; x_wconf 89' lang='lat' dir='ltr'><strong>de</strong></span> <span class='ocrx_word' id='word_1_631' title='bbox 1540 4477 1746 4548; x_wconf 81' lang='lat' dir='ltr'><strong>Pythiae</strong></span> 
     </span>
    </p>
   </div>
   <div class='ocr_carea' id='block_1_77' title="bbox 169 4567 1740 4640">
    <p class='ocr_par' dir='ltr' id='par_1_77' title="bbox 169 4567 1740 4640">
     <span class='ocr_line' id='line_1_77' title="bbox 169 4567 1740 4640; baseline 0.005 -23"><span class='ocrx_word' id='word_1_632' title='bbox 169 4567 400 4634; x_wconf 85' lang='lat' dir='ltr'><strong>oraculis,</strong></span> <span class='ocrx_word' id='word_1_633' title='bbox 419 4584 540 4640; x_wconf 88' lang='lat' dir='ltr'><strong>pag.</strong></span> <span class='ocrx_word' id='word_1_634' title='bbox 557 4568 685 4632; x_wconf 69' lang='grc'><strong>591,</strong></span> <span class='ocrx_word' id='word_1_635' title='bbox 702 4577 755 4622; x_wconf 90' lang='lat' dir='ltr'><strong>et</strong></span> <span class='ocrx_word' id='word_1_636' title='bbox 770 4583 912 4638; x_wconf 89' lang='lat' dir='ltr'><strong>seq.;</strong></span> <span class='ocrx_word' id='word_1_637' title='bbox 932 4568 1280 4635; x_wconf 85' lang='lat' dir='ltr'><strong>Macrobium,</strong></span> <span class='ocrx_word' id='word_1_638' title='bbox 1299 4570 1390 4623; x_wconf 89' lang='lat' dir='ltr'><strong>lib.</strong></span> <span class='ocrx_word' id='word_1_639' title='bbox 1412 4570 1740 4637; x_wconf 81' lang='lat' dir='ltr'><strong>tSaturnal.,</strong></span> 
     </span>
    </p>
   </div>
   <div class='ocr_carea' id='block_1_78' title="bbox 1853 3345 3452 3425">
    <p class='ocr_par' dir='ltr' id='par_1_78' title="bbox 1853 3345 3452 3425">
     <span class='ocr_line' id='line_1_78' title="bbox 1853 3345 3452 3425; baseline 0.005 -24"><span class='ocrx_word' id='word_1_640' title='bbox 1853 3345 1990 3401; x_wconf 89' lang='lat' dir='ltr'><strong>Stilo</strong></span> <span class='ocrx_word' id='word_1_641' title='bbox 2029 3359 2246 3403; x_wconf 90' lang='lat' dir='ltr'><strong>secutus</strong></span> <span class='ocrx_word' id='word_1_642' title='bbox 2281 3367 2300 3401; x_wconf 78' lang='grc' dir='ltr'><strong>ι</strong></span> <span class='ocrx_word' id='word_1_643' title='bbox 2355 3349 2536 3420; x_wconf 81' lang='lat' dir='ltr'><strong>(Varr.</strong></span> <span class='ocrx_word' id='word_1_644' title='bbox 2562 3393 2579 3419; x_wconf 95' lang='lat'><strong>,</strong></span> <span class='ocrx_word' id='word_1_645' title='bbox 2620 3353 2658 3406; x_wconf 95' lang='lat' dir='ltr'><strong>l.</strong></span> <span class='ocrx_word' id='word_1_646' title='bbox 2706 3367 2760 3407; x_wconf 84' lang='lat' dir='ltr'><strong>tv</strong></span> <span class='ocrx_word' id='word_1_647' title='bbox 2803 3352 2865 3406; x_wconf 88' lang='lat' dir='ltr'><strong>de</strong></span> <span class='ocrx_word' id='word_1_648' title='bbox 2891 3351 3042 3425; x_wconf 84' lang='lat' dir='ltr'><strong>Ling.</strong></span> <span class='ocrx_word' id='word_1_649' title='bbox 3076 3353 3194 3418; x_wconf 85' lang='lat' dir='ltr'><strong>lat.,</strong></span> <span class='ocrx_word' id='word_1_650' title='bbox 3250 3372 3302 3424; x_wconf 83' lang='lat' dir='ltr'><strong>p.</strong></span> <span class='ocrx_word' id='word_1_651' title='bbox 3335 3353 3452 3425; x_wconf 80' lang='grc'><strong>56).</strong></span> 
     </span>
    </p>
   </div>
   <div class='ocr_carea' id='block_1_79' title="bbox 1853 3436 3446 3503">
    <p class='ocr_par' dir='ltr' id='par_1_79' title="bbox 1853 3436 3446 3503">
     <span class='ocr_line' id='line_1_79' title="bbox 1853 3436 3446 3503; baseline 0.006 -10"><span class='ocrx_word' id='word_1_652' title='bbox 1853 3436 1995 3493; x_wconf 86' lang='lat' dir='ltr'><strong>Alibi</strong></span> <span class='ocrx_word' id='word_1_653' title='bbox 2029 3455 2153 3494; x_wconf 89' lang='lat' dir='ltr'><strong>vero</strong></span> <span class='ocrx_word' id='word_1_654' title='bbox 2184 3439 2377 3496; x_wconf 89' lang='lat' dir='ltr'><strong>asserit</strong></span> <span class='ocrx_word' id='word_1_655' title='bbox 2403 3458 2526 3498; x_wconf 92' lang='lat' dir='ltr'><strong>eum</strong></span> <span class='ocrx_word' id='word_1_656' title='bbox 2560 3445 2611 3498; x_wconf 92' lang='lat' dir='ltr'><strong>in</strong></span> <span class='ocrx_word' id='word_1_657' title='bbox 2652 3444 2836 3501; x_wconf 89' lang='lat' dir='ltr'><strong>latinis</strong></span> <span class='ocrx_word' id='word_1_658' title='bbox 2866 3445 3058 3501; x_wconf 86' lang='lat' dir='ltr'><strong>litteris</strong></span> <span class='ocrx_word' id='word_1_659' title='bbox 3089 3447 3256 3503; x_wconf 81' lang='lat' dir='ltr'><strong>fuisse</strong></span> <span class='ocrx_word' id='word_1_660' title='bbox 3285 3464 3446 3502; x_wconf 82' lang='lat' dir='ltr'><strong>exer-</strong></span> 
     </span>
    </p>
   </div>
   <div class='ocr_carea' id='block_1_80' title="bbox 1857 3533 3449 3608">
    <p class='ocr_par' dir='ltr' id='par_1_80' title="bbox 1857 3533 3449 3608">
     <span class='ocr_line' id='line_1_80' title="bbox 1857 3533 3449 3608; baseline 0.006 -20"><span class='ocrx_word' id='word_1_661' title='bbox 1857 3533 2075 3588; x_wconf 80' lang='lat' dir='ltr'><strong>citatum</strong></span> <span class='ocrx_word' id='word_1_662' title='bbox 2100 3578 2113 3600; x_wconf 89' lang='lat'><strong>,</strong></span> <span class='ocrx_word' id='word_1_663' title='bbox 2148 3536 2382 3605; x_wconf 86' lang='lat' dir='ltr'><strong>citatque</strong></span> <span class='ocrx_word' id='word_1_664' title='bbox 2408 3538 2550 3593; x_wconf 91' lang='lat' dir='ltr'><strong>illius</strong></span> <span class='ocrx_word' id='word_1_665' title='bbox 2598 3540 3097 3608; x_wconf 89' lang='lat' dir='ltr'><strong>interpretationem</strong></span> <span class='ocrx_word' id='word_1_666' title='bbox 3146 3543 3449 3598; x_wconf 87' lang='lat' dir='ltr'><strong>carminum</strong></span> 
     </span>
    </p>
   </div>
   <div class='ocr_carea' id='block_1_81' title="bbox 1857 3627 3454 3702">
    <p class='ocr_par' dir='ltr' id='par_1_81' title="bbox 1857 3627 3454 3702">
     <span class='ocr_line' id='line_1_81' title="bbox 1857 3627 3454 3702; baseline 0.005 -19"><span class='ocrx_word' id='word_1_667' title='bbox 1857 3627 2159 3696; x_wconf 85' lang='lat' dir='ltr'><strong>Saliorum,</strong></span> <span class='ocrx_word' id='word_1_668' title='bbox 2194 3641 2248 3685; x_wconf 91' lang='lat' dir='ltr'><strong>et</strong></span> <span class='ocrx_word' id='word_1_669' title='bbox 2286 3631 2428 3685; x_wconf 90' lang='lat' dir='ltr'><strong>aliud</strong></span> <span class='ocrx_word' id='word_1_670' title='bbox 2460 3631 2578 3702; x_wconf 87' lang='lat' dir='ltr'><strong>ejus</strong></span> <span class='ocrx_word' id='word_1_671' title='bbox 2609 3636 3088 3702; x_wconf 81' lang='lat' dir='ltr'><strong>commentarium,</strong></span> <span class='ocrx_word' id='word_1_672' title='bbox 3118 3636 3213 3692; x_wconf 88' lang='lat' dir='ltr'><strong>sed</strong></span> <span class='ocrx_word' id='word_1_673' title='bbox 3248 3636 3454 3693; x_wconf 83' lang='lat' dir='ltr'><strong>utrobi-</strong></span> 
     </span>
    </p>
   </div>
   <div class='ocr_carea' id='block_1_82' title="bbox 1852 3723 3270 3805">
    <p class='ocr_par' dir='ltr' id='par_1_82' title="bbox 1852 3723 3270 3805">
     <span class='ocr_line' id='line_1_82' title="bbox 1852 3723 3270 3805; baseline 0.01 -32"><span class='ocrx_word' id='word_1_674' title='bbox 1852 3739 1956 3792; x_wconf 90' lang='lat' dir='ltr'><strong>que</strong></span> <span class='ocrx_word' id='word_1_675' title='bbox 1981 3723 2046 3778; x_wconf 92' lang='lat' dir='ltr'><strong>C.</strong></span> <span class='ocrx_word' id='word_1_676' title='bbox 2070 3723 2244 3778; x_wconf 61' lang='lat' dir='ltr'><strong>[Elius</strong></span> <span class='ocrx_word' id='word_1_677' title='bbox 2265 3735 2484 3780; x_wconf 87' lang='lat' dir='ltr'><strong>vocatur</strong></span> <span class='ocrx_word' id='word_1_678' title='bbox 2516 3728 2722 3795; x_wconf 88' lang='lat' dir='ltr'><strong>(Idem,</strong></span> <span class='ocrx_word' id='word_1_679' title='bbox 2755 3730 2792 3783; x_wconf 78' lang='grc' dir='ltr'><strong>Ι.</strong></span> <span class='ocrx_word' id='word_1_680' title='bbox 2823 3745 2912 3797; x_wconf 66' lang='grc' dir='ltr'><strong>γι,</strong></span> <span class='ocrx_word' id='word_1_681' title='bbox 2947 3748 2998 3800; x_wconf 85' lang='grc' dir='ltr'><strong>ρ.</strong></span> <span class='ocrx_word' id='word_1_682' title='bbox 3027 3730 3125 3794; x_wconf 89' lang='lat'><strong>70,</strong></span> <span class='ocrx_word' id='word_1_683' title='bbox 3160 3730 3270 3805; x_wconf 89' lang='lat'><strong>76).</strong></span> 
     </span>
    </p>
   </div>
   <div class='ocr_carea' id='block_1_83' title="bbox 1929 3816 3446 3894">
    <p class='ocr_par' dir='ltr' id='par_1_83' title="bbox 1929 3816 3446 3894">
     <span class='ocr_line' id='line_1_83' title="bbox 1929 3816 3446 3894; baseline 0.008 -24"><span class='ocrx_word' id='word_1_684' title='bbox 1929 3816 2130 3888; x_wconf 75' lang='lat' dir='ltr'><strong>Duplex</strong></span> <span class='ocrx_word' id='word_1_685' title='bbox 2183 3833 2310 3873; x_wconf 90' lang='lat' dir='ltr'><strong>vero</strong></span> <span class='ocrx_word' id='word_1_686' title='bbox 2339 3818 2468 3874; x_wconf 68' lang='lat' dir='ltr'><strong>[Elii</strong></span> <span class='ocrx_word' id='word_1_687' title='bbox 2499 3819 2666 3875; x_wconf 81' lang='lat' dir='ltr'><strong>fuisse</strong></span> <span class='ocrx_word' id='word_1_688' title='bbox 2695 3836 2995 3892; x_wconf 84' lang='lat' dir='ltr'><strong>eoguomen</strong></span> <span class='ocrx_word' id='word_1_689' title='bbox 3030 3824 3279 3894; x_wconf 88' lang='lat' dir='ltr'><strong>perhibet</strong></span> <span class='ocrx_word' id='word_1_690' title='bbox 3307 3825 3446 3882; x_wconf 86' lang='lat' dir='ltr'><strong>Sue-</strong></span> 
     </span>
    </p>
   </div>
   <div class='ocr_carea' id='block_1_84' title="bbox 1851 3909 3434 3987">
    <p class='ocr_par' dir='ltr' id='par_1_84' title="bbox 1851 3909 3434 3987">
     <span class='ocr_line' id='line_1_84' title="bbox 1851 3909 3434 3987; baseline 0.008 -23"><span class='ocrx_word' id='word_1_691' title='bbox 1851 3909 2065 3973; x_wconf 87' lang='lat' dir='ltr'><strong>tonius,</strong></span> <span class='ocrx_word' id='word_1_692' title='bbox 2115 3911 2202 3980; x_wconf 90' lang='lat' dir='ltr'><strong>qui</strong></span> <span class='ocrx_word' id='word_1_693' title='bbox 2248 3910 2361 3966; x_wconf 71' lang='lat' dir='ltr'><strong>haec</strong></span> <span class='ocrx_word' id='word_1_694' title='bbox 2405 3913 2471 3966; x_wconf 90' lang='lat' dir='ltr'><strong>de</strong></span> <span class='ocrx_word' id='word_1_695' title='bbox 2511 3912 2602 3967; x_wconf 90' lang='lat' dir='ltr'><strong>illo</strong></span> <span class='ocrx_word' id='word_1_696' title='bbox 2641 3916 2917 3971; x_wconf 67' lang='lat' dir='ltr'><strong>memoria:</strong></span> <span class='ocrx_word' id='word_1_697' title='bbox 2960 3917 3239 3987; x_wconf 89' lang='lat' dir='ltr'><strong>prodidit:</strong></span> <span class='ocrx_word' id='word_1_698' title='bbox 3276 3938 3294 3971; x_wconf 77' lang='grc' dir='ltr'><strong>ι</strong></span> <span class='ocrx_word' id='word_1_699' title='bbox 3336 3919 3434 3976; x_wconf 85' lang='lat' dir='ltr'><strong>Lu-</strong></span> 
     </span>
    </p>
   </div>
   <div class='ocr_carea' id='block_1_85' title="bbox 1851 4001 3452 4075">
    <p class='ocr_par' dir='ltr' id='par_1_85' title="bbox 1851 4001 3452 4075">
     <span class='ocr_line' id='line_1_85' title="bbox 1851 4001 3452 4075; baseline 0.007 -19"><span class='ocrx_word' id='word_1_700' title='bbox 1851 4002 1962 4057; x_wconf 87' lang='lat' dir='ltr'><strong>cius</strong></span> <span class='ocrx_word' id='word_1_701' title='bbox 2014 4001 2190 4057; x_wconf 73' lang='grc' dir='ltr'><strong>ᾹΞΙίιιε</strong></span> <span class='ocrx_word' id='word_1_702' title='bbox 2232 4005 2552 4075; x_wconf 88' lang='lat' dir='ltr'><strong>cognomine</strong></span> <span class='ocrx_word' id='word_1_703' title='bbox 2597 4005 2796 4074; x_wconf 85' lang='lat' dir='ltr'><strong>duplici</strong></span> <span class='ocrx_word' id='word_1_704' title='bbox 2829 4009 2945 4062; x_wconf 85' lang='lat' dir='ltr'><strong>luit.</strong></span> <span class='ocrx_word' id='word_1_705' title='bbox 3001 4009 3134 4064; x_wconf 88' lang='lat' dir='ltr'><strong>Nam</strong></span> <span class='ocrx_word' id='word_1_706' title='bbox 3193 4021 3248 4067; x_wconf 89' lang='lat' dir='ltr'><strong>et</strong></span> <span class='ocrx_word' id='word_1_707' title='bbox 3301 4010 3452 4068; x_wconf 75' lang='lat' dir='ltr'><strong>Prte-</strong></span> 
     </span>
    </p>
   </div>
   <div class='ocr_carea' id='block_1_86' title="bbox 1851 4095 3449 4169">
    <p class='ocr_par' dir='ltr' id='par_1_86' title="bbox 1851 4095 3449 4169">
     <span class='ocr_line' id='line_1_86' title="bbox 1851 4095 3449 4169; baseline 0.008 -21"><span class='ocrx_word' id='word_1_708' title='bbox 1851 4095 2075 4159; x_wconf 89' lang='lat' dir='ltr'><strong>couius,</strong></span> <span class='ocrx_word' id='word_1_709' title='bbox 2132 4097 2273 4165; x_wconf 85' lang='lat' dir='ltr'><strong>quod</strong></span> <span class='ocrx_word' id='word_1_710' title='bbox 2326 4106 2477 4167; x_wconf 89' lang='lat' dir='ltr'><strong>pater</strong></span> <span class='ocrx_word' id='word_1_711' title='bbox 2509 4098 2625 4168; x_wconf 86' lang='lat' dir='ltr'><strong>ejus</strong></span> <span class='ocrx_word' id='word_1_712' title='bbox 2669 4101 2996 4169; x_wconf 75' lang='lat' dir='ltr'><strong>praeconium</strong></span> <span class='ocrx_word' id='word_1_713' title='bbox 3041 4103 3241 4158; x_wconf 79' lang='lat' dir='ltr'><strong>fecerat</strong></span> <span class='ocrx_word' id='word_1_714' title='bbox 3284 4120 3449 4161; x_wconf 78' lang='lat' dir='ltr'><strong>voca-</strong></span> 
     </span>
    </p>
   </div>
   <div class='ocr_carea' id='block_1_87' title="bbox 1851 4180 3452 4268">
    <p class='ocr_par' dir='ltr' id='par_1_87' title="bbox 1851 4180 3452 4268">
     <span class='ocr_line' id='line_1_87' title="bbox 1851 4180 3452 4268; baseline 0.009 -29"><span class='ocrx_word' id='word_1_715' title='bbox 1851 4180 2048 4267; x_wconf 74' lang='lat' dir='ltr'><strong>batur;</strong></span> <span class='ocrx_word' id='word_1_716' title='bbox 2107 4203 2157 4245; x_wconf 91' lang='lat' dir='ltr'><strong>et</strong></span> <span class='ocrx_word' id='word_1_717' title='bbox 2189 4190 2324 4244; x_wconf 88' lang='lat' dir='ltr'><strong>Stilo</strong></span> <span class='ocrx_word' id='word_1_718' title='bbox 2346 4233 2360 4256; x_wconf 94' lang='lat'><strong>,</strong></span> <span class='ocrx_word' id='word_1_719' title='bbox 2391 4192 2534 4262; x_wconf 89' lang='lat' dir='ltr'><strong>quod</strong></span> <span class='ocrx_word' id='word_1_720' title='bbox 2574 4193 2847 4249; x_wconf 79' lang='lat' dir='ltr'><strong>orationes</strong></span> <span class='ocrx_word' id='word_1_721' title='bbox 2891 4193 3225 4251; x_wconf 79' lang='lat' dir='ltr'><strong>nobilissimo</strong></span> <span class='ocrx_word' id='word_1_722' title='bbox 3256 4199 3452 4268; x_wconf 85' lang='lat' dir='ltr'><strong>cuique</strong></span> 
     </span>
    </p>
   </div>
   <div class='ocr_carea' id='block_1_88' title="bbox 1852 4281 3450 4360">
    <p class='ocr_par' dir='ltr' id='par_1_88' title="bbox 1852 4281 3450 4360">
     <span class='ocr_line' id='line_1_88' title="bbox 1852 4281 3450 4360; baseline 0.008 -26"><span class='ocrx_word' id='word_1_723' title='bbox 1852 4281 2090 4336; x_wconf 87' lang='lat' dir='ltr'><strong>scribere</strong></span> <span class='ocrx_word' id='word_1_724' title='bbox 2140 4282 2348 4339; x_wconf 77' lang='lat' dir='ltr'><strong>solt-bat</strong></span> <span class='ocrx_word' id='word_1_725' title='bbox 2408 4301 2420 4338; x_wconf 95' lang='lat'>:</span> <span class='ocrx_word' id='word_1_726' title='bbox 2480 4294 2657 4340; x_wconf 90' lang='lat' dir='ltr'><strong>tantus</strong></span> <span class='ocrx_word' id='word_1_727' title='bbox 2730 4290 3044 4358; x_wconf 89' lang='lat' dir='ltr'><strong>optimatum</strong></span> <span class='ocrx_word' id='word_1_728' title='bbox 3106 4290 3315 4360; x_wconf 84' lang='lat' dir='ltr'><strong>fautor,</strong></span> <span class='ocrx_word' id='word_1_729' title='bbox 3391 4299 3450 4346; x_wconf 79' lang='grc' dir='ltr'><strong>ιιι</strong></span> 
     </span>
    </p>
   </div>
   <div class='ocr_carea' id='block_1_89' title="bbox 1850 4373 3448 4440">
    <p class='ocr_par' dir='ltr' id='par_1_89' title="bbox 1850 4373 3448 4440">
     <span class='ocr_line' id='line_1_89' title="bbox 1850 4373 3448 4440; baseline 0.009 -15"><span class='ocrx_word' id='word_1_730' title='bbox 1850 4373 2104 4438; x_wconf 85' lang='lat' dir='ltr'><strong>Quintum</strong></span> <span class='ocrx_word' id='word_1_731' title='bbox 2155 4375 2423 4430; x_wconf 82' lang='lat' dir='ltr'><strong>Metellum</strong></span> <span class='ocrx_word' id='word_1_732' title='bbox 2476 4377 2817 4434; x_wconf 84' lang='lat' dir='ltr'><strong>Numidicum</strong></span> <span class='ocrx_word' id='word_1_733' title='bbox 2866 4382 2917 4434; x_wconf 92' lang='lat' dir='ltr'><strong>in</strong></span> <span class='ocrx_word' id='word_1_734' title='bbox 2963 4383 3180 4437; x_wconf 81' lang='lat' dir='ltr'><strong>exilium</strong></span> <span class='ocrx_word' id='word_1_735' title='bbox 3221 4383 3448 4440; x_wconf 84' lang='lat' dir='ltr'><strong>comita-</strong></span> 
     </span>
    </p>
   </div>
   <div class='ocr_carea' id='block_1_90' title="bbox 1852 4465 3449 4548">
    <p class='ocr_par' dir='ltr' id='par_1_90' title="bbox 1852 4465 3449 4548">
     <span class='ocr_line' id='line_1_90' title="bbox 1852 4465 3449 4548; baseline 0.009 -30"><span class='ocrx_word' id='word_1_736' title='bbox 1852 4474 1935 4519; x_wconf 90' lang='lat' dir='ltr'><strong>tus</strong></span> <span class='ocrx_word' id='word_1_737' title='bbox 1963 4466 2052 4520; x_wconf 88' lang='lat' dir='ltr'><strong>sit.</strong></span> <span class='ocrx_word' id='word_1_738' title='bbox 2093 4487 2112 4519; x_wconf 76' lang='grc' dir='ltr'><strong>ι</strong></span> <span class='ocrx_word' id='word_1_739' title='bbox 2147 4465 2387 4539; x_wconf 82' lang='lat' dir='ltr'><strong>(Sueten.</strong></span> <span class='ocrx_word' id='word_1_740' title='bbox 2409 4511 2425 4536; x_wconf 95' lang='lat'><strong>,</strong></span> <span class='ocrx_word' id='word_1_741' title='bbox 2450 4469 2512 4523; x_wconf 89' lang='lat' dir='ltr'><strong>de</strong></span> <span class='ocrx_word' id='word_1_742' title='bbox 2533 4467 2789 4526; x_wconf 82' lang='lat' dir='ltr'><strong>Illustrib.</strong></span> <span class='ocrx_word' id='word_1_743' title='bbox 2825 4472 3109 4527; x_wconf 79' lang='lat' dir='ltr'><strong>Gramnzat.</strong></span> <span class='ocrx_word' id='word_1_744' title='bbox 3134 4516 3148 4542; x_wconf 97' lang='lat'><strong>,</strong></span> <span class='ocrx_word' id='word_1_745' title='bbox 3192 4491 3307 4543; x_wconf 86' lang='lat' dir='ltr'><strong>cap.</strong></span> <span class='ocrx_word' id='word_1_746' title='bbox 3365 4477 3449 4548; x_wconf 84' lang='grc'><strong>5.)</strong></span> 
     </span>
    </p>
   </div>
   <div class='ocr_carea' id='block_1_91' title="bbox 1853 4559 3445 4637">
    <p class='ocr_par' dir='ltr' id='par_1_91' title="bbox 1853 4559 3445 4637">
     <span class='ocr_line' id='line_1_91' title="bbox 1853 4559 3445 4637; baseline 0.008 -23"><span class='ocrx_word' id='word_1_747' title='bbox 1853 4559 1927 4615; x_wconf 91' lang='lat' dir='ltr'><strong>De</strong></span> <span class='ocrx_word' id='word_1_748' title='bbox 1953 4560 2250 4617; x_wconf 71' lang='lat' dir='ltr'><strong>Praeconini</strong></span> <span class='ocrx_word' id='word_1_749' title='bbox 2277 4579 2490 4635; x_wconf 89' lang='lat' dir='ltr'><strong>quoque</strong></span> <span class='ocrx_word' id='word_1_750' title='bbox 2517 4567 2836 4637; x_wconf 77' lang='lat' dir='ltr'><strong>Cognomine</strong></span> <span class='ocrx_word' id='word_1_751' title='bbox 2861 4571 2940 4624; x_wconf 91' lang='lat' dir='ltr'><strong>sic</strong></span> <span class='ocrx_word' id='word_1_752' title='bbox 2961 4567 3179 4636; x_wconf 87' lang='lat' dir='ltr'><strong>scripsit</strong></span> <span class='ocrx_word' id='word_1_753' title='bbox 3202 4571 3405 4626; x_wconf 84' lang='lat' dir='ltr'><strong>Plinius</strong></span> <span class='ocrx_word' id='word_1_754' title='bbox 3430 4588 3445 4626; x_wconf 89' lang='lat'><strong>:</strong></span> 
     </span>
    </p>
   </div>
   <div class='ocr_carea' id='block_1_92' title="bbox 167 4638 3447 4731">
    <p class='ocr_par' dir='ltr' id='par_1_92' title="bbox 167 4638 3447 4731">
     <span class='ocr_line' id='line_1_92' title="bbox 167 4638 3447 4731; baseline 0.002 -21"><span class='ocrx_word' id='word_1_755' title='bbox 167 4638 568 4731; x_wconf 26' lang='lat' dir='ltr'><strong>eap.l7;atq‘ue</strong></span> <span class='ocrx_word' id='word_1_756' title='bbox 583 4661 892 4731; x_wconf 71' lang='lat' dir='ltr'><strong>Origene“),</strong></span> <span class='ocrx_word' id='word_1_757' title='bbox 918 4661 1068 4716; x_wconf 83' lang='lat' dir='ltr'><strong>initio</strong></span> <span class='ocrx_word' id='word_1_758' title='bbox 1102 4662 1194 4716; x_wconf 84' lang='lat' dir='ltr'><strong>lib.</strong></span> <span class='ocrx_word' id='word_1_759' title='bbox 1215 4672 1488 4717; x_wconf 84' lang='lat' dir='ltr'><strong>vucontra</strong></span> <span class='ocrx_word' id='word_1_760' title='bbox 1505 4664 1744 4720; x_wconf 88' lang='lat' dir='ltr'><strong>Celsum.</strong></span> <span class='ocrx_word' id='word_1_761' title='bbox 1777 4638 1830 4701; x_wconf 82' lang='lat' dir='ltr'><strong>D</strong></span> <span class='ocrx_word' id='word_1_762' title='bbox 1863 4675 1882 4709; x_wconf 81' lang='lat' dir='ltr'><strong>t</strong></span> <span class='ocrx_word' id='word_1_763' title='bbox 1909 4655 2082 4728; x_wconf 86' lang='lat' dir='ltr'><strong>Vulgo</strong></span> <span class='ocrx_word' id='word_1_764' title='bbox 2108 4674 2338 4729; x_wconf 85' lang='lat' dir='ltr'><strong>purpura</strong></span> <span class='ocrx_word' id='word_1_765' title='bbox 2359 4658 2549 4715; x_wconf 85' lang='lat' dir='ltr'><strong>latiore</strong></span> <span class='ocrx_word' id='word_1_766' title='bbox 2576 4664 2767 4715; x_wconf 72' lang='lat' dir='ltr'><strong>tnnirm</strong></span> <span class='ocrx_word' id='word_1_767' title='bbox 2791 4677 2918 4717; x_wconf 87' lang='lat' dir='ltr'><strong>usos</strong></span> <span class='ocrx_word' id='word_1_768' title='bbox 2940 4663 3249 4720; x_wconf 87' lang='lat' dir='ltr'><strong>invenimus</strong></span> <span class='ocrx_word' id='word_1_769' title='bbox 3283 4666 3447 4720; x_wconf 89' lang='lat' dir='ltr'><strong>etiam</strong></span> 
     </span>
    </p>
   </div>
   <div class='ocr_carea' id='block_1_93' title="bbox 229 4752 1745 4824">
    <p class='ocr_par' dir='ltr' id='par_1_93' title="bbox 229 4752 1745 4824">
     <span class='ocr_line' id='line_1_93' title="bbox 229 4752 1745 4824; baseline 0.007 -20"><span class='ocrx_word' id='word_1_770' title='bbox 229 4752 305 4806; x_wconf 87' lang='lat' dir='ltr'><strong>Ab</strong></span> <span class='ocrx_word' id='word_1_771' title='bbox 333 4763 555 4808; x_wconf 83' lang='lat' dir='ltr'><strong>auclore</strong></span> <span class='ocrx_word' id='word_1_772' title='bbox 583 4764 768 4806; x_wconf 89' lang='lat' dir='ltr'><strong>nostro</strong></span> <span class='ocrx_word' id='word_1_773' title='bbox 795 4752 971 4808; x_wconf 86' lang='lat' dir='ltr'><strong>adhuc</strong></span> <span class='ocrx_word' id='word_1_774' title='bbox 1001 4755 1301 4824; x_wconf 84' lang='lat' dir='ltr'><strong>appellatur</strong></span> <span class='ocrx_word' id='word_1_775' title='bbox 1349 4756 1607 4812; x_wconf 80' lang='lat' dir='ltr'><strong>Philesins</strong></span> <span class='ocrx_word' id='word_1_776' title='bbox 1629 4799 1644 4821; x_wconf 93' lang='lat'><strong>,</strong></span> <span class='ocrx_word' id='word_1_777' title='bbox 1677 4759 1745 4814; x_wconf 91' lang='lat' dir='ltr'><strong>de</strong></span> 
     </span>
    </p>
   </div>
   <div class='ocr_carea' id='block_1_94' title="bbox 168 4845 1745 4912">
    <p class='ocr_par' dir='ltr' id='par_1_94' title="bbox 168 4845 1745 4912">
     <span class='ocr_line' id='line_1_94' title="bbox 168 4845 1745 4912; baseline 0.007 -17"><span class='ocrx_word' id='word_1_778' title='bbox 168 4857 261 4912; x_wconf 86' lang='lat' dir='ltr'><strong>quo</strong></span> <span class='ocrx_word' id='word_1_779' title='bbox 301 4845 603 4902; x_wconf 83' lang='lat' dir='ltr'><strong>Macrobius</strong></span> <span class='ocrx_word' id='word_1_780' title='bbox 632 4845 746 4901; x_wconf 71' lang='lat' dir='ltr'><strong>haec</strong></span> <span class='ocrx_word' id='word_1_781' title='bbox 784 4847 975 4902; x_wconf 86' lang='lat' dir='ltr'><strong>litteris</strong></span> <span class='ocrx_word' id='word_1_782' title='bbox 1000 4849 1271 4902; x_wconf 85' lang='lat' dir='ltr'><strong>mandavit</strong></span> <span class='ocrx_word' id='word_1_783' title='bbox 1304 4866 1316 4901; x_wconf 92' lang='lat'>:</span> <span class='ocrx_word' id='word_1_784' title='bbox 1354 4868 1372 4900; x_wconf 79' lang='lat' dir='ltr'><strong>t</strong></span> <span class='ocrx_word' id='word_1_785' title='bbox 1400 4849 1640 4908; x_wconf 77' lang='grc' dir='ltr'><strong>Ἀπόλλων</strong></span> <span class='ocrx_word' id='word_1_786' title='bbox 1670 4864 1745 4906; x_wconf 78' lang='grc' dir='ltr'><strong>Φι-</strong></span> 
     </span>
    </p>
   </div>
   <div class='ocr_carea' id='block_1_95' title="bbox 167 4934 1739 5014">
    <p class='ocr_par' dir='ltr' id='par_1_95' title="bbox 167 4934 1739 5014">
     <span class='ocr_line' id='line_1_95' title="bbox 167 4934 1739 5014; baseline 0.006 -23"><span class='ocrx_word' id='word_1_787' title='bbox 167 4934 326 5004; x_wconf 79' lang='grc' dir='ltr'><strong>λήσιος</strong></span> <span class='ocrx_word' id='word_1_788' title='bbox 349 4982 362 5005; x_wconf 91' lang='grc'><strong>,</strong></span> <span class='ocrx_word' id='word_1_789' title='bbox 419 4943 566 5014; x_wconf 89' lang='lat' dir='ltr'><strong>quod</strong></span> <span class='ocrx_word' id='word_1_790' title='bbox 600 4942 778 4995; x_wconf 90' lang='lat' dir='ltr'><strong>lumen</strong></span> <span class='ocrx_word' id='word_1_791' title='bbox 809 4941 924 5011; x_wconf 86' lang='lat' dir='ltr'><strong>ejus</strong></span> <span class='ocrx_word' id='word_1_792' title='bbox 966 4946 1218 4997; x_wconf 80' lang='lat' dir='ltr'><strong>exoriens</strong></span> <span class='ocrx_word' id='word_1_793' title='bbox 1255 4943 1486 4997; x_wconf 86' lang='lat' dir='ltr'><strong>amabile</strong></span> <span class='ocrx_word' id='word_1_794' title='bbox 1523 4945 1739 5000; x_wconf 87' lang='lat' dir='ltr'><strong>amicis-</strong></span> 
     </span>
    </p>
   </div>
   <div class='ocr_carea' id='block_1_96' title="bbox 169 5032 1735 5108">
    <p class='ocr_par' dir='ltr' id='par_1_96' title="bbox 169 5032 1735 5108">
     <span class='ocr_line' id='line_1_96' title="bbox 169 5032 1735 5108; baseline 0.003 -23"><span class='ocrx_word' id='word_1_795' title='bbox 169 5032 285 5086; x_wconf 84' lang='lat' dir='ltr'><strong>sima</strong></span> <span class='ocrx_word' id='word_1_796' title='bbox 312 5035 663 5090; x_wconf 82' lang='lat' dir='ltr'><strong>veneratione</strong></span> <span class='ocrx_word' id='word_1_797' title='bbox 691 5033 967 5089; x_wconf 89' lang='lat' dir='ltr'><strong>oculorum</strong></span> <span class='ocrx_word' id='word_1_798' title='bbox 1012 5037 1416 5090; x_wconf 82' lang='lat' dir='ltr'><strong>consalutamus</strong></span> <span class='ocrx_word' id='word_1_799' title='bbox 1454 5055 1471 5086; x_wconf 75' lang='grc' dir='ltr'><strong>ι</strong></span> <span class='ocrx_word' id='word_1_800' title='bbox 1501 5035 1694 5108; x_wconf 76' lang='lat' dir='ltr'><strong>(Macr.</strong></span> <span class='ocrx_word' id='word_1_801' title='bbox 1721 5079 1735 5103; x_wconf 90' lang='lat'><strong>,</strong></span> 
     </span>
    </p>
   </div>
   <div class='ocr_carea' id='block_1_97' title="bbox 168 5122 1739 5202">
    <p class='ocr_par' dir='ltr' id='par_1_97' title="bbox 168 5122 1739 5202">
     <span class='ocr_line' id='line_1_97' title="bbox 168 5122 1739 5202; baseline 0.006 -24"><span class='ocrx_word' id='word_1_802' title='bbox 168 5122 280 5180; x_wconf 86' lang='lat' dir='ltr'><strong>lib.t</strong></span> <span class='ocrx_word' id='word_1_803' title='bbox 313 5126 586 5183; x_wconf 85' lang='lat' dir='ltr'><strong>Saturnal.</strong></span> <span class='ocrx_word' id='word_1_804' title='bbox 612 5169 625 5191; x_wconf 91' lang='lat'><strong>,</strong></span> <span class='ocrx_word' id='word_1_805' title='bbox 667 5145 781 5195; x_wconf 86' lang='lat' dir='ltr'><strong>cap.</strong></span> <span class='ocrx_word' id='word_1_806' title='bbox 817 5129 884 5183; x_wconf 92' lang='grc'><strong>17</strong></span> <span class='ocrx_word' id='word_1_807' title='bbox 914 5172 927 5190; x_wconf 86' lang='grc'><strong>,</strong></span> <span class='ocrx_word' id='word_1_808' title='bbox 961 5146 1081 5200; x_wconf 87' lang='lat' dir='ltr'><strong>pag.</strong></span> <span class='ocrx_word' id='word_1_809' title='bbox 1124 5128 1273 5202; x_wconf 65' lang='lat'><strong>959).</strong></span> <span class='ocrx_word' id='word_1_810' title='bbox 1306 5130 1511 5186; x_wconf 88' lang='lat' dir='ltr'><strong>Plinius</strong></span> <span class='ocrx_word' id='word_1_811' title='bbox 1559 5147 1689 5187; x_wconf 83' lang='lat' dir='ltr'><strong>vero</strong></span> <span class='ocrx_word' id='word_1_812' title='bbox 1726 5150 1739 5186; x_wconf 91' lang='lat'>:</span> 
     </span>
    </p>
   </div>
   <div class='ocr_carea' id='block_1_98' title="bbox 173 5218 1742 5295">
    <p class='ocr_par' dir='ltr' id='par_1_98' title="bbox 173 5218 1742 5295">
     <span class='ocr_line' id='line_1_98' title="bbox 173 5218 1742 5295; baseline 0.006 -26"><span class='ocrx_word' id='word_1_813' title='bbox 173 5218 497 5278; x_wconf 83' lang='lat' dir='ltr'><strong>tCanachus</strong></span> <span class='ocrx_word' id='word_1_814' title='bbox 545 5222 851 5292; x_wconf 87' lang='lat' dir='ltr'><strong>Apollinem</strong></span> <span class='ocrx_word' id='word_1_815' title='bbox 899 5224 1098 5278; x_wconf 91' lang='lat' dir='ltr'><strong>nudum</strong></span> <span class='ocrx_word' id='word_1_816' title='bbox 1131 5224 1288 5285; x_wconf 73' lang='lat' dir='ltr'><strong>let-it.</strong></span> <span class='ocrx_word' id='word_1_817' title='bbox 1338 5225 1428 5295; x_wconf 87' lang='lat' dir='ltr'><strong>qui</strong></span> <span class='ocrx_word' id='word_1_818' title='bbox 1476 5224 1742 5279; x_wconf 83' lang='lat' dir='ltr'><strong>Pbilesius</strong></span> 
     </span>
    </p>
   </div>
   <div class='ocr_carea' id='block_1_99' title="bbox 167 5317 1740 5389">
    <p class='ocr_par' dir='ltr' id='par_1_99' title="bbox 167 5317 1740 5389">
     <span class='ocr_line' id='line_1_99' title="bbox 167 5317 1740 5389; baseline 0.004 -23"><span class='ocrx_word' id='word_1_819' title='bbox 167 5317 582 5384; x_wconf 84' lang='lat' dir='ltr'><strong>Cognominatur,</strong></span> <span class='ocrx_word' id='word_1_820' title='bbox 638 5318 688 5371; x_wconf 94' lang='lat' dir='ltr'><strong>in</strong></span> <span class='ocrx_word' id='word_1_821' title='bbox 744 5317 1051 5389; x_wconf 66' lang='lat' dir='ltr'><strong>Diilymteo,</strong></span> <span class='ocrx_word' id='word_1_822' title='bbox 1109 5317 1411 5389; x_wconf 68' lang='lat' dir='ltr'><strong>AZginetica</strong></span> <span class='ocrx_word' id='word_1_823' title='bbox 1439 5320 1562 5374; x_wconf 73' lang='lat' dir='ltr'><strong>aeris</strong></span> <span class='ocrx_word' id='word_1_824' title='bbox 1604 5330 1740 5374; x_wconf 83' lang='lat' dir='ltr'><strong>tein-</strong></span> 
     </span>
    </p>
   </div>
   <div class='ocr_carea' id='block_1_100' title="bbox 167 5409 1738 5484">
    <p class='ocr_par' dir='ltr' id='par_1_100' title="bbox 167 5409 1738 5484">
     <span class='ocr_line' id='line_1_100' title="bbox 167 5409 1738 5484; baseline 0.005 -24"><span class='ocrx_word' id='word_1_825' title='bbox 167 5417 395 5474; x_wconf 84' lang='lat' dir='ltr'><strong>peratura</strong></span> <span class='ocrx_word' id='word_1_826' title='bbox 461 5428 483 5463; x_wconf 69' lang='grc' dir='ltr'><strong>ι</strong></span> <span class='ocrx_word' id='word_1_827' title='bbox 547 5409 766 5481; x_wconf 86' lang='lat' dir='ltr'><strong>(Plin.,</strong></span> <span class='ocrx_word' id='word_1_828' title='bbox 823 5412 912 5467; x_wconf 83' lang='lat' dir='ltr'><strong>lib.</strong></span> <span class='ocrx_word' id='word_1_829' title='bbox 971 5428 1025 5466; x_wconf 90' lang='grc' dir='ltr'><strong>ιιι</strong></span> <span class='ocrx_word' id='word_1_830' title='bbox 1096 5411 1232 5467; x_wconf 79' lang='lat' dir='ltr'><strong>Hist.</strong></span> <span class='ocrx_word' id='word_1_831' title='bbox 1291 5424 1440 5480; x_wconf 84' lang='lat' dir='ltr'><strong>nat.,</strong></span> <span class='ocrx_word' id='word_1_832' title='bbox 1499 5431 1614 5484; x_wconf 82' lang='lat' dir='ltr'><strong>cap.</strong></span> <span class='ocrx_word' id='word_1_833' title='bbox 1670 5415 1738 5479; x_wconf 86' lang='grc'><strong>5,</strong></span> 
     </span>
    </p>
   </div>
   <div class='ocr_carea' id='block_1_101' title="bbox 171 5503 1746 5577">
    <p class='ocr_par' dir='ltr' id='par_1_101' title="bbox 171 5503 1746 5577">
     <span class='ocr_line' id='line_1_101' title="bbox 171 5503 1746 5577; baseline 0.004 -20"><span class='ocrx_word' id='word_1_834' title='bbox 171 5515 274 5572; x_wconf 80' lang='lat' dir='ltr'><strong>pag.</strong></span> <span class='ocrx_word' id='word_1_835' title='bbox 300 5503 381 5568; x_wconf 75' lang='grc'><strong>12,</strong></span> <span class='ocrx_word' id='word_1_836' title='bbox 407 5504 484 5575; x_wconf 76' lang='grc' dir='ltr'><strong>ε).</strong></span> <span class='ocrx_word' id='word_1_837' title='bbox 507 5504 769 5561; x_wconf 86' lang='lat' dir='ltr'><strong>Eumdem</strong></span> <span class='ocrx_word' id='word_1_838' title='bbox 789 5507 1138 5577; x_wconf 89' lang='lat' dir='ltr'><strong>proculdubio</strong></span> <span class='ocrx_word' id='word_1_839' title='bbox 1167 5507 1452 5563; x_wconf 72' lang='lat' dir='ltr'><strong>Pausanias</strong></span> <span class='ocrx_word' id='word_1_840' title='bbox 1481 5517 1746 5563; x_wconf 87' lang='lat' dir='ltr'><strong>memorat</strong></span> 
     </span>
    </p>
   </div>
   <div class='ocr_carea' id='block_1_102' title="bbox 170 5599 1740 5670">
    <p class='ocr_par' dir='ltr' id='par_1_102' title="bbox 170 5599 1740 5670">
     <span class='ocr_line' id='line_1_102' title="bbox 170 5599 1740 5670; baseline 0.003 -22"><span class='ocrx_word' id='word_1_841' title='bbox 170 5607 359 5651; x_wconf 65' lang='lat' dir='ltr'><strong>atticum</strong></span> <span class='ocrx_word' id='word_1_842' title='bbox 388 5599 441 5653; x_wconf 93' lang='lat' dir='ltr'><strong>in</strong></span> <span class='ocrx_word' id='word_1_843' title='bbox 469 5599 788 5656; x_wconf 84' lang='lat' dir='ltr'><strong>Branchidis</strong></span> <span class='ocrx_word' id='word_1_844' title='bbox 819 5601 1147 5670; x_wconf 85' lang='lat' dir='ltr'><strong>Apollinem,</strong></span> <span class='ocrx_word' id='word_1_845' title='bbox 1175 5617 1204 5655; x_wconf 94' lang='lat' dir='ltr'><strong>a</strong></span> <span class='ocrx_word' id='word_1_846' title='bbox 1232 5601 1415 5657; x_wconf 79' lang='lat' dir='ltr'><strong>Xerxe</strong></span> <span class='ocrx_word' id='word_1_847' title='bbox 1441 5601 1581 5656; x_wconf 89' lang='lat' dir='ltr'><strong>Darii</strong></span> <span class='ocrx_word' id='word_1_848' title='bbox 1613 5603 1740 5670; x_wconf 87' lang='lat' dir='ltr'><strong>ﬁlio,</strong></span> 
     </span>
    </p>
   </div>
   <div class='ocr_carea' id='block_1_103' title="bbox 173 5688 1745 5767">
    <p class='ocr_par' dir='ltr' id='par_1_103' title="bbox 173 5688 1745 5767">
     <span class='ocr_line' id='line_1_103' title="bbox 173 5688 1745 5767; baseline 0.005 -26"><span class='ocrx_word' id='word_1_849' title='bbox 173 5695 221 5741; x_wconf 84' lang='lat' dir='ltr'><strong>et</strong></span> <span class='ocrx_word' id='word_1_850' title='bbox 245 5688 521 5747; x_wconf 88' lang='lat' dir='ltr'><strong>Persarum</strong></span> <span class='ocrx_word' id='word_1_851' title='bbox 569 5709 694 5766; x_wconf 87' lang='lat' dir='ltr'><strong>rege</strong></span> <span class='ocrx_word' id='word_1_852' title='bbox 737 5694 995 5759; x_wconf 89' lang='lat' dir='ltr'><strong>ablatum,</strong></span> <span class='ocrx_word' id='word_1_853' title='bbox 1032 5712 1188 5767; x_wconf 91' lang='lat' dir='ltr'><strong>quem</strong></span> <span class='ocrx_word' id='word_1_854' title='bbox 1220 5695 1435 5751; x_wconf 85' lang='lat' dir='ltr'><strong>Milesiis</strong></span> <span class='ocrx_word' id='word_1_855' title='bbox 1485 5695 1745 5752; x_wconf 88' lang='lat' dir='ltr'><strong>Seleucus</strong></span> 
     </span>
    </p>
   </div>
   <div class='ocr_carea' id='block_1_104' title="bbox 174 5789 1740 5864">
    <p class='ocr_par' dir='ltr' id='par_1_104' title="bbox 174 5789 1740 5864">
     <span class='ocr_line' id='line_1_104' title="bbox 174 5789 1740 5864; baseline 0.006 -29"><span class='ocrx_word' id='word_1_856' title='bbox 174 5792 286 5852; x_wconf 85' lang='lat' dir='ltr'><strong>post</strong></span> <span class='ocrx_word' id='word_1_857' title='bbox 308 5801 478 5843; x_wconf 88' lang='lat' dir='ltr'><strong>annos</strong></span> <span class='ocrx_word' id='word_1_858' title='bbox 507 5789 701 5846; x_wconf 89' lang='lat' dir='ltr'><strong>multos</strong></span> <span class='ocrx_word' id='word_1_859' title='bbox 723 5791 930 5848; x_wconf 87' lang='lat' dir='ltr'><strong>remisit</strong></span> <span class='ocrx_word' id='word_1_860' title='bbox 947 5789 1225 5864; x_wconf 65' lang='lat' dir='ltr'><strong>(Pansam,</strong></span> <span class='ocrx_word' id='word_1_861' title='bbox 1251 5790 1342 5846; x_wconf 89' lang='lat' dir='ltr'><strong>lib.</strong></span> <span class='ocrx_word' id='word_1_862' title='bbox 1363 5807 1453 5847; x_wconf 78' lang='lat' dir='ltr'><strong>VIII</strong></span> <span class='ocrx_word' id='word_1_863' title='bbox 1472 5834 1486 5858; x_wconf 92' lang='lat'><strong>,</strong></span> <span class='ocrx_word' id='word_1_864' title='bbox 1514 5809 1566 5862; x_wconf 88' lang='lat' dir='ltr'><strong>p.</strong></span> <span class='ocrx_word' id='word_1_865' title='bbox 1590 5789 1740 5862; x_wconf 71' lang='grc'><strong>275).</strong></span> 
     </span>
    </p>
   </div>
   <div class='ocr_carea' id='block_1_105' title="bbox 176 5872 1745 5959">
    <p class='ocr_par' dir='ltr' id='par_1_105' title="bbox 176 5872 1745 5959">
     <span class='ocr_line' id='line_1_105' title="bbox 176 5872 1745 5959; baseline 0.006 -27"><span class='ocrx_word' id='word_1_866' title='bbox 176 5872 356 5936; x_wconf 83' lang='lat' dir='ltr'><strong>Strabo</strong></span> <span class='ocrx_word' id='word_1_867' title='bbox 383 5888 564 5939; x_wconf 83' lang='lat' dir='ltr'><strong>autem</strong></span> <span class='ocrx_word' id='word_1_868' title='bbox 596 5882 813 5959; x_wconf 65' lang='lat' dir='ltr'><strong>addidit;</strong></span> <span class='ocrx_word' id='word_1_869' title='bbox 831 5883 902 5942; x_wconf 90' lang='lat' dir='ltr'><strong>ibi</strong></span> <span class='ocrx_word' id='word_1_870' title='bbox 937 5900 1067 5959; x_wconf 79' lang='lat' dir='ltr'><strong>esse</strong></span> <span class='ocrx_word' id='word_1_871' title='bbox 1113 5884 1290 5944; x_wconf 89' lang='lat' dir='ltr'><strong>lucum</strong></span> <span class='ocrx_word' id='word_1_872' title='bbox 1341 5884 1634 5956; x_wconf 88' lang='lat' dir='ltr'><strong>pretiosum</strong></span> <span class='ocrx_word' id='word_1_873' title='bbox 1657 5928 1669 5954; x_wconf 90' lang='lat'><strong>,</strong></span> <span class='ocrx_word' id='word_1_874' title='bbox 1692 5894 1745 5944; x_wconf 85' lang='lat' dir='ltr'><strong>et</strong></span> 
     </span>
    </p>
   </div>
   <div class='ocr_carea' id='block_1_106' title="bbox 1822 4755 3446 4834">
    <p class='ocr_par' dir='ltr' id='par_1_106' title="bbox 1822 4755 3446 4834">
     <span class='ocr_line' id='line_1_106' title="bbox 1822 4755 3446 4834; baseline 0.005 -27"><span class='ocrx_word' id='word_1_875' title='bbox 1822 4830 1825 4834; x_wconf 15' lang='grc' dir='ltr'><em>γ</em></span> <span class='ocrx_word' id='word_1_876' title='bbox 1856 4769 2158 4824; x_wconf 69' lang='lat' dir='ltr'><strong>praecones,</strong></span> <span class='ocrx_word' id='word_1_877' title='bbox 2189 4755 2324 4810; x_wconf 90' lang='lat' dir='ltr'><strong>sicut</strong></span> <span class='ocrx_word' id='word_1_878' title='bbox 2354 4765 2556 4825; x_wconf 89' lang='lat' dir='ltr'><strong>patrem</strong></span> <span class='ocrx_word' id='word_1_879' title='bbox 2608 4756 2668 4812; x_wconf 91' lang='lat' dir='ltr'><strong>L.</strong></span> <span class='ocrx_word' id='word_1_880' title='bbox 2696 4756 2824 4812; x_wconf 64' lang='lat' dir='ltr'><strong>Elii</strong></span> <span class='ocrx_word' id='word_1_881' title='bbox 2856 4755 3072 4814; x_wconf 89' lang='lat' dir='ltr'><strong>Stilonis</strong></span> <span class='ocrx_word' id='word_1_882' title='bbox 3118 4759 3446 4828; x_wconf 74' lang='lat' dir='ltr'><strong>Prteconini,</strong></span> 
     </span>
    </p>
   </div>
   <div class='ocr_carea' id='block_1_107' title="bbox 1848 4845 3443 4922">
    <p class='ocr_par' dir='ltr' id='par_1_107' title="bbox 1848 4845 3443 4922">
     <span class='ocr_line' id='line_1_107' title="bbox 1848 4845 3443 4922; baseline 0.001 -19"><span class='ocrx_word' id='word_1_883' title='bbox 1848 4849 1919 4904; x_wconf 91' lang='lat' dir='ltr'><strong>ob</strong></span> <span class='ocrx_word' id='word_1_884' title='bbox 1963 4849 2012 4904; x_wconf 92' lang='lat' dir='ltr'><strong>id</strong></span> <span class='ocrx_word' id='word_1_885' title='bbox 2060 4849 2421 4917; x_wconf 76' lang='lat' dir='ltr'><strong>cognominati</strong></span> <span class='ocrx_word' id='word_1_886' title='bbox 2471 4871 2489 4904; x_wconf 76' lang='grc' dir='ltr'><strong>ι</strong></span> <span class='ocrx_word' id='word_1_887' title='bbox 2526 4851 2696 4919; x_wconf 85' lang='lat' dir='ltr'><strong>(Plin.</strong></span> <span class='ocrx_word' id='word_1_888' title='bbox 2719 4894 2734 4919; x_wconf 92' lang='lat'><strong>,</strong></span> <span class='ocrx_word' id='word_1_889' title='bbox 2767 4852 2805 4908; x_wconf 96' lang='lat' dir='ltr'><strong>l.</strong></span> <span class='ocrx_word' id='word_1_890' title='bbox 2842 4865 3020 4906; x_wconf 81' lang='lat' dir='ltr'><strong>xxxut</strong></span> <span class='ocrx_word' id='word_1_891' title='bbox 3045 4851 3235 4909; x_wconf 85' lang='lat' dir='ltr'><strong>Natur.</strong></span> <span class='ocrx_word' id='word_1_892' title='bbox 3275 4845 3443 4922; x_wconf 57' lang='lat' dir='ltr'><strong>Hist,</strong></span> 
     </span>
    </p>
   </div>
   <div class='ocr_carea' id='block_1_108' title="bbox 1848 4943 3446 5017">
    <p class='ocr_par' dir='ltr' id='par_1_108' title="bbox 1848 4943 3446 5017">
     <span class='ocr_line' id='line_1_108' title="bbox 1848 4943 3446 5017; baseline 0.004 -21"><span class='ocrx_word' id='word_1_893' title='bbox 1848 4959 1893 4996; x_wconf 80' lang='grc' dir='ltr'><strong>ε.</strong></span> <span class='ocrx_word' id='word_1_894' title='bbox 1948 4943 2006 5009; x_wconf 88' lang='grc'><strong>1,</strong></span> <span class='ocrx_word' id='word_1_895' title='bbox 2055 4963 2108 5013; x_wconf 88' lang='lat' dir='ltr'><strong>p.</strong></span> <span class='ocrx_word' id='word_1_896' title='bbox 2159 4944 2259 5008; x_wconf 76' lang='lat'><strong>16;</strong></span> <span class='ocrx_word' id='word_1_897' title='bbox 2289 4955 2336 4998; x_wconf 82' lang='lat' dir='ltr'><strong>et</strong></span> <span class='ocrx_word' id='word_1_898' title='bbox 2383 4945 2419 4999; x_wconf 83' lang='grc' dir='ltr'><strong>Ι.</strong></span> <span class='ocrx_word' id='word_1_899' title='bbox 2467 4959 2576 5012; x_wconf 87' lang='lat' dir='ltr'><strong>vn,</strong></span> <span class='ocrx_word' id='word_1_900' title='bbox 2620 4963 2666 5000; x_wconf 84' lang='grc' dir='ltr'><strong>ι’.</strong></span> <span class='ocrx_word' id='word_1_901' title='bbox 2713 4945 2764 5012; x_wconf 77' lang='grc'><strong>1,</strong></span> <span class='ocrx_word' id='word_1_902' title='bbox 2817 4963 2869 5017; x_wconf 85' lang='lat' dir='ltr'><strong>p.</strong></span> <span class='ocrx_word' id='word_1_903' title='bbox 2914 4945 3066 5017; x_wconf 78' lang='grc'><strong>558).</strong></span> <span class='ocrx_word' id='word_1_904' title='bbox 3120 4945 3274 5003; x_wconf 83' lang='lat' dir='ltr'><strong>Unde</strong></span> <span class='ocrx_word' id='word_1_905' title='bbox 3322 4963 3446 5016; x_wconf 83' lang='lat' dir='ltr'><strong>pos-</strong></span> 
     </span>
    </p>
   </div>
   <div class='ocr_carea' id='block_1_109' title="bbox 1851 5038 3444 5121">
    <p class='ocr_par' dir='ltr' id='par_1_109' title="bbox 1851 5038 3444 5121">
     <span class='ocr_line' id='line_1_109' title="bbox 1851 5038 3444 5121; baseline 0.004 -31"><span class='ocrx_word' id='word_1_906' title='bbox 1851 5043 1935 5090; x_wconf 87' lang='lat' dir='ltr'><strong>tea</strong></span> <span class='ocrx_word' id='word_1_907' title='bbox 1983 5038 2099 5091; x_wconf 89' lang='lat' dir='ltr'><strong>solo</strong></span> <span class='ocrx_word' id='word_1_908' title='bbox 2129 5038 2350 5094; x_wconf 90' lang='lat' dir='ltr'><strong>Stilonis</strong></span> <span class='ocrx_word' id='word_1_909' title='bbox 2377 5040 2675 5096; x_wconf 67' lang='lat' dir='ltr'><strong>Pra‘conini</strong></span> <span class='ocrx_word' id='word_1_910' title='bbox 2729 5041 2945 5095; x_wconf 85' lang='lat' dir='ltr'><strong>nomine</strong></span> <span class='ocrx_word' id='word_1_911' title='bbox 2976 5041 3248 5121; x_wconf 46' lang='lat' dir='ltr'><strong>‘l‘audatur.</strong></span> <span class='ocrx_word' id='word_1_912' title='bbox 3295 5041 3444 5097; x_wconf 84' lang='lat' dir='ltr'><strong>Hunc</strong></span> 
     </span>
    </p>
   </div>
   <div class='ocr_carea' id='block_1_110' title="bbox 1849 5127 3441 5204">
    <p class='ocr_par' dir='ltr' id='par_1_110' title="bbox 1849 5127 3441 5204">
     <span class='ocr_line' id='line_1_110' title="bbox 1849 5127 3441 5204; baseline 0.006 -22"><span class='ocrx_word' id='word_1_913' title='bbox 1849 5132 1916 5182; x_wconf 85' lang='lat' dir='ltr'><strong>A.</strong></span> <span class='ocrx_word' id='word_1_914' title='bbox 1948 5127 2148 5184; x_wconf 60' lang='lat' dir='ltr'><strong>Gellius</strong></span> <span class='ocrx_word' id='word_1_915' title='bbox 2180 5129 2238 5185; x_wconf 90' lang='lat' dir='ltr'><strong>L.</strong></span> <span class='ocrx_word' id='word_1_916' title='bbox 2271 5129 2818 5194; x_wconf 68' lang='lat' dir='ltr'><strong>ASIium,autA3lium</strong></span> <span class='ocrx_word' id='word_1_917' title='bbox 2851 5135 3185 5204; x_wconf 85' lang='lat' dir='ltr'><strong>simpliciter,</strong></span> <span class='ocrx_word' id='word_1_918' title='bbox 3219 5135 3314 5189; x_wconf 85' lang='lat' dir='ltr'><strong>sed</strong></span> <span class='ocrx_word' id='word_1_919' title='bbox 3349 5135 3441 5191; x_wconf 88' lang='lat' dir='ltr'><strong>do-</strong></span> 
     </span>
    </p>
   </div>
   <div class='ocr_carea' id='block_1_111' title="bbox 1847 5225 3440 5298">
    <p class='ocr_par' dir='ltr' id='par_1_111' title="bbox 1847 5225 3440 5298">
     <span class='ocr_line' id='line_1_111' title="bbox 1847 5225 3440 5298; baseline 0.003 -20"><span class='ocrx_word' id='word_1_920' title='bbox 1847 5233 1990 5278; x_wconf 87' lang='lat' dir='ltr'><strong>ctum</strong></span> <span class='ocrx_word' id='word_1_921' title='bbox 2013 5265 2028 5290; x_wconf 93' lang='lat'><strong>,</strong></span> <span class='ocrx_word' id='word_1_922' title='bbox 2055 5233 2107 5278; x_wconf 91' lang='lat' dir='ltr'><strong>et</strong></span> <span class='ocrx_word' id='word_1_923' title='bbox 2128 5225 2256 5281; x_wconf 84' lang='lat' dir='ltr'><strong>alibi</strong></span> <span class='ocrx_word' id='word_1_924' title='bbox 2277 5226 2724 5292; x_wconf 88' lang='lat' dir='ltr'><strong>eruditissimum,</strong></span> <span class='ocrx_word' id='word_1_925' title='bbox 2754 5242 2815 5282; x_wconf 89' lang='lat' dir='ltr'><strong>:tc</strong></span> <span class='ocrx_word' id='word_1_926' title='bbox 2845 5225 3100 5282; x_wconf 61' lang='lat' dir='ltr'><strong>VarrOuis</strong></span> <span class='ocrx_word' id='word_1_927' title='bbox 3129 5228 3440 5298; x_wconf 86' lang='lat' dir='ltr'><strong>magistrum</strong></span> 
     </span>
    </p>
   </div>
   <div class='ocr_carea' id='block_1_112' title="bbox 1848 5319 3444 5393">
    <p class='ocr_par' dir='ltr' id='par_1_112' title="bbox 1848 5319 3444 5393">
     <span class='ocr_line' id='line_1_112' title="bbox 1848 5319 3444 5393; baseline 0.004 -21"><span class='ocrx_word' id='word_1_928' title='bbox 1848 5320 2101 5389; x_wconf 52' lang='lat' dir='ltr'><strong>appellat.</strong></span> <span class='ocrx_word' id='word_1_929' title='bbox 2155 5320 2324 5375; x_wconf 88' lang='lat' dir='ltr'><strong>Suuili</strong></span> <span class='ocrx_word' id='word_1_930' title='bbox 2389 5337 2604 5393; x_wconf 89' lang='lat' dir='ltr'><strong>quoque</strong></span> <span class='ocrx_word' id='word_1_931' title='bbox 2680 5321 2839 5375; x_wconf 88' lang='lat' dir='ltr'><strong>modo</strong></span> <span class='ocrx_word' id='word_1_932' title='bbox 2881 5320 3056 5376; x_wconf 55' lang='lat' dir='ltr'><strong>[Elius</strong></span> <span class='ocrx_word' id='word_1_933' title='bbox 3126 5319 3294 5384; x_wconf 88' lang='lat' dir='ltr'><strong>Stilo,</strong></span> <span class='ocrx_word' id='word_1_934' title='bbox 3351 5330 3444 5378; x_wconf 84' lang='lat' dir='ltr'><strong>aut</strong></span> 
     </span>
    </p>
   </div>
   <div class='ocr_carea' id='block_1_113' title="bbox 1847 5408 3438 5486">
    <p class='ocr_par' dir='ltr' id='par_1_113' title="bbox 1847 5408 3438 5486">
     <span class='ocr_line' id='line_1_113' title="bbox 1847 5408 3438 5486; baseline 0.001 -18"><span class='ocrx_word' id='word_1_935' title='bbox 1847 5411 2025 5468; x_wconf 62' lang='lat' dir='ltr'><strong>IElius</strong></span> <span class='ocrx_word' id='word_1_936' title='bbox 2070 5423 2275 5468; x_wconf 91' lang='lat' dir='ltr'><strong>tantum</strong></span> <span class='ocrx_word' id='word_1_937' title='bbox 2307 5415 2627 5486; x_wconf 85' lang='lat' dir='ltr'><strong>quandoque</strong></span> <span class='ocrx_word' id='word_1_938' title='bbox 2649 5431 2676 5468; x_wconf 90' lang='lat' dir='ltr'><strong>a</strong></span> <span class='ocrx_word' id='word_1_939' title='bbox 2701 5414 2861 5470; x_wconf 82' lang='lat' dir='ltr'><strong>FeSto</strong></span> <span class='ocrx_word' id='word_1_940' title='bbox 2888 5426 3230 5484; x_wconf 88' lang='lat' dir='ltr'><strong>nuncupatur</strong></span> <span class='ocrx_word' id='word_1_941' title='bbox 3256 5408 3438 5486; x_wconf 81' lang='lat' dir='ltr'><strong>(Gell.,</strong></span> 
     </span>
    </p>
   </div>
   <div class='ocr_carea' id='block_1_114' title="bbox 1849 5502 3441 5576">
    <p class='ocr_par' dir='ltr' id='par_1_114' title="bbox 1849 5502 3441 5576">
     <span class='ocr_line' id='line_1_114' title="bbox 1849 5502 3441 5576; baseline 0.003 -18"><span class='ocrx_word' id='word_1_942' title='bbox 1849 5504 1887 5558; x_wconf 93' lang='lat' dir='ltr'><strong>l.</strong></span> <span class='ocrx_word' id='word_1_943' title='bbox 1919 5521 1953 5558; x_wconf 93' lang='grc' dir='ltr'><strong>ιι</strong></span> <span class='ocrx_word' id='word_1_944' title='bbox 2000 5502 2160 5560; x_wconf 86' lang='lat' dir='ltr'><strong>Noct.</strong></span> <span class='ocrx_word' id='word_1_945' title='bbox 2210 5516 2338 5572; x_wconf 87' lang='lat' dir='ltr'><strong>att.,</strong></span> <span class='ocrx_word' id='word_1_946' title='bbox 2393 5523 2440 5560; x_wconf 90' lang='lat' dir='ltr'><strong>c.</strong></span> <span class='ocrx_word' id='word_1_947' title='bbox 2491 5505 2594 5571; x_wconf 75' lang='grc'><strong>21,</strong></span> <span class='ocrx_word' id='word_1_948' title='bbox 2645 5523 2697 5576; x_wconf 85' lang='lat' dir='ltr'><strong>p.</strong></span> <span class='ocrx_word' id='word_1_949' title='bbox 2757 5505 2901 5568; x_wconf 83' lang='grc'><strong>158,</strong></span> <span class='ocrx_word' id='word_1_950' title='bbox 2945 5515 2991 5561; x_wconf 84' lang='lat' dir='ltr'><strong>et</strong></span> <span class='ocrx_word' id='word_1_951' title='bbox 3046 5505 3082 5561; x_wconf 93' lang='lat' dir='ltr'><strong>l.</strong></span> <span class='ocrx_word' id='word_1_952' title='bbox 3140 5521 3232 5568; x_wconf 90' lang='grc' dir='ltr'><strong>ιιι,</strong></span> <span class='ocrx_word' id='word_1_953' title='bbox 3277 5523 3324 5560; x_wconf 89' lang='lat' dir='ltr'><strong>c.</strong></span> <span class='ocrx_word' id='word_1_954' title='bbox 3374 5507 3441 5573; x_wconf 87' lang='grc'><strong>5,</strong></span> 
     </span>
    </p>
   </div>
   <div class='ocr_carea' id='block_1_115' title="bbox 1849 5597 3440 5669">
    <p class='ocr_par' dir='ltr' id='par_1_115' title="bbox 1849 5597 3440 5669">
     <span class='ocr_line' id='line_1_115' title="bbox 1849 5597 3440 5669; baseline 0 -16"><span class='ocrx_word' id='word_1_955' title='bbox 1849 5615 1903 5669; x_wconf 85' lang='lat' dir='ltr'><strong>p.</strong></span> <span class='ocrx_word' id='word_1_956' title='bbox 1957 5599 2100 5667; x_wconf 71' lang='lat' dir='ltr'><strong>2l8,</strong></span> <span class='ocrx_word' id='word_1_957' title='bbox 2147 5611 2193 5654; x_wconf 85' lang='lat' dir='ltr'><strong>et</strong></span> <span class='ocrx_word' id='word_1_958' title='bbox 2219 5601 2255 5653; x_wconf 83' lang='grc' dir='ltr'><strong>ι.</strong></span> <span class='ocrx_word' id='word_1_959' title='bbox 2291 5617 2341 5667; x_wconf 92' lang='lat' dir='ltr'><strong>v,</strong></span> <span class='ocrx_word' id='word_1_960' title='bbox 2369 5617 2416 5654; x_wconf 79' lang='grc' dir='ltr'><strong>ε.</strong></span> <span class='ocrx_word' id='word_1_961' title='bbox 2447 5599 2551 5665; x_wconf 74' lang='grc'><strong>9-0,</strong></span> <span class='ocrx_word' id='word_1_962' title='bbox 2585 5616 2638 5669; x_wconf 88' lang='lat' dir='ltr'><strong>p.</strong></span> <span class='ocrx_word' id='word_1_963' title='bbox 2681 5599 2803 5665; x_wconf 81' lang='grc'><strong>557,</strong></span> <span class='ocrx_word' id='word_1_964' title='bbox 2829 5611 2876 5652; x_wconf 89' lang='lat' dir='ltr'><strong>et</strong></span> <span class='ocrx_word' id='word_1_965' title='bbox 2903 5599 2939 5654; x_wconf 83' lang='grc' dir='ltr'><strong>Ι.</strong></span> <span class='ocrx_word' id='word_1_966' title='bbox 2965 5612 3090 5666; x_wconf 76' lang='lat' dir='ltr'><strong>xw,</strong></span> <span class='ocrx_word' id='word_1_967' title='bbox 3122 5617 3169 5654; x_wconf 89' lang='lat' dir='ltr'><strong>c.</strong></span> <span class='ocrx_word' id='word_1_968' title='bbox 3192 5601 3248 5665; x_wconf 85' lang='lat'><strong>8;</strong></span> <span class='ocrx_word' id='word_1_969' title='bbox 3272 5597 3440 5666; x_wconf 79' lang='lat' dir='ltr'><strong>Fest.,</strong></span> 
     </span>
    </p>
   </div>
   <div class='ocr_carea' id='block_1_116' title="bbox 1850 5694 3443 5767">
    <p class='ocr_par' dir='ltr' id='par_1_116' title="bbox 1850 5694 3443 5767">
     <span class='ocr_line' id='line_1_116' title="bbox 1850 5694 3443 5767; baseline 0.003 -19"><span class='ocrx_word' id='word_1_970' title='bbox 1850 5694 1913 5748; x_wconf 87' lang='lat' dir='ltr'><strong>de</strong></span> <span class='ocrx_word' id='word_1_971' title='bbox 1940 5694 2135 5750; x_wconf 80' lang='lat' dir='ltr'><strong>aerbor.</strong></span> <span class='ocrx_word' id='word_1_972' title='bbox 2165 5694 2407 5767; x_wconf 80' lang='lat' dir='ltr'><strong>Signif.).</strong></span> <span class='ocrx_word' id='word_1_973' title='bbox 2443 5694 2633 5750; x_wconf 88' lang='lat' dir='ltr'><strong>Nonne</strong></span> <span class='ocrx_word' id='word_1_974' title='bbox 2674 5709 2835 5764; x_wconf 90' lang='lat' dir='ltr'><strong>porro</strong></span> <span class='ocrx_word' id='word_1_975' title='bbox 2865 5704 2921 5751; x_wconf 89' lang='lat' dir='ltr'><strong>et</strong></span> <span class='ocrx_word' id='word_1_976' title='bbox 2949 5694 3040 5750; x_wconf 90' lang='lat' dir='ltr'><strong>ille</strong></span> <span class='ocrx_word' id='word_1_977' title='bbox 3080 5696 3195 5767; x_wconf 90' lang='lat' dir='ltr'><strong>ipse</strong></span> <span class='ocrx_word' id='word_1_978' title='bbox 3223 5704 3308 5752; x_wconf 76' lang='lat' dir='ltr'><strong>est</strong></span> <span class='ocrx_word' id='word_1_979' title='bbox 3327 5737 3342 5764; x_wconf 92' lang='lat'><strong>,</strong></span> <span class='ocrx_word' id='word_1_980' title='bbox 3372 5695 3443 5753; x_wconf 90' lang='lat' dir='ltr'><strong>de</strong></span> 
     </span>
    </p>
   </div>
   <div class='ocr_carea' id='block_1_117' title="bbox 1849 5790 3444 5863">
    <p class='ocr_par' dir='ltr' id='par_1_117' title="bbox 1849 5790 3444 5863">
     <span class='ocr_line' id='line_1_117' title="bbox 1849 5790 3444 5863; baseline 0.002 -19"><span class='ocrx_word' id='word_1_981' title='bbox 1849 5805 1955 5861; x_wconf 87' lang='lat' dir='ltr'><strong>quo</strong></span> <span class='ocrx_word' id='word_1_982' title='bbox 2001 5790 2190 5848; x_wconf 84' lang='lat' dir='ltr'><strong>Cicero</strong></span> <span class='ocrx_word' id='word_1_983' title='bbox 2233 5790 2489 5862; x_wconf 88' lang='lat' dir='ltr'><strong>scripsit:</strong></span> <span class='ocrx_word' id='word_1_984' title='bbox 2525 5790 2901 5862; x_wconf 83' lang='lat' dir='ltr'><strong>Philosophica</strong></span> <span class='ocrx_word' id='word_1_985' title='bbox 2945 5791 3232 5863; x_wconf 86' lang='lat' dir='ltr'><strong>dogmata,</strong></span> <span class='ocrx_word' id='word_1_986' title='bbox 3269 5808 3290 5843; x_wconf 68' lang='grc' dir='ltr'><em>α</em></span> <span class='ocrx_word' id='word_1_987' title='bbox 3323 5796 3444 5863; x_wconf 88' lang='lat' dir='ltr'><strong>post</strong></span> 
     </span>
    </p>
   </div>
   <div class='ocr_carea' id='block_1_118' title="bbox 1849 5881 3442 5965">
    <p class='ocr_par' dir='ltr' id='par_1_118' title="bbox 1849 5881 3442 5965">
     <span class='ocr_line' id='line_1_118' title="bbox 1849 5881 3442 5965; baseline 0.003 -23"><span class='ocrx_word' id='word_1_988' title='bbox 1849 5881 1911 5942; x_wconf 88' lang='lat' dir='ltr'><strong>L.</strong></span> <span class='ocrx_word' id='word_1_989' title='bbox 1951 5883 2079 5944; x_wconf 65' lang='lat' dir='ltr'><strong>Elii</strong></span> <span class='ocrx_word' id='word_1_990' title='bbox 2113 5886 2292 5965; x_wconf 80' lang='lat' dir='ltr'><strong>nostri</strong></span> <span class='ocrx_word' id='word_1_991' title='bbox 2335 5899 2620 5959; x_wconf 86' lang='lat' dir='ltr'><strong>occasum,</strong></span> <span class='ocrx_word' id='word_1_992' title='bbox 2658 5902 2726 5945; x_wconf 87' lang='lat' dir='ltr'><strong>ne</strong></span> <span class='ocrx_word' id='word_1_993' title='bbox 2766 5901 2795 5944; x_wconf 71' lang='grc' dir='ltr'><strong>ο</strong></span> <span class='ocrx_word' id='word_1_994' title='bbox 2830 5884 3032 5946; x_wconf 84' lang='lat' dir='ltr'><strong>Latinis</strong></span> <span class='ocrx_word' id='word_1_995' title='bbox 3073 5887 3289 5961; x_wconf 88' lang='lat' dir='ltr'><strong>quidem</strong></span> <span class='ocrx_word' id='word_1_996' title='bbox 3333 5888 3442 5965; x_wconf 78' lang='lat' dir='ltr'><strong>poti</strong></span> 
     </span>
    </p>
   </div>
  </div>
