3878 6312
474 288 578 346 675

1712 289 2065 365 DISSERTA'J

2201 291 2481 351 ΡΒιιΕΥΙΑ
3616 297 3701 357 676

472 406 799 478 poterant?)
833 404 1052 477 (Cicer.,
1085 403 1174 459 lib.
1208 421 1226 460 ι
1256 404 1499 459 Academ.
1534 404 1668 477 ’pag.
1714 405 1782 474 4,
1814 407 1910 461 lin.
1944 406 2068 480 li).
2102 416 2154 473 Λ
2179 410 2334 477 alibi;
2360 410 2474 465 Liv.
2498 452 2513 477 ,
2547 409 2639 465 lib.
2667 423 2874 476 nam;
2906 407 3081 476 Νίκη
3103 407 3193 463 lib.
3223 423 3318 465 xm
3336 450 3353 479 ,
3381 411 3529 479 c.13,
3552 431 3599 483 p.
3621 414 3699 480 58;

546 503 617 556 At
647 510 799 556 certe
841 499 910 555 de
959 498 1054 553 illo
1096 498 1267 554 Lucio
1316 498 1469 555 IElio
1511 500 1718 555 Stilone
1768 501 1883 556 hinc
1930 502 2072 556 idem

472 592 666 649 Cicero
692 592 911 663 scriptis
937 591 1217 647 mandavit
1247 610 1261 646 :
1298 611 1316 645 ι
1353 594 1530 648 Cottae
1563 609 1662 663 pro
1685 610 1737 647 se
1762 612 1782 645 ι
1829 593 2072 665 (quidam

474 683 763 740 delendum
803 685 1156 754 suSpicantur
1194 685 1328 740 illud
1375 689 1450 756 se)
1488 704 1508 736 ι
1570 686 1688 754 lege
1738 687 1920 752 varia,
1952 704 2074 757 qua:

474 778 811 845 inscribitur,
848 794 970 834 eam
1003 777 1064 834 L.
1093 778 1270 834 {Elius
1295 779 1486 834 scribit
1509 778 1681 834 Cattae
1711 790 1923 850 rogatu.
1948 780 2074 835 Fuit

454 872 519 936 is
558 874 778 928 omnino
820 875 903 928 vir
952 876 1237 944 egregius,
1287 883 1343 929 et
1373 890 1540 945 eques
1580 873 1885 940 Romanus,
1947 889 2071 929 cmn

472 966 663 1035 primis
696 966 961 1022 honestus
984 1009 1000 1035 ,
1033 967 1289 1037 idemque
1317 967 1719 1022 eruditissimus
1743 1009 1756 1031 ,
1789 975 1845 1022 et
1880 967 2073 1038 grrecis

472 1057 672 1113 litteris
697 1069 751 1115 et
800 1060 981 1115 latinis
1013 1059 1508 1135 :antiquitatisque
1552 1069 1783 1128 nostrae,
1817 1068 1871 1114 et
1903 1063 1955 1114 in
1986 1060 2069 1114 in-

470 1152 652 1205 ventis
702 1155 900 1218 rebus,
947 1154 1083 1208 etin
1139 1151 1309 1217 actis,
1345 1154 1782 1223 scriptorumque
1820 1164 2066 1208 veterum

472 1242 708 1300 litterate
738 1247 972 1315 peritus;
1022 1262 1179 1315 quam
1217 1247 1498 1302 scientiam
1540 1244 1715 1301 Varro
1756 1255 1940 1301 noster
1978 1261 2072 1301 ac-

472 1348 686 1409 ceptam
731 1340 800 1394 ab
831 1340 945 1405 illo,
977 1350 1303 1412 auctamque
1327 1357 1425 1412 per
1456 1357 1516 1396 se
1549 1342 1631 1395 vir
1669 1339 1888 1412 ingenio
1930 1358 2071 1410 pra:-

472 1442 664 1500 staus,
694 1434 953 1505 omnique
1000 1435 1252 1491 doctrina
1294 1436 1544 1507 pluribus
1583 1446 1637 1491 et
1684 1435 2074 1493 illustrioribus

472 1527 671 1584 litteris
701 1530 1019 1602 explicavit.
1053 1530 1161 1587 Sed
1184 1531 1327 1585 idem
1360 1530 1540 1587 Elius
1570 1530 1777 1586 stoicus
1807 1545 1931 1587 esse
1973 1545 2071 1584 vo-

473 1622 607 1689 luit,
653 1635 841 1678 orator
884 1633 1064 1679 autem
1103 1639 1206 1680 nec
1244 1625 1450 1679 studuit
1479 1640 1743 1695 unquam,
1800 1638 1901 1678 nec
1950 1622 2067 1677 fuit.

470 1716 754 1771 Scribebat
793 1728 969 1772 tamen
1022 1717 1333 1781 orationes,
1384 1732 1520 1785 quas
1561 1716 1653 1769 alii
1698 1715 1985 1781 dicerent,
2015 1723 2073 1769 ut

2181 489 2340 558 Dion.
2369 503 2639 558 Halicarn.
2663 543 2680 572 ,
2705 504 2800 561 lib.
2829 519 2884 571 ι,
2916 521 2971 575 p.
2999 502 3066 569 6;
3090 504 3246 560 Auct.
3269 503 3410 574 Orig.
3430 514 3555 574 gent.
3575 523 3701 576 rout.,

2178 616 2233 668 p.
2264 598 2416 669 299).

2254 693 2578 750 Antiochum
2620 701 2812 748 testem
2858 692 3111 763 producit
3149 691 3446 758 Arnobius,
3488 691 3574 749 sed
3610 701 3706 764 post

2175 786 2510 842 Clementem
2537 786 2960 842 Alexandrinum
2983 827 2999 854 ,
3045 786 3123 841 uti
3170 801 3198 839 a
3224 783 3380 841 nobis
3410 784 3588 840 alicubi
3631 785 3708 840 ob-

2174 891 2452 937 servatum
2477 924 2492 949 ,
2549 881 2641 937 ubi
2663 880 2730 937 de
2758 881 2860 936 hoc
2887 882 3156 951 scriptore
3185 878 3374 951 agendi
3395 893 3509 936 sese
3532 876 3707 935 occasio

2175 980 2373 1035 obtulit
2426 979 2645 1047 (Arnob.
2667 1020 2684 1046 ,
2730 978 2822 1035 lib.
2852 995 2940 1047 vt,
2970 996 3027 1050 p.
3062 977 3201 1044 195;
3251 988 3373 1033 tom.
3403 992 3423 1033 ι
3460 975 3707 1046 Apparet,

2178 1090 2232 1143 ρ.
2261 1071 2366 1127 725
2392 1084 2437 1126 el
2460 1072 2612 1138 817).

2254 1165 2645 1236 Apollodorum
2672 1164 2866 1221 eodem
2893 1164 3053 1236 plane
3082 1162 3245 1219 modo
3275 1171 3465 1218 testem
3491 1159 3712 1216 Arnobius

2173 1260 2438 1329 adhibet;
2471 1261 2566 1318 sed
2616 1261 2959 1317 ostendimus
2999 1259 3184 1330 plures
3224 1272 3293 1314 eo
3337 1257 3545 1313 nomine
3583 1255 3713 1312 inisse

2175 1369 2281 1424 app
2311 1354 2471 1409 llatos
2501 1354 2752 1426 (Arnob.,
2786 1351 2878 1408 lib.
2910 1368 2989 1420 tv,
3038 1369 3095 1423 p.
3130 1351 3273 1417 1M;
3321 1359 3486 1406 tanta
3520 1349 3713 1421 Appon,

2176 1464 2231 1516 p.
2282 1446 2424 1503 1192
2452 1457 2498 1500 et
2532 1446 2718 1516 1256).

2250 1543 2479 1597 Arianus
2506 1541 2740 1612 Epicteti
2762 1581 2778 1606 ,
2820 1540 2960 1596 sicut
3006 1549 3198 1595 auctor
3224 1546 3408 1595 noster
3444 1543 3706 1603 attestatur,

2174 1635 2503 1691 docmnenta
2554 1633 2972 1703 approbaverat.
3023 1632 3091 1687 Et
3140 1640 3293 1688 recte
3347 1629 3572 1703 quidem.
3613 1627 3716 1683 Nam

2175 1729 2305 1795 ille,
2345 1731 2436 1799 qui
2484 1729 2658 1800 patria
2703 1725 3139 1782 Nicomediensis
3182 1723 3321 1789 fuit,
3375 1722 3644 1779 historicus
3676 1727 3717 1775 et

472 1808 538 1874 ρ.
572 1808 828 1874 Metello,
862 1818 920 1863 ut
967 1809 1031 1876 ρ.
1064 1809 1344 1879 Caepioni,
1391 1819 1447 1863 ut
1477 1807 1543 1876 ρ.
1595 1807 1855 1878 Pompeio
1900 1807 2065 1873 Rufo;

2180 1823 2567 1894 philosophus,
2617 1821 2853 1892 Epicteti
2900 1819 3315 1877 dissertationes
3340 1817 3552 1890 digessit
3587 1814 3717 1883 Quin-

470 1918 799 1974 quamquam
827 1904 872 1957 is
898 1905 1058 1959 etiam
1084 1905 1199 1975 ipse
1222 1906 1530 1971 scripsisset
1563 1918 1656 1958 eas
1674 1945 1690 1971 ,
1717 1903 1913 1974 quibus
1954 1911 2075 1971 post

473 2011 531 2048 se
581 2005 667 2049 est
698 2011 864 2061 usus,
896 1997 991 2051 sed
1028 2012 1134 2052 non
1165 1998 1284 2051 sine
1315 1995 1483 2051 Eho.
1521 1997 1616 2052 llis
1666 1998 1810 2051 enim
1856 1997 2073 2066 scriptis

471 2088 637 2142 etiam
701 2089 817 2158 ipse
866 2088 1085 2142 interfui
1112 2130 1126 2154 ,
1160 2106 1282 2144 cum
1313 2105 1490 2145 essem
1523 2090 1663 2161 apttd
1708 2087 1913 2146 Elium
1939 2090 2071 2144 ado-

470 2180 707 2246 lescens,
731 2197 963 2251 eumque
990 2181 1181 2237 audire
1212 2183 1555 2252 perstudiose
1584 2183 1816 2238 solerem
1856 2203 1875 2236 ι
1911 2181 2068 2256 (Cic.,

468 2271 619 2326 Brut.
641 2314 657 2338 ,
682 2290 804 2343 pag.
833 2273 972 2337 229,
1004 2275 1098 2328 litt.
1136 2274 1250 2344 16).

560 2363 845 2420 Fuitalter
906 2364 1087 2420 Elius
1136 2369 1463 2437 cognomine
1515 2368 1764 2436 Tubero,
1823 2370 1945 2440 qui,
1994 2378 2071 2442 (ut

470 2458 613 2513 idem
663 2459 856 2516 Cicero
885 2461 1077 2516 eodem
1108 2464 1159 2515 in
1190 2462 1328 2517 libro
1374 2462 1625 2532 perhibet
1646 2504 1661 2527 ,
1708 2464 1982 2519 orationes
2014 2464 2067 2519 in

469 2550 769 2607 Gracchum
805 2552 1025 2619 habuit,
1051 2554 1145 2610 sed
1172 2555 1334 2610 homo
1366 2556 1535 2611 durus
1565 2567 1714 2621 erat,
1748 2569 1897 2613 secta
1928 2558 2067 2613 stoi-

467 2659 597 2709 cus,
631 2646 923 2701 mediocris
972 2647 1023 2701 in
1072 2647 1341 2714 dicendo,
1392 2648 1742 2705 doctissimus
1788 2651 1840 2706 id
1882 2650 2068 2721 dispu-

471 2738 655 2793 tando.
689 2738 944 2805 Quaedam
969 2750 1148 2795 autem
1179 2740 1298 2810 ejus
1337 2742 1499 2796 verba
1540 2759 1569 2796 a
1604 2741 1871 2797 Cicerone
1916 2754 2064 2798 tran-

479 2830 679 2901 scripta
727 2831 893 2886 refert
928 2832 992 2886 A.
1034 2830 1279 2895 Gellius,
1324 2848 1353 2886 a
1397 2850 1505 2904 quo
1549 2833 1669 2902 ejus
1714 2834 2065 2889 historiarum

469 2918 624 2982 libri,
676 2922 906 2991 aliaaque
934 2923 1342 2979 lucubrationes
1366 2967 1380 2989 ,
1418 2925 1557 2980 sicut
1586 2942 1614 2979 a
1650 2926 1910 2998 Dionysio
1957 2928 2064 2983 Ha-

466 3010 834 3078 licarnasseo,
892 3012 1092 3078 Festo,
1148 3026 1308 3083 atque
1357 3016 1484 3072 aliis
1536 3018 1793 3073 citantur.
1859 3020 2066 3076 Poteris

464 3113 729 3172 praeterea
758 3104 1010 3160 Vossium
1039 3107 1328 3163 consulere
1357 3108 1524 3179 (Ibid.
1545 3151 1560 3175 ,
1586 3128 1643 3182 ρ.
1665 3111 1773 3168 219
1795 3155 1809 3177 ,
1835 3114 1927 3167 lin.
1961 3114 2063 3179 51;

2174 1928 2287 1969 tum
2320 1924 2501 1969 autem
2525 1929 2711 1969 earum
2738 1913 2931 1968 librum
2962 1914 3027 1971 A.
3058 1911 3267 1968 Gellius
3297 1912 3465 1967 citat:
3496 1908 3581 1966 sed
3611 1923 3715 1978 qua-

2176 2020 2296 2061 tuor
2338 2015 2545 2060 tantum
2594 2005 2738 2077 typis
2782 2003 2941 2060 edita:
2985 2002 3142 2059 nobis
3192 2011 3501 2074 supersunt.
3549 1998 3715 2055 Videsis

2175 2099 2429 2156 Vossium
2451 2139 2467 2163 ,
2518 2097 2820 2154 Gesnerum
2850 2138 2864 2164 ,
2906 2105 2961 2153 et
2990 2096 3041 2151 in
3070 2095 3271 2152 citatos
3298 2093 3453 2151 Gellii
3484 2092 3619 2148 locos
3641 2106 3713 2145 an-

2173 2194 2479 2248 notationes
2510 2192 2728 2262 (Arnob.
2759 2191 2849 2245 lib.
2885 2206 2961 2255 ιι,
3004 2206 3058 2260 p.
3088 2189 3193 2254 90;
3228 2186 3368 2245 Gell.
3390 2227 3408 2255 ,
3439 2186 3577 2252 liba,
3600 2200 3641 2239 c.
3663 2181 3712 2245 2.

2176 2287 2263 2340 lib.
2296 2302 2485 2352 xxvn,
2516 2302 2563 2341 ε.
2593 2283 2694 2352 19;
2726 2283 2815 2338 lib.
2863 2297 3023 2351 nix,
3054 2299 3102 2340 c.
3129 2280 3197 2347 2;
3248 2278 3399 2336 Voss.
3424 2320 3442 2348 ,
3488 2278 3570 2333 lib.
3603 2289 3637 2331 ιι
3670 2274 3714 2328 dt

2175 2382 2318 2438 Hist.
2349 2397 2504 2454 grtcc.
2532 2421 2548 2447 ,
2579 2396 2628 2435 c.
2660 2379 2755 2445 11,
2784 2396 2837 2451 p.
2872 2376 2985 2449 15).

2184 2528 2191 2535 .
2252 2482 2418 2536 Butas
2447 2480 2516 2535 ab
2547 2478 2813 2544 Arnsbio,
2865 2476 2918 2530 in
2955 2473 3261 2531 Consulibus
3284 2516 3303 2543 ,
3352 2473 3714 2545 scripsissem-

2170 2576 2316 2630 ditur
2359 2575 2438 2628 fas
2467 2571 2786 2627 mulieribus
2817 2586 2924 2626 non
2958 2568 3130 2625 fuisse
3154 2581 3396 2641 myrteas
3427 2562 3709 2623 verbenasitl

2171 2667 2335 2721 Bona:
2378 2664 2495 2721 dea:
2560 2663 2763 2719 inferre
2821 2662 3104 2718 sacellum.
3155 2664 3221 2716 At
3273 2660 3486 2731 quidam
3529 2657 3590 2713 ibi
3631 2667 3711 2711 non

2174 2757 2357 2824 Butas,
2411 2757 2505 2811 sed
2552 2754 2870 2810 Plutarchus
2910 2752 3194 2823 legendum
3243 2753 3594 2824 suspicantur.
3631 2745 3712 2802 Nec

2170 2850 2416 2907 fortassis
2469 2850 2741 2905 innuerito
2781 2847 3052 2919 (Arnob.,
3104 2845 3192 2901 lib.
3246 2863 3318 2913 ν,
3375 2865 3429 2918 ρ.
3461 2840 3711 2909 188;Ριιι-

2169 2944 2377 3009 tarda,
2428 2953 2553 2997 tom.
2601 2958 2674 3004 ιι.
2728 2960 2781 3011 p.
2832 2938 2990 3002 268).
3034 2937 3167 2994 Nam
3221 2937 3541 2994 Plutarchus
3575 2934 3622 2990 id
3652 2946 3713 2988 re-

2169 3055 2295 3094 vera
2344 3039 2395 3091 iu
2430 3036 2810 3104 Questionibus
2841 3032 3111 3099 Romanis,
3145 3048 3269 3105 qua:
3310 3047 3483 3105 grmce
3520 3026 3713 3103 Ρωμωᾶ

2170 3131 2573 3193 inscribuntur,
2620 3144 2740 3185 eam
2798 3128 3156 3199 quastionem
3214 3127 3504 3199 proponit,
3542 3137 3597 3178 ac
3634 3118 3714 3175 σοι·
3826 3130 3827 3139 ‘

465 3198 528 3250 Α.
566 3195 704 3252 Gell.
728 3242 741 3263 ,
776 3200 866 3253 lib.
900 3216 989 3256 xw
1037 3199 1196 3255 Nocl.
1241 3211 1368 3271 att.,
1399 3221 1446 3257 c.
1477 3203 1543 3273 2,
1590 3223 1642 3273 p.
1692 3206 1831 3273 765;
1866 3207 1954 3260 lib.
1988 3223 2061 3273 γι,
2090 3204 2138 3269 C
2171 3226 2267 3281 γη⁸
2300 3224 2409 3279 cur
2438 3236 2620 3278 autem
2672 3195 2833 3276 hanc—
2853 3195 3232 3290 qumslionem'
3265 3195 3529 3276 Arnobius
3555 3212 3712 3286 (Lib-l.

469 3306 591 3362 cap.
625 3292 679 3358 3,
722 3310 776 3362 p.
807 3291 947 3359 568,
997 3311 1115 3363 cap.
1162 3296 1228 3361 4,
1277 3315 1331 3367 p.
1368 3297 1505 3361 370;
1558 3298 1649 3351 lib.
1681 3313 1752 3365 x,
1795 3315 1912 3369 cap.
1956 3298 2063 3365 28,

464 3400 517 3455 p.
552 3383 799 3450 575;lib.
826 3401 914 3439 xlv
935 3402 1071 3457 ,cap.
1101 3387 1136 3439 2
1155 3429 1168 3452 ,
1192 3406 1245 3458 p.
1269 3388 1873 3460 765;Dionys.11alic.,
1902 3389 1993 3445 lib.
2021 3408 2061 3455 ι,

463 3494 518 3548 p.
554 3476 587 3532 6
612 3488 657 3531 ct
684 3478 784 3545 67;
826 3477 974 3534 Voss.
999 3521 1012 3544 ,
1045 3480 1134 3535 lib.
1167 3497 1184 3536 ι
1218 3482 1279 3534 de
1308 3481 1449 3539 Hist.
1477 3483 1555 3537 lit.
1579 3523 1596 3549 ,
1619 3485 1708 3538 lib.
1737 3501 1790 3551 ι,
1822 3502 1938 3558 cap.
1983 3485 2061 3558 9).

534 3569 667 3638 Quis
689 3582 869 3627 autem
897 3588 963 3626 ex
1010 3571 1095 3628 his
1137 3573 1350 3629 duobus
1377 3575 1446 3629 ab
1499 3578 1743 3633 Arnobio
1776 3577 2061 3646 laudetur,

464 3666 510 3720 si
555 3681 806 3735 quaeras,
854 3668 1312 3738 respondebimus
1342 3684 1473 3723 vero
1511 3684 1632 3726 esse
1676 3671 1907 3726 similius
1952 3674 2063 3742 pri-

464 3772 610 3813 mum
646 3756 852 3813 Elium
882 3760 1146 3816 Stilonem
1180 3760 1249 3814 ab
1298 3776 1365 3816 eo
1395 3762 1573 3817 citari.
1623 3760 1789 3833 Cujus
1836 3778 1969 3820 sane
2009 3765 2061 3818 in

464 3852 739 3922 opinionis
766 3854 1239 3910 confirmationem
1270 3855 1501 3925 proferri
1548 3867 1779 3928 possunt
1828 3863 1987 3914 citata
2032 3875 2064 3916 ει

464 3946 622 4002 nobis
674 3946 934 4003 Varronis
985 3948 1180 4017 verba,
1237 3950 1435 4020 quibus
1474 3948 1871 4020 discrepantem
1904 3952 2063 4021 hujus

465 4037 595 4095 Λῖιίἱὶ
638 4057 669 4095 a
712 4041 947 4107 Pisone,
979 4043 1443 4113 quemadmodum
1492 4046 1569 4099 ait
1617 4044 1894 4101 Arnobius
1936 4061 2060 4101 nos.

466 4145 567 4205 ter,
601 4137 930 4192 sententiam
985 4138 1188 4201 retulit.
1221 4138 1333 4194 Nec
1386 4140 1614 4195 multum
1673 4156 1807 4197 sane
1837 4142 2065 4198 interest

462 4248 643 4292 utrum
684 4237 752 4293 ab
803 4237 992 4293 eodem
1026 4237 1273 4293 Varrone
1314 4238 1379 4294 C.
1414 4237 1625 4308 Elius,
1676 4252 1770 4294 aut
1819 4240 1889 4295 ab
1939 4239 2062 4296 aliis

464 4327 525 4382 L.
557 4326 734 4385 IElius
764 4331 1097 4385 nominetur.
1129 4331 1247 4388 Una
1278 4332 1423 4386 enim
1459 4333 1636 4387 littera
1668 4334 1722 4387 in
1772 4332 1933 4387 aliam
1966 4349 2063 4403 po-

465 4423 568 4477 tuit
599 4424 755 4479 facile
781 4440 808 4476 a
842 4425 1079 4480 librariis
1116 4426 1460 4481 commutari.

2164 3336 2218 3389 p.
2275 3317 2370 3387 57)
2432 3315 2709 3370 Consualia
2754 3313 3063 3381 vocaverit,
3095 3327 3160 3368 ea
3206 3312 3434 3369 forsitan
3472 3311 3595 3367 ratio
3625 3302 3713 3362 red-

2165 3410 2218 3464 di
2283 3416 2501 3478 potest,
2557 3406 2702 3476 quod
2767 3407 3166 3477 propositarum
3223 3405 3573 3476 quaestionum
3620 3411 3713 3454 cau-

2165 3517 2255 3558 sas
2283 3510 2336 3556 et
2382 3501 2623 3555 rationes
2654 3498 2857 3554 afferre
2902 3498 3111 3553 nititur.
3157 3496 3213 3554 Si
3263 3498 3387 3568 quis
3434 3504 3598 3553 tamen
3637 3489 3713 3545 Bu-

2166 3603 2236 3650 ta:
2280 3594 2563 3649 Consualia
2610 3593 2770 3648 nobis
2802 3591 3151 3655 indicaverit,
3185 3592 3241 3647 in
3288 3608 3358 3648 eo
3404 3589 3630 3662 protinus
3647 3596 3713 3639 ac-

2167 3690 2532 3762 quieseemus-

2238 3785 2524 3841 Czeseliius
2567 3784 2956 3855 grammaticus
2999 3782 3430 3840 celebratissima
3472 3778 3710 3839 lectionum

2163 3879 2509 3949 antiquarum
2564 3877 2954 3932 commentaria
2979 3875 3088 3943 ,ab
3138 3876 3205 3933 A.
3256 3876 3432 3934 Gellio
3468 3872 3641 3943 saepius
3658 3868 3713 3924 ci-

2166 3981 2275 4027 tata
2299 4014 2313 4039 ,
2346 3970 2548 4041 publici
2578 3968 2715 4039 juris
2765 3969 2914 4027 fecit.
2941 3969 3079 4026 Huic
3103 3977 3284 4026 autem
3310 3980 3595 4041 cognomen
3617 3961 3710 4015 Vir

2165 4068 2268 4121 dici
2298 4065 2465 4121 fuisse
2496 4064 2811 4119 testiﬁcatur
2836 4062 3021 4136 (Gell.,
3046 4064 3134 4119 lib.
3167 4079 3205 4119 ιι
3234 4061 3394 4118 Noct.
3422 4070 3516 4116 att.
3538 4099 3556 4128 ,
3578 4052 3711 4115 c.16;

2165 4159 2254 4215 lib.
2281 4175 2374 4227 ιιι,
2398 4175 2445 4212 c.
2471 4157 2571 4222 16;
2598 4156 2686 4211 lib.
2716 4172 2788 4211 vn
2811 4198 2826 4222 ,
2858 4172 2906 4211 c.
2933 4158 3020 4219 11.
3053 4156 3145 4210 lib.
3171 4171 3210 4212 tt
3233 4197 3248 4222 ,
3297 4173 3348 4210 c.
3403 4155 3503 4220 14;
3541 4150 3621 4208 lib.
3643 4156 3711 4209 ιιι

2165 4270 2214 4307 c.
2280 4253 2374 4316 15;
2408 4250 2496 4305 lib.
2549 4264 2750 4316 xxviii,
2780 4265 2829 4304 c.
2865 4250 2927 4304 11
2951 4290 2964 4310 ,
2998 4248 3066 4302 lib
3092 4265 3232 4314 tt,c.
3255 4246 3336 4320 2).

2237 4346 2396 4400 Ctesii
2443 4359 2638 4399 nomen
2689 4343 2797 4398 duo
2852 4358 2903 4397 m
2952 4344 3143 4414 primis
3179 4353 3360 4413 poeta:
3413 4336 3714 4413 praetulerunt

2171 4436 2384 4509 (Arnob.
2421 4434 2510 4488 lib.
2548 4451 2643 4502 ιιι,
2671 4452 2726 4505 ρ.
2762 4432 2908 4506 125).
2940 4434 3143 4489 Horum
3184 4450 3328 4489 unus
3355 4433 3489 4499 fuit,
3532 4427 3612 4500 qui
3653 4424 3713 4478 in-

537 4514 727 4571 Elhlii
759 4518 1072 4573 testimonio
1105 4529 1224 4588 post
1265 4519 1599 4575 Clementem
1632 4521 2059 4577 Alexandrinum
2087 4594 2119 4597 _
2169 4530 2350 4585 sulsus
2379 4529 2659 4597 malusque
2692 4538 2850 4594 poeta
2879 4528 2966 4583 his
3003 4525 3199 4582 Catulli
3245 4527 3317 4583 ad
3366 4524 3576 4582 Calvum
3597 4513 3709 4574 Ιιὶοί-

462 4611 771 4677 Arnobius,
816 4621 872 4665 ut
899 4626 1066 4680 supra
1090 4613 1358 4678 vidimus,
1390 4630 1521 4668 usus
1562 4623 1666 4668 est.
1704 4615 1776 4669 De
1820 4616 1912 4670 illo
1959 4633 2057 4670 au-
2085 4594 2141 4657 Β
2166 4641 2292 4681 num
2321 4632 2596 4680 oratorem
2629 4622 2874 4677 versibus
2905 4631 3122 4677 notatur
3152 4639 3167 4676 :

462 4712 569 4758 tem
602 4702 826 4758 Vossius
850 4744 866 4770 ,
895 4713 948 4758 et
971 4719 1069 4758 nos
1096 4704 1205 4773 jam
1240 4705 1440 4776 aliquid
1481 4708 1534 4761 in
1574 4708 1851 4774 superiore
1877 4708 2060 4778 Appa-

461 4805 611 4850 ratus
645 4794 811 4848 nostri
837 4806 983 4847 tomo
1020 4794 1256 4849 diximus
1283 4796 1506 4866 (Arnob.
1531 4839 1547 4865 ,
1580 4797 1671 4851 lib.
1705 4813 1778 4861 vn,
1826 4815 1879 4870 p.
1922 4800 2058 4868 196;

474 4886 715 4954 Vossius,
777 4888 867 4941 lib.
924 4902 981 4941 ιιι
1046 4888 1111 4941 de
1143 4887 1342 4943 Hister.
1375 4907 1532 4962 grazc.
1556 4932 1572 4958 ,
1625 4909 1679 4963 p.
1715 4891 1851 4959 516;
1884 4902 2007 4949 tom.
2043 4909 2061 4950 ι

459 4984 713 5055 Apparat.
734 5024 749 5049 ,
781 4999 833 5053 p.
868 4980 1018 5053 735).

531 5079 756 5145 Antias,
792 5072 982 5148 seu‘Q.
1015 5078 1269 5137 Valerius
1310 5082 1497 5138 Antias
1527 5087 1733 5154 grande
1775 5087 2051 5143 annalium

459 5188 596 5244 opus
622 5174 901 5242 ediderat,
931 5174 1089 5243 cujus
1116 5175 1251 5230 liber
1272 5176 1544 5232 secundus
1592 5179 1660 5232 ab
1689 5190 1914 5236 auctore
1956 5197 2057 5236 no-

459 5278 574 5322 Stro
603 5274 657 5321 et
684 5267 955 5322 Macrobio
989 5265 1207 5339 (Arnob.
1231 5310 1245 5331 ,
1280 5269 1369 5323 lib.
1412 5286 1478 5337 v,
1511 5289 1560 5339 p.
1600 5270 1736 5335 151;
1784 5272 2016 5327 Macrob.
2038 5316 2054 5342 ,

460 5360 549 5414 lib.
579 5376 595 5415 ι
634 5361 909 5416 Saturual.
930 5404 945 5426 ,
975 5378 1090 5432 cap.
1128 5358 1254 5432 15);
1290 5362 1580 5419 vicesimus
1628 5380 1759 5418 vero
1786 5376 2011 5433 quartus
2036 5409 2052 5433 ,

459 5451 907 5521 quadragesimus
951 5464 1210 5522 quartus,
1252 5469 1314 5509 ac
1356 5457 1791 5526 septuagesimus
1837 5458 2061 5526 quintus

458 5542 545 5599 hic
569 5547 631 5598 A.
662 5542 839 5601 Gellio
863 5548 1120 5602 citantur.
1142 5548 1302 5619 Saepe
1321 5548 1483 5602 etiam
1518 5549 1585 5603 ab
1607 5558 1796 5602 auctor
1823 5564 1854 5604 a
1879 5550 2059 5617 Livio,

392 5710 397 5721 ι
458 5645 513 5693 et
544 5637 754 5708 Plinio,
799 5649 964 5710 atque
994 5640 1190 5696 alicubi
1218 5658 1247 5695 a
1302 5641 1561 5715 Dionysio
1606 5641 2057 5721 Halicarnasseo,

461 5740 515 5784 et
561 5728 798 5800 Originis
841 5733 1019 5803 gentis
1069 5748 1309 5791 romana:
1361 5736 1629 5806 scriptore
1676 5735 1926 5793 laudatus
1980 5747 2065 5795 est

466 5820 664 5898 (Gell.,
696 5823 786 5878 lib.
832 5841 847 5877 ι
891 5823 1048 5881 Noct.
1080 5838 1212 5898 att.,
1262 5847 1307 5885 ε.
1354 5830 1418 5898 7,
1466 5839 1513 5885 ct
1554 5828 1643 5885 lib.
1676 5846 1788 5899 vn,
1823 5848 1869 5886 c.
1920 5830 2064 5899 9,et

2414 4717 2537 4768 Nam
2555 4718 2595 4765 si
2618 4716 2821 4777 luxerit,
2850 4716 2907 4765 ad
2932 4714 3242 4766 librariorum

2420 4779 2621 4831 Curram
2640 4781 2838 4837 scrinia,
2863 4777 3062 4841 Caesios,
3089 4779 3327 4841 Aquinos,

2416 4841 2686 4896 Sullanum,
2709 4844 2870 4892 omnia
2894 4839 3121 4903 colligam
3146 4839 3357 4890 venena.

2415 4905 2486 4956 Ac
2508 4912 2560 4955 te
2584 4905 2663 4955 his
2684 4903 2945 4968 suppliciis
2955 4904 3331 4968 remunerabor.

2885 4961 3105 5029 (Catull.,
3140 4962 3296 5029 epigr.
3318 4962 3421 5029 15.)

2237 5097 2391 5154 Alter
2417 5095 2610 5152 Cresius
2637 5136 2653 5159 ,
2683 5101 3046 5165 cognomento
3072 5091 3269 5148 Bassus
3294 5132 3310 5157 ,
3339 5098 3494 5163 poeta
3531 5081 3706 5158 lyricos,

2160 5189 2389 5247 Neronis
2425 5197 2585 5244 aetate
2629 5187 2843 5251 floruit,
2874 5201 3034 5257 quem
3064 5186 3283 5240 Persius
3321 5185 3400 5240 sic
3426 5181 3627 5238 aﬂ'atur:

2254 5282 2477 5344 Admovit
2499 5280 2597 5344 jam
2619 5281 2789 5344 bruma
2817 5278 2920 5344 foco
2944 5284 3017 5339 te,
3033 5278 3205 5344 Basse,
3224 5276 3425 5343 Sabino,

2254 5344 2426 5417 latone
2449 5332 2570 5417 lyra,
2597 5350 2651 5392 et
2673 5342 2851 5415 tetrico
2878 5332 3044 5417 vivunt
3067 5340 3149 5389 tibi
3176 5332 3385 5417 pecniae
3396 5332 3594 5417 Chardi.

2260 5408 2385 5457 Mire
2408 5400 2595 5469 Opifex,
2634 5406 2855 5469 numeris
2880 5412 3104 5469 veterum
3131 5400 3390 5469 primordia
3414 5407 3587 5469 rerum,

2257 5470 2419 5532 Atque
2443 5463 2629 5518 marem
2653 5468 2914 5532 strepitum
2932 5465 3040 5515 ﬁdis
3058 5463 3335 5532 intendisse
3358 5463 3539 5532 latinae;

2256 5524 2367 5582 Mos
2389 5530 2603 5591 juvenes
2630 5524 2817 5591 agitare
2830 5528 2985 5591 jocos,
3012 5535 3065 5577 et
3089 5525 3265 5590 pollice
3286 5524 3486 5574 honesto

2257 5594 2502 5657 Egregios
2526 5594 2705 5643 lusisse
2725 5604 2894 5642 senes.
3004 5653 3061 5659 __
3274 5648 3301 5659 ,.

2998 5653 3183 5719 (Pers.,
3208 5648 3349 5703 satir.
3374 5645 3447 5711 6.)

2167 5741 2510 5797 Britannicus
2586 5748 2765 5795 autem
2796 5739 2849 5793 in
2890 5739 3006 5793 suis
3048 5736 3116 5794 ad
3157 5735 3274 5791 haec
3311 5728 3538 5790 carmina
3571 5729 3704 5778 anno-

2168 5834 2404 5891 tionibus
2459 5833 2714 5891 observat
2766 5830 2992 5889 Fabium
3044 5830 3112 5888 de
3165 5827 3375 5903 illogsic
3411 5817 3698 5893 scripsisse:
