3878 6312
1312 196 1379 256 ΙΝ
1409 194 1784 265 ARNOBIUM,
1830 191 1986 252 CAP.
2014 192 2207 254 XXVI.
2252 190 2273 243 'l
3233 185 3280 258 Γ
3299 178 3405 248 678

178 213 258 270 677

183 326 502 400 iLyricopum
528 317 780 377 Horatius
817 317 935 376 fere
976 317 1125 374 solus
1164 316 1272 388 legi
1301 314 1517 388 dignus.
1569 315 1701 371 Nam
1731 317 1784 377 Α
1812 312 1989 380 Rhet.,
2024 311 2054 385 ς
2086 315 2142 379 5,
2174 329 2226 382 p.
2254 310 2410 381 8&1).
2444 308 2516 365 Et
2536 308 2657 364 hac
2685 306 2909 380 quidem
2931 306 3213 364 Ciceronis
3244 309 3407 364 verba

177 418 366 489 insurgit
408 411 684 485 aliquando
704 452 721 480 ,
752 421 808 469 et
839 412 1031 483 plenus
1056 410 1414 481 jucunditatis
1437 418 1494 464 et
1520 409 1710 479 gratia:
1815 406 1868 461 in
1895 406 2037 460 illius
2077 405 2377 475 Philippica
2417 403 2653 460 secunda
2681 402 2860 458 adhuc
2902 412 3195 457 occurrunt
3242 400 3397 473 (Cic.,

175 511 379 583 etjvariis
402 508 568 564 verbis
603 515 661 563 et
707 505 1022 562 felicissime
1069 504 1266 559 audax.
1313 503 1369 559 Si
1415 517 1576 573 quem
1616 500 1712 556 ad-
1818 498 2055 569 Philipp.
2077 514 2110 553 ιι
2134 540 2148 564 ,
2184 515 2241 569 ρ.
2276 497 2426 571 495).
2479 497 2641 567 Atqui
2672 496 2795 551 huic
2836 496 3083 565 rhetori,
3116 495 3191 550 uti
3219 498 3409 563 vides,

170 610 308 681 jicere
347 603 470 660 velis
492 644 506 670 ,
568 602 614 658 is
664 601 869 657 Barsius
912 600 1112 656 Bassus
1152 599 1257 655 erit
1280 639 1296 667 ,
1332 612 1495 669 quem
1540 611 1714 668 nuper
1818 608 1924 648 non
1951 592 2110 647 modo
2136 599 2489 647 memoratum
2519 592 2590 646 ah
2621 592 2860 647 Arnobio
2890 607 3084 647 nomen
3116 607 3179 647 ac
3211 606 3413 661 cogno-

175 700 383 756 vidimus.
414 717 432 751 ›
1819 700 1941 741 men
1972 687 2268 755 competit,
2295 682 2391 740 sed
2421 683 2551 738 illud
2579 684 2742 738 etiam
2767 725 2782 749 ,
2815 685 2959 754 quod
3003 700 3181 755 graece
3222 683 3415 740 doctus

1819 778 2051 834 dicatur.
2102 775 2292 833 Utrum
2332 792 2466 832 vero
2497 777 2540 831 is
2584 778 2700 847 ipse
2728 777 2830 843 sit,
2874 777 2962 847 qui
2992 777 3161 833 libros
3204 776 3273 832 de
3313 776 3419 833 diis

1818 887 1996 943 graece
2020 873 2255 930 edidisse
2285 874 2598 944 perhibetur
2620 915 2636 942 ,
2657 874 2905 945 expende
2925 916 2941 944 ,
2970 890 3185 947 quaeso,
3215 884 3272 931 et
3292 890 3419 947 pro-

1823 968 2033 1022 nuntia.

1872 1042 2167 1115 ‘Curniﬁcii
2221 1059 2548 1129 singularem
2599 1059 2667 1114 de
2716 1058 3100 1119 Novensilibus
3143 1056 3249 1117 diis
3295 1074 3420 1117 sen-

1825 1134 2049 1206 tentiam
2099 1151 2285 1207 retulit
2323 1151 2594 1207 Arnobius
2642 1151 2885 1220 (Arnob.,
2916 1152 3006 1207 lib.
3051 1168 3145 1220 ιιι,
3180 1171 3232 1224 ρ.
3266 1151 3417 1227 122).

1827 1246 2105 1303 Testatum
2162 1260 2340 1301 autem
2388 1247 2543 1302 nobis
2603 1247 2905 1302 Macrobius
2950 1246 3074 1302 fecit
3126 1247 3310 1317 plures
3355 1247 3423 1305 ab

1827 1337 1923 1392 illo
1977 1338 2152 1392 editos
2200 1338 2361 1393 fuisse
2404 1338 2725 1409 Etymorum
2772 1338 2972 1404 libros,
3020 1336 3175 1409 cujus
3204 1339 3424 1394 tertium

1828 1432 1978 1486 hisce
2018 1430 2351 1501 totidemque
2389 1431 2575 1486 citavit
2604 1431 2785 1486 verbis
2819 1448 2833 1486 :
2867 1448 2887 1482 ι
2922 1429 3248 1487 Cornificius
3293 1431 3425 1504 Ety-

1829 1542 2041 1581 morum
2105 1526 2199 1583 lib.
2258 1542 2310 1581 ιιι
2356 1528 2584 1594 Cicero,
2639 1545 2659 1579 ι
2697 1528 2905 1598 inquit,
2957 1545 2977 1579 ι
3030 1542 3135 1581 non
3189 1526 3424 1597 Janum,

229 794 341 862 Quis
366 801 536 847 autem
563 805 631 846 ex
653 787 736 845 his
756 787 971 844 duobus
990 829 1005 856 ,
1036 796 1130 844 aut
1154 802 1221 844 ex
1267 786 1390 842 aliis
1414 827 1430 851 ,
1458 785 1503 841 si
1531 784 1621 854 qui
1647 780 1717 841 ab

173 889 240 945 his
257 885 436 943 diversi
479 885 709 947 fuerint,
739 883 808 940 ab
848 883 1090 939 Arnobio
1140 885 1355 950 citetur,
1400 880 1546 937 dictu
1573 877 1719 934 haud

171 981 318 1038 facile.
348 980 401 1036 Si
429 991 602 1035 tamen
638 977 794 1032 illum
835 977 902 1033 de
929 977 1104 1033 Caesio
1133 975 1302 1030 Basso
1347 975 1494 1045 loqui
1525 972 1718 1043 proba-

172 1075 322 1138 veris,
366 1087 465 1127 non
508 1071 924 1142 refragabimur.
959 1068 1169 1125 Videsis
1214 1068 1463 1123 Vossium
1488 1066 1558 1123 de
1592 1081 1721 1139 poe-

171 1169 225 1223 tis
243 1166 406 1222 latinis
433 1163 609 1239 (Voss.
629 1208 646 1235 ,
684 1164 835 1220 Poet.
867 1164 989 1232 lat.,
1025 1180 1083 1234 p.
1118 1165 1182 1218 17
1207 1174 1257 1217 et
1277 1161 1397 1240 μ).

224 1258 375 1316 Cincii
413 1260 480 1314 ab
522 1259 844 1315 auctoritate
870 1257 1026 1329 plura
1054 1257 1330 1315 Arnobius
1368 1257 1585 1326 repetit.
1619 1255 1725 1312 Ve-

171 1353 447 1409 iustissimis
470 1360 649 1408 autem
693 1349 967 1407 historicis
994 1366 1027 1405 a
1076 1349 1334 1420 Dionysio
1381 1348 1726 1405 Halicarnas—

171 1447 337 1501 seohis
362 1446 536 1500 verbis
561 1456 949 1501 annumeratur
983 1462 997 1498 ε
1033 1462 1054 1495 ι
1101 1442 1215 1499 Nec
1242 1443 1519 1499 absimiles
1556 1442 1727 1498 histo-

170 1542 257 1597 rias
284 1540 555 1596 ediderunt
582 1548 846 1611 quotquot
870 1539 1102 1594 Romani
1136 1538 1387 1594 homines
1424 1538 1573 1593 urbis
1612 1551 1727 1593 sua

172 1649 242 1690 res
263 1643 426 1704 gestas
446 1647 626 1703 graeco
649 1647 904 1687 sermone
934 1636 1307 1703 scripserunt,
1349 1644 1581 1701 quorum
1628 1645 1725 1684 ve-
1829 1619 1923 1674 sed
1954 1617 2162 1673 Fanum
2215 1619 2432 1673 nomina
2476 1620 2545 1673 ab
2590 1619 2771 1674 eundo
2810 1639 2829 1672 ι
2865 1617 3151 1690 (Macrob.,
3180 1619 3269 1674 lib.
3315 1619 3424 1675 Sa-

172 1726 410 1781 tustissimi
524 1724 728 1782 Fabius
750 1733 807 1781 et
850 1724 915 1792 L,
957 1722 1177 1779 Cincius
1199 1766 1214 1793 ,
1257 1725 1471 1785 Λεύκιος
1501 1726 1723 1797 Κίγκιος,

1851 1713 2051 1779 urnal.,
2084 1729 2134 1767 c.
2168 1714 2229 1778 6,
2260 1731 2315 1782 ρ.
2339 1712 2496 1783 212).
2531 1713 2672 1768 Alibi
2702 1728 2835 1768 vero
2889 1714 3153 1785 quosdam
3179 1712 3246 1767 de
3291 1713 3430 1769 Cen-

172 1819 302 1874 ambo
327 1819 558 1889 aequales
582 1819 743 1874 bellis
786 1818 1023 1873 Punicis.
1046 1816 1249 1873 Horum
1277 1828 1501 1886 uterque
1522 1832 1583 1871 ea
1613 1814 1730 1885 qui-

173 1912 252 1969 bus
276 1914 379 1983 ipse
405 1900 685 1979 interfuit,
716 1921 774 1967 ut
794 1912 966 1980 probe
1007 1910 1113 1967 sibi
1160 1910 1411 1981 cognita,
1443 1909 1731 1978 diligenter

172 2008 406 2062 mandavit
435 2007 656 2061 litteris.
706 2005 837 2073 Quae
862 2019 995 2060 vero
1025 2005 1154 2058 olim
1187 2013 1307 2072 post
1340 2003 1545 2059 Urbem
1593 2016 1730 2058 eon—

173 2097 301 2152 ditam
321 2097 578 2169 deinceps
598 2107 888 2153 consecuta
927 2105 1082 2163 sunt,
1115 2105 1401 2151 contentus
1449 2094 1546 2150 fuit
1575 2109 1729 2149 sum-

178 2192 320 2247 matim
348 2208 673 2263 percurrere
722 2210 743 2244 ι
777 2190 997 2262 (Arnob.
1018 2235 1034 2259 ,
1062 2190 1155 2245 lib.
1191 2207 1251 2245 ιιι
1275 2229 1293 2256 ,
1318 2208 1374 2260 p.
1407 2189 1545 2256 122;
1571 2188 1729 2244 Dion.

176 2281 337 2350 Halia,
372 2285 459 2339 tib.
489 2302 509 2341 ι
537 2326 553 2353 ,
591 2302 648 2356 p.
679 2285 712 2340 6
742 2296 788 2339 et
818 2283 931 2357 16).
962 2285 1047 2340 Ab
1088 2300 1154 2339 eo
1188 2298 1376 2354 poSIea
1411 2283 1495 2338 vir
1529 2294 1735 2340 senato-

173 2376 222 2429 rii
249 2378 424 2433 ordinis
465 2422 481 2445 ,
514 2388 579 2434 et
623 2393 653 2432 a
678 2377 840 2433 Livio
868 2378 1124 2432 maximus
1158 2386 1347 2431 auctor
1395 2377 1733 2447 appellatur,

171 2469 250 2522 nisi
276 2470 320 2524 in
353 2470 451 2527 hoc
480 2472 630 2526 Livii
658 2471 814 2534 loco,
865 2486 962 2542 pro
991 2471 1280 2538 maximus,
1328 2480 1385 2526 ut
1426 2471 1479 2526 in
1511 2470 1735 2540 quibus-

173 2560 270 2616 dam
295 2564 449 2620 editis
478 2566 710 2619 nmime
739 2580 968 2620 censeas
992 2564 1278 2636 legendum
1306 2563 1439 2636 (Liv.
1458 2604 1475 2632 ,
1508 2564 1595 2619 lib.
1619 2580 1735 2633 xxx,

170 2673 208 2715 c.
233 2658 334 2731 38).
363 2659 511 2715 Illius
555 2676 717 2730 porro
748 2659 955 2714 lihrum'
988 2660 1056 2714 de
1084 2659 1264 2713 Fastis
1303 2660 1490 2713 citavit
1529 2659 1738 2714 Macro-

171 2748 550 2810 bius:Gellius
598 2768 732 2810 vero
758 2756 907 2808 varia
952 2752 1079 2808 libri
1125 2753 1246 2822 ejus
1286 2753 1354 2807 de
1409 2768 1468 2807 re
1518 2750 1739 2807 militari

170 2842 435 2917 fragmenta
472 2849 846 2919 transcripsit.
881 2847 1040 2902 Plura
1065 2845 1135 2901 de
1169 2860 1239 2901 eo
1268 2845 1529 2913 Vossius,
1578 2860 1740 2915 quem

171 2940 205 2993 si
242 2940 412 3008 lubet,
460 2942 624 2998 adire
671 2941 874 3010 poteris
913 2938 1208 3009 (Macrob.,
1247 2939 1339 2995 lib.
1384 2938 1737 3005 iSaturnal.,

1831 1807 2000 1860 tauris
2024 1821 2213 1860 versus
2245 1806 2313 1861 ab
2350 1805 2447 1861 illo
2486 1807 2541 1859 in
2570 1805 2770 1860 Glauco
2810 1806 3125 1864 decantatus
3173 1809 3427 1864 transcri-

1832 1900 1939 1970 psit
1968 1899 2133 1969 (Ibid.
2157 1942 2174 1967 ,
2207 1899 2295 1955 lib.
2337 1916 2389 1955 Vl
2411 1941 2426 1966 ,
2455 1917 2503 1953 ε.
2526 1900 2580 1966 4,
2616 1918 2669 1971 p.
2694 1898 2843 1972 486).
2868 1904 2936 1954 At
2963 1917 3141 1956 nonne
3163 1900 3289 1957 hine
3317 1902 3433 1957 coi-

1834 1993 1924 2064 ligi
1958 2005 2136 2065 potest
2170 1996 2345 2064 ipsum
2385 2009 2506 2049 esse
2537 1995 2606 2049 de
2629 2010 2735 2063 quo
2766 1994 3033 2050 Eusebius
3065 1997 3117 2050 in
3163 1997 3433 2054 Chronico

1833 2088 1912 2142 sic
1939 2088 2177 2158 loquitur
2211 2106 2223 2143 :
2265 2108 2284 2141 ι
2320 2087 2638 2143 Cornificius
2667 2097 2821 2158 poeta
2854 2104 2883 2143 a
2916 2089 3178 2144 militibus
3208 2088 3435 2147 destitu-

1835 2190 1922 2235 tus
1942 2180 2175 2245 interiit,
2205 2197 2341 2249 quos
2368 2195 2513 2251 saepe
2544 2179 2809 2252 fugientes
2829 2186 3071 2252 galeatos
3103 2183 3318 2252 lepores
3340 2198 3435 2254 ap-

1836 2276 2092 2347 pellabat.
2144 2276 2313 2346 Hujus
2357 2291 2515 2331 soror
2568 2274 2894 2343 Cornificio,
2925 2276 3080 2346 cujus
3119 2279 3439 2332 exstantin-

1837 2368 2006 2440 signia
2023 2369 2408 2438 epigrammata
2435 2387 2455 2420 ι
2487 2368 2729 2439 (Euseb..
2762 2367 2953 2424 Chron.
2987 2370 3057 2425 ad
3083 2387 3208 2425 ann.
3242 2370 3435 2443 1:376).

1838 2460 1953 2513 Non
1985 2459 2197 2514 dubitat
2224 2459 2447 2515 Vossius
2478 2461 2605 2529 quin
2643 2460 2687 2514 is
2727 2459 2869 2515 idem
2901 2461 3007 2527 sit,
3037 2469 3200 2532 atque
3229 2461 3438 2533 Virgilii

1840 2554 2193 2618 obtrectator,
2253 2552 2321 2608 de
2370 2568 2478 2622 quo
2534 2552 2588 2608 in
2633 2553 2738 2607 vita
2788 2553 2905 2622 ejus
2967 2554 3108 2623 apud
3170 2555 3437 2609 Donatum

1840 2643 2053 2717 (Voss.,
2083 2649 2146 2699 de
2176 2643 2323 2699 Poet.
2365 2645 2458 2699 lat.
2482 2687 2496 2710 ,
2530 2664 2583 2715 p.
2609 2644 2725 2717 22).
2776 2645 2885 2701 Sed
2932 2646 3126 2702 dubius
3168 2646 3340 2703 haeret
3369 2663 3437 2701 an

1844 2738 1932 2791 ille
1970 2736 2167 2802 fuerit,
2212 2738 2276 2792 ad
2323 2753 2481 2808 quem
2535 2738 2713 2793 adhuc
2766 2739 3018 2810 leguntur
3081 2739 3276 2794 Catulli
3324 2739 3440 2810 epi-

1843 2846 1991 2902 grain
2001 2846 2084 2885 ma
2109 2831 2323 2896 (Catull.
2347 2832 2599 2902 epigram.
2629 2830 2752 2905 56),
2774 2847 2839 2886 ac
2860 2832 3138 2888 Ciceronis
3157 2832 3437 2903 epistolae;

1845 2937 2024 2980 utrum
2050 2927 2212 2980 etiam
2245 2926 2314 2979 ab
2362 2942 2428 2981 eo
2477 2927 2714 2996 profecta
2746 2927 2856 2982 sint
2895 2927 3189 2983 Rhetorica
3221 2928 3289 2983 ad
3336 2929 3443 2984 He-

169 3046 205 3086 c.
240 3033 325 3098 12;
380 3034 517 3090 Gell.
551 3076 566 3100 ,
612 3035 705 3090 lib.
734 3048 828 3089 xvn
878 3031 1035 3088 Noct.
1070 3032 1218 3101 Δια,
1266 3050 1313 3088 c.
1342 3033 1401 3100 4;
1454 3032 1625 3099 Voss.,
1678 3032 1738 3088 de

1846 3021 2093 3075 reunium
2112 3062 2128 3087 ,
2156 3036 2276 3090 quae
2310 3019 2443 3075 falso
2472 3018 2755 3075 Ciceronis
2781 3022 3002 3076 nomine
3050 3021 3440 3078 inscribuntur.

172 3124 287 3194 ωσι.
315 3094 493 3201 ἀπείη
525 3094 631 3186 ιιι.
661 3145 751 3194 ιν,
787 3144 836 3184 ε.
876 3129 986 3196 l5,
1029 3139 1077 3183 ει
1106 3128 1172 3183 de
1204 3094 1532 3197 nimiae,
1578 3094 1668 3185 ιεί.
1706 3144 1726 3184 ι

1846 3110 2013 3168 Nobis
2046 3127 2208 3181 porro
2235 3111 2374 3166 haud
2407 3128 2552 3182 a'gre
2581 3113 3000 3182 persuadebitur
3031 3115 3175 3170 hunc
3221 3114 3445 3171 Corniﬁ-

167 3237 203 3274 c.
229 3221 301 3296 4).-

224 3315 431 3377 Clodius
470 3320 817 3391 praenomine
862 3317 1091 3383 Sextus,
1130 3317 1198 3372 ah
1225 3316 1501 3383 Arnobio,
1552 3317 1605 3371 in
1652 3330 1744 3371 eo-

167 3426 284 3477 rum,
313 3431 428 3486 quaa
472 3416 551 3471 de
580 3414 766 3471 Fauno
796 3414 1046 3481 dicebat,
1089 3413 1244 3468 teStis
1291 3411 1434 3467 hunc
1451 3411 1645 3466 citatur
1688 3412 1746 3466 in

167 3505 357 3562 modum
383 3507 621 3564 :Seazlus
648 3506 859 3562 Clodius
886 3505 1082 3560 indicat
1106 3505 1161 3558 in
1185 3513 1330 3560 screto
1352 3504 1415 3557 de
1435 3503 1534 3557 diis
1554 3519 1743 3574 graec.

165 3595 256 3654 Sed
280 3602 538 3672 suspicati
574 3608 705 3656 sunt
742 3600 909 3670 aliqui
964 3605 1280 3666 corruptum
1306 3612 1430 3652 esse
1471 3596 1574 3651 hoc
1623 3596 1744 3651 ulti-

164 3705 287 3746 mum
313 3695 539 3750 verbum
571 3734 585 3759 ,
636 3708 703 3748 ac
749 3690 1146 3748 restituendum
1192 3689 1513 3748 Graecorum.
1554 3689 1660 3745 Sed
1691 3688 1747 3744 hi

164 3798 257 3838 non
287 3786 534 3856 legerant
581 3786 733 3841 illum
763 3786 1029 3841 Lactantii
1061 3785 1241 3840 locum
1265 3826 1279 3850 ,
1310 3784 1399 3839 ubi
1442 3783 1746 3839 Arnobium

163 3889 381 3935 nostrum
411 3889 815 3951 prmceptorem
854 3895 1012 3935 suum
1038 3919 1054 3944 ,
1086 3880 1166 3934 sic
1186 3878 1430 3948 sequitur
1455 3896 1467 3932 :
1502 3896 1520 3929 ι
1549 3876 1748 3935 Sextus

162 3971 356 4030 Clodius
384 3976 441 4031 in
472 3992 543 4032 eo
578 3974 715 4030 libro
736 3990 895 4046 quem
924 3988 1100 4044 grai-ce
1124 3973 1364 4042 scripsit,
1382 3971 1552 4028 refert
1577 3972 1749 4028 Fauni
1790 4022 1799 4031 .

163 4063 278 4123 hanc
300 4085 536 4124 uxorem
572 4067 742 4123 fuisse
776 4088 795 4121 ι
825 4066 1072 4140 (Arnob.,
1094 4066 1185 4121 lib.
1215 4082 1244 4120 v
1266 4107 1281 4133 ,
1315 4084 1365 4136 p.
1399 4066 1533 4131 168;
1569 4064 1744 4132 Lach,

163 4158 236 4213 lib.
282 4179 329 4229 ι,
374 4181 422 4219 c.
470 4164 585 4229 22,
632 4181 687 4233 p.
735 4163 886 4230 127).
934 4162 1068 4217 Nam
1102 4161 1226 4218 inde
1275 4162 1432 4217 facile
1475 4163 1749 4232 colligitur

161 4250 204 4305 in
232 4256 450 4312 Arnobii
509 4266 668 4312 textu
717 4256 980 4326 scriptum
1030 4270 1137 4310 non
1192 4254 1363 4310 fuisse
1408 4254 1745 4321 Grecorum,

159 4347 239 4401 sed
270 4352 449 4417 potius
478 4365 650 4422 graec
674 4349 886 4420 scripto,
909 4350 994 4404 vel
1023 4348 1149 4417 quid
1185 4348 1384 4403 simile.

216 4443 293 4497 Ad
342 4444 644 4511 Clodium,
701 4443 842 4513 quod
905 4450 1147 4512 spectat,
1202 4441 1421 4511 quidam
1464 4448 1749 4495 autumant

157 4546 265 4588 eum
293 4549 418 4591 esse
463 4535 626 4606 cujus
656 4534 792 4589 liber
813 4576 830 4601 ,
871 4533 1053 4589 Index
1082 4544 1370 4603 temporum
1413 4532 1707 4600 inscriptus
1726 4573 1744 4597 ,

156 4639 182 4676 a
237 4626 536 4683 Plutarcho
589 4627 838 4682 laudatur
905 4625 1229 4699 (Plutarch.,
1288 4627 1341 4680 in
1405 4624 1523 4679 Vita
1579 4624 1743 4681 Num.

156 4713 356 4790 Pomp.,
392 4739 448 4787 p.
481 4718 609 4792 52).
638 4718 746 4776 Sed
775 4729 1062 4790 utrumque
1091 4719 1177 4773 hic
1208 4718 1368 4773 Sexto
1408 4716 1571 4772 fuerit
1606 4732 1748 4788 prte-

154 4826 361 4878 nomen,
397 4832 572 4872 nemo
599 4815 864 4885 probavit.
895 4813 1047 4869 Alius
1072 4822 1252 4868 autem
1274 4855 1288 4877 ,
1338 4813 1423 4867 cui
1456 4822 1747 4881 utrumque

156 4917 453 4973 przenomen
477 4952 494 4976 ,
555 4918 611 4965 et
656 4923 854 4963 nomen
885 4908 1175 4975 convenit,
1209 4922 1239 4960 a
1271 4905 1534 4962 Suetonio
1580 4905 1745 4961 claris

151 4998 453 5060 rhetoribus
480 5002 796 5073 adjungitur
823 5020 837 5056 :
876 5020 896 5054 ι
932 5004 1165 5068 Sextus,
1198 5020 1217 5054 ι
1250 5001 1453 5072 inquit,
1483 5019 1502 5053 ι
1527 4997 1746 5055 Clodius

153 5104 181 5143 e
205 5090 381 5149 Sicilia
406 5138 424 5164 ,
456 5096 646 5150 latinae
673 5094 833 5150 simul
863 5104 917 5149 et
943 5109 1136 5166 graeca:
1163 5093 1489 5165 eloquentia:
1535 5093 1739 5163 profes-

154 5196 236 5238 sor
265 5189 407 5243 male
434 5189 694 5243 oculatus
715 5230 730 5254 ,
777 5197 928 5243 eL...
953 5187 1191 5242 Antonio
1213 5197 1428 5256 gratus,
1473 5201 1581 5257 quo
1620 5200 1747 5241 mox

153 5281 364 5335 consule
386 5322 401 5344 ,
431 5282 630 5351 ingens
655 5278 818 5335 etiam
863 5279 1196 5350 congiarium
1242 5278 1485 5349 accepit,
1521 5278 1643 5333 utei
1692 5277 1747 5333 in

152 5370 462 5446 Philippicis
513 5376 710 5432 Cicero
759 5375 988 5446 objicit:
1020 5373 1583 5444 Adhibesjucieausa
1631 5389 1748 5428 ma—

152 5468 368 5536 gistrum
402 5469 670 5541 suifragio
702 5478 794 5525 tuo
815 5478 870 5525 et
899 5478 1276 5540 cornpotorum
1308 5478 1520 5523 tuorum
1564 5468 1748 5525 rheto-

1847 3207 2011 3271 cium,
2040 3204 2107 3261 de
2138 3220 2245 3276 quo
2269 3207 2546 3261 Arnobius
2578 3207 2835 3276 loquitur,
2887 3208 3065 3277 ipsum
3094 3223 3242 3276 esse,
3289 3208 3444 3279 cujus

1848 3299 2016 3354 libros
2044 3300 2361 3371 Etymorum
2394 3300 2555 3371 paulo
2584 3310 2741 3357 antea
2786 3302 3212 3360 observabamus
3245 3318 3278 3359 a
3321 3310 3443 3360 Ma-

1846 3393 2032 3448 crobio
2055 3394 2230 3449 citari.

1917 3510 2107 3566 Crates
2127 3510 2301 3567 adhuc
2318 3512 2389 3568 ab
2407 3521 2629 3571 auctore
2657 3523 2845 3569 nostro
2875 3514 3143 3581 laudatus,
3171 3515 3317 3572 haud
3343 3516 3444 3573 du-

1848 3603 1936 3660 die
1974 3606 2359 3674 grammaticus
2387 3607 2482 3663 ille
2506 3606 2604 3663 fuit
2632 3650 2646 3671 ,
2690 3609 2758 3663 de
2783 3624 2891 3678 quo
2921 3610 3048 3665 alibi
3076 3608 3438 3666 disseruimus

1849 3696 2095 3769 (Arnob.,
2125 3696 2215 3752 lib.
2246 3713 2326 3765 lll,
2366 3716 2485 3771 pag.
2515 3700 2608 3755 121
2636 3710 2795 3768 ;tom.
2832 3716 2848 3754 ι
2878 3700 3163 3772 Apparat.,
3185 3718 3305 3774 pag.
3336 3701 3445 3758 14⁵1

1848 3802 1893 3844 et
1922 3790 2060 3845 1259
2086 3792 2126 3861 ).

1921 3881 2150 3938 Cronius
2188 3882 2241 3938 in
2280 3883 2466 3939 ultima
2509 3885 2771 3941 librorum
2811 3885 3039 3942 Arnobii
3080 3887 3319 3944 editione
3347 3902 3448 3944 no-

1850 3974 2105 4039 minatur,
2124 3975 2219 4053 .ubi
2250 3978 2365 4031 haec
2387 3977 2478 4032 ille
2505 3976 2644 4032 dixit
2674 3994 2690 4031 :
2728 3996 2747 4030 ι
2778 3976 2889 4035 Vos
2916 3980 3150 4045 Platoni,
3183 3994 3281 4036 vos
3304 3981 3447 4037 Cro-

1850 4066 1961 4134 nio,
1984 4081 2081 4121 vos
2112 4066 2378 4122 Numenio
2407 4070 2630 4124 creditis
2658 4089 2677 4122 a
2704 4066 2948 4142 (Arnob.,
2969 4072 3066 4126 lib.
3096 4086 3153 4138 ιι,
3181 4086 3303 4145 pag.
3324 4072 3438 4145 l9).

1850 4159 1955 4215 Sed
1996 4161 2047 4214 in
2078 4161 2448 4230 manuscripto
2487 4162 2635 4233 regio
2661 4162 2850 4219 codice
2892 4178 2991 4234 pro
3019 4164 3209 4220 Cronio
3251 4165 3449 4237 legitur

1850 4253 2113 4310 Crotonio.
2148 4254 2199 4309 ls
2228 4267 2406 4310 autem
2434 4256 2555 4325 quis
2581 4255 2775 4323 fuerit,
2815 4272 2941 4312 cum
2970 4259 3287 4328 ignoretur,
3322 4272 3445 4315 cor-

1854 4356 2071 4417 ruptum
2099 4362 2294 4402 nomen
2332 4362 2452 4402 esse
2482 4357 2822 4417 putaverunt.
2856 4349 2925 4404 At
2951 4351 3227 4420 quomodo
3257 4366 3445 4407 cmen-

1854 4439 1972 4496 dari
1996 4440 2231 4507 debeat,
2275 4455 2373 4509 pro
2402 4452 2501 4496 suo
2534 4442 2906 4512 unusquisque
2934 4443 3151 4515 ingenio
3189 4443 3446 4516 conjecit.

1856 4534 2122 4589 Canterus
2169 4532 2366 4604 quippe
2404 4534 2659 4604 opinatur
2686 4534 2974 4605 legendum
3023 4530 3269 4592 Protonio
3299 4580 3312 4603 ,
3346 4550 3446 4594 seu

1852 4626 2135 4681 Protliomo
2159 4667 2171 4688 .
2213 4628 2294 4682 vel
2323 4627 2505 4698 potius
2530 4625 2832 4682 Prothomio
2857 4670 2871 4691 ,
2914 4629 2986 4685 de
3006 4644 3115 4699 quo
3141 4629 3404 4701 Apuleius
3434 4650 3449 4689 :

1857 4740 1875 4773 ι
1904 4720 2052 4778 Sate
2077 4721 2345 4789 Protomo,
2376 4741 2396 4774 ι
2434 4724 2632 4793 inquit,
2670 4741 2690 4777 ι
2716 4724 2884 4794 gloria
2917 4733 3023 4790 est,
3053 4727 3144 4797 qui
3180 4726 3302 4781 talis
3326 4725 3445 4795 fuit,

1852 4826 1913 4871 ut
1939 4817 2055 4886 ejus
2093 4828 2344 4887 nepotem
2374 4834 2482 4872 non
2506 4818 2749 4886 puderet.
2782 4838 2802 4871 ι
2838 4817 3045 4892 (Apul.
3076 4863 3089 4886 ,
3120 4820 3211 4875 lib.
3236 4822 3303 4875 de
3332 4820 3446 4877 Deo

1854 4908 2060 4965 Socrat.
2089 4951 2106 4976 ,
2137 4909 2253 4965 sub.
2305 4908 2425 4982 ﬁn.)
2458 4910 2658 4966 Verum
2699 4911 2826 4982 quid
2862 4912 2929 4967 ad
2961 4912 3187 4968 Arnobii
3232 4914 3450 4969 institu-

1852 5013 1962 5057 tum
1993 5001 2109 5057 haec
2138 5002 2351 5072 Apuleii
2389 5003 2549 5059 verba
2581 5002 2919 5070 conducant,
2963 5005 3124 5061 nobis
3157 5015 3307 5061 certe
3342 5020 3452 5062 non

1853 5095 2041 5165 liquet.
2091 5094 2455 5162 Quamobrem
2516 5094 2700 5164 plures
2738 5095 2829 5149 alii
2877 5096 3222 5152 scribendum
3265 5102 3456 5166 putant

1859 5185 2071 5240 Plotina
2098 5225 2114 5250 ,
2147 5195 2307 5255 atque
2337 5184 2390 5240 in
2422 5186 2746 5255 suspicionis
2789 5187 2947 5256 hujus
2984 5187 3455 5245 conﬁrmationem

1854 5278 2082 5349 proferri
2123 5287 2347 5349 possunt
2382 5278 2499 5333 haec
2527 5278 2853 5335 Theodoreti
2891 5279 3058 5335 verba
3089 5296 3105 5335 :
3137 5282 3324 5337 Λύτίκα
3344 5284 3455 5339 τοί-

1848 5394 1937 5427 νυν
1965 5377 2054 5431 τὴν
2101 5372 2352 5434 Πλάτωνος
2393 5371 2611 5429 διάνοιαν
2645 5375 3066 5436 ἀναπτύσσοντες
3088 5415 3104 5439 ,
3150 5378 3232 5430 and.
3256 5374 3283 5430 ὃ
3312 5377 3453 5430 Πλω-

1851 5474 2007 5532 τῐνος,
2033 5468 2114 5520 καὶ
2142 5465 2169 5521 ὁ
2196 5469 2475 5538 Νουμήνιος
2515 5465 2534 5534 (
2562 5464 2842 5531 Τήοοάονη
2873 5483 3027 5521 serm.
3054 5464 3120 5532 2,
3151 5467 3214 5522 de
3254 5468 3455 5537 princi-

154 5576 357 5620 rem....
404 5564 521 5620 duo
566 5563 733 5618 millia
781 5564 1028 5634 jugerum
1062 5562 1238 5632 campi
1285 5560 1538 5616 Leontini
1586 5560 1753 5618 Sexto
1856 5559 1983 5628 pio,
2033 5569 2157 5612 tam.
2188 5573 2271 5625 IV,
2319 5575 2442 5628 pag.
2475 5555 2649 5630 500).
2694 5557 2879 5627 Itaque
2920 5557 3164 5616 Plotinus
3187 5570 3235 5615 et
3258 5559 3459 5617 Nume-

154 5650 333 5710 Clodio
382 5656 599 5712 rhetori
643 5656 960 5728 assignasti,
1013 5664 1067 5711 et
1092 5654 1308 5726 quidem
1360 5655 1652 5720 immunia;
1694 5664 1752 5710 ut
1855 5654 2005 5717 nius,
2051 5651 2288 5708 Platonis
2310 5661 2530 5709 mentem
2556 5652 2889 5722 explicantes.
2923 5654 3114 5712 Nonne
3145 5658 3291 5713 enim
3316 5699 3332 5725 ,
3364 5657 3452 5714 in-

156 5758 293 5807 tanta
316 5750 734 5809 mercedenihil
756 5766 945 5825 sapere
959 5750 1195 5808 disceres
1221 5768 1239 5803 ι
1267 5748 1468 5821 (Suet.,
1498 5748 1561 5805 de
1603 5746 1748 5806 Clar.

1853 5747 2076 5819 quiunt,
2114 5754 2226 5801 tres
2255 5745 2306 5801 hi
2336 5755 2461 5801 sunt
2487 5745 3182 5821 recentioresphilostiphi,
3223 5765 3455 5824 quorum
