3878 6312
204 256 289 310 681
655 287 662 292 ·
1409 275 1473 331 ΙΝ
1507 275 1748 337 AllNOBl

1864 327 1877 349 ,
1907 284 2058 343 CAP.
2097 290 2284 347 XXVl.

203 373 388 444 patibus
420 373 530 442 ejus
556 384 852 446 prteceptor
880 380 1086 437 electus
1109 426 1126 450 ,
1159 390 1370 444 transiit
1412 393 1464 447 in
1499 397 1750 463 palatium
1784 403 1836 461 Α
1933 402 2162 460 Leandri
2203 423 2297 463 seu
2337 409 2583 466 Leandrii

201 482 309 522 cum
336 475 438 521 tota
466 467 676 533 schola;
710 486 895 528 verum
921 484 976 530 ut
1011 493 1080 532 ne
1121 495 1282 550 quem
1329 488 1558 558 amplius
1608 503 1758 560 post-

203 559 292 616 hac
319 561 630 633 discipulum
676 567 944 638 reciperet
976 589 989 624 :
1018 571 1309 646 docuitque
1346 579 1399 635 in
1439 585 1578 639 atrio
1607 559 1752 642 Cati-

198 651 307 707 linae
335 652 540 720 domus,
572 672 690 728 qua:
718 674 840 729 pars
867 662 1050 731 palatii
1081 675 1205 723 tunc
1235 681 1384 740 erat,
1423 684 1477 730 et
1509 680 1757 734 sestertia

198 754 401 802 centena
446 747 497 802 in
539 764 736 806 ammm
785 743 1012 827 accepit.
1051 757 1297 817 Decessit
1341 769 1516 824 aetatis
1555 781 1758 828 exactae

194 839 280 892 sub
322 838 547 896 Tiberio.
597 842 838 902 Statuam
871 848 1032 906 habet
1055 852 1367 924 Praeneste,
1420 862 1472 916 in
1517 864 1759 922 inferiori

194 930 283 987 lori
313 944 454 1000 parte
483 947 668 993 contra
694 938 1026 1014 Hemicylum
1050 987 1066 1013 ,
1118 949 1169 1003 in
1197 967 1303 1022 quo
1331 954 1496 1011 fastos
1524 975 1553 1012 a
1583 975 1644 1015 se
1671 977 1760 1016 or.

194 1021 388 1079 dinatos
427 1036 482 1080 et
525 1042 830 1088 marmoreo
859 1035 951 1089 acri
983 1035 1186 1095 incisos
1218 1044 1532 1118 publicarat.
1573 1069 1593 1102 ι
1629 1050 1648 1123 (
1681 1051 1761 1106 De

190 1112 355 1168 illastr.
410 1115 633 1174 Gramm.
665 1163 681 1188 ,
734 1123 929 1197 §17.)
977 1112 1652 1197 thmobrem'Eusebius
1703 1146 1755 1200 iu

189 1208 433 1265 Chronico
461 1211 527 1266 ad
558 1229 757 1270 annum
784 1216 984 1275 Christi
1018 1239 1221 1280 nonum
1250 1271 1264 1293 ,
1317 1245 1440 1286 cum
1486 1236 1758 1305 Augustus

188 1301 342 1358 adhuc
384 1303 641 1363 Romanis
683 1309 974 1381 imperaret
1006 1332 1026 1371 :
1060 1337 1079 1369 ι
1116 1319 1496 1382 Athenodorus
1524 1301 1759 1385 Tarsen-

187 1397 289 1465 sis,
333 1418 349 1450 ι
379 1399 592 1472 inquit,
629 1423 648 1457 ι
683 1405 898 1464 Stoicus
927 1409 1277 1484 philosophus
1299 1461 1313 1485 ,
1349 1430 1403 1474 et
1429 1419 1498 1475 Μ.
1535 1421 1758 1480 Verrius

187 1490 389 1546 Flaccus
414 1498 799 1563 grammaticus
825 1501 1064 1573 insignes
1091 1505 1379 1565 habentur.
1412 1531 1431 1564 ι
1457 1513 1537 1568 Ab
1567 1519 1630 1569 A.
1663 1531 1760 1571 au-

186 1590 277 1637 tem
301 1583 468 1641 Gellio
501 1588 708 1658 primus
735 1591 877 1648 illius
906 1611 1077 1651 rerum
1112 1603 1358 1656 memoria
1383 1605 1658 1678 dignarum
1691 1609 1760 1664 li-

184 1676 300 1746 ber,
343 1690 392 1736 et
433 1692 660 1750 quartus
687 1685 754 1742 de
781 1689 1069 1747 verborum
1110 1676 1541 1767 signiﬁcatione,
1583 1717 1646 1758 ac
1694 1703 1758 1758 de

185 1772 382 1828 obscuris
421 1773 632 1833 Catonis
661 1781 930 1839 secundus
951 1826 966 1848 ,
1015 1794 1070 1840 et
1095 1787 1197 1842 alia
1229 1805 1295 1845 ex
1324 1791 1475 1847 hisee
1499 1795 1754 1865 operibus
1785 1802 1832 1861 B

184 1863 436 1936 desumpta
463 1870 720 1928 citantur.
753 1873 911 1946 Saepe
937 1878 1098 1934 etiam
1127 1896 1157 1935 a
1187 1881 1362 1938 Plinio
1399 1863 1668 1957 laudatur,
1697 1899 1754 1946 et

186 1958 399 2026 quaedam
431 1961 553 2032 ejus
579 1966 740 2022 verba
774 1967 1076 2027 Macrobius
1101 1975 1282 2030 retulit
1319 1978 1338 2048 (
1372 1977 1530 2045 Gell.,
1559 1981 1648 2035 lib.
1701 1999 1749 2036 tv

189 2049 318 2107 Noct.
360 2053 465 2112 Att.
494 2098 513 2123 ,
543 2075 640 2128 cap
668 2060 724 2124 5,
769 2080 820 2132 p.
850 2062 959 2120 ‘285
983 2105 996 2129 ,
1033 2066 1124 2121 lib.
1158 2085 1210 2134 ν,
1241 2085 1360 2140 cap.
1393 2073 1492 2141 17,
1522 2092 1574 2145 p.
1610 2075 1749 2141 549;

189 2160 282 2215 cap.
309 2147 389 2213 18,
420 2166 474 2219 p.
518 2150 657 2219 351;
690 2152 777 2207 lib.
804 2170 919 2223 xvr,
945 2173 1065 2228 cap.
1095 2161 1202 2225 14;
1231 2161 1320 2216 lib.
1355 2179 1482 2230 xvu,
1507 2181 1625 2236 cap.
1661 2167 1748 2235 18;

191 2237 261 2292 lib.
288 2256 403 2295 mu
427 2285 442 2307 ,
477 2259 602 2311 cap.
637 2246 736 2310 17;
764 2247 854 2300 lib.
886 2266 952 2302 xx
977 2293 992 2318 ,
1017 2267 1134 2321 cap.
1167 2253 1233 2319 7;
1270 2253 1502 2312 Macrob.
1533 2299 1549 2324 ,
1605 2259 1695 2313 lib.
1734 2279 1750 2317 ι

189 2327 398 2397 Salurn.,
426 2351 547 2404 cap.
583 2336 636 2399 6,
669 2355 721 2406 p.
756 2339 860 2395 198

240 2424 452 2483 Granius
474 2430 567 2485 bis
601 2440 786 2503 terque
806 2435 872 2490 ab
894 2438 1134 2494 Arnobio
1159 2441 1312 2496 testis
1337 2445 1668 2514 appellatus,
1704 2450 1748 2506 is

189 2515 284 2587 ipse
307 2519 519 2576 videtur
541 2521 771 2580 Grauius
793 2525 1035 2598 Flaccus,
1061 2533 1150 2601 qui
1176 2546 1426 2592 narrante
1453 2537 1748 2607 Macrobio,

183 2609 445 2680 scripserat
480 2629 602 2669 rem
635 2616 870 2674 divinam
903 2622 1134 2692 Apollini
1168 2635 1223 2679 et
1251 2626 1446 2685 Libero
1478 2630 1529 2685 in
1560 2633 1751 2689 eodem

182 2713 341 2759 monte
366 2706 635 2763 celebrari
676 2708 908 2780 (Arnob.
935 2754 950 2780 ,
985 2714 1075 2770 lib.
1108 2732 1164 2771 ιιι
1191 2760 1206 2782 ,
1240 2735 1293 2788 p.
1329 2721 1432 2776 118
1459 2732 1507 2776 et
1536 2725 1674 2792 122,
1707 2737 1754 2781 et

181 2793 254 2850 lib.
283 2813 327 2852 vr
353 2841 368 2866 ,
399 2819 452 2871 p.
491 2801 641 2864 194;
675 2802 909 2861 Macrob.
939 2847 953 2871 ,
978 2808 1066 2862 lib.
1113 2825 1128 2863 l
1160 2809 1432 2868 Saturnal.
1455 2856 1470 2880 ,
1506 2833 1622 2888 cap.
1658 2818 1749 2886 18,

181 2904 225 2957 ρ.
250 2889 344 2947 263
375 2893 414 2962 )'.
464 2894 632 2949 Prius
671 2913 800 2953 vero
829 2898 971 2955 idem
1004 2901 1312 2960 Macrobius
1342 2905 1581 2976 dixerat,
1612 2912 1753 2978 apud

182 2980 403 3040 Granium
438 2987 769 3045 Licinianum
810 2992 938 3048 libro
969 2997 1188 3061 secundo
1209 3041 1224 3065 ,
1263 3014 1478 3056 causam
1517 3003 1752 3074 proferri

181 3091 261 3131 cur
286 3080 540 3138 nundinis
582 3081 731 3139 ferite
778 3085 886 3140 sint
931 3087 1148 3157 (lbid.,
1191 3108 1308 3164 cap.
1345 3094 1411 3150 16
1436 3137 1449 3160 ,
1485 3113 1536 3166 p.
1576 3097 1682 3153 248
1706 3097 1749 3170 ).

181 3167 269 3224 Sed
295 3171 357 3228 ibi
390 3190 486 3244 pro
535 3173 816 3244 Granium,
862 3178 913 3232 in
937 3182 1179 3252 margine
1210 3183 1422 3255 Caium,
1451 3167 1748 3260 repositum
1777 3190 1823 3252 C

178 3264 393 3334 legimus.
445 3269 490 3323 A
530 3266 702 3324 Plinio
747 3269 909 3326 etiam
945 3271 1180 3330 Granius
1209 3277 1425 3345 quidam
1455 3280 1706 3338 laudatur
1729 3325 1746 3351 ,

179 3357 257 3412 sed
284 3360 346 3414 ibi
374 3377 495 3416 cum
549 3361 616 3417 de
645 3362 1056 3422 medicamentis
1087 3366 1400 3428 instituatur
1430 3373 1746 3448 disputatio,

177 3448 307 3508 illum
336 3455 606 3512 medicum
637 3456 802 3512 fuisse
839 3468 1124 3516 autumant
1177 3463 1196 3536 (
1225 3462 1370 3519 Plin.
1392 3508 1407 3533 ,
1445 3466 1536 3522 lib.
1586 3485 1752 3526 xxvut

181 3540 305 3598 Hist.
349 3559 530 3603 natur.
555 3590 569 3614 ,
600 3567 656 3618 p.
692 3550 798 3605 572
827 3549 868 3622 ).
908 3551 1046 3607 Vero
1073 3554 1252 3625 itaque
1281 3558 1508 3615 similius
1537 3570 1620 3615 est
1647 3562 1750 3617 Ar-

177 3639 369 3697 nobium
397 3643 464 3700 de
493 3645 680 3714 priore
703 3655 826 3701 esse
848 3647 1292 3718 intelligendum;
1323 3661 1378 3707 ut
1404 3663 1531 3722 pote
1558 3656 1650 3726 qui
1676 3656 1746 3713 de

179 3729 268 3787 diis
294 3749 422 3804 opus
459 3736 684 3807 aliquod
725 3738 1030 3810 publicasse
1077 3743 1346 3802 videatur.
1387 3745 1521 3802 Nam
1567 3748 1746 3804 Arno-

177 3818 282 3880 bius
323 3826 460 3882 illius
505 3828 822 3898 opinionem
875 3831 943 3887 de
969 3832 1134 3890 Musis
1168 3845 1222 3891 et
1259 3835 1396 3893 Tolo
1431 3841 1750 3913 perstringit

178 3914 410 3988 (Arnob,
435 3920 532 3975 lib.
554 3937 605 3988 ν,
640 3940 693 3985 ρ.
726 3923 892 3994 ιπ).

233 4003 539 4063 Heraclitos
567 4009 806 4080 quinque
832 4011 1078 4070 Laertius
1105 4025 1377 4085 recenset,
1417 4020 1610 4090 quibus
1638 4033 1750 4079 tres

176 4097 293 4155 alios
319 4102 524 4158 addidit
543 4102 860 4179 Meuagius(
879 4105 1053 4164 Laert.
1076 4153 1091 4177 ,
1125 4111 1210 4166 lib.
1270 4130 1319 4169 ιιι
1350 4115 1404 4170 in
1439 4114 1538 4170 Vit.
1579 4117 1746 4172 Hera-

177 4191 290 4259 clit.,
317 4194 342 4267 §
374 4196 468 4265 l7;
504 4193 670 4263 Mem,
704 4198 758 4252 in
789 4199 925 4254 hunc
951 4199 1126 4256 Laert.
1159 4205 1374 4277 locant).
1403 4205 1537 4274 Quae
1565 4219 1747 4265 autem

175 4300 233 4340 ex
269 4288 536 4348 Heraclito
562 4300 751 4348 auctor
782 4302 967 4350 noster
992 4296 1178 4352 retulit
1215 4298 1282 4355 de
1318 4299 1499 4356 Liberi
1533 4311 1584 4356 ct
1612 4303 1748 4358 Pro-

177 4385 331 4452 symni
380 4385 560 4442 fabula
583 4427 598 4450 ,
653 4387 823 4457 magis
863 4390 1154 4445 convenire
1185 4391 1434 4449 videntur
1461 4406 1551 4450 aut
1577 4395 1748 4451 Hera-

176 4474 292 4532 clito
317 4480 709 4552 Allegoriarum
738 4480 1134 4538 homericarmn
1163 4485 1406 4553 auctori,
1454 4497 1546 4543 aut
1576 4489 1746 4545 Ilera-

175 4567 284 4626 clito
345 4584 519 4644 poetae
572 4573 774 4647 lyrico,
827 4575 919 4647 qni
963 4576 1246 4633 duodecim
1293 4580 1516 4637 deorum
1565 4581 1829 4647 laudesD

181 4661 544 4725 decantaverat
571 4668 591 4742 (
623 4669 818 4725 Arnob.
848 4670 940 4725 lib.
962 4688 1041 4738 ιιι,
1074 4691 1127 4744 p.
1159 4673 1224 4729 51
1254 4673 1293 4746 ).

236 4780 552 4856 Hermippus
589 4787 676 4857 qui
708 4802 922 4858 magum
957 4787 1300 4847 Zoroastrem
1320 4834 1335 4860 ,
1366 4803 1426 4848 ut
1456 4804 1606 4852 notat
1646 4800 1745 4855 Ar-

176 4872 374 4940 nobius,
408 4876 750 4934 Bactrianum
779 4878 951 4936 fuisse
985 4884 1250 4951 asseruit,
1295 4900 1478 4942 nonne
1504 4887 1595 4945 ille
1625 4901 1744 4960 est,

174 4961 234 5020 de
265 4981 366 5036 quo
410 4968 658 5025 Plinius:
696 4989 715 5023 ι
753 4970 1098 5043 Hermippus,
1145 4975 1233 5046 qui
1268 4976 1334 5033 de
1367 4987 1507 5048 tota,
1537 4982 1743 5053 inquit,

175 5066 278 5112 arte
307 5062 506 5133 magica
533 5062 945 5134 diligentissime
969 5067 1224 5138 scripsit,
1257 5081 1312 5126 et
1332 5072 1499 5128 vicies
1527 5085 1743 5132 centum

175 5148 320 5206 millia
347 5170 618 5225 versuum,
646 5174 674 5212 a
704 5158 993 5217 Zoroastre
1023 5163 1259 5232 condita,
1296 5164 1564 5224 iudicibus
1594 5186 1732 5241 quo-

175 5257 269 5311 que
306 5249 636 5306 voluminum
681 5255 797 5323 ejus
842 5256 1028 5324 positis
1055 5299 1068 5322 ,
1103 5259 1438 5328 explanavit.
1472 5281 1492 5315 ι
1532 5263 1605 5320 De
1654 5266 1746 5323 illo

177 5337 312 5405 plura
341 5341 580 5413 Vossius,
607 5363 766 5419 quem
800 5351 1023 5406 consule
1051 5351 1071 5425 (
1105 5351 1246 5408 Plin.
1271 5397 1287 5422 ,
1319 5355 1410 5410 lib.
1464 5373 1567 5412 xxx
1599 5356 1741 5417 Hist.

177 5440 327 5488 natur.
357 5479 372 5503 ,
420 5455 538 5510 cap.
572 5441 624 5505 1,
667 5459 787 5515 pag.
821 5445 970 5508 7‘25;
1008 5444 1156 5502 .Voss.
1186 5490 1202 5515 ,
1255 5447 1345 5504 lib.
1380 5465 1438 5505 ut
1503 5451 1566 5506 de
1599 5451 1736 5510 Hist.

177 5538 338 5595 graec”
368 5546 482 5601 cap.
509 5535 596 5597 16,
718 5537 819 5592 102
845 5546 901 5594 et
927 5539 1032 5596 105

240 5617 403 5692 Hippo
429 5624 614 5683 Melius
645 5628 788 5686 inter
817 5631 1008 5688 atbeos
1034 5635 1356 5692 censebatur
1376 5679 1392 5706 ,
1417 5638 1486 5695 de
1513 5657 1620 5712 quo
1647 5656 1748 5699 nos

181 5708 310 5770 baud
354 5723 520 5778 semel
554 5723 950 5797 disputavimus
983 5728 1210 5794 (Arnob.
1234 5773 1249 5800 ,
1273 5733 1360 5787 lib.
1396 5749 1482 5802 tv,
1621 5739 1744 5804 147;

186 5802 328 5878 δίψη
358 5824 472 5883 cap.
504 5816 558 5885 9,
588 5825 690 5871 art.
726 5818 778 5882 1,
814 5829 862 5874 et
897 5829 1019 5875 tant.
1049 5838 1064 5876 ι
1111 5821 1386 5896 Apparat.,
1419 5844 1471 5898 p.
1503 5802 1608 5886 ’185
1637 5827 1681 5900 )-

599 5909 874 5974 PATIOL.
923 5913 998 5975 V.

3359 321 3465 376 682

2636 417 2998 476 testimonium
3071 438 3139 479 ex
3183 425 3462 487 Clemente

1866 497 2235 556 Alexandrino
2282 506 2590 575 Arnobius,
2636 511 2709 564 uti
2753 512 3019 582 diximus,
3070 522 3311 588 pretulit.
3354 525 3461 582 Sed

1861 590 1974 658 jam
2009 593 2153 649 illius
2184 596 2234 650 in
2263 597 2437 666 primo
2465 599 2770 670 Apparatus
2804 610 2972 663 nostri
3016 621 3161 665 tomo
3200 618 3402 671 ruentia
3428 636 3458 675 a

1865 686 2019 741 nobis
2073 688 2210 742 facta
2265 701 2349 746 est
2411 691 2670 764 (Arnob.,
2725 699 2811 754 lib.
2860 717 2933 764 γι,
2987 721 3037 774 p.
3085 707 3224 772 195;
3269 727 3458 780 supr.,

1862 792 1978 846 cap.
2015 794 2142 847 XIX,
2175 790 2274 836 art.
2310 782 2333 835 1
2365 800 2378 849 ;
2416 793 2538 841 tom.
2565 804 2577 843 ι
2607 788 2884 862 Αρραι·αι.,
2919 810 2972 864 p.
3003 797 3130 865 870,
3161 810 3208 854 et
3244 802 3380 859 1⁵318
3409 815 3455 858 et

1862 887 2000 941 seqq.
2026 873 2068 943 ).

1933 965 2045 1022 Leo
2063 967 2311 1038 Pellzeus,
2344 972 2515 1044 inquit
2547 989 2736 1035 auctor
2761 993 2965 1048 uoster,
2993 987 3044 1041 iu
3073 1004 3257 1044 eorum
3297 1009 3462 1065 grege

1861 1070 1891 1108 a
1921 1059 2213 1126 gentilibus
2242 1069 2704 1126 annumerabatur
2728 1115 2742 1139 ,
2777 1076 2866 1143 qui
2895 1077 3109 1134 illorum
3140 1083 3272 1139 deos
3300 1101 3463 1157 nega-

1860 1145 2012 1202 bant.
2051 1149 2250 1206 Verum
2283 1156 2350 1210 de
2380 1156 2495 1223 illo,
2531 1175 2583 1216 et
2615 1162 2667 1216 iu
2701 1167 2801 1220 bac
2830 1167 3229 1238 dissertatione,
3263 1187 3316 1231 et
3337 1179 3463 1233 alibi

1860 1241 2068 1310 egimus
2113 1245 2353 1317 (Arnob.
2385 1292 2399 1314 ,
2443 1253 2534 1306 lib.
2581 1270 2667 1324 ιν,
2723 1276 2778 1329 p.
2831 1277 2838 1312 -:

1860 1343 1961 1386 art.
1996 1335 2062 1400 1;
2093 1347 2214 1392 tant.
2244 1356 2257 1394 ι
2290 1341 2563 1413 Apparat.,
2595 1365 2649 1416 p.
2683 1349 2787 1405 785
2809 1351 2852 1422 ).

1929 1428 2270 1489 Lucilianum
2323 1437 2610 1496 Foruicem
2668 1445 2799 1502 citat
2849 1449 3124 1509 Arnobius
3175 1473 3202 1512 a
3251 1458 3458 1517 Lucilio

1859 1521 2082 1579 satirico
2160 1540 2314 1596 poeta
2372 1531 2514 1589 haud
2594 1536 2756 1594 dubie
2809 1549 3168 1615 compositam
3219 1552 3457 1623 (Arnob,

1859 1612 1948 1667 lib.
1992 1633 2050 1681 ιι,
2082 1637 2134 1689 p.
2168 1621 2240 1676 45
2267 1621 2307 1693 ).
2343 1623 2519 1682 Patria
2551 1630 2596 1684 is
2636 1612 2957 1693 Aruncanus
2981 1653 3132 1712 erat,
3167 1612 3242 1699 uti
3274 1657 3342 1702 ex
3377 1649 3459 1705 bis

1858 1706 2132 1779 colligitur
2160 1712 2446 1774 Juvenalis
2469 1722 2716 1780 versibus
2751 1744 2764 1782 :

1952 1845 2054 1942 $39.5.
2250 1853 2712 1942 .E'.2€=..'.‘.‘_18‘!£P9l_its
2732 1866 3007 1942 decutere.
3025 1886 3197 1942 οειηρο
3223 1878 3296 1942 (υ

1952 1909 2054 1960 Per
2075 1927 2225 1975 quem
2248 1930 2455 1979 magnus
2480 1909 3299 1990 εζιῦόῖλίιῖῐῖξῷ-

2332 2001 2603 2066 (Juvenal.,
2629 2009 2770 2061 satir.
2795 2015 2840 2076 1,
2867 2028 2990 2067 vers.
3024 2020 3080 2068 19
3099 2027 3144 2071 et
3166 2021 3267 2085 ‘20.)

1856 2096 1924 2152 Et.
1951 2111 2137 2170 postea
2167 2106 2284 2161 lucc
2314 2107 2382 2164 de
2410 2111 2555 2168 illius
2585 2117 2785 2186 satyris
2815 2121 3012 2178 cecinit
3042 2141 3056 2178 :

1948 2215 2079 2294 {inse
2104 2221 2238 2294 velut
2261 2226 2432 2294 stricto
2454 2232 2653 2294 quoties
2675 2233 2894 2287 Lucilius
2915 2242 3096 2294 ardens

1950 2280 2227 2362 latretuttlit,
2247 2287 2399 2362 rubet
2419 2280 2628 2362 auditor,
2657 2280 3106 2362 έιιῖῙὲ-’ίέᾶιῖὦῖἐιὶὲ
3129 2317 3204 2359 est

1953 2341 2268 2410 Criminibus,
2291 2354 2433 2400 tacita
2450 2341 2627 2406 sudant

2541 2438 2593 2503 (Ι
2597 2438 2774 2505 bidem,
2799 2449 2906 2500 sub.
2933 2449 3021 2514 ﬁn.
3041 2455 3204 2519 satir.)

1854 2531 2078 2592 Persius
2105 2554 2323 2613 quoque
2356 2563 2368 2598 :

2381 2665 2552 2744 Secuit
2575 2669 2792 2744 Lucilius
2821 2682 3013 2744 urbem,

1947 2715 2021 2767 Te
2043 2717 2200 2784 Lupe,
2224 2731 2274 2773 te
2298 2715 2440 2790 Muli,
2460 2715 2802 2795 éi'géiti'iiiiti.
3069 2750 3184 2803 illis.

2477 2813 2664 2881 (Pars,
2688 2822 2776 2873 sub
2794 2823 2880 2887 ﬁn.
2903 2829 3041 2882 satir.
3067 2835 3130 2897 1.)

1853 2903 2088 2964 Primam
2132 2911 2224 2968 ille
2273 2913 2548 2988 Lucilius,
2599 2933 2738 2982 teste
2785 2928 2960 2988 Plinio
3006 2934 3242 3010 (Plin.,
3288 2946 3374 3002 lib.
3435 2965 3450 3002 ι

1855 2995 2031 3053 Natur
2087 3002 2206 3060 hist.
2233 3048 2249 3074 ,
2284 3024 2340 3077 p:
2372 3011 2482 3081 4),
2524 3016 2743 3073 satiram
2795 2995 3054 3082 condidit.
3092 2995 3244 3093 Unde

1855 3100 1960 3146 uus
1992 3112 2006 3148 :

2597 3201 2659 3254 Et
2683 3204 2900 3264 Lucilius
2930 3231 3077 3273 ausus

1947 3249 2142 3302 Primus
2166 3255 2214 3304 in
2233 3255 2362 3308 hunc
2383 3262 2553 3324 Operis
2577 3249 3111 3335 cBEnp6.ii{-Z"c§;‘;ﬁ;a
3137 3303 3354 3344 morem.

1947 3310 2226 3359 Detrahere
2247 3328 2294 3359 pr
2315 3323 2496 3359 ηρΙΙμηη
2546 3329 2724 3359 num...
2750 3350 2840 3359 ω...
2872 3345 2946 3359 -.7.
3340 3336 3354 3359 ›

1947 3310 2299 3414 Egilia-elei
2315 3310 2518 3414 pellem,
2545 3310 3293 3414 uiliaag"§;;”qﬁ;ggg;g;.°gf;

1976 3411 1982 3414 _
2051 3394 2079 3414 μ
2213 3396 2226 3414 ι
2288 3397 2451 3414 ..ωηο
2497 3401 2627 3414 ...Νη

1946 3374 2179 3440 Cederet,
2213 3374 2454 3437 introrsus
2476 3374 2645 3450 turpis.

2290 3468 2506 3537 (Horat.,
2526 3474 2607 3528 lib.
2638 3495 2688 3545 ιι,
2712 3487 2850 3537 satir.
2877 3491 2921 3551 1,
2946 3505 3068 3546 vers.
3095 3498 3200 3564 95.)

1851 3579 2213 3648 Quintilianus
2259 3605 2439 3652 autem
2485 3600 2659 3660 Plinio
2707 3620 2762 3664 et
2815 3612 3039 3675 Horatio
3089 3626 3443 3705 suffragatur,

1853 3673 2060 3705 Ιιηηι...,.
2102 3681 2163 3705 ,1-
2209 3685 2378 3705 ι--,ςι-
2447 3692 2519 3705 ι...

1853 3673 2062 3747 hocque
2098 3681 2166 3737 de
2207 3685 2415 3744 Lucilio
2445 3692 2698 3767 illiusque
2725 3707 2994 3765 scribendi
3027 3729 3230 3782 genere
3254 3673 3448 3782 Dreddi;

1852 3769 2264 3832 testimonium:
2302 3780 2522 3840 «Satira
2563 3791 2780 3858 quidem
2828 3807 2936 3856 tota
2987 3769 3172 3863 ndstra
3222 3827 3343 3883 est,
3390 3823 3443 3876 iu

1851 3875 1954 3932 qua
1985 3867 2190 3934 primus
2239 3872 2500 3947 insignem
2543 3882 2757 3942 laudem
2795 3893 3028 3966 adeptus
3066 3913 3152 3959 est
3179 3867 3443 3982 Lucilius,

1851 3957 1941 4025 qui
1970 3963 2231 4029 quosdam
2261 3966 2334 4022 ita
2366 3971 2579 4031 deditos
2607 3979 2708 4034 sibi
2736 3957 2917 4043 adhuc
2945 3990 3106 4051 habet
3133 3957 3447 4076 amatores;

1854 4055 1912 4103 ut
1930 4065 2050 4105 eum
2091 4071 2199 4111 non
2240 4059 2485 4130 ejusdem
2536 4071 2700 4128 modo
2741 4083 2921 4146 operis
2957 4095 3306 4165 auctoribus,
3351 4055 3446 4159 sed

1850 4146 2102 4203 omnibus
2128 4155 2300 4218 poetis
2332 4161 2586 4225 praeferre
2613 4183 2718 4222 nou
2751 4172 3014 4235 dubitent.
3044 4183 3160 4257 Ego
3187 4146 3445 4262 quaittum

1853 4248 1917 4262 ﬂ
1950 4240 2050 4262 ηκ-
2085 4253 2125 4262 ,ᾼ
2179 4255 2193 4262 _
2369 4254 2384 4262 _
2436 4255 2476 4262 __
2610 4261 2615 4262 ν

1851 4248 1921 4292 ab
1948 4240 2052 4296 illis
2085 4253 2288 4303 tantum
2334 4254 2404 4308 ab
2433 4255 2656 4315 Horatio
2681 4263 2702 4336 (
2727 4263 2831 4322 Lib.
2867 4288 2918 4341 ι,
2961 4240 3218 4349 εαιίιοῒῶ,¹
3246 4240 3446 4352 versi;

1852 4344 1897 4385 θ’
1923 4352 2055 4406 δεΨΙ·
2087 4338 2106 4409 )
2137 4340 2396 4402 dissentio
2418 4391 2431 4415 ι
2467 4354 2554 4421 Qui
2587 4355 2852 4419 Lucilium
2886 4365 3058 4428 liuere
3086 4376 3439 4459 lutulentum,

1852 4436 1900 4459 nl
1933 4444 2052 4459 noon
2079 4433 2279 4459 nlla—“lJ
2310 4454 2398 4459 --μγ
2433 4442 2444 4459 l
2480 4456 2488 4459 -
2536 4446 2569 4459 ιι
2823 4457 2833 4459 -

1851 4436 1906 4480 et
1932 4444 2053 4485 esse
2077 4433 2279 4505 aliquid
2303 4442 2445 4509 quod
2478 4446 2668 4505 tollere
2692 4457 2866 4522 possis
2886 4500 2900 4524 ,
2937 4474 3103 4530 putat.

1852 4519 1986 4576 ditio
2012 4523 2066 4580 in
2096 4531 2320 4600 comira,
2347 4547 2400 4590 et
2430 4539 2685 4611 libertas,
2717 4560 2877 4620 atque
2907 4555 3030 4613 inde
3057 4568 3361 4644 acerbitas,
3391 4589 3449 4635 et

1854 4615 2064 4644 abun”)-
2107 4624 2228 4644 -..|2,,
2368 4630 2382 4644 Ι
2415 4631 2450 4644 Α
2498 4634 2509 4644 .
2575 4636 2608 4644 ..

1853 4615 2066 4741 abqtie
2104 4624 2232 4679 salis
2288 4647 2329 4741 ιὶ
2361 4630 2625 4702 (Quintil.
2656 4681 2669 4702 ,
2713 4615 2804 4696 lib.
2843 4663 2876 4700 χ
2913 4615 3361 4738 [mutuli-cap:

1850 4726 1902 4776 p.
1943 4709 2040 4765 157
2068 4723 2112 4767 et
2139 4733 2276 4790 seqq.
2311 4718 2353 4791 ).
2384 4722 2767 4789 Verumtamen
2808 4738 2949 4796 idem
3003 4747 3120 4819 ipse
3167 4709 3439 4836 l—lorartius:

1851 4805 2094 4836 ηινιηιυῖο
2141 4807 2332 4836 ,ιε-ι...ει
2390 4815 2516 4836 ,ιηύη
2663 4835 2666 4836 ,
2715 4827 2726 4836 .
2836 4832 2847 4836 _

1851 4805 2097 4871 quamvis
2138 4807 2337 4868 dixerit
2383 4815 2578 4875 durum
2620 4835 2674 4879 et
2714 4805 3040 4894 lutulentuui
3087 4860 3208 4904 esse
3254 4810 3445 4916 Lucilii

1847 4911 2188 4966 sermonem.
2237 4923 2360 4964 eum
2399 4922 2574 4971 tamen
2614 4919 2840 4981 facetum
2883 4940 2939 4986 et
2979 4951 3246 4999 emunctte
3297 4954 3447 5009 naris

1850 4992 2016 5052 fuisse
2045 5001 2346 5068 profitetur.
2379 5007 2744 5076 Quamobrem
2773 5022 2902 5080 alibi
2932 4992 3120 5091 canit;

1975 5192 2132 5226 tam...
2156 5199 2378 5226 .a..c.:-..:.
2401 5221 2411 5226 -
2451 5210 2498 5226 ,ι
2515 5225 2528 5226 ,
2553 5221 2577 5226 ν-
2593 5149 2659 5226 Ab
2677 5155 2802 5226 id?"
2827 5164 2958 5223 (Ιιιοά
2978 5167 3082 5215 sale
3106 5173 3258 5226 multo

1949 5191 2132 5248 Urbem
2155 5199 2412 5268 defricuit;
2447 5191 3069 5279 charta-laddalui‘e‘b‘dzgi

2147 5280 2363 5349 (Horat.,
2385 5287 2467 5341 lib.
2487 5309 2522 5355 ι,
2541 5295 2680 5348 satir.
2709 5301 2784 5363 10,
2809 5316 2934 5357 vers.
2957 5312 3018 5360 50
3035 5320 3080 5364 et
3095 5323 3254 5385 seqq.)

1847 5421 2035 5536 Lucilii
2063 5443 2276 5502 quoque
2316 5438 2458 5493 sales
2501 5447 2721 5513 agnovit
2758 5427 2951 5510 Cicero
2982 5459 3001 5531 (
3035 5460 3197 5521 Cicer.
3226 5511 3242 5536 ,
3299 5473 3384 5531 lib.
3425 5497 3439 5535 ι

1847 5518 1912 5572 de
1941 5517 2138 5592 Finib.,
2163 5543 2214 5594 p.
2245 5527 2337 5596 40,
2378 5541 2424 5584 et
2453 5533 2542 5588 lib.
2564 5552 2601 5591 ιι
2627 5539 2690 5593 de
2732 5541 2902 5612 0rat.,
2933 5517 3250 5632 p.‘12),ﬂq’u,i

1850 5613 1972 5671 dam
2000 5618 2142 5674 illius
2168 5637 2358 5680 versus
2389 5627 2699 5702 descripsit,
2724 5648 2779 5692 et
2806 5613 2968 5714 longe
2995 5613 3194 5717 plures‘
3219 5613 3443 5721 11681-

1853 5707 1958 5764 lius
1988 5711 2039 5766 iu
2067 5714 2178 5770 suis
2221 5716 2473 5778 Noctium
2519 5726 2817 5789 Atticarum
2849 5707 3022 5798 libris.
3063 5707 3439 5824 Denique}:-

1914 5844 1987 5912 (1)
2011 5846 2064 5899 Id
2085 5858 2159 5902 est
2184 5849 2411 5907 Satirico.

2926 5963 3005 6034 2-2
