3878 6312
201 250 290 309 685
1320 247 1387 304 IN
1417 243 1797 313 ARNOBIUM,
1823 243 1979 302 CAP.
2025 244 2212 303 XXVI.
3347 251 3455 309 686

201 372 277 439 ille
298 369 473 434 fuerit,
497 365 619 433 alibi
639 366 1067 423 demonstratum
1096 364 1439 440 (Supr.,cap.
1463 362 1553 429 12,
1579 370 1677 417 art.
1708 362 1760 427 1;
1789 366 1844 425 Α
1867 377 2187 435 οωηιιιιιιιιιο
2222 376 2384 435 quam
2405 362 2654 435 principii
2684 363 2783 431 illi,
2820 382 2840 417 ι
2891 363 3021 421 Caio
3067 366 3296 422 Caesaris
3325 368 3459 425 Ger-

200 459 632 531 tom.tApparat.,
681 476 799 533 pag.
849 457 998 531 810).
1858 455 2051 510 manici
2095 455 2205 511 lilio
2253 476 2271 509 ι
2305 456 2470 512 dedit.
2498 477 2517 509 ι
2563 456 2732 529 Hujus
2760 460 3004 517 meminit
3033 461 3239 518 Plinius
3263 478 3459 519 secun-

257 553 479 609 Patrocle
505 552 569 607 de
591 551 798 608 Thurio
839 562 895 608 et
943 550 1363 621 Philostephano
1409 548 1549 607 idem
1595 546 1758 625 plane
1857 547 2000 617 dus;
2040 548 2425 618 Quintillianus
2451 561 2629 609 autem
2661 554 2777 609 hanc
2807 554 2873 609 de
2916 554 3009 623 illo
3052 554 3245 615 litteris
3279 559 3461 614 consi-

198 645 472 717 dicendum.
504 646 576 701 De
612 645 720 701 illis
761 644 1026 717 siquidem
1057 644 1312 703 Clemens
1335 642 1754 707 Alexandrinus,
1856 641 2075 712 gnavit:
2113 660 2131 693 ‹
2161 640 2386 712 Eorum,
2410 658 2545 715 quos
2569 643 2816 711 viderim,
2843 646 3000 717 longe
3029 649 3279 720 princeps
3308 650 3465 706 Pom-

198 751 244 798 et
282 757 371 797 nos
416 750 534 815 post
585 741 757 813 ipsum
803 741 1194 815 disputavimus
1250 739 1498 814 (Arnob.,
1543 738 1631 793 lib.
1676 752 1756 807 tv,
1862 735 2054 803 ponius
2084 735 2389 806 secundus,
2423 753 2584 808 quem
2612 754 2773 799 senes
2804 756 2992 813 parum
3028 743 3288 814 tragicum
3318 755 3465 816 pum.

200 833 441 906 1209.144,
475 843 593 888 tom.
620 832 937 906 tApparat.,
969 851 1088 907 pag.
1113 834 1216 891 817
1239 843 1287 887 et
1315 829 1497 905 1208).
1861 828 2025 896 bant,
2077 828 2382 885 eruditione
2433 845 2496 886 ac
2536 831 2712 887 nitore
2758 843 3020 903 prmstare
3068 835 3467 894 confitebantur

254 927 386 992 Piso,
404 926 552 999 cujus
577 926 846 985 Arnobius
880 927 1160 992 meminit,
1192 925 1505 982 vocabatur.
1540 924 1603 981 L.
1638 921 1761 979 Cal-
1864 918 2028 993 (Plin.
2059 921 2427 989 Secund.,lib.
2454 938 2534 991 ιιι,
2568 923 2717 994 epist.
2749 923 2813 993 5;
2840 924 3086 994 Quintil.,
3113 929 3203 982 lib.
3229 945 3261 984 x
3309 929 3473 985 Insti-

194 1018 431 1090 pburnius
451 1019 585 1085 ,Piso
610 1018 772 1092 Frugi
812 1018 1054 1091 (Arnob.,
1088 1018 1176 1077 lib.
1204 1034 1280 1086 ιιι,
1302 1034 1425 1090 pag.
1454 1013 1600 1088 19.2).
1644 1016 1725 1084 Qu

1948 1055 1985 1080 .,
2018 1032 2139 1085 pag.
2166 1013 2320 1089 748).
2354 1032 2374 1066 ›
2424 1013 2663 1072 Velleius
2701 1027 2881 1072 autem
2932 1017 3250 1077 Paterculus
3280 1023 3474 1080 scribit

194 1114 251 1168 de
283 1113 421 1177 viro,
461 1113 684 1184 ejusque
723 1113 1042 1186 cognomine
1089 1110 1279 1167 Cicero
1330 1111 1444 1165 hare
1481 1109 1765 1167 memoria:
1865 1120 1990 1160 eum
2041 1124 2059 1157 ι
2093 1104 2260 1161 fuisse
2310 1107 2557 1163 sensibus
2588 1108 2858 1165 celebrem
2888 1151 2903 1175 ,
2945 1111 3125 1167 verbis
3153 1113 3339 1171 rudem
3367 1157 3382 1181 ,
3415 1127 3472 1174 et

192 1205 437 1262 mandavit
465 1223 477 1258 :
518 1223 537 1257 ι
567 1205 739 1261 Tanta
768 1207 986 1269 virtute,
1018 1215 1176 1277 atque
1204 1205 1508 1276 integritate
1538 1202 1634 1257 fuit
1660 1243 1676 1269 ,
1708 1210 1767 1256 ut
1867 1200 2436 1257 novitaleinventiase
2454 1203 2632 1272 Operis
2649 1204 3468 1283 commendabilem(Patercul)

191 1298 331 1355 etiam
360 1298 463 1354 illis
487 1300 706 1372 optimis
744 1299 1082 1375 temporibus
1122 1314 1245 1354 cum
1292 1296 1571 1355 hominem
1618 1297 1765 1352 inve-
1867 1295 1955 1350 lib.
1991 1312 2029 1355 ιι
2063 1294 2225 1366 Hist.,
2257 1296 2408 1370 longe
2430 1308 2546 1369 post
2572 1298 2732 1370 init.).
2774 1318 2793 1352 ι
2839 1299 2993 1368 Quod
3040 1317 3167 1359 vero
3217 1304 3348 1359 illud
3379 1321 3475 1361 no-

191 1396 291 1450 nire
325 1409 548 1467 nequam
598 1397 868 1450 neminem
908 1410 1097 1466 posses
1120 1436 1137 1462 ,
1184 1394 1331 1450 solus
1381 1403 1560 1449 tamen
1605 1391 1769 1463 Frugi
1869 1404 1994 1445 vum
2025 1404 2160 1461 opus
2188 1390 2279 1454 sit,
2306 1390 2751 1447 docetEusebius
2782 1391 3119 1449 inChmnico
3144 1413 3160 1455 :
3190 1396 3289 1453 «ι.
3314 1396 3478 1455 Ροιιι-

191 1491 530 1545 nominaretur
561 1489 715 1562 (Cic.,
744 1499 873 1549 orat.
898 1490 986 1556 11,
1015 1506 1107 1560 pro
1134 1486 1212 1542 .11.
1241 1470 1475 1556 Fonteio,
1503 1485 1766 1559 pag.2:?.5,
1871 1483 2087 1553 ponius,
2112 1504 2131 1536 ι
2162 1483 2354 1555 inquit,
2383 1503 2403 1537 ι
2425 1484 2803 1552 Bononiensis,
2825 1486 3194 1545 Atellanarum
3224 1491 3481 1563 scriptor,
3536 1528 3545 1541 .

191 1582 269 1635 lin.
298 1579 403 1651 45).
441 1601 460 1634 ι
510 1582 586 1641 De
611 1582 756 1638 illius
783 1597 915 1638 vero
942 1581 1155 1652 scriptis
1183 1581 1323 1637 idem
1354 1581 1551 1635 latinus
1588 1590 1771 1635 orator
1872 1575 2052 1632 clarus
2084 1575 2314 1631 habetur
2338 1576 2551 1649 (Euseb.
2584 1579 2635 1632 in
2656 1578 2873 1646 Clzron.,
2896 1581 2964 1635 ad
2982 1599 3109 1638 ann.
3140 1582 3324 1656 18'26).
3353 1604 3371 1638 ι
3401 1585 3485 1640 Ex

190 1674 237 1747 id
266 1675 384 1733 alibi
421 1675 682 1747 scriptum
715 1676 931 1746 reliquit
962 1694 975 1729 :
1026 1694 1045 1727 ‹
1082 1674 1145 1729 L.
1179 1674 1307 1730 Piso
1328 1673 1575 1747 tribunus
1602 1670 1773 1742 plebis
1875 1667 1975 1723 hac
2025 1684 2188 1740 porro
2229 1668 2375 1724 illius
2422 1669 2703 1726 Atellanus
2733 1673 3004 1730 scribendi
3029 1686 3146 1731 arte
3177 1718 3193 1742 ,
3250 1692 3407 1746 quam
3451 1691 3486 1732 a

191 1746 344 1839 legem
380 1746 585 1837 primus
614 1767 684 1823 de
717 1767 958 1838 pecuniis
1002 1746 1351 1837 repetundis,
1397 1763 1694 1822 Censorino
1722 1770 1777 1819 et
1805 1772 1853 1833 Β
1879 1759 2132 1815 Mummio
2160 1771 2279 1832 post
2310 1759 2538 1817 Nonium
2563 1772 2617 1819 et
2640 1764 2993 1835 Pomponium
3021 1769 3333 1826 suscitatam
3364 1785 3488 1828 esse

194 1859 381 1914 Manilio
419 1860 577 1915 Coss.
620 1859 758 1915 tulit.
811 1859 931 1932 Ipse
961 1861 1124 1918 etiam
1156 1859 1280 1917 Piso
1311 1867 1365 1913 et
1403 1872 1595 1919 causas
1617 1857 1725 1926 egit
1750 1896 1766 1922 ,
1869 1853 2171 1913 Macrobius
2227 1867 2501 1911 asseVerat
2535 1900 2549 1924 ,
2614 1857 2699 1912 lue
2755 1860 3111 1930 proculdubio
3169 1864 3487 1933 prodierunt

192 1963 236 2011 et
272 1954 551 2011 multarum
606 1955 784 2026 legum
820 1965 912 2009 aut
942 1965 1154 2019 auctor,
1197 1961 1291 2008 aut
1336 1952 1613 2009 dissuasor
1639 1950 1763 2015 fuit;
1879 1947 2073 2005 fabulae
2102 1946 2324 2015 Maevia,
2354 1947 2637 2017 Editumi,
2666 1950 2838 2020 Galli,
2882 1952 3243 2029 Transalpini,
3273 1968 3329 2015 et
3353 1958 3488 2014 Por.

194 2049 321 2119 isque
346 2058 399 2104 et
426 2032 706 2104 orationes
734 2049 980 2119 reliquit,
1023 2064 1142 2119 quae
1165 2047 1279 2119 jam
1305 2055 1677 2109 evanuerunt,
1719 2055 1774 2099 et
1873 2048 2011 2105 ccta,
2041 2058 2161 2113 qum
2189 2042 2258 2098 ab
2282 2040 2347 2097 A.
2379 2041 2555 2100 Gellio
2583 2045 2817 2101 citantur
2842 2046 3124 2118 (Macrob.,
3173 2053 3264 2107 lib.
3309 2070 3327 2108 ι
3383 2054 3490 2110 Sa-

195 2142 383 2197 annales
409 2157 540 2197 sane
572 2142 786 2197 exiliter
827 2142 1057 2211 scriptos
1082 2124 1286 2216 (Idem,
1327 2139 1390 2193 de
1418 2137 1604 2193 Claris.
1640 2134 1774 2191 Ora-
1876 2136 2096 2201 ειη-παι,
2148 2152 2266 2207 cap.
2318 2134 2423 2202 1ος
2482 2135 2652 2207 Gell.,
2699 2140 2789 2194 lib.
2820 2156 2854 2195 ιι
2886 2140 3044 2199 Noct.
3076 2145 3204 2213 Att.,
3237 2162 3355 2218 cap.
3389 2148 3480 2214 14,

200 2243 304 2301 ton,
344 2251 429 2290 seu
459 2234 613 2289 Brut.
639 2277 653 2301 ,
705 2251 827 2307 pag.
855 2232 997 2300 218,
1041 2233 1133 2287 lin.
1176 2232 1253 2300 ‘2).
1290 2250 1310 2284 ι
1358 2230 1566 2287 Gellius
1597 2238 1775 2282 tamen
1878 2229 1967 2283 lib.
1988 2245 2080 2294 xu,
2102 2246 2218 2299 cap.
2250 2230 2339 2293 10,
2368 2236 2415 2283 el
2444 2229 2532 2285 lib.
2564 2247 2680 2297 xvr,
2712 2247 2830 2302 cap.
2860 2230 2937 2308 6).
2968 2235 3097 2305 Quis
3129 2237 3307 2308 itaque
3334 2237 3493 2297 facile

196 2326 357 2381 asserit
384 2341 504 2383 eum
532 2326 587 2380 in
616 2325 805 2381 iisdem
840 2323 1139 2379 Annalibus
1171 2318 1352 2396 (Gell.,
1387 2322 1475 2377 lib.
1507 2336 1561 2376 vr
1612 2318 1775 2374 Noct.
1880 2338 1989 2378 non
2020 2321 2283 2380 concedat
2312 2321 2458 2377 illam
2491 2339 2559 2379 ex
2590 2322 2673 2379 his
2703 2341 2863 2382 unam
2894 2327 3082 2397 luisse,
3110 2346 3270 2405 quam
3301 2341 3493 2390 auctor

194 2416 303 2485 Att,
340 2437 453 2491 cap.
487 2421 523 2476 9
546 2465 563 2488 ,
600 2437 718 2491 pag.
751 2419 858 2475 579
883 2430 928 2473 et
959 2418 1047 2473 lib.
1080 2435 1157 2484 tt,
1186 2434 1303 2490 cap.
1338 2418 1433 2482 14,
1454 2433 1579 2495 ρας.
1607 2412 1725 2483 698]

1191 2434 1303 2490 cap.
1338 2418 1433 2482 14,
1454 2433 1579 2495 pag.
1607 2412 1737 2483 698)
1758 2456 1779 2499 ε,
1884 2424 2071 2471 noster
2097 2414 2363 2487 Marsyam
2394 2416 2722 2488 appellavit?

192 2527 306 2583 quos
330 2513 467 2569 idem
497 2513 679 2569 adhuc
708 2511 920 2579 Cicero,
949 2512 1143 2580 Varro,
1174 2511 1402 2580 Plinius,
1436 2506 1783 2566 Laetantiusc
1958 2507 2281 2579 Posidippus
2335 2510 2501 2564 semel
2552 2517 2714 2587 atque
2762 2511 2964 2571 iterum
3010 2515 3077 2571 ab
3110 2517 3355 2574 Arnobio
3380 2561 3396 2588 ,
3440 2519 3497 2575 in

191 2607 609 2675 quecitaverunt,
644 2607 1045 2677 simplicissima
1066 2606 1333 2660 suavitate
1352 2601 1785 2676 reietorationis
1886 2600 2180 2657 Clementis
2201 2601 2552 2657 Alexandrini
2584 2604 2821 2676 vestigiis
2847 2607 3023 2663 adhuc
3056 2610 3337 2667 insistente
3377 2612 3498 2668 lau-

190 2713 292 2755 esse
314 2715 481 2771 usum,
507 2717 575 2756 ac
598 2716 687 2757 res
714 2701 785 2756 ibi
814 2701 881 2756 ab
910 2700 999 2755 illo
1022 2716 1283 2777 perquam
1316 2715 1450 2773 pure
1480 2708 1535 2754 et
1556 2708 1788 2754 venuste
1889 2693 2065 2749 datur.
2122 2693 2316 2749 Narrat
2359 2704 2539 2751 autem
2585 2695 2780 2753 Suidas
2812 2699 3158 2773 Posidippum
3190 2706 3456 2761 comicum
3477 2749 3496 2773 ,

190 2803 406 2849 narratas
437 2792 660 2868 (Cicer.,
697 2793 785 2861 lib.
821 2811 902 2862 ιιι,
931 2795 1080 2871 epist.
1107 2794 1198 2862 22,
1245 2803 1293 2849 et
1320 2794 1407 2849 lib.
1462 2811 1496 2849 ιι
1521 2794 1584 2848 de
1613 2792 1790 2861 Orat.,
1890 2783 2310 2842 CassadrenSem
2337 2829 2351 2852 ,
2380 2787 2597 2859 Cynisci
2626 2789 2795 2846 lilium
2822 2834 2837 2860 ,
2880 2793 3039 2849 tertio
3071 2806 3190 2865 post
3221 2796 3504 2854 Menandri

194 2886 436 2963 “9.1.14;
474 2886 663 2955 Varr.,
715 2887 803 2941 lib.
832 2903 884 2943 tv
918 2887 980 2943 de
1007 2886 1163 2959 Ling.
1189 2888 1307 2954 lat.,
1333 2904 1453 2961 pag.
1486 2886 1589 2954 56;
1618 2885 1788 2960 Plin.,
1893 2889 2121 2935 mortem
2154 2897 2297 2935 anno
2328 2880 2609 2948 docuisse,
2661 2899 2724 2939 ac
2757 2886 2968 2960 triginta
2999 2888 3237 2947 edidisse
3265 2890 3500 2947 fabulas.

193 2974 265 3030 lib.
304 2993 339 3032 ιι
384 2976 525 3033 Hist.
564 2987 701 3046 nat.,
725 2995 841 3049 cap.
874 2978 963 3043 55,
991 2996 1112 3055 pag.
1136 2977 1280 3045 207;
1320 2977 1578 3045 Lactant.,
1614 2978 1703 3032 lib.
1736 2994 1791 3044 ι,
1896 2972 2003 3030 Sed
2044 2971 2268 3027 Vossius
2324 2983 2475 3044 putat
2518 2974 2682 3029 alium
2729 2978 2798 3034 ab
2842 2977 3084 3038 Arnobio
3126 2991 3181 3038 et
3220 2982 3506 3042 Clemente

194 3082 291 3138 cap.
320 3071 369 3134 6,
417 3088 537 3143 pag.
592 3071 706 3139 '53).
750 3071 909 3126 Plura
934 3070 1002 3126 de
1030 3071 1119 3135 illo
1147 3074 1190 3126 si
1222 3070 1357 3127 velis
1381 3114 1396 3139 ,
1424 3070 1649 3126 consule
1678 3071 1794 3126 Ma-
1896 3065 2262 3122 Alexandrino
2300 3066 2476 3132 citari,
2508 3083 2665 3138 quem
2699 3068 2752 3124 in
2784 3070 3093 3127 Graecorum
3116 3074 3506 3134 historicorum

193 3163 435 3231 crobium,
462 3167 561 3220 lib.
592 3180 611 3220 ι
655 3165 952 3231 Saturnal.,
997 3180 1116 3238 cap.
1151 3165 1238 3232 12,
1275 3182 1397 3238 pag.
1426 3164 1556 3232 2‘29,
1580 3180 1794 3225 rursus-
1822 3168 1869 3234 ρ
1898 3159 2080 3214 album
2108 3157 2315 3213 retulit.
2347 3158 2604 3231 Quaedam
2637 3173 2815 3218 autem
2845 3164 3121 3238 Posidippi
3151 3167 3219 3223 de
3247 3166 3505 3224 draconi-

195 3270 282 3327 que
309 3259 643 3324 Ciceronem,
692 3259 785 3315 lib.
813 3275 875 3315 ιιι
905 3242 1222 3328 Tusculam,
1255 3277 1375 3333 pag.
1406 3260 1530 3327 156,
1565 3261 1783 3317 Tertnl-
1886 3253 1991 3309 bus
2017 3251 2256 3308 carmina
2300 3265 2330 3304 a
2366 3249 2565 3310 Tzetze
2614 3257 2960 3315 exhibentur.
3015 3260 3119 3317 Sed
3152 3272 3329 3317 utrum
3361 3262 3506 3319 idem

197 3348 396 3420 llanum,
430 3353 525 3409 lib.
557 3352 629 3407 de
655 3352 986 3423 Spectacul.,
1013 3369 1134 3425 Cap.
1171 3353 1225 3421 5,
1251 3365 1307 3408 et
1334 3353 1647 3428 Dionysium
1674 3353 1783 3409 Ha-
1887 3347 1974 3413 sit,
2010 3347 2098 3419 qui
2150 3346 2218 3405 ab
2242 3352 2487 3408 Arnobio
2538 3350 2878 3421 appellatur,
2907 3352 3052 3408 dictu
3094 3369 3227 3410 sane
3257 3355 3504 3414 difficile.

198 3440 601 3513 licarnasseum,
633 3444 729 3500 lib.
786 3460 824 3500 ιι
862 3445 1113 3515 Antiquit.
1164 3461 1408 3515 romam,
1452 3462 1570 3520 pag.
1601 3446 1704 3505 105
1733 3455 1788 3503 et
1888 3442 2163 3501 Gesnerus
2212 3458 2389 3504 tamen
2446 3463 2553 3503 non
2610 3447 2824 3509 videtur
2878 3448 3021 3503 hunc
3071 3448 3422 3522 Posidippum
3470 3466 3505 3508 a

198 3536 326 3593 alibi.
1890 3549 2047 3608 poeta
2075 3540 2407 3613 distinguere
2438 3541 2652 3615 (Arnob.
2685 3585 2699 3609 ,
2748 3540 2834 3595 lib.
2870 3557 2956 3610 Vl,
2991 3558 3112 3615 pag.
3158 3544 3260 3599 198
3289 3554 3336 3599 et
3363 3544 3509 3612 206;

261 3630 577 3689 Plutarchus
605 3629 939 3689 Cheronzeus
968 3631 1037 3689 de
1068 3630 1311 3695 Herculis
1338 3641 1512 3688 morte
1541 3633 1694 3688 testis
1716 3631 1785 3687 ab
1892 3632 2121 3690 Clemens
2152 3637 2430 3705 Alexand.,
2470 3637 2731 3692 Admonit.
2756 3636 2823 3690 ad
2851 3634 3041 3705 Graec,
3074 3654 3195 3709 pag.
3227 3638 3294 3695 '55
3326 3648 3371 3693 et
3396 3636 3504 3708 58;

201 3734 400 3784 auctore
442 3735 637 3782 nostro
668 3726 723 3781 in
754 3724 1021 3783 librorum
1066 3725 1209 3780 illius
1263 3724 1590 3780 editionibus
1632 3724 1791 3781 datus
1895 3726 2029 3782 Suid
2053 3728 2123 3782 ad
2144 3729 2279 3784 verb.
2308 3728 2624 3793 ποσιδιππος
2646 3746 2660 3797 ;
2684 3728 2878 3796 Tzetz.,
2908 3730 3024 3785 hist.
3060 3729 3288 3790 Chiliad.
3308 3732 3362 3802 7,
3382 3732 3505 3787 Itist.

201 3817 373 3892 legitur
397 3820 647 3896 (Arnob,
676 3819 765 3877 lib.
784 3837 858 3885 tv,
887 3838 1007 3897 pag.
1036 3820 1185 3890 144).
1214 3818 1319 3877 Sed
1349 3820 1401 3874 in
1429 3817 1794 3889 manuscripto
1896 3819 2021 3882 144.
2052 3839 2107 3891 p.
2136 3822 2237 3877 184
2264 3838 2283 3888 ;
2315 3822 2524 3889 Gesner,
2555 3824 2606 3877 in
2632 3821 2928 3896 Bibliotli.).

203 3912 370 3971 codice
413 3918 566 3987 regio
596 3956 612 3981 ,
662 3913 743 3968 uti
792 3929 951 3983 supra
1013 3912 1322 3967 monuimus
1357 3911 1541 3987 (Sup,
1583 3927 1698 3981 cap.
1736 3910 1791 3978 4,
1969 3913 2291 3971 Ptolomaeus
2343 3916 2634 3988 Agesarchi
2676 3917 2817 3973 filius
2847 3928 2987 3986 erat,
3022 3920 3175 3991 cujus
3224 3921 3292 3977 de
3322 3921 3508 3979 Philo-

205 4019 293 4065 art.
323 4010 398 4081 4),
431 4008 699 4080 scriptum
731 4016 815 4063 est
847 4004 1193 4080 Hieronymus
1220 4003 1553 4061 Plutarchus.
1596 4003 1795 4059 Verum
1900 4016 2086 4076 patore
2118 4019 2239 4078 post
2263 4007 2597 4065 Clementem
2624 4010 3072 4081 Alexandrinum,
3102 4014 3178 4069 uti
3204 4014 3330 4070 alibi
3358 4027 3509 4088 pate-

208 4106 370 4156 tamen
408 4116 532 4157 cum
578 4099 653 4155 ibi
698 4098 971 4154 Arnobius
1000 4096 1332 4153 Clementem
1374 4095 1798 4153 Alexandrinum
1901 4096 2149 4169 fecimus,
2198 4101 2406 4173 primus
2454 4101 2591 4158 liber
2646 4102 2712 4159 ab
2743 4102 2985 4159 Arnobio
3026 4113 3218 4163 nostro
3262 4106 3510 4176 (Arnob,

205 4193 365 4251 adhuc
400 4195 559 4268 sequi
604 4192 850 4248 videatur
897 4190 1158 4263 (Clemens
1186 4189 1497 4257 Alexandr.,
1534 4188 1795 4242 Admonit.
1902 4190 1989 4245 lib.
2020 4209 2093 4262 vt,
2148 4211 2269 4266 pag.
2298 4195 2436 4261 195;
2486 4193 2717 4250 Clemens
2758 4196 3038 4253 Alexandr.
3074 4240 3090 4266 ,
3120 4198 3379 4255 Admonit.
3418 4202 3508 4258 ad.

208 4288 267 4342 ad
292 4287 479 4355 Graec”
513 4306 638 4361 pag.
661 4286 778 4362 19),
829 4286 954 4342 hinc
1002 4303 1107 4347 non
1153 4285 1285 4345 levis
1315 4284 1538 4341 omnino
1581 4281 1801 4348 conjec-
1905 4282 2096 4354 Gram,
2126 4304 2245 4360 pag.
2275 4287 2384 4353 €29;
2414 4286 2571 4359 Snp.,
2603 4306 2721 4358 cap.
2741 4289 2795 4356 9,
2825 4300 2924 4346 art.
2956 4289 3033 4362 1),
3061 4291 3329 4348 secundus
3353 4309 3512 4363 vero,

213 4391 316 4441 tura
341 4386 463 4442 duci
496 4394 677 4457 potest
717 4383 1004 4454 legendum
1028 4399 1153 4439 esse
1211 4381 1562 4454 Hieronymus
1613 4389 1659 4435 et
1703 4377 1803 4432 Di-
1904 4392 1959 4441 et
1990 4382 2178 4438 tertius
2204 4381 2271 4436 ab
2296 4381 2559 4438 Athenaeo
2587 4383 2670 4436 his
2699 4383 2893 4438 citatnr
2921 4384 3103 4440 verbis
3149 4404 3164 4440 :
3205 4389 3511 4463 Πτολεμαῖος

213 4480 476 4533 emunitus.
526 4478 613 4534 Ab
642 4476 738 4532 illo
762 4478 910 4533 enim
951 4488 1179 4545 uterque
1207 4478 1423 4531 citatur.
1455 4474 1599 4533 Nihil
1622 4480 1744 4529 tam:

1983 4482 2052 4531 ὀὗ
2077 4473 2428 4555 Ἀγησάρχου,
2458 4476 2861 4549 Μεγαλοπολίτης
2886 4477 3056 4552 γένος,
3111 4480 3162 4533 ἐν
3200 4488 3264 4554 τῇ
3293 4478 3514 4558 δευτέρᾳ

215 4570 263 4626 in
285 4571 506 4639 Arnobii
535 4579 690 4626 textu
722 4580 926 4626 temere
949 4568 1265 4624 mutandum
1291 4568 1633 4627 arbitramur.

1982 4592 2007 4622 ν
2050 4571 2169 4643 περὶ
2206 4570 2292 4624 τὸν
2341 4569 2660 4646 Φιλοπάτορα
2699 4568 2935 4643 ἱστοριῶν
2986 4568 3196 4643 (Al/ten.
3224 4612 3242 4640 ,
3294 4572 3383 4626 lib.
3416 4588 3469 4627 Vl
3494 4614 3512 4641 ,

278 4666 585 4723 Polemonis
611 4664 681 4720 de
711 4664 944 4719 Minerva
972 4706 987 4731 ,
1034 4664 1102 4718 ab
1128 4660 1334 4734 Ornyto
1358 4676 1518 4728 cmsa,
1554 4659 1801 4715 testimo-
1905 4659 2258 4731 Deipnosoph.
2282 4702 2298 4727 ,
2333 4678 2451 4733 pag.
2489 4660 2639 4733 2l6).
2679 4659 2974 4717 Ptolomeus
3016 4663 3292 4734 Agesarchi
3336 4666 3514 4733 ﬁlius,

220 4756 353 4814 nium
387 4761 457 4815 ab
487 4767 709 4815 auctore
755 4766 941 4813 nostro
986 4754 1208 4813 citatum
1250 4754 1461 4826 (Ibid),
1507 4771 1573 4809 ex
1612 4753 1801 4808 eodem
1906 4755 2029 4810 civis
2060 4753 2565 4827 Megalopolitanus,
2608 4755 2737 4810 libro
2764 4756 2987 4812 secundo
3019 4758 3347 4814 historiarum
3376 4760 3513 4815 Plii-

217 4848 481 4909 Clemente
501 4850 869 4907 Alexandrino
909 4850 1223 4919 decerptum
1249 4849 1415 4904 fuisse
1445 4848 1621 4903 nullus
1644 4845 1748 4921 (Ib.

1980 4849 2181 4906 tutoris.
2205 4848 2270 4905 Et
2288 4864 2476 4904 rursus
2492 4848 2617 4903 alibi
2653 4867 2666 4902 :
2698 4851 3039 4923 Πτολεμαῖοςὸ
3060 4860 3150 4910 τοῦ
3177 4852 3511 4930 Ἀγησάρχου

222 4947 302 5017 qui
329 4948 607 5019 utriusque
638 4946 923 5017 scriptoris
954 4946 1115 5001 verba
1142 4944 1284 5000 inter
1304 4959 1363 4999 se
1392 4951 1682 5012 componet
1706 4985 1721 5008 ,
1749 4944 1753 4996 1'

1983 4952 2045 5020 τῇ
2071 4946 2219 5022 τρίτῃ
2256 4951 2355 5000 τῶν
2399 4947 2519 5020 περί
2557 4944 2876 5022 Φιλοπάτορα
2910 4947 3147 5025 ἱστοριῶν
3196 4946 3287 5021 (El
3313 4948 3403 5004 lib.
3436 4966 3470 5003 Χ
3493 4990 3510 5015 ,

225 5040 433 5098 dubium
484 5056 681 5098 vocare
736 5041 951 5112 poterit.
989 5040 1142 5107 Vide,
1182 5038 1230 5097 si
1277 5039 1465 5106 lubet,
1526 5054 1591 5094 ea
1632 5053 1750 5108 quae
1779 5052 1809 5091 a
1915 5054 2032 5108 pag.
2062 5035 2215 5107 425).
2271 5035 2587 5092 Ptolamwus
2614 5037 2891 5108 Agesarclu'
2917 5039 3056 5109 ﬁlius
3084 5040 3214 5095 libro
3240 5041 3385 5094 tertio
3407 5040 3514 5095 Itis-

227 5133 372 5190 nobis
416 5136 473 5193 in
520 5133 799 5203 superiore
842 5133 1148 5205 Apparatus
1185 5132 1357 5193 nostri
1386 5139 1532 5186 tomo
1558 5139 1813 5186 annotata
1914 5132 2059 5185 toria:
2087 5130 2460 5203 Philopatoris.
2504 5131 2725 5202 Legesis
2763 5131 3037 5202 Nossinm,
3066 5134 3165 5193 lib.
3197 5136 3249 5202 1,
3275 5135 3343 5191 de
3370 5135 3511 5192 Hist.

228 5238 344 5282 sunt
390 5229 538 5300 (tant.
562 5244 576 5281 ι
603 5225 882 5299 Apparat.,
915 5244 1034 5305 pag.
1071 5223 1219 5298 762).
1917 5227 2116 5293 Grsec.,
2144 5242 2261 5299 cap.
2297 5226 2385 5291 18,
2416 5242 2535 5298 pag.
2569 5227 2692 5282 117.

301 5338 319 5372 ι
347 5320 624 5393 Pomponii
644 5319 930 5391 Marsyam,
956 5339 974 5373 ι
1011 5319 1085 5375 ait
1106 5318 1395 5385 Arnobius,
1431 5337 1450 5370 ι
1476 5317 1815 5389 obsignatum
1930 5365 1936 5374 .
1993 5320 2316 5379 Sammonici
2334 5318 2589 5390 frequens
2605 5319 2936 5390 apudvarios
2955 5320 3515 5396 Scriptores(Arnob.,

235 5416 479 5471 memoria
510 5416 703 5471 tenetis
735 5434 753 5468 ι
812 5413 1025 5482 (Arnob.
1050 5455 1065 5479 ,
1108 5409 1196 5467 lib.
1228 5429 1285 5477 ιι,
1311 5428 1432 5485 pag.
1466 5410 1574 5484 15).
1610 5409 1821 5466 Consu-
1923 5416 2011 5471 lib.
2046 5432 2122 5479 vr,
2168 5432 2287 5487 pag.
2321 5414 2447 5485 194)
2501 5416 2721 5475 mentio.
2768 5414 2900 5483 Quis
2941 5423 3117 5471 autem
3160 5416 3282 5481 ille,
3329 5426 3383 5472 et
3408 5433 3518 5488 quo

239 5506 358 5563 laris
381 5510 472 5565 ille
492 5510 593 5578 vir,
621 5519 757 5565 teste
782 5507 956 5564 Plinio
981 5505 1177 5576 (Plin.,
1225 5503 1314 5559 lib.
1344 5521 1416 5560 vn
1457 5516 1630 5561 natur.
1655 5503 1824 5574 Hist.,
1925 5516 2170 5579 tempore
2198 5506 2411 5575 vixerit,
2441 5506 2738 5565 Macrobius
2769 5508 2913 5565 hunc
2942 5508 3128 5563 scribit
3160 5510 3211 5564 in
3246 5511 3461 5565 modum
3497 5529 3515 5567 :

240 5615 346 5673 cap.
376 5601 464 5669 19,
498 5619 616 5674 pag.
649 5602 751 5675 58,
799 5611 848 5657 et
885 5602 975 5656 lib.
1021 5616 1137 5667 xw,
1171 5615 1289 5671 cap.
1319 5599 1382 5665 4,
1423 5616 1541 5671 pag.
1571 5596 1694 5670 129)
1722 5641 1737 5667 ,
1770 5605 1827 5655 et
1932 5618 1951 5652 ι
1982 5599 2334 5671 Temporibus
2368 5597 2553 5656 Severi
2600 5598 2892 5670 principis,
2930 5600 3021 5672 qui
3046 5601 3347 5658 ostentabat
3370 5602 3519 5659 duri-

246 5704 388 5751 vatcs
415 5696 537 5764 fuit,
560 5699 716 5770 cuius
741 5699 905 5754 vitam
937 5711 999 5760 se
1019 5694 1301 5767 scripsisse
1326 5692 1412 5775 his
1440 5692 1678 5775 declarat
1705 5708 1827 5749 ver-
1929 5694 2056 5750 tiem
2085 5710 2294 5757 morum
2320 5736 2338 5765 ,
2381 5693 2756 5755 Sammonicus
2784 5692 3020 5752 Serenus
3041 5734 3056 5759 ,
3086 5695 3169 5752 vir
3196 5696 3396 5753 saeculo
3423 5682 3551 5756 suo.

248 5787 321 5845 bis
371 5807 386 5845 :
446 5808 465 5845 ι
494 5790 807 5851 Referentes
855 5792 1019 5847 vitam
1066 5771 1347 5861 Pomponii
1389 5771 1610 5846 secundi
1651 5788 1825 5858 vatis,
1929 5785 2156 5857 doctus,
2200 5804 2321 5845 cum
2356 5786 2422 5843 ad
2449 5785 2744 5858 principem
2769 5801 2926 5843 suum
2957 5788 3529 5860 scriberet,’faceret-.
