3878 6312
369 180 470 238 687

1647 172 2093 234 DlSSERTATlO
2122 174 2400 232 PRZEVIA
2937 195 2957 210 ·
3495 194 3502 204 ·
3537 179 3624 238 688

369 314 473 368 que
503 295 570 350 de
608 294 706 350 hoc
741 294 883 364 pisce
910 307 1238 356 sermonem,
1279 292 1444 347 verba
1475 289 1698 353 Plinius,
1729 307 1847 359 qua:
1873 307 1964 346 su-
1995 310 2049 366 Α
2072 303 2127 348 et
2171 293 2408 349 carmina
2441 333 2454 356 ,
2509 289 2578 346 ab
2622 291 2888 346 Athenaeo
2937 291 3100 346 citata
3142 290 3378 346 invenies
3421 292 3624 364 (Athan,

366 390 550 460 peritis
580 389 754 458 posui,
788 386 1044 458 praemisit
1097 405 1115 438 ι
1152 383 1434 456 (Macrob.,
1465 384 1552 438 lib.
1587 400 1641 439 ιιι
1676 383 1971 450 Saturnal.,

366 501 485 553 cap.
514 484 599 547 16,
637 501 755 553 pag.
789 479 940 554 547).
1004 480 1144 535 Alibi
1179 495 1307 533 vero
1343 479 1461 548 ejus
1491 479 1650 532 verba
1681 477 1858 534 adhuc
1887 495 1974 533 re-

365 583 515 645 tert,
575 577 809 643 citatqtte
854 577 1100 645 quintum
1153 575 1296 628 illius
1350 572 1541 626 Rerum
1593 574 1972 627 reconditarum

362 661 557 728 librum
586 669 773 744 (Ibid.,
800 686 913 740 cap.
945 670 1001 734 9,
1035 686 1156 740 pag.
1190 669 1292 734 55,
1323 677 1368 722 et
1399 685 1514 739 cap.
1552 667 1639 732 17,
1669 685 1790 738 pag.
1818 667 1968 738 551).

361 765 432 819 At
463 764 824 834 Capitolinus,
876 763 966 818 ubi
1009 761 1076 817 de
1121 761 1399 817 Gordiano
1443 762 1650 815 Caesare
1677 803 1692 826 ,
1746 763 1859 815 hinc
1903 760 1972 816 de

362 856 743 910 Salamoniaco
794 853 1024 925 posteris
1073 851 1294 907 tradidit
1341 869 1354 905 :
1422 870 1439 901 t
1469 852 1675 907 Sereno
1723 852 1972 906 Sammo-

359 949 551 1016 niaco,
596 949 687 1020 qui
717 947 850 1017 patri
883 947 1000 1019 ejus
1026 946 1421 1011 amicissimus,
1461 945 1562 1000 sibi
1612 953 1788 999 autem
1834 960 1970 1014 prte-

357 1051 550 1112 ceptor
583 1041 699 1107 fuit,
729 1040 888 1096 nimis
914 1049 1168 1106 acceptus
1193 1050 1246 1095 et
1272 1043 1471 1093 chartis
1492 1080 1508 1105 ,
1551 1053 1722 1108 usque
1747 1037 1886 1092 adeo
1914 1044 1973 1091 ut

359 1151 551 1190 omnes
581 1135 746 1191 libros
768 1134 958 1192 Sereni
987 1133 1370 1198 Sammouiaci,
1399 1129 1565 1202 patris
1595 1131 1700 1197 sui,
1734 1131 1822 1198 qui
1851 1145 1972 1185 ceno

358 1230 617 1286 sebantur
645 1229 712 1285 ad
741 1228 813 1284 62
841 1229 1006 1282 millia
1027 1271 1042 1296 ,
1084 1226 1359 1284 Gordiano
1389 1226 1582 1281 minori
1614 1227 1853 1281 moriens
1881 1226 1970 1282 ille

357 1323 712 1391 relinqueret.
765 1322 918 1392 Quod
970 1337 1090 1376 eum
1145 1320 1211 1376 ad
1257 1320 1454 1376 coelum
1486 1319 1604 1374 tulit
1646 1336 1660 1372 :
1703 1319 1967 1390 siquidem

357 1427 504 1472 tanta
535 1419 572 1474 b
593 1419 882 1474 bliothecte
908 1418 1062 1487 COpia
1089 1426 1143 1472 et
1172 1415 1460 1486 splendore
1488 1415 1723 1470 donatus
1744 1457 1758 1479 ,
1801 1416 1852 1470 in
1889 1414 1967 1469 fa-

359 1526 504 1567 mam
531 1512 807 1568 hominum
851 1513 1205 1566 litteratorum
1234 1512 1431 1566 decore
1458 1510 1705 1579 pervenit
1734 1507 1970 1581 (Capito-

358 1606 481 1672 lin.,
542 1625 660 1678 pag.
691 1607 841 1677 5b7).
881 1605 1130 1661 Testatur
1155 1616 1335 1660 autem
1365 1604 1680 1674 Spartianus
1707 1603 1966 1674 plurimos

2078 387 2165 441 lib.
2199 404 2252 442 ιιι
2286 387 2558 458 Deipnos.,
2591 404 2712 458 pag,
2739 386 2872 451 122,
2899 386 2987 440 lib.
3021 402 3096 452 γι,
3117 404 3235 458 pag.
3272 387 3403 452 “2;
3429 389 3507 444 lib.
3533 406 3626 458 vm,

2076 499 2176 551 pag
2221 481 2357 548 358;
2393 481 2484 534 lib.
2509 497 2584 543 xx,
2619 498 2738 551 pag.
2760 481 2913 549 465).
2937 480 3170 546 Quartus
3199 481 3537 541 Atheniensis.
3556 487 3630 554 qui

2075 574 2269 629 librant
2296 576 2358 628 de
2394 575 2517 628 Vitis
2540 578 2660 651 περὶ
2686 575 2827 648 βιῶν.
2853 574 2992 628 haud
3021 574 3180 628 dubie
3207 574 3630 646 pltil0$0phorum,

2077 677 2132 721 ut
2159 678 2304 722 notat
2332 667 2601 728 Laertius.
2626 667 2762 736 juris
2797 668 2920 722 fecit
2951 667 3172 738 publici.
3196 668 3298 722 Sed
3328 667 3633 724 animadver-

2075 760 2136 815 tit
2175 759 2559 828 Menagiusqui
2591 769 2783 829 praeter
2827 759 3101 814 Laertium
3158 759 3298 814 illius
3343 761 3632 826 meminerit,

2075 854 2341 909 neminem
2398 852 2558 908 facile
2604 854 2864 922 repereri.
2916 852 3140 909 Vossius
3182 869 3309 909 vero
3353 864 3491 923 putat
3534 872 3636 910 cuiu

2072 963 2194 1004 esse
2224 948 2365 1017 quia
2390 947 2682 1002 Plutarcho
2704 948 2786 1002 his
2810 949 2990 1004 verbis
3017 948 3369 1020 compellitur
3391 964 3406 1004 :
3431 950 3637 1022 Τιμόθεος

2071 1045 2124 1097 ἐν
2154 1053 2262 1105 τοῖς
2291 1043 2595 1120 Ἀργολικοῖς
2616 1085 2631 1110 ,
2673 1042 2969 1098 Timotheus
3006 1045 3058 1098 in
3107 1043 3373 1114 Argolicis.
3413 1043 3509 1100 Sed
3539 1046 3638 1100 aliis

2071 1134 2122 1188 id
2156 1135 2244 1190 ille
2269 1137 2504 1190 nondum
2536 1137 2823 1206 persuasit.
2873 1136 3006 1192 Nam
3050 1136 3321 1208 Meuagius
3357 1137 3550 1192 dubitat
3583 1154 3638 1192 an

2070 1227 2188 1297 ipse
2242 1231 2312 1283 sit
2339 1246 2497 1300 quem
2531 1231 2678 1300 prius
2720 1232 2788 1286 ab
2832 1231 3022 1286 eodem
3076 1232 3361 1287 Plutarcho
3399 1232 3640 1286 laudatum

2070 1321 2542 1395 diximus(Laert.,
2564 1323 2654 1378 lib.
2676 1340 2732 1387 ιι,
2751 1325 2804 1378 in
2833 1322 2932 1377 Vit.
2961 1323 3135 1389 Plato,
3161 1323 3263 1396 §5,
3288 1325 3375 1381 lib.
3398 1341 3467 1390 tv,
3489 1328 3535 1378 in
3557 1322 3638 1378 Vit.

2070 1417 2339 1489 Speusip.,
2393 1418 2513 1491 ςις
2548 1420 2636 1472 lib.
2669 1435 2722 1487 v,
2756 1421 2810 1474 in
2869 1417 2968 1474 Vit.
2997 1419 3209 1475 Aristot.
3239 1437 3254 1484 ;
3306 1419 3333 1492 ᾗ
3362 1421 3408 1486 l,
3441 1419 3520 1473 lib.
3549 1435 3640 1486 vit,

2066 1510 2121 1563 in
2162 1509 2260 1563 Vit.
2286 1509 2510 1575 Zenon.,
2545 1509 2573 1582 §
2601 1510 2677 1581 1).
2703 1513 2772 1564 At
2799 1511 2936 1565 idem
2967 1509 3192 1566 VOssius
3211 1510 3350 1565 haud
3373 1511 3645 1566 dubitanter

2067 1600 2300 1655 affirmat
2344 1603 2488 1656 hunc
2530 1603 2802 1657 diversum
2846 1605 3068 1658 omnino
3095 1619 3217 1659 esse
3271 1603 3339 1659 ab
3363 1620 3456 1669 eo,
3508 1619 3642 1673 quem

357 1698 504 1754 illius
544 1699 712 1754 libros
752 1699 822 1754 ad
866 1699 1153 1753 doctrinam
1193 1715 1291 1753 suo
1328 1697 1505 1752 adhuc
1547 1706 1790 1766 tempore
1829 1696 1965 1750 exti-
1997 1701 2044 1760 B
2070 1702 2262 1750 auctor
2303 1703 2490 1749 noster
2515 1696 2770 1766 gentilent
2803 1697 3111 1766 theologum
3147 1706 3417 1766 nuncupat
3455 1693 3644 1768 (Voss.,

358 1789 514 1858 tisse,
543 1803 597 1845 et
621 1791 896 1847 Antonino
921 1790 1072 1847 Getae
1099 1789 1265 1846 fuisse
1293 1791 1770 1854 familiarissimos,
1819 1804 1969 1842 eum-

356 1898 463 1954 que
490 1885 588 1939 sub
613 1883 888 1939 Caracalla
920 1885 1062 1940 inter
1101 1884 1392 1939 nonnullos
1420 1893 1700 1938 caenantes
1729 1882 1967 1938 occisum

355 1975 675 2046 (Spartian.,
705 1979 759 2032 in
782 1977 1066 2042 Cat'acall.,
1091 1995 1210 2049 pag.
1241 1975 1369 2044 552,
1398 1988 1444 2031 ει
1469 1977 1522 2030 in
1545 1977 1800 2031 Antonino
1820 1975 1965 2043 Geta,

361 2088 482 2142 pag.
520 2069 674 2142 555).

430 2165 691 2221 Scaurum
761 2165 1058 2221 illustribus
1119 2166 1486 2236 grammaticis
1543 2175 1732 2220 auctor
1786 2174 1970 2219 uoster

344 2257 473 2326 jure
538 2260 730 2314 merito
793 2259 1021 2315 adscivit
1069 2259 1330 2332 (Arnob.,
1384 2259 1474 2314 lib.
1529 2276 1589 2325 ι,
1641 2276 1760 2330 pag.
1813 2258 1963 2328 ⁵257).

352 2347 490 2406 Nam
511 2351 580 2407 ab
610 2352 674 2405 A.
705 2350 879 2407 Gellio
901 2353 1270 2408 nobilissimus
1293 2355 1680 2424 grammaticus
1697 2352 1783 2424 (A.
1807 2349 1966 2417 Gell.,

358 2447 452 2501 lib.
482 2463 534 2500 XI
574 2445 728 2500 Noct.
763 2446 894 2512 Att.,
926 2463 1042 2512 cap.
1065 2447 1149 2505 15.
1169 2464 1286 2519 pag.
1320 2446 1448 2519 599)
1471 2489 1487 2514 ,
1516 2459 1571 2503 et
1598 2447 1836 2501 Adriano
1866 2448 1968 2500 im-

357 2550 584 2608 perante
612 2538 859 2594 ﬂoruisse
887 2539 1199 2609 perhibetur
1235 2558 1248 2595 :
1286 2559 1303 2592 t
1334 2540 1625 2595 Terentius
1650 2583 1666 2606 ,
1703 2559 1722 2591 ι
1774 2541 1967 2610 inquit,

364 2651 386 2681 ι
418 2633 657 2688 Scnurus
702 2632 810 2688 divi
836 2632 1059 2688 Adriani
1088 2633 1427 2704 temporibus
1455 2634 1843 2704 grammaticus
1871 2650 1970 2688 no-

355 2723 676 2779 bilissimus.
714 2745 733 2777 ›
779 2726 954 2782 Gellio
980 2725 1294 2797 sull‘ragium
1347 2727 1464 2781 tulit
1490 2725 1848 2796 Capitolinus,
1879 2727 1971 2798 qui

357 2817 520 2871 alium
553 2819 816 2873 Scaurum
839 2861 855 2884 ,
902 2818 1062 2889 hujus
1091 2819 1290 2883 lilium,
1341 2821 1502 2874 etiam
1533 2820 1965 2890 grammaticum,

357 2909 487 2966 Veri
518 2911 858 2982 imperatoris
900 2922 1292 2982 pr.i-ceptorem
1346 2911 1512 2967 fuisse
1564 2913 1646 2968 his
1683 2912 1750 2968 de
1775 2913 1968 2968 eodem

357 3004 692 3076 imperatore
741 3004 1010 3075 signiﬁcat
1053 3005 1234 3060 verbis
1280 3019 1295 3058 :
1344 3022 1363 3054 ι
1402 3003 1622 3059 Audivit
1663 3004 1924 3060 Scaurum
1953 3044 1969 3069 ,

2075 1788 2164 1842 lib.
2196 1805 2252 1843 ιιι
2325 1791 2388 1844 de
2417 1788 2552 1844 Hist.
2581 1807 2734 1862 grtec.
2766 1808 2781 1855 ;
2825 1808 2944 1862 pag.
2971 1792 3095 1856 421,
3153 1800 3198 1845 et
3239 1792 3303 1845 de
3329 1801 3457 1862 poet.
3495 1806 3644 1860 grata,

2073 1898 2189 1952 pag.
2225 1881 2296 1936 46
2323 1893 2368 1934 et
2398 1882 2510 1952 47).
2567 1881 2644 1936 lbi
2669 1895 2846 1938 autem
2893 1882 2987 1939 ille
3015 1900 3078 1939 es
3111 1883 3278 1938 Suida
3311 1882 3471 1937 refert
3506 1885 3645 1936 alium

2071 1975 2241 2030 fuisse
2271 1975 2612 2030 Timotheum
2643 2017 2657 2039 ,
2694 1976 2937 2047 Euripidi
2963 2019 2978 2042 ,
3033 1988 3087 2031 et
3114 1977 3362 2048 Philippo
3401 1975 3646 2032 Macedoni

2072 2081 2314 2122 coaevum
2348 2109 2364 2135 ,
2417 2071 2506 2139 qui
2553 2069 2819 2125 decimam
2864 2080 2919 2126 et
2941 2070 3280 2125 undecimam
3319 2070 3447 2140 lyrae
3472 2067 3649 2124 addidit

2072 2163 2332 2218 chordam
2359 2206 2373 2229 ,
2407 2167 2669 2236 pluraque
2707 2167 3008 2236 composuit
3055 2165 3265 2236 poetica
3312 2180 3470 2235 opera
3494 2207 3509 2230 ,
3553 2178 3651 2232 qua:

2074 2255 2270 2312 Suidas
2296 2267 2544 2312 recenset
2588 2257 2767 2329 (Suid.
2786 2301 2802 2324 ,
2827 2259 2896 2312 ad
2926 2258 3060 2313 verb.
3093 2260 3366 2332 Τιμόθεοι).
3417 2258 3651 2312 Praeterea

2072 2351 2238 2406 alium
2268 2350 2445 2406 adhuc
2477 2350 2678 2406 indicat
2705 2351 3064 2406 Timothmutn
3095 2351 3482 2407 Atheniensem
3504 2395 3516 2417 ,
3560 2364 3652 2404 nte.

2073 2442 2176 2498 diae
2199 2443 2482 2498 commditn
2513 2454 2749 2512 poetam,
2775 2443 3025 2515 illiusque
3051 2450 3530 2499 commentationes
3553 2458 3652 2496 cnu-

2073 2550 2266 2596 merat.
2297 2539 2438 2607 Quid
2469 2537 2666 2604 plura?
2703 2537 2930 2605 Quidam
2960 2537 3183 2608 insuper
3206 2535 3651 2594 Timothwussitn-

2076 2633 2292 2704 pliciter
2316 2633 2386 2687 ab
2416 2632 2680 2688 Athenaeo
2709 2633 2928 2698 citatur,
2969 2647 3151 2702 quem,
3180 2642 3320 2687 teste
3346 2631 3648 2696 Casaubono,

2077 2742 2264 2796 parum
2295 2726 2658 2796 ingeniosum,
2694 2724 3219 2794 frigidutn,etuimis
3243 2739 3389 2794 saepe
3422 2727 3648 2795 ineptum,

2073 2815 2370 2869 facetorum
2403 2816 2570 2868 risum
2593 2814 2880 2869 sustulisse
2903 2813 3164 2884 perhibcb
3182 2827 3254 2869 int
3275 2855 3287 2869 .
3315 2814 3478 2870 Porro
3501 2825 3649 2869 autem

2073 2909 2118 2963 si
2149 2917 2342 2980 poetic,
2377 2918 2434 2962 ut
2453 2911 2528 2962 ait
2556 2908 2911 2978 Augustinus,
2941 2908 3174 2980 theologi
3196 2951 3212 2976 ,
3261 2919 3318 2965 ttt
3348 2921 3469 2980 pote
3493 2910 3574 2979 qui
3596 2908 3651 2964 de

2071 2999 2176 3056 diis
2203 3002 2442 3057 carmina
2470 3001 2801 3064 emitterent,
2833 3001 2903 3057 ab
2931 3001 3163 3058 ethnicis
3201 3005 3547 3069 vocabantur,
3571 3018 3650 3057 no-

353 3097 768 3168 gramtnaticutn
799 3099 1018 3151 latinum
1038 3140 1053 3163 ,
1095 3096 1283 3153 Scauri
1311 3096 1507 3152 Filium
1533 3138 1549 3162 ,
1580 3097 1670 3166 qtti
1699 3112 1965 3166 gramma-
1997 3094 2159 3176 Cibis
2186 3095 2327 3164 haud
2374 3111 2520 3166 (egre
2557 3095 2971 3166 persttadebttur
3002 3114 3164 3152 unuut
3195 3114 3266 3155 ex
3311 3100 3396 3155 his
3424 3100 3579 3171 poetis
3599 3097 3653 3151 ab

361 3192 502 3248 ticus
546 3192 762 3248 Adriani
796 3190 894 3246 fuit
928 3209 946 3243 ι
981 3187 1310 3262 (Capitolin.,
1367 3192 1420 3244 in
1477 3189 1578 3243 Vit.
1639 3189 1782 3256 Ven,
1833 3189 1969 3244 circa

359 3285 529 3354 init.).
552 3284 659 3339 Sed
691 3291 916 3354 uterque
936 3299 964 3336 a
989 3281 1301 3352 Lampridio
1325 3281 1617 3336 Scaurinus
1643 3280 1964 3350 appellatur.

361 3375 462 3431 Ubi
520 3374 783 3446 siquidem
837 3380 903 3429 de
953 3373 1264 3429 Alexandro
1315 3374 1522 3428 Severo
1575 3374 1738 3428 verba
1785 3372 1912 3428 facit
1952 3394 1966 3430 :

369 3490 389 3521 ι
429 3469 628 3528 Habuit
652 3471 863 3537 Romm,
889 3489 907 3521 ι
937 3468 1148 3539 inquit,
1198 3488 1216 3520 ι
1244 3469 1625 3540 grammaticos
1651 3469 1970 3525 Scaurioum

367 3564 614 3622 SCauritii
647 3564 812 3619 lilium
845 3564 1123 3618 doctorem
1152 3562 1563 3625 celeberrimum
1595 3581 1613 3614 ι
1651 3561 1966 3633 (Lamprid.,

359 3657 416 3711 in
455 3655 557 3712 Vit.
589 3657 736 3712 Alex.
775 3656 952 3712 Sever.
983 3656 1121 3710 circa
1149 3654 1309 3724 init.).
1342 3655 1598 3723 Quaedam
1633 3657 1776 3711 illius
1807 3672 1972 3722 Opera

365 3752 576 3806 notavit
597 3750 889 3818 Gesnerus,
924 3767 1107 3821 quem,
1132 3750 1178 3805 si
1208 3749 1375 3815 lubet,
1409 3749 1562 3805 adire
1594 3751 1796 3821 poteris
1823 3750 1974 3821 (Ges-

364 3859 474 3897 ner.
489 3886 504 3910 ,
538 3845 593 3897 in
621 3841 912 3914 Biblioth.).

437 3936 707 3991 Sosibium
721 3935 1095 4004 compellando
1109 3936 1380 3992 Arnobius
1392 3934 1729 3992 Clementem
1744 3936 1974 3992 Alexan-

363 4029 578 4086 drinum
607 4027 846 4101 (Arnob.,
875 4029 964 4083 lib.
997 4045 1071 4097 tv,
1094 4047 1213 4102 pag.
1246 4031 1380 4098 1M;
1405 4029 1636 4088 Clemens
1664 4031 1971 4099 Alcmenam,

367 4122 631 4177 Adntanit.
706 4122 776 4176 ad
845 4121 1054 4189 (ima,
1107 4141 1229 4196 pag.
1278 4123 1382 4186 23;
1437 4136 1560 4180 tam.
1614 4141 1631 4178 ι
1689 4125 1970 4197 Apparat.,

369 4234 492 4288 pag.
523 4216 651 4289 8t6)
676 4216 939 4287 sequitur.
983 4217 1060 4273 De
1092 4217 1184 4272 illo
1218 4228 1396 4273 autem
1428 4220 1554 4274 alibi
1581 4219 1974 4290 disputavimus

371 4308 612 4378 (Arnob.,
643 4310 734 4365 lib.
767 4326 823 4364 tv
845 4351 860 4377 ,
911 4328 1032 4382 pag.
1069 4311 1210 4376 H7;
1255 4311 1390 4381 Sup.
1419 4354 1433 4377 ,
1486 4329 1602 4383 cap.
1635 4312 1690 4377 9,
1723 4324 1825 4367 art.
1860 4317 1882 4366 1
1929 4321 1975 4367 et

372 4403 499 4449 tant.
524 4412 540 4450 ι
567 4397 841 4464 Apparat.,
868 4414 988 4468 pag.
1007 4396 1178 4467 785).-

2073 3189 2316 3244 Arnobio
2359 3198 2546 3244 nostro
2573 3190 2728 3245 citari
2759 3191 3011 3262 (Albam,
3067 3192 3158 3249 lib.
3211 3209 3309 3248 vui
3336 3235 3350 3260 ,
3379 3212 3495 3266 pag.
3536 3191 3649 3254 358;

2075 3279 2323 3347 Casaub.,
2355 3281 2407 3334 in
2435 3283 2606 3336 euntd.
2640 3280 2754 3346 lib.,
2779 3299 2893 3353 cap.
2918 3283 2953 3338 5
2981 3292 3026 3335 et
3058 3283 3144 3349 ll;
3169 3284 3416 3358 Angust.,
3439 3285 3522 3340 lib.
3548 3297 3652 3338 svnt

2073 3373 2320 3436 det.ivit.,
2346 3390 2463 3445 cap.
2491 3375 2576 3439 M,
2603 3392 2722 3446 pag.
2752 3374 2890 3440 478;
2920 3377 3134 3438 Arnob.,
3163 3376 3250 3432 lib.
3278 3395 3370 3445 vu,
3386 3397 3498 3450 pag.
3526 3373 3651 3443 9.36).

2147 3466 2431 3522 Trebatius
2460 3468 2530 3524 ab
2558 3468 2648 3524 illo
2673 3469 2929 3539 deinceps
2966 3469 3020 3524 iu
3047 3471 3415 3528 testimonium
3443 3485 3650 3541 vocatus,

2074 3559 2120 3615 is
2179 3561 2534 3629 proculdubio
2581 3577 2704 3617 esse
2752 3562 2965 3619 videtur
3022 3563 3176 3634 cujus
3226 3566 3524 3622 Macrobius
3567 3563 3652 3635 pri-

2075 3669 2221 3707 mum
2250 3661 2304 3706 et
2335 3667 2559 3719 nouum,
2588 3662 2753 3723 atque
2774 3653 2842 3708 A.
2869 3653 3076 3710 Gellius
3095 3656 3344 3726 quintum
3377 3659 3438 3712 de
3454 3658 3652 3730 Religio-

2077 3745 2227 3799 nibus
2257 3745 2450 3800 librum
2477 3746 2798 3801 citaverunt.
2828 3746 3254 3818 Nuucupabatttr
3273 3751 3524 3806 atttemC.
3544 3749 3651 3805 Treo

2071 3839 2252 3895 batitts
2282 3839 2464 3905 Testa,
2496 3841 2585 3911 qui
2608 3840 2882 3897 Ciceronis
2911 3843 3188 3899 familiaris
3215 3855 3272 3900 et
3299 3846 3648 3918 conjunctissi-

2075 3950 2198 3989 mus
2252 3934 2373 3989 fuit.
2420 3932 2554 3990 Nam
2595 3935 2646 3990 ei
2676 3935 2942 3990 dedicavit
2991 3938 3316 4008 'l‘opicorum
3352 3957 3560 3997 suorum
3602 3939 3650 3995 li-

2075 4027 2252 4092 brum,
2285 4043 2519 4098 eumque
2541 4027 2680 4098 juris
2709 4027 3054 4096 interpretem
3086 4031 3310 4087 salutat.
3341 4033 3421 4089 Ad
3445 4033 3651 4100 Atticum

2075 4137 2205 4178 vero
2239 4120 2425 4178 scribit
2464 4139 2478 4176 :
2531 4141 2550 4172 ι
2584 4122 2918 4192 Quamquam
2961 4138 3065 4177 non
3105 4125 3411 4196 adsperttor
3447 4123 3651 4183 Trebatii

2076 4214 2303 4282 litteras,
2334 4232 2487 4286 aquo
2508 4231 2596 4271 me
2627 4215 2786 4271 unice
2807 4215 2954 4287 diligi
2985 4217 3098 4272 scio
3128 4237 3148 4270 ›
3178 4218 3461 4290 (Macrob.,
3491 4221 3572 4275 lib.
3606 4233 3650 4274 ιιι

2078 4309 2347 4364 Saturnal.
2371 4352 2386 4378 ,
2415 4327 2532 4371 cap.
2566 4309 2600 4363 5
2625 4319 2671 4362 et
2702 4309 2767 4374 9;
2813 4307 2944 4364 Gell.
2967 4352 2982 4376 ,
3015 4311 3105 4365 lib.
3138 4328 3226 4378 γι,
3269 4331 3388 4384 cap.
3422 4315 3520 4379 t2;
3561 4312 3648 4368 Cic.

2079 4400 2254 4473 Topic.
2283 4445 2299 4469 ,
2333 4421 2451 4476 pag.
2484 4404 2592 4457 276
2618 4420 2633 4468 ;
2665 4402 2820 4466 idem,
2854 4403 2941 4457 lib.
2973 4421 3068 4472 vn,
3099 4408 3248 4476 epist.
3288 4409 3376 4479 16,
3408 4411 3474 4465 ad
3497 4409 3650 4474 Attia,

446 4486 764 4543 Theodorus
810 4489 1105 4561 Cyrenazus
1149 4490 1202 4544 in
1249 4489 1530 4574 atheorum
1572 4505 1856 4546 numerum
1901 4490 1970 4546 ab
1996 4495 2050 4556 D
2075 4512 2195 4568 pag.
2228 4495 2367 4560 282;
2407 4496 2496 4550 lib.
2547 4511 2655 4560 vn,
2698 4497 2848 4567 epist.
2877 4498 2910 4553 6
2940 4508 2986 4552 et
3015 4501 3076 4564 7,
3127 4519 3248 4574 pag.
3278 4504 3309 4558 7
3365 4515 3411 4560 et
3435 4512 3650 4575 seqq.,et

371 4581 608 4638 ethnicis
648 4597 769 4637 cum
795 4583 937 4648 aliis,
969 4598 1104 4654 quos
1134 4600 1294 4654 supra
1327 4585 1721 4638 notitinavitntts
1741 4627 1756 4649 ,
1786 4600 1975 4654 aggre-

371 4684 528 4748 gatus
555 4687 658 4731 eSt.
690 4675 795 4730 Sed
825 4674 894 4731 de
920 4676 1011 4730 illo
1036 4677 1356 4749 cmterisque
1388 4676 1760 4747 hujuscemodi
1792 4677 1969 4746 impiis

365 4771 678 4828 hominibus
701 4787 806 4827 non
837 4773 1004 4828 semel
1033 4781 1212 4828 actum
1254 4792 1280 4826 a
1305 4772 1460 4828 nobis
1492 4772 1607 4827 fuit.

441 4863 784 4920 Timotheum
825 4880 929 4918 nou
967 4864 1254 4934 ignobilem
1310 4864 1725 4934 theologorum,
1771 4881 1968 4935 nempe

366 4956 644 5030 gentilium
665 5000 679 5020 ,
712 4958 877 5012 virum
899 4958 1134 5028 appellat
1177 4959 1448 5014 Arnobius
1492 4957 1709 5032 (Arnob.
1731 5002 1746 5026 ,
1787 4959 1875 5015 lib.
1907 4976 1964 5028 ν,

367 5066 487 5122 pag.
527 5051 672 5119 157).
713 5051 819 5107 Sed
860 5053 980 5122 quia
1011 5051 1254 5122 pluribus
1280 5068 1566 5108 commune
1597 5053 1692 5107 fuit
1731 5053 1832 5110 hoc
1870 5069 1966 5110 no-

364 5159 488 5199 men
511 5187 526 5209 ,
585 5145 707 5214 quis
735 5145 838 5201 iste
865 5147 934 5201 sit
963 5162 1121 5200 nemo
1150 5145 1304 5201 facile
1334 5146 1552 5202 dixerit.
1585 5147 1735 5204 Unus
1759 5149 1901 5205 enim
1935 5166 1966 5205 a

363 5234 654 5292 Plutarcho
675 5237 903 5304 citatur,
931 5239 1167 5310 Τιμόθεος
1197 5242 1246 5293 ἐν
1275 5240 1325 5293 ιὰ
1372 5243 1491 5314 περὶ
1530 5249 1774 5312 ποταμῶν
1815 5240 1966 5310 (Pla-

360 5329 549 5394 tarclt.,
583 5328 671 5382 lib.
702 5329 766 5382 de
793 5327 1012 5395 Fluviis,
1056 5346 1174 5402 pag.
1212 5331 1412 5396 1151),
1462 5329 1763 5388 Timotheus
1787 5376 1800 5398 ,
1835 5334 1964 5389 libro

357 5421 646 5487 undecimo,
677 5422 741 5476 de
768 5420 1115 5477 Fluminibus.
1161 5423 1313 5478 Alius
1355 5423 1452 5478 fuit
1479 5423 1800 5480 Timotheus
1830 5425 1962 5482 Per-

358 5527 639 5582 gamenus,
665 5516 776 5584 qui,
809 5525 866 5570 ut
884 5516 1010 5572 alibi
1036 5516 1461 5584 observavimus,
1491 5519 1686 5575 librum
1703 5519 1771 5576 de
1787 5519 1962 5576 Forti-

359 5603 542 5660 tudinc
564 5605 1002 5678 philosophorum
1049 5619 1429 5682 composuerat
1457 5613 1606 5682 (tant.
1639 5630 1656 5669 ι
1684 5615 1960 5686 Apparat.,

353 5714 472 5775 pag.
507 5697 687 5772 1270).
727 5698 942 5758 Tertius
967 5701 1202 5759 Milesius
1228 5705 1580 5776 poeta,cujus
1608 5706 1751 5762 varia
1793 5723 1956 5779 opera

2069 4589 2158 4644 lib.
2195 4605 2228 4644 ιι
2253 4631 2267 4655 ,
2315 4589 2384 4642 ad
2414 4589 2570 4644 Attic.
2601 4591 2753 4660 epist.
2789 4593 2853 4656 1,
2912 4609 3029 4663 pag.
3062 4593 3212 4666 515).
3271 4597 3379 4654 Sed
3419 4598 3468 4655 id
3499 4596 3648 4654 adhuc

2071 4683 2242 4753 magis
2267 4693 2410 4753 patet
2435 4700 2502 4739 es
2529 4683 2669 4738 datis
2694 4684 2760 4740 ad
2789 4701 2911 4740 eum
2944 4687 3137 4744 littetis
3162 4689 3304 4748 bene
3327 4694 3525 4760 multis,
3547 4704 3647 4763 qua:

2069 4776 2210 4848 typis
2251 4777 2412 4832 edita:
2453 4788 2602 4834 sunt.
2664 4777 2806 4836 Alibi
2840 4795 2973 4834 vero
3019 4798 3140 4837 eum
3172 4784 3376 4842 bonum
3419 4787 3576 4844 virum
3603 4791 3648 4839 et

2064 4871 2240 4928 civem
2273 4874 2529 4944 appellat,
2559 4891 2718 4946 quem
2753 4878 3006 4938 Horatius
3031 4877 3110 4938 sic
3139 4881 3430 4952 alloquitur
3461 4900 3474 4937 :

3195 4977 3425 5038 Trebati,

2169 5032 2295 5092 Quid
2319 5031 2506 5095 faciam,
2545 5037 2828 5099 pmscribe.

2477 5120 2694 5183 (Horat.,
2724 5120 2811 5174 lib.
2831 5138 2884 5186 ιι,
2907 5125 3046 5177 satir.
3070 5128 3117 5188 1,
3143 5138 3269 5179 vers.
3299 5126 3331 5176 4
3349 5133 3395 5179 et
3413 5124 3484 5190 5.)

2144 5241 2485 5300 Valerianum
2537 5248 2823 5319 quemdam
2877 5251 3144 5309 dictorum
3197 5270 3415 5310 suorum
3468 5260 3631 5309 testem

2069 5336 2343 5394 Arnobius
2376 5341 2626 5410 produxit
2653 5343 2896 5412 (Arnob,
2931 5347 2967 5400 l.
3002 5364 3074 5413 vt,
3109 5365 3161 5418 p.
3196 5347 3343 5418 194).
3370 5346 3448 5403 Eo
3481 5356 3634 5400 autem

2067 5433 2289 5489 nomine
2309 5450 2334 5487 a
2364 5433 2538 5490 Plinio
2561 5435 2807 5494 laudatus
2832 5451 2936 5495 est.
2967 5460 2986 5491 ‹
3015 5441 3300 5497 Cornelius
3328 5441 3631 5498 Valerianus.

2065 5526 2157 5595 qui.
2214 5524 2522 5584 Phazuicem
2575 5530 2630 5584 in
2686 5529 2974 5604 Egyptum
3040 5535 3376 5591 devolavisse
3443 5528 3634 5588 tradidit

2063 5616 2260 5686 (Plin.,
2320 5621 2356 5674 ι.
2419 5637 2450 5676 x
2483 5621 2620 5678 Hist.
2646 5633 2840 5693 natur.,
2875 5643 2924 5684 ε.
2965 5627 3019 5691 2,
3051 5646 3106 5700 ρ.
3134 5627 3310 5700 389);
3348 5646 3368 5681 ι
3400 5636 3450 5683 et
3485 5621 3627 5678 alibi:

2071 5729 2090 5764 t
2129 5712 2296 5770 Villas
2325 5724 2381 5798 et
2415 5716 2609 5774 domos
2649 5717 2844 5775 ambiri
2883 5720 3213 5794 singularum
3259 5718 3552 5795 palmitibus
3575 5728 3626 5770 ac
