3878 6312
229 403 322 460 689

1407 397 1471 454 IN
1507 386 1889 464 ‘ABNOBIUM,
1920 397 2077 455 CAP.
2121 398 2310 454 XXVI.

3415 397 3518 454 690

235 513 544 585 sequacibus
568 514 732 569 lauris
763 517 1021 570 memoria
1043 516 1262 586 dignum
1297 516 1438 570 inter
1460 514 1630 583 prima
1655 512 1811 570 Vale-
1838 525 1890 580 Α
1915 510 1981 567 Et
2009 512 2059 567 id
2091 513 2308 583 quidem
2338 529 2366 567 a
2400 515 2553 569 nobis
2581 529 2703 570 cum
2735 515 2789 570 in
2821 516 2919 570 hac
2947 515 3330 571 dissertatione
3352 558 3367 582 ,
3398 523 3513 570 tum

239 609 408 664 rianus
437 623 646 679 quoque
664 606 948 664 Cornelius
968 611 1296 664 existimavit
1328 629 1346 662 ›
1381 608 1521 680 (Lib.
1542 625 1650 675 xiv,
1675 626 1722 666 c.
1756 611 1809 675 1,

237 718 286 770 p.
317 701 458 768 111).
501 720 519 753 ι
555 700 744 756 Utrum
772 717 902 758 vero
931 703 1070 758 idem
1112 705 1183 757 sit
1221 714 1381 774 atque
1412 703 1478 768 is,
1509 719 1670 774 quem
1711 705 1813 759 Ar-

233 796 415 851 nobius
449 811 730 858 memorat.
765 797 994 851 aliorum
1024 809 1142 854 csto
1165 797 1447 867 judicium.

217 957 220 965 Ι
297 887 536 942 Valerius
586 888 830 944 Pontifex
876 891 943 946 de
991 889 1072 955 Ja,
1106 890 1260 945 Midae
1313 889 1458 957 lilia,
1507 901 1563 946 et
1614 890 1814 947 Attidis

229 996 450 1052 Sponsa,
487 981 677 1036 litteris
707 983 833 1053 quid
867 983 1236 1048 mandaverit,
1268 992 1448 1037 narrat
1492 994 1678 1038 auctor
1717 999 1815 1037 no-

228 1088 331 1133 ster
354 1079 594 1158 (Arnob..
620 1083 657 1134 ι.
690 1096 746 1140 v.
781 1098 834 1150 p.
870 1079 1017 1152 160).
1050 1079 1154 1134 Sed
1184 1080 1303 1148 quia
1338 1078 1549 1150 plurimi
1579 1095 1642 1133 ex
1665 1079 1814 1134 cele-

226 1173 449 1229 berrima
490 1173 695 1228 Valeria
719 1183 880 1245 gente
910 1175 1012 1228 orti
1037 1183 1182 1240 sunt,
1207 1175 1326 1244 quis
1357 1173 1446 1228 ille
1475 1171 1717 1227 Pontifex
1747 1171 1815 1226 ab

227 1282 286 1322 eo
317 1277 560 1334 vocetur,
586 1267 806 1322 dttblﬂtl!
837 1283 969 1323 sane
1008 1269 1384 1338 incertumque
1414 1265 1583 1320 videri
1618 1274 1812 1334 potest.

224 1365 468 1419 Animum
503 1343 679 1417 tamen
710 1363 933 1419 adverte
982 1373 1158 1418 utrum
1205 1363 1296 1417 ille
1340 1364 1441 1416 dici
1494 1377 1600 1416 non
1645 1360 1817 1432 possit

221 1458 288 1513 ll.
317 1458 561 1514 Valerius
592 1458 840 1520 Messala,
865 1459 933 1514 de
963 1475 1069 1529 quo
1103 1457 1441 1512 Macrobius:
1473 1477 1492 1509 ι
1525 1457 1756 1519 Marcus,
1790 1473 1812 1507 ι

222 1552 404 1622 inquit,
445 1571 465 1604 ι
503 1551 729 1607 Messala
759 1550 859 1605 Cn.
894 1552 1108 1606 Domitii
1156 1551 1208 1605 in
1254 1550 1533 1605 consulatu
1575 1549 1814 1617 collega,

219 1647 460 1716 idemque
506 1664 602 1717 per
637 1663 812 1702 annos
847 1647 1230 1718 quinquaginta
1259 1657 1308 1700 et
1342 1647 1578 1716 quinque
1607 1644 1814 1714 Augur,

219 1739 279 1794 de
307 1739 442 1794 Jano
474 1741 550 1794 ita
581 1740 700 1795 inﬁt
727 1757 742 1793 τ
775 1739 875 1806 Qui
906 1752 1098 1794 cuneta
1141 1739 1295 1808 ﬁngit
1332 1737 1630 1807 eademque
1681 1735 1819 1805 regit

219 1835 490 1906 (Marrob.,
521 1835 557 1888 t.
590 1850 606 1889 ι
635 1835 905 1890 Saturnal.
932 1851 979 1887 ε.
1013 1833 1091 1903 9).
1133 1853 1151 1884 ι
1181 1831 1260 1886 Ex
1293 1829 1452 1900 hujus
1488 1831 1649 1883 etiam
1675 1828 1816 1883 Mes-

217 1930 333 1983 salae
363 1929 595 2000 Auguris
622 1930 794 1998 primo
815 1928 882 1983 de
902 1926 1165 1996 Auspiciis
1193 1925 1332 1979 libro
1360 1923 1563 1980 Gellius
1593 1923 1811 1991 longum
1844 1918 1892 1976 Β

217 2022 569 2089 fragmentum
603 2021 942 2090 transcripsit
994 2020 1190 2094 (Gell.,
1238 2020 1276 2074 ι.
1327 2034 1426 2073 xm
1472 2015 1628 2071 Noct.
1680 2017 1814 2082 Att.,

220 2132 259 2170 c.
288 2116 398 2184 15).
429 2115 663 2170 Constat
686 2115 865 2182 itaque
894 2114 1041 2168 illum
1072 2113 1140 2166 de
1158 2113 1261 2166 diis
1282 2110 1568 2180 scripsisse
1593 2109 1814 2178 :quidni

222 2223 333 2278 ergo
363 2208 454 2262 ille
483 2207 558 2263 de
580 2206 660 2262 ἔω
689 2206 936 2272 historia,
963 2222 1055 2260 seu
1083 2206 1263 2276 potius
1294 2203 1466 2258 fabula
1501 2201 1724 2273 aliquid,
1747 2202 1815 2256 ab

225 2301 453 2357 Arnobio
487 2303 737 2365 citatum,
771 2300 1050 2357 memoria:
1077 2298 1379 2370 prodidisse
1408 2296 1514 2351 dici
1543 2295 1816 2366 petuerit?

220 2395 416 2466 Smpius
448 2411 586 2451 vero
624 2397 692 2450 ab
719 2395 1027 2450 auctoribus
1059 2393 1236 2448 latinis
1267 2391 1408 2446 haud
1439 2406 1628 2460 parum
1658 2403 1812 2443 com-

215 2490 516 2552 mendatur,
552 2489 876 2560 magnisque
917 2488 1195 2543 extollitur
1242 2485 1512 2540 laudibus.
1546 2483 1716 2551 Quam
1758 2481 1812 2536 in

216 2597 316 2637 rem
346 2582 636 2649 Vossium,
667 2583 712 2636 si
737 2592 926 2649 vacat,
960 2581 1108 2636 adire
1141 2590 1445 2651 promptum
1471 2588 1554 2634 est
1581 2579 1602 2650 (
1639 2577 1809 2645 Voss.,

216 2681 250 2732 l.
282 2694 295 2730 l
322 2677 383 2732 de
414 2675 560 2730 Hist.
596 2676 694 2729 lat.
719 2693 766 2732 ε.
802 2675 890 2737 18,
923 2693 976 2745 p.
1007 2676 1122 2745 8l).
1159 2675 1215 2730 Si
1260 2675 1424 2728 alium
1464 2674 1813 2728 nihilominus

223 2772 475 2828 Valerium
538 2771 851 2829 Pontiﬁcem
906 2775 974 2826 ab
1029 2770 1270 2825 Arnobio
1318 2766 1644 2840 appellatum
1684 2781 1815 2822 con-

220 2869 416 2933 tendas,
451 2874 601 2923 hunc
633 2868 787 2922 nobis
817 2866 1062 2932 ostende,
1094 2875 1147 2920 et
1177 2864 1439 2918 cedimus.

278 2965 444 3020 Varro
473 2963 823 3034 Menippeus,
857 2961 943 3015 vel
974 2959 1113 3014 sicut
1142 2959 1194 3013 in
1227 2957 1595 3025 manuscripto
1625 2953 1813 3010 codice

217 3058 370 3127 regio,
402 3068 456 3112 et
487 3057 728 3127 antiquis
754 3054 1084 3110 editionibus
1114 3053 1328 3121 legitur,
1377 3050 1701 3119 Selenipeus,
1725 3047 1812 3102 vel

220 3160 270 3203 ut
296 3151 411 3205 aliis
441 3152 661 3220 placet,
689 3151 742 3202 in
772 3147 1053 3217 Mcnipris,
1085 3159 1220 3199 unus
1249 3153 1332 3200 est
1361 3159 1426 3199 ex
1456 3141 1812 3213 scriptoribus

217 3242 276 3296 ab
301 3253 524 3297 auctore
554 3251 739 3296 nostro
768 3241 969 3295 citatis.
995 3239 1188 3293 Primre
1213 3246 1391 3291 autem
1423 3236 1641 3290 lectioni
1669 3234 1812 3290 favet

1913 605 2064 670 alibi,
2097 605 2185 660 ubi
2209 606 2278 661 de
2320 608 2512 663 eodem
2560 607 2776 664 Zenone
2822 608 3040 681 Myndio
3092 608 3336 680 egimus,
3385 609 3518 663 satis

1915 715 1991 768 pri
2014 698 2197 753 batunt
2217 710 2464 769 putamus
2483 701 2732 774 (Supr.c.
2752 703 2924 767 9,art.
2947 703 2974 757 1
3012 713 3170 768 ;tom.
3198 719 3213 757 ι
3240 703 3493 774 Apparat.

1913 807 1969 860 p.
2006 791 2108 844 7'27
2137 801 2183 844 et
2210 808 2341 862 seq.,
2373 808 2432 845 ac
2464 811 2515 862 p.
2560 795 2712 865 817).
3306 855 3310 862 ,

1989 883 2064 938 De
2115 883 2237 938 aliis
2287 885 2522 955 denique
2573 887 2888 956 quihusdam
2939 888 3334 957 scriptoribus,
3388 896 3518 959 puta

1915 978 2210 1034 Aristotele
2231 1021 2244 1038 .
2277 977 2541 1035 Cicerone
2561 1022 2575 1046 ,
2613 981 2867 1052 Euripide
2887 1023 2902 1046 ,
2937 980 3171 1036 Hesiodo
3194 1022 3209 1046 ,
3260 980 3480 1050 Orpheo
3501 1023 3518 1049 ,

1885 1071 2181 1138 -Pindaro,
2215 1072 2438 1128 Platone
2470 1084 2524 1128 et
2577 1073 2796 1140 Plauto,
2847 1075 3006 1128 verba
3055 1075 3181 1130 fecit
3227 1076 3519 1130 Arnobius.

1915 1168 2021 1224 Sed
2052 1185 2173 1222 cum
2203 1169 2448 1224 celebres
2475 1169 2550 1223 illi
2583 1169 2877 1239 scriptores
2905 1171 3130 1236 nemini,
3175 1165 3521 1241 quantumvis

1917 1264 2267 1318 mediocriter
2295 1264 2510 1320 erudito
2533 1306 2550 1332 ,
2575 1265 2832 1336 incogniti
2863 1282 2987 1322 esse
3019 1269 3259 1335 possint,
3291 1277 3345 1322 et
3375 1267 3523 1320 varia

1918 1372 2105 1412 eorum
2137 1373 2322 1427 opera,
2354 1359 2468 1413 sive
2512 1374 2710 1427 grazca,
2743 1361 2860 1414 sive
2910 1361 3106 1420 latina.
3137 1360 3275 1431 typis
3325 1360 3524 1430 sa-pius

1918 1450 2082 1514 edita,
2116 1453 2358 1505 omnium
2390 1459 2633 1506 terantur
2663 1453 2932 1520 manibus,
2962 1453 3094 1507 nihil
3133 1453 3202 1507 de
3247 1453 3351 1507 illis
3393 1467 3520 1522 spe-

1917 1543 2097 1598 ciatim
2129 1543 2419 1598 dicendum
2443 1561 2564 1600 esse
2587 1546 2869 1600 duximus.
2904 1547 3018 1602 Huc
3046 1546 3256 1602 accedit
3285 1547 3425 1617 quod
3453 1547 3524 1602 de

1917 1639 2111 1707 graecis
2154 1638 2542 1707 scriptoribus,
2583 1639 2651 1693 ab
2699 1650 2920 1694 auctore
2969 1651 3156 1694 nostro
3203 1639 3415 1705 citatis,
3461 1640 3517 1695 in

1919 1730 2093 1804 primo
2121 1715 2425 1800 Apparatus
2473 1733 2642 1786 nostri
2678 1742 2823 1787 tomo
2857 1733 3009 1797 satis,
3041 1733 3142 1787 nisi
3184 1730 3440 1798 fallimur,
3473 1732 3520 1802 fa

1920 1824 2097 1890 nobis,
2123 1834 2179 1878 ut
2204 1825 2456 1880 omnibus
2484 1825 2592 1878 noti
2619 1824 2767 1891 liaut,
2798 1825 3127 1895 disputatum
3160 1833 3261 1880 est.

2511 1976 2806 2018 ABTICULUS
2839 1979 2912 2017 IV.

1917 2094 1992 2147 De
2032 2097 2198 2147 verbis
2232 2097 2486 2155 barbaris,
2534 2097 2796 2162 obsoletis,
2837 2100 3112 2160 inusitatis,
3152 2105 3236 2149 aut
3275 2099 3518 2162 obscuris,

2351 2163 2532 2224 quibus
2553 2161 2803 2212 Arnobius
2836 2176 2953 2212 usus
2983 2170 3078 2213 est.

1989 2307 2032 2360 A
2058 2303 2338 2374 nobisjam
2361 2306 2702 2361 observatum
2728 2317 2812 2363 est
2837 2309 3091 2364 incultum
3114 2309 3507 2381 confusumque

1916 2414 2038 2454 esse
2079 2400 2302 2454 Arnobii
2351 2403 2548 2469 stylum
2589 2416 2652 2455 ac
2694 2415 3295 2472 sermonetn,eumque
3325 2403 3377 2458 itt
3406 2401 3524 2457 suis

1917 2495 2070 2549 libris
2098 2497 2315 2548 nomina
2347 2495 2661 2551 adhibuisse
2687 2495 2928 2551 obsoleta
2949 2541 2964 2563 ,
3009 2497 3260 2551 inusitata
3302 2507 3357 2551 et
3397 2496 3522 2551 bar—

1917 2587 2046 2641 bara
2066 2626 2081 2643 .
2111 2603 2231 2656 qua:
2272 2587 2530 2642 lectorem
2562 2604 2628 2641 ne
2661 2601 2961 2655 morentur,
2993 2604 3024 2642 a
3056 2589 3229 2657 nobis,
3256 2595 3316 2643 ut
3340 2589 3521 2646 ofﬁcio

1917 2688 2106 2732 nostro
2135 2679 2544 2741 satisfaciamus,
2575 2680 2776 2735 debent
2815 2697 2912 2750 pro
2961 2682 3100 2734 virili
3147 2690 3296 2751 parte
3341 2681 3521 2752 expll-

1915 2774 2026 2828 cari
2054 2773 2241 2844 (Supr.
2293 2791 2406 2843 cap.
2437 2775 2494 2842 9.,
2526 2785 2629 2829 art.
2660 2775 2740 2845 2).
2777 2777 3007 2830 Plurima
3053 2787 3233 2831 autem
3279 2792 3348 2830 ex
3385 2775 3513 2840 illis,

1916 2866 2039 2920 data
2087 2867 2335 2937 superius
2381 2878 2684 2939 opportuna
2727 2868 3048 2932 oceasione,
3079 2869 3514 2939 explanavimus.

1915 2961 2021 3017 Sed
2049 2963 2214 3016 multa
2244 2978 2350 3018 non
2381 2965 2558 3018 minus
2586 2964 2812 3019 obscura
2853 2974 2907 3018 ct
2951 2964 3190 3018 dil'licilia
3222 2962 3397 3018 adhuc
3423 2978 3516 3017 oc-

1915 3067 2138 3111 currunt
2164 3073 2390 3127 quorum
2422 3058 2947 3129 interpretandorum
2979 3059 3160 3113 nullus
3195 3072 3317 3112 sese
3359 3056 3516 3112 nobis

1916 3151 2069 3205 locus
2114 3153 2247 3206 satis
2296 3152 2614 3207 commodus
2661 3151 2876 3208 obtulit.
2906 3156 3249 3222 Quapropter
3300 3150 3515 3204 illorum

1916 3244 2414 3313 interpretationem
2459 3256 2620 3314 atque
2663 3245 3074 3314 explicationem
3107 3243 3416 3298 censuimus
3446 3242 3514 3297 ad

217 3334 522 3401 Atheumus,
551 3335 638 3404 qui
670 3335 813 3389 illius
837 3333 1154 3387 auctoritate
1185 3331 1476 3401 praemissis
1510 3330 1658 3385 hisce
1679 3346 1802 3384 vcr-
1833 3325 1879 3388 C
1911 3335 2132 3405 hujusce
2153 3337 2542 3392 dissertationis
2568 3339 2768 3393 calcent
2796 3353 2918 3393 esse
2943 3335 3309 3407 rcjiciendam.
3337 3334 3393 3390 In
3414 3335 3516 3389 hac

217 3429 290 3482 bis
315 3432 477 3485 utitur
509 3427 744 3504 Οῧαρῤον
775 3430 801 3483 ὁ
829 3430 1088 3487 Μενίππης
1118 3427 1514 3497 ἐπικαλούμενος
1551 3423 1570 3494 (
1595 3423 1808 3489 Athen.,

217 3525 250 3574 ι.
278 3538 325 3576 tv
355 3523 630 3594 Deipnos.,
662 3539 714 3592 ρ.
751 3522 901 3588 160),
963 3519 1128 3572 Varro
1151 3518 1450 3588 cognomine
1482 3516 1806 3588 Menippeas.

218 3612 455 3670 Ultimam
493 3631 626 3671 vero
657 3615 940 3670 lectionem
973 3613 1260 3668 conlirmat
1295 3611 1360 3666 A.
1389 3609 1595 3664 Gellius
1635 3625 1665 3663 a
1701 3624 1809 3680 quo

217 3709 287 3764 sic
316 3710 566 3764 laudatur
598 3726 611 3760 :
649 3728 667 3759 ‹
707 3707 882 3763 Varro
910 3707 962 3759 in
995 3705 1158 3758 satira
1202 3702 1479 3772 Menippea
1502 3743 1518 3768 ,
1549 3715 1708 3771 quam
1741 3701 1808 3756 de

216 3798 389 3856 Ollicio
407 3801 588 3856 mariti
618 3801 831 3870 scripsit
855 3797 1144 3867 (Gell.,lib.
1180 3813 1195 3850 ι
1228 3793 1530 3858 Noct.Att.,
1561 3811 1678 3863 cap.
1713 3794 1806 3861 17,

219 3915 323 3967 pag.
361 3898 476 3968 80).
520 3917 538 3948 ι
577 3895 771 3949 Verum
801 3894 894 3948 ille
921 3895 1036 3962 ipse
1064 3900 1248 3961 postea
1281 3889 1363 3944 his
1391 3904 1496 3942 non
1528 3889 1805 3942 minimam

217 3992 379 4045 attulit
421 3989 806 4044 obscuritatem
830 4029 842 4048 ,
889 3986 976 4039 ubi
1019 3984 1086 4038 de
1115 3982 1286 4037 servis
1312 3982 1548 4052 disputat
1579 3999 1591 4034 :
1629 3999 1650 4032 ‹
1700 3980 1804 4035 Alii

218 4100 440 4156 quoque,
483 4105 503 4138 ι
537 4084 730 4152 inquit,
767 4101 784 4132 ι
820 4097 926 4136 non
962 4078 1114 4149 pauci
1137 4079 1280 4132 servi
1311 4077 1544 4141 luerunt,
1565 4075 1655 4146 qui
1686 4084 1806 4139 post

217 4179 510 4249 philosophi
542 4178 669 4232 clari
698 4177 1055 4235 exstiterunt,
1084 4187 1150 4227 ex
1178 4171 1374 4242 quibus
1404 4170 1494 4224 ille
1523 4168 1803 4238 Menippus

216 4272 323 4339 luit,
351 4275 508 4342 cujus
540 4272 704 4324 libros
736 4269 805 4324 Μ.
839 4268 1009 4323 Varro
1051 4267 1101 4320 in
1143 4265 1326 4320 satiris
1361 4263 1645 4318 aemulatus
1685 4273 1799 4326 est,

216 4380 335 4432 quas
359 4367 445 4420 alii
463 4365 715 4435 Cynicas,
734 4364 848 4432 ipse
873 4361 1107 4432 appellat
1121 4357 1460 4428 Menippeas(
1483 4355 1654 4420 Idem,
1671 4355 1708 4412 I.
1739 4371 1798 4420 ιι,

216 4475 256 4510 c.
287 4461 370 4526 18,
405 4478 457 4530 p.
497 4458 647 4530 151).
680 4476 698 4510 ι
751 4456 902 4524 Quod
934 4453 1148 4525 quidem
1195 4468 1225 4507 a
1267 4450 1534 4507 Macrobio
1579 4447 1800 4503 totidem

217 4552 382 4605 verbis
425 4551 684 4617 scriptum
735 4549 959 4615 legimus
1032 4544 1316 4619 (Macrob,
1358 4544 1396 4598 ι.
1443 4559 1458 4597 ι
1505 4541 1797 4608 Saturnat.,

215 4659 257 4696 c.
287 4646 371 4706 11,
401 4664 452 4715 p.
481 4644 636 4712 224).
673 4643 728 4696 1η
768 4641 986 4696 dubium
1017 4639 1197 4709 itaque
1228 4635 1368 4692 haud
1401 4635 1670 4690 immerito
1701 4648 1796 4686 vo-

1914 3445 2078 3500 porro
2108 3430 2482 3500 disquisitione
2522 3431 2771 3486 eumdem
2803 3441 2962 3500 atque
2991 3431 3043 3484 in
3071 3429 3338 3499 superiori
3381 3428 3512 3480 arti-

1913 3522 2034 3577 culo
2062 3522 2457 3592 alpbabeticum
2477 3565 2489 3584 ,
2524 3532 2582 3576 ut
2618 3523 2760 3592 loqui
2791 3532 3006 3587 amant,
3035 3520 3280 3574 ordinem
3311 3533 3509 3588 seque-

1911 3633 2049 3671 mur.
2089 3617 2320 3670 Primum
2352 3620 2530 3687 itaque
2557 3616 2693 3670 dixit
2721 3615 2990 3670 Arnobius
3017 3630 3033 3668 :

1989 3731 2007 3763 ‹
2047 3711 2400 3766 Ancillatrum
2451 3711 2653 3766 servuli
2696 3709 3020 3784 pavibundis
3060 3705 3509 3777 trepidationibus

1910 3805 2170 3868 imitatus,
2200 3824 2218 3857 θ
2241 3803 2332 3874 qui
2357 3803 2560 3858 scilicet
2583 3805 2910 3873 potentiores
2940 3801 3186 3855 homines
3207 3798 3507 3854 humillime

1911 3900 2108 3953 salutat
2139 3899 2382 3970 (Arnob.,
2411 3897 2448 3952 ι.
2483 3913 2575 3964 vn,
2602 3915 2653 3966 ρ.
2687 3897 2837 3969 221).
2869 3896 2943 3950 lta
2968 3911 3097 3950 sane
3127 3896 3176 3948 in
3211 3892 3510 3948 manuscri-

1910 4002 2003 4062 pto
2029 3992 2215 4046 codice
2246 3991 2393 4060 regio
2423 3991 2668 4061 legimus.
2699 3990 2807 4044 Sed
2850 3990 2998 4044 illum
3029 3987 3251 4058 ‘quidam
3297 3987 3367 4043 ibi
3407 3985 3506 4041 de-

1907 4095 2186 4156 pravatum
2218 4096 2496 4156 putantes,
2527 4086 2686 4139 scribi
2716 4085 3001 4140 voluerunt
3045 4083 3259 4137 Ancillae
3284 4094 3371 4135 aut
3398 4097 3507 4134 ser-

1906 4179 2031 4232 vuli.
2072 4180 2142 4234 At
2189 4181 2302 4232 haec
2343 4178 2611 4234 Correctio
2654 4177 3006 4248 sequentibus
3051 4174 3275 4230 Arnobi
3321 4173 3502 4228 verbis

1906 4286 2012 4325 non
2036 4271 2292 4325 cohzeret.
2309 4271 2670 4336 Quamobrem
2693 4269 2782 4323 alii
2808 4266 3196 4324 restituendum
3223 4266 3506 4336 suspican-

1907 4372 1993 4417 tur
2022 4383 2034 4417 :
2066 4363 2384 4416 Ancillarum
2406 4362 2590 4416 servuli
2620 4362 2833 4432 pavidas
2859 4361 3220 4431 trepidatione:
3248 4360 3500 4414 imitatus.

1905 4455 2011 4511 Sed
2061 4457 2262 4510 nullam
2311 4456 2531 4526 hujusce
2579 4455 2825 4510 lectionis
2857 4456 3223 4525 probationem
3253 4453 3336 4507 vel
3367 4467 3502 4507 cono

1898 4550 2163 4620 jecturam
2216 4550 2514 4620 proferunt.
2565 4549 2703 4618 Quid
2748 4566 2908 4616 vero,
2952 4549 2997 4604 si
3040 4547 3312 4603 Arnobius
3358 4560 3501 4601 novo

1902 4645 2066 4700 verbo
2085 4646 2388 4710 servitium,
2410 4661 2504 4701 seu
2523 4646 2838 4716 obsequium
2866 4643 3063 4700 servuli
3086 4644 3327 4714 signiﬁca
3338 4642 3498 4707 verit,

215 4739 313 4790 cari
343 4748 518 4808 potest
537 4778 554 4801 ,
583 4746 760 4791 mrum
789 4735 959 4788 Varro
987 4733 1299 4802 Menippeus
1324 4771 1339 4796 ,
1368 4739 1460 4784 aut
1503 4728 1794 4784 celeberri-
1823 4726 1879 4785 D
1905 4738 2048 4808 quod
2077 4739 2189 4808 ipse
2216 4737 2567 4803 ancillatrum,
2588 4754 2680 4794 seu
2705 4738 2880 4810 potius
2905 4736 3212 4792 ancillatum
3231 4733 3503 4806 appellat?!

216 4847 324 4886 inus
349 4833 417 4888 Μ.
442 4833 730 4888 Terentius
757 4830 928 4884 Varro
953 4829 1230 4883 Romanus
1254 4825 1322 4880 ab
1345 4823 1585 4880 Arnobio
1610 4820 1797 4890 appel-

217 4924 359 4982 letur.
393 4927 447 4983 Si
479 4936 658 4982 autem
709 4925 852 4980 hunc
895 4924 1103 4994 potius,
1137 4937 1295 4992 quam
1342 4920 1506 4974 alium
1557 4917 1626 4973 ab
1677 4918 1796 4990 ipso

215 5017 470 5075 laudatum
503 5034 759 5082 censeas,
785 5018 908 5088 quia
940 5017 1173 5081 latimts,
1214 5025 1268 5070 et
1307 5013 1414 5068 alio
1463 5013 1620 5082 longe
1667 5011 1792 5066 illu-

216 5111 383 5177 strior,
431 5112 580 5182 plura
608 5110 674 5166 de
701 5110 804 5165 diis
825 5151 838 5173 ,
864 5109 930 5164 de
968 5108 1162 5180 quibus
1191 5115 1375 5160 auctor
1403 5114 1584 5159 noster
1623 5103 1796 5170 loqui-

217 5209 313 5268 tur,
359 5205 549 5260 litteris
595 5203 968 5274 consignavit,
1008 5217 1074 5257 eo
1119 5199 1296 5256 minus
1345 5197 1790 5269 repugnabimus,

218 5310 315 5364 quo
340 5300 505 5369 magis
531 5299 762 5371 genuina
787 5297 1030 5368 ejusdem
1071 5294 1293 5351 Arnobii
1337 5293 1496 5348 lectio
1524 5292 1593 5346 ab
1622 5293 1791 5362 impe-

219 5389 314 5442 rito
340 5391 575 5454 librario,
605 5393 680 5447 uti
709 5391 960 5452 vidimus,
997 5389 1139 5446 finde
1164 5387 1463 5442 deformata
1492 5395 1595 5442 est.

283 5481 496 5540 Verrius
516 5486 584 5540 al)
609 5485 850 5540 Aruobio
877 5484 1144 5539 dictorum
1177 5496 1395 5537 suorum
1425 5495 1517 5534 vas
1545 5490 1599 5536 et
1630 5495 1797 5550 spon-

223 5586 305 5628 sor
329 5575 515 5646 I’artus,
540 5580 654 5646 ipse
674 5589 751 5633 cst
780 5577 998 5632 Verrius
1021 5576 1262 5641 Flaccus,
1288 5574 1355 5628 de
1379 5589 1484 5644 quo
1509 5589 1607 5628 nos
1631 5588 1792 5644 supra

221 5665 279 5718 ad
310 5669 517 5724 terhum
551 5670 766 5728 Flaccus
797 5670 1038 5741 (Arnob.,
1071 5669 1108 5723 ι.
1139 5686 1174 5733 I,
1207 5685 1258 5738 p.
1293 5668 1408 5739 57).

286 5759 488 5818 Zenone
507 5781 570 5819 ex
597 5764 832 5838 .‘llyndio,
863 5781 982 5835 quae
1010 5764 1062 5818 in
1095 5763 1331 5818 medium
1362 5761 1636 5818 Arnobius
1670 5777 1796 5832 pro—

227 5853 334 5907 tulit
363 5856 592 5925 (Arnob.,
625 5859 661 5913 ι.
693 5875 765 5927 vi,
798 5877 850 5929 ρ.
901 5858 1052 5930 195),
1096 5857 1213 5914 hmc
1255 5858 1344 5914 ille
1389 5873 1492 5912 non
1543 5856 1792 5923 aliunde,

230 5958 370 6012 quam
398 5965 460 6002 cx
502 5950 797 6006 Clementis
842 5951 1193 6005 Alexandrini
1239 5950 1473 6006 fontibus
1524 5949 1796 6005 hauserat.

1907 4833 2092 4886 Utrum
2125 4841 2303 4886 autem
2333 4832 2562 4903 genuina
2600 4832 2670 4887 sit
2709 4835 2822 4886 lucc
2851 4831 3086 4886 auctoris
3111 4831 3280 4884 nostri
3312 4827 3495 4893 lectio,

1899 4925 2206 4994 expcndant
2228 4924 2338 4988 alii,
2363 4934 2419 4979 et
2442 4924 2807 4993 pronuntient.
2836 4923 3001 4980 Nobis
3026 4932 3174 4979 certe
3204 4922 3348 4978 illius
3370 4933 3497 4976 sen-

1899 5031 2018 5072 sum
2043 5016 2358 5086 patefecisse
2385 5017 2599 5073 sufﬁcit.

1973 5110 2223 5165 Anserum
2269 5113 2524 5184 grinnitus
2567 5111 2836 5168 Arnobius
2877 5109 3140 5182 appellat;
3185 5109 3306 5177 quia
3339 5106 3496 5162 Grin-

1899 5203 2044 5271 nire,
2089 5204 2262 5274 inquit
2313 5204 2538 5273 Festus,
2581 5221 2833 5262 anserum
2885 5207 3034 5261 vocis
3090 5205 3363 5274 proprium
3411 5208 3499 5256 est

1903 5295 2090 5368 (Ibid.,
2117 5296 2153 5351 ι.
2190 5313 2260 5359 vt.
2292 5315 2344 5367 p.
2369 5297 2496 5355 205.
2531 5297 2670 5352 Fest.
2699 5299 2767 5352 ad
2794 5300 2927 5352 verb.
2959 5301 3271 5368 GRUNNIBE).

1969 5393 2133 5446 Arbor
2169 5403 2386 5463 pomata
2415 5394 2484 5448 ab
2509 5392 2750 5448 Arnobio
2793 5394 2949 5463 pinus
2977 5399 3220 5455 vocatur,
3251 5388 3354 5443 sub
3387 5399 3496 5456 qua

1899 5486 2040 5540 Attis
2069 5502 2128 5540 se
2156 5486 2256 5540 viri
2288 5486 2504 5541 nomine
2537 5485 2787 5556 privavit,
2820 5493 2874 5539 et
2912 5483 3065 5553 cujus
3092 5483 3296 5538 circum
3327 5479 3492 5536 robur

1896 5590 2070 5634 mater
2095 5579 2252 5634 deum
2284 5579 2499 5634 sociatis
2526 5593 2645 5632 cum
2682 5577 2896 5633 Acdesti
2943 5576 3261 5648 planctibus,
3305 5582 3495 5645 pectus

1898 5673 2072 5727 tundit
2116 5681 2170 5727 et.
2215 5671 2421 5726 sauciat
2463 5670 2702 5741 (Arnob.,
2733 5670 2772 5724 ι.
2802 5686 2854 5736 v,
2888 5669 3114 5742 ρ.160).
3160 5667 3269 5724 Cur
3311 5680 3490 5722 autem

1898 5763 2061 5820 arbor
2093 5775 2309 5833 pauSata
2341 5763 2566 5824 dicatur,
2599 5777 2788 5816 omnes
2827 5763 3016 5817 horum
3064 5760 3284 5817 Aittohii
3319 5760 3490 5814 lihro-
3552 5771 3559 5778 ’

1903 5872 2020 5911 rum
2052 5863 2504 5911 commentatores
2531 5853 2630 5908 sibi
2667 5855 2898 5910 fatentur
2927 5869 3048 5911 esse
3077 5855 3488 5923 incompertum.

1905 5947 2106 6003 Vocem
2162 5949 2342 6018 itaque
2397 5957 2626 6019 pausalte
2675 5956 2985 6020 corruptam
3041 5946 3207 6006 fuisse
3253 5944 3502 6004 nonnulli
