3878 6312
412 314 509 370 691
852 332 855 335 ·
1661 312 2112 374 DlSSERTATlO
2149 314 2429 376 PREVIA
3567 337 3650 395 692

406 434 756 501 arbitrantur,
784 449 849 490 ac
875 447 973 504 pro
992 446 1055 490 ea
1086 433 1295 499 tanatw,
1327 434 1411 489 vel
1440 433 1688 500 tausaue,
1717 434 1801 489 vel
1829 435 2007 506 posita:
2030 436 2086 496 A
2110 435 2225 491 sive
2273 434 2530 493 ceteriam
2575 446 2931 494 mercaturam
2983 439 3226 512 (Donat,
3264 442 3318 498 in
3349 443 3533 501 Terent.
3559 450 3650 506 Eu-

408 526 720 597 legendum.
761 525 869 581 Sed
915 524 1031 580 haec
1056 524 1148 580 alii
1182 535 1239 581 ut
1281 540 1463 581 meras
1506 542 1677 598 nugas
1720 528 2018 598 explodunt
2117 529 2295 595 nuch.,
2326 541 2427 585 act.
2459 548 2515 599 ιι,
2547 548 2685 587 scen.
2719 532 2773 597 2,
2807 549 2939 591 vers.
2985 532 3101 607 26).
3131 535 3215 591 Ab
3240 535 3354 592 aliis
3378 551 3561 610 autem,
3583 551 3652 616 qui

408 630 573 691 atque
612 619 926 675 exsibilant.
969 618 1108 687 Quid
1143 620 1286 674 enim
1328 629 1476 675 velat
1520 621 1807 692 quominus
1835 621 2015 678 Arno-
2114 618 2379 677 lsidorum
2416 623 2618 689 citant,
2646 624 2874 679 sumitur
2903 641 3002 696 pro
3029 626 3124 691 iis,
3157 628 3245 699 qui
3273 618 3473 685 diversa
3497 649 3653 705 genera

407 714 531 771 bius
558 727 685 767 usus
726 712 796 766 sit
830 713 998 768 verbo
1044 722 1296 783 pausam,
1343 713 1579 768 imitatus
1626 714 1895 793 Plautum,
1924 717 2015 787 qui
2114 710 2339 784 piscium
2378 715 2630 771 emebant
2676 724 2731 771 et
2775 717 3081 773 vendebant
3122 717 3365 789 (Iaidor.,
3404 722 3454 776 t’n
3494 724 3655 796 61038.,

409 806 551 861 dixit
602 804 883 871 Pausa,'id
913 813 1015 873 est,
1049 807 1288 877 quiesce.
1329 805 1461 860 Nam
1511 806 1582 861 ibi
1615 816 1804 862 auctor
1835 818 2017 863 noster
2113 825 2170 878 p.
2226 806 2376 879 620).
2432 802 2643 863 Videsis
2696 808 3008 867 Turnebum
3063 810 3157 867 lib.
3222 828 3315 868 xui
3385 816 3656 889 Adversar,

406 899 596 954 scribit
626 907 853 952 matrem
885 897 1045 953 deum
1077 898 1130 951 in
1162 906 1376 952 antrum
1404 913 1558 952 suum
1580 897 1837 954 detulisse
1868 898 2011 953 illam
2114 913 2237 970 cap.
2270 899 2358 954 li.
3551 884 3558 891 ’

405 993 685 1059 arborem,
740 1002 797 1047 et
839 990 1043 1048 circum
1092 991 1255 1046 robur
1302 991 1443 1047 illius
1490 991 1558 1046 ibi
1605 1002 1857 1062 pausam,
1901 993 2014 1048 sive
2185 990 2425 1061 Botulus,
2461 1003 2596 1051 teste
2641 988 2822 1065 Festo,
2854 1013 3024 1069 genus
3069 998 3366 1056 farciminis
3403 1012 3501 1070 est,
3524 1007 3657 1076 quod,

404 1087 734 1161 quiescentis
760 1094 814 1141 et
842 1086 1033 1156 positae
1068 1086 1272 1139 sociatis
1302 1101 1419 1138 cum
1448 1083 1667 1141 Acdesti
1708 1085 2014 1157 planctibus
2114 1098 2334 1158 propter
2363 1089 2774 1155 conuexionem,
2805 1105 2834 1144 a
2865 1088 3001 1145 bolis
3028 1090 3105 1146 sic
3146 1092 3438 1162 appellatur
3459 1094 3659 1165 (Arnob,

405 1197 564 1238 suum
595 1178 863 1235 tutudisse
890 1194 954 1233 ac
981 1178 1309 1232 sauciavisse
1334 1185 1546 1247 pectus.
2119 1182 2158 1237 ι.
2193 1198 2249 1247 ιι,
2283 1200 2334 1252 ρ.
2364 1184 2460 1252 73;
2507 1180 2714 1249 Festus,
2745 1185 2815 1239 ad
2841 1202 2971 1241 vera.
3003 1184 3293 1259 Bowws).
3328 1188 3563 1247 Martialis
3586 1209 3658 1247 au-

477 1274 709 1346 Arquata
739 1271 949 1338 sellula,
983 1271 1086 1327 hoc
1126 1281 1229 1337 est,
1263 1269 1658 1338 semirotundo,
1685 1280 1739 1326 et
1774 1272 1825 1325 in
1856 1286 2013 1328 arcus
2116 1285 2221 1330 tem
2248 1276 2446 1332 alicubi
2472 1275 2669 1332 cecinit
2701 1297 2714 1333 :

403 1367 813 1424 similitudinem
842 1364 1069 1421 formata
1097 1363 1336 1438 (Arnob.,
1362 1365 1400 1419 ι.
1426 1381 1465 1433 ι,
1497 1382 1550 1435 ρ.
1576 1362 1692 1438 59).
1713 1364 1830 1435 Quo
1851 1381 2011 1422 sensu
2210 1380 2458 1460 Quijenil
2476 1390 2671 1460 ροιυιυε
2693 1394 2856 1445 τηθάίο
2878 1396 2967 1446 (ibi
2987 1400 3214 1460 tempore
3238 1397 3420 1449 mm

404 1462 474 1517 ab
499 1460 690 1517 Ovidio
720 1460 932 1515 canitur
961 1477 975 1514 :
2217 1438 2269 1450 ν
2290 1438 3287 1518 salui-hisepia..Tiéhéiéi'a'ﬁié’di'eé."
3301 1438 3440 1459 Μ’

500 1575 597 1627 Iris
620 1582 674 1626 et
698 1573 1407 1639 arquatoﬂcmlumcurvamine
1430 1574 1648 1638 signans.
1698 1630 1737 1639 μ
1757 1634 1777 1639 _
1802 1634 1816 1639 _

2345 1592 2355 1607 ,
2422 1566 2433 1575 -
2683 1538 2945 1603 (Ματιίαιη
2975 1539 3059 1592 lib.
3084 1555 3185 1603 xw,
3208 1542 3365 1610 epigr.
3388 1544 3487 1607 72.)

877 1635 1064 1702 (0vid.,
1086 1634 1166 1687 lib.
1189 1649 1223 1685 ιι
1245 1630 1524 1698 Μθεαιηοιῖ,
1548 1648 1661 1701 pag.
1689 1630 1825 1701 418.)

2123 1660 2475 1730 Quamobrem
2528 1661 2891 1722 Tertullianus
2947 1666 3194 1725 ethnicos
3241 1668 3383 1726 hunc
3441 1671 3666 1740 redarguit

478 1742 651 1811 Αηαθί
677 1740 901 1812 phrygia
950 1741 1125 1812 “"803
1157 1750 1451 1808 νοείιηιυτι
1496 1756 1633 1811 (ιυοε
1676 1741 1854 1797 hircos
1879 1738 2011 1797 ἀίάί·
2115 1753 2167 1807 in
2189 1753 2406 1809 modum
2439 1774 2451 1810 :
2483 1775 2500 1807 ι
2536 1755 2678 1813 lnter
2704 1768 3030 1815 tentamenta
3059 1761 3470 1820 Christianorum
3494 1738 3667 1821 botulos

406 1848 527 1889 mus
555 1833 797 1907 (Arnob.,
831 1834 869 1886 ι.
900 1848 953 1899 v,
982 1852 1036 1904 p.
1081 1830 1228 1901 159).
1263 1831 1419 1903 Apud
1460 1831 1802 1888 Eustachium
1856 1849 2007 1901 vero,

2123 1853 2276 1908 etiam
2303 1868 2499 1909 cruore
2523 1854 2786 1912 distentos
2813 1856 3131 1922 admovetis,
3158 1859 3441 1915 certissimi
3463 1860 3665 1916 illicitum

401 1926 579 1995 inquit
625 1923 945 1992 Bocltartus,
999 1922 1228 1999 ἅττηγοι,
1278 1924 1529 1980 dicuntur
1582 1922 1721 1999 αἶγες
1769 1923 2005 2001 ἄρῤηνες,

2123 1959 2230 2001 esse
2253 1947 2394 2017 apud
2419 1947 2560 2013 illos,
2591 1963 2685 2018 per
2710 1948 2853 2019 quod
2880 1949 3191 2006 exorbitare
3219 1952 3339 2006 illos
3370 1952 3519 2006 vultis
3543 1950 3667 2022 (Ter-

403 2017 553 2088 capri
603 2017 831 2072 masculi
879 2033 977 2073 seu
1028 2017 1162 2074 hirci
1212 2015 1504 2085 (Bochart.,
1543 2017 1581 2072 ι.
1629 2034 1664 2072 ιι
1731 2018 1794 2072 de
1833 2018 2005 2072 Anim.

2123 2047 2241 2111 tut.,
2284 2015 2533 2114 Apolog.,
2663 2015 2806 2115 9,'p.
2844 2044 2954 2114 ll).
2993 2064 3013 2097 ι
3060 2045 3201 2100 Alibi
3253 2061 3383 2101 vero
3429 2015 3665 2116 postquam

402 2128 550 2214 δαθνζ
588 2112 771 2214 ³⁶νξρον
892 2111 983 2176 53’
1097 2107 1246 2214 δέη
1281 2111 1367 2167 Μ)
1412 2109 1515 2165 [me
1560 2120 1742 2214 amen“
1770 2109 2007 2214 Emis“?
2107 2136 2176 2190 ab
2197 2107 2642 2204 o’rtbodox'orum,
2683 2107 2816 2207 quos
2840 2107 3133 2209 Psvcliicos
3156 2147 3336 2205 vocat,
3362 2107 3581 2209 paitibus
3598 2138 3668 2192 de~

402 2204 628 2259 nomine
656 2203 926 2258 Arnobius
953 2213 1101 2272 putat
1124 2202 1323 2303 factum
1346 2217 1468 2258 esse
1497 2217 1690 2303 nomen
1716 2203 1875 2258 Attis.
1900 2203 2006 2258 Sed
2108 2227 2346 2295 fecisset,
2387 2230 2465 2284 sic
2511 2244 2605 2284 eos
2627 2202 2868 2300 reo-mpii
2890 2202 2962 2282 εἰ
2999 2229 3285 2297 Qumuodo
3321 2202 3581 2303 protegam
3602 2246 3666 2284 ca-

403 2298 705 2356 Bochartus
732 2313 801 2354 ex
839 2297 1067 2354 Hebraeo
1097 2296 1271 2352 Athud
1316 2297 1494 2369 potius
1522 2290 1823 2353 derivatum
1864 2298 2007 2352 arbi-

2123 2322 2341 2376 ttitatem
2364 2333 2418 2377 et
2437 2323 2780 2379 sobrietatem
2803 2325 2920 2378 sine
2942 2324 3210 2378 taxatione
3231 2323 3663 2381 adversariorum?

407 2402 604 2458 11‘3"".
634 2407 816 2463 quem:
848 2395 892 2447 Si
925 2393 1078 2459 "elisi
1110 2394 1352 2449 υοηευΙθο
2107 2415 2333 2481 Quinam
2367 2415 2451 2468 isti
2482 2425 2610 2469 sunt
2650 2415 2818 2470 semel
2852 2416 3167 2481 nominabo,
3200 2416 3496 2472 exteriores
3521 2423 3569 2469 et
3600 2414 3664 2469 in-

479 2483 802 2581 Αιιστξίῖείξνίν
848 2484 994 2581 ﬂii“
1031 2492 1222 2581 ἓυοιοτ
1268 2493 1474 2581 ηρξιεν,
1522 2484 1918 2581 Εηη,ῖυε,νθξ“ον
1948 2494 2009 2540 ιιι
2106 2506 2334 2581 teriores
2355 2505 2519 2561 botuli
2541 2505 2925 2577 Psychicorum
2953 2505 3147 2580 (Idem,
3174 2509 3211 2563 ι.
3239 2509 3303 2563 de
3322 2505 3664 2579 Jejuniis,c.l,

401 2586 553 2633 notat
599 2572 804 2631 Nonius
847 2574 1149 2641 Marcellus,
1200 2576 1478 2650 augiﬁcare
1509 2597 1527 2632 :
1555 2577 1650 2633 sed
1704 2576 2006 2633 obsoletum
2108 2616 2163 2669 ρ,
2192 2578 2343 2668 701),
2381 2618 2401 2651 ι

403 2669 627 2723 verbum
683 2677 787 2737 est,
832 2667 975 2739 quod
1030 2668 1173 2723 idem
1221 2679 1383 2741 atque
1428 2686 1626 2741 augere
1672 2669 2008 2743 signiﬁcabat

2181 2690 2333 2748 Buri:
2372 2690 2568 2748 dicitur
2609 2708 2641 2747 a
2684 2692 3006 2764 quibusdam
3056 2708 3182 2764 pars
3208 2693 3380 2748 aratri
3420 2688 3663 2763 posterior,

405 2761 643 2836 (Arnob.,
696 2766 735 2818 ι.
789 2777 880 2828 vlt,
930 2781 985 2833 p.
1036 2761 1173 2828 9.24;
1224 2761 1482 2829 Non.,de
1526 2760 1788 2836 Propriet.
1828 2778 2003 2829 term,

2123 2784 2176 2840 ιι)
2219 2784 2339 2840 aliis
2372 2788 2602 2841 temonis
2640 2760 2909 2857 superior,
2942 2797 2997 2842 et
3023 2760 3249 2857 utraque
3284 2760 3546 2842 incurvata
3571 2781 3665 2853 (Ar-

403 2875 449 2913 c.
482 2856 561 2929 2).
596 2854 751 2927 Apud
778 2852 1088 2917 Lucretium
1117 2867 1295 2913 autem
1326 2858 1553 2929 legimus
1583 2876 1595 2911 :

2123 2876 2248 2943 100.,
2279 2878 2317 2931 ι.
2348 2894 2407 2942 ιι,
2437 2895 2491 2948 p.
2521 2878 2638 2948 59).
2671 2852 2749 2935 Eo
2789 2891 2965 2934 autem
3008 2852 3227 2935 nomine
3271 2894 3400 2935 usus
3427 2885 3505 2933 est
3525 2852 3665 2943 Virgi-

1441 2969 1761 3035 Auctilicique
2108 2970 2232 3036 lius,
2266 2971 2354 3025 ubi
2385 2970 2530 3026 canit
2560 2991 2573 3026 :

496 3032 657 3087 Motus
677 3043 921 3099 perpetuo
945 3039 1147 3098 possunt
1170 3046 1371 3084 servare
1406 3040 1593 3084 creata.

1057 3119 1292 3179 (Lucra,
1317 3113 1399 3167 ub,
1428 3130 1477 3178 ιι,
1498 3128 1625 3167 vers,
1645 3115 1787 3180 571,-)
2199 3102 2437 3175 Continuo
2451 3105 2502 3153 in
2518 3104 2667 3169 sylvis
2678 3118 2854 3177 magna
2878 3106 2926 3154 vi
2951 3105 3086 3179 nexa
3107 3104 3352 3165 domatur,
3451 3166 3459 3174 '

2201 3166 2257 3215 lu
2277 3168 2452 3230 burim,
2480 3174 2532 3217 et
2554 3181 2691 3218 CUl'Vl
2718 3168 2919 3217 turmam
2936 3174 3112 3231 acetptt
3129 3168 3293 3218 ulmus
3314 3174 3464 3216 aratri

480 3247 767 3321 Augustam
811 3245 971 3301 simili
1014 3245 1174 3300 modo
1205 3246 1339 3300 dixit
1384 3244 1675 3311 Arnobius,
1707 3259 1804 3304 pro
1832 3260 2001 3315 augu~
2034 3235 2078 3297 C
2427 3205 2655 3317 ('Virgit.,
2679 3247 2760 3301 lib.
2788 3205 3164 3315 iGeorg.,iters.
3191 3250 3281 3302 169
3304 3247 3513 3315 etseqq.)

404 3350 547 3397 stum
574 3339 800 3395 reddere
841 3337 1076 3412 (Arnob.,
1110 3338 1147 3392 ι.
1175 3354 1270 3404 vn,
1301 3355 1353 3406 p.
1382 3336 1533 3410 “201).

482 3435 711 3501 Batiaca,
738 3434 790 3488 in
818 3432 1183 3503 manuscripto
1213 3441 1391 3487 autem
1423 3432 1567 3501 regio
1594 3432 1781 3489 codice
1811 3404 2005 3505 pastio-

405 3549 492 3586 cas
536 3530 943 3600 corruptissime
988 3524 1176 3600 (Ibid.,
1222 3528 1259 3580 ι.
1308 3543 1344 3592 ι,
1397 3543 1448 3595 ρ.
1488 3526 1600 3599 59).
1635 3524 1766 3582 Nam
1808 3528 2007 3583 batinca

403 3629 581 3699 graece
627 3625 871 3697 βατιάκη,
923 3622 1062 3677 sicut
1097 3636 1164 3675 ex
1209 3620 1470 3674 Athean
1519 3620 1798 3685 discimus,
1832 3623 2006 3692 poculi

407 3729 522 3775 erat
580 3732 746 3789 genus
791 3712 1024 3788 (At/tem,
1066 3710 1150 3767 lib.
1196 3728 1232 3767 ιι
1263 3702 1536 3782 Deipnos.,
1567 3731 1618 3783 p.
1669 3712 1817 3787 486).
1854 3713 2006 3770 Unde

405 3812 632 3868 Plautus
657 3809 853 3863 alicubi
885 3808 1019 3862 dixit
1052 3824 1065 3861 :

2112 3377 2258 3446 Quos
2287 3378 2339 3432 in
2369 3392 2558 3433 versus
2583 3378 2699 3434 haec
2728 3379 2949 3435 Servius
2968 3380 3220 3436 observat
3252 3400 3269 3435 ε
3298 3390 3320 3434 t
3348 3380 3407 3435 In
3431 3376 3609 3441 burim,
3628 3373 3666 3427 in

2110 3470 2165 3525 in
2193 3474 2566 3527 eurvalurum.
2603 3471 2737 3527 Nam
2776 3472 2929 3527 buris
2970 3482 3054 3529 est
3092 3482 3501 3529 curvamentum
3538 3468 3667 3523 aratri

2110 3566 2310 3620 dictum
2356 3567 2507 3637 quasi
2547 3567 2667 3639 βοὸς
2710 3569 2860 3643 οὐρὰ,
2902 3567 3045 3637 quod
3094 3572 3165 3621 sit
3208 3569 3273 3623 in'
3303 3562 3667 3623 similitudinem

2110 3661 2295 3715 cauda:
2342 3660 2509 3717 boris.
2545 3661 2651 3717 Alii
2697 3662 2871 3716 burim
2915 3670 3257 3717 curvaturam
3309 3660 3547 3724 temonis,
3577 3669 3668 3724 «μευ

2111 3766 2271 3821 snpra
2292 3763 2397 3819 est,
2421 3765 2473 3808 et
2493 3754 2632 3823 quod
2656 3752 2793 3807 infra
2817 3758 2901 3808 est
2922 3769 3111 3809 urvum
3134 3755 3343 3809 dicunt.
3365 3752 3515 3808 Buris
3532 3746 3666 3809 enim,

2111 3855 2171 3899 ut
2197 3858 2468 3910 curvetur,
2497 3856 2622 3900 ante
2658 3845 2769 3915 igni
2810 3846 3080 3912 domatur,
3113 3847 3453 3902 amburitur:
3486 3841 3609 3897 unde
3630 3845 3671 3891 et

502 3919 993 4034 Batiii‘lliisbiiisbiiiriti.liae
1017 3918 1303 3980 domisum’
1330 3917 1829 3981 scaphio’canmaﬁs’
2287 3940 2629 4034 naturaliter,
2657 3940 3001 4034 inveniuntur
3063 3955 3245 3996 curve
3298 3942 3378 4034 ita
3434 3938 3665 4034 dicuntur.

1004 4040 1210 4109 (Plaut,
1238 4041 1429 4108 Stych.,
1446 4047 1541 4094 act.
1562 4055 1756 4104 v,scen.
1779 4043 1854 4105 4.)
2113 4032 2283 4087 Varro
2311 4032 2384 4086 ait
2414 4044 2580 4087 totum
2619 4032 2792 4088 burim
2823 4032 2984 4089 indici
3012 4035 3081 4088 ab
3121 4035 3275 4090 urbe.
3310 4054 3332 4088 ι
3367 4030 3535 4089 Priori
3563 4040 3665 4081 sen-

408 4162 479 4218 At
507 4159 579 4217 ibi
605 4155 924 4230 quibusdam
944 4154 997 4211 in
1021 4153 1349 4211 editionibus
1376 4153 1590 4225 legitur,
1619 4151 1862 4209 Baliaris.
1972 4154 1981 4160 ’

2123 4130 2295 4187 tentis
2344 4128 2581 4186 Isidorus
2624 4129 2943 4198 subscripsit
2990 4128 3211 4201 (Isidor.
3244 4171 3261 4195 ,
3317 4130 3355 4184 ι.
3400 4142 3466 4183 xx
3528 4122 3667 4230 Oris»

2111 4240 2159 4277 c.
2191 4225 2289 4291 15;
2338 4222 2554 4291 Arnob.,
2602 4225 2640 4278 ι.
2685 4240 2725 4291 ι,
2758 4241 2812 4294 ρ.
2842 4223 2937 4291 94,
2985 4230 3033 4278 et
3064 4225 3103 4278 ι.
3136 4240 3230 4290 vn,
3279 4242 3334 4297 ρ.
3367 4221 3501 4284 923;
3538 4213 3666 4275 ἱῦἱάο,

2112 4317 2150 4373 Ι.
2185 4328 2259 4385 Vl,
2291 4334 2342 4385 ρ.
2370 4317 2522 4389 200).
3164 4322 3171 4330 ’

2116 4434 2125 4447 ·
2183 4410 2459 4477 Βασιὶσεια,
2490 4418 2548 4465 ιιι
2582 4410 3026 4466 animadvertitur
3069 4411 3124 4466 in
3171 4409 3368 4482 glossis
3402 4406 3566 4463 eidem
3593 4396 3670 4453 lsi-

2113 4505 2246 4561 doro
2265 4504 2556 4572 attributis,
2593 4514 2747 4559 erant
2772 4505 3019 4575 sepulcra
3048 4505 3103 4559 in
3129 4518 3280 4576 agro.

2178 4597 2485 4662 Cucubulua,
2501 4597 2875 4652 diminutivum
2892 4598 3031 4653 haud
3044 4600 3206 4655 dubie
3223 4600 3452 4655 nominis
3464 4599 3669 4662 carebat,

2116 4693 2207 4763 qui
2239 4705 2333 4746 vas
2362 4692 2644 4763 signiﬁcat,
2676 4692 2731 4746 in
2780 4708 2889 4764 quo
2930 4694 3348 4764 pulmentarium
3379 4693 3667 4765 coquebant.

2116 4786 2329 4844 Videsis
2359 4785 2591 4843 LexiCon
2620 4787 2874 4855 Martinii,
2904 4796 2955 4843 et
2988 4787 3164 4844 Vos'sii
3189 4790 3590 4862 etymologicon.

2188 4881 2509 4936 Calamiam'a
2525 4881 2723 4935 vibrare
2743 4882 3024 4948 censoriam,
3042 4882 3215 4951 inquit
3229 4884 3492 4939 Arnobius
3511 4875 3666 4953 (Ιόίάο,

2118 4975 2153 5029 ι.
2186 4991 2244 5041 ιι,
2276 4992 2328 5046 ρ.
2360 4972 2471 5045 72).
2505 4972 2883 5029 Calatnistrum
2913 4976 3055 5030 enim
3086 4986 3202 5032 erat
3231 4992 3359 5032 acus
3389 4976 3667 5044 major,sett

2116 5070 2338 5135 ferrum,
2368 5082 2473 5137 quo
2498 5069 2753 5123 calefacto
2781 5069 3007 5140 capillus
3050 5070 3391 5140 intorquetur
3413 5079 3465 5125 et
3489 5064 3666 5132 crispa-

2117 5171 2225 5219 tur.
2255 5160 2393 5217 Audl
2423 5160 2699 5232 Virgilium
2729 5178 2744 5215 :

481 4278 679 4349 Bigarit‘
727 4292 830 4332 vox
874 4285 977 4343 est,
1009 4290 1128 4344 quae
1169 4272 1223 4327 in
1264 4270 1507 4327 Romana
1554 4270 1741 4326 horum
1788 4256 2009 4328 ArnObii

412 4372 673 4427 librorum
701 4369 939 4424 editione
966 4376 1020 4424 et
1048 4367 1166 4421 aliis
1196 4364 1581 4437 posterioribus
1609 4363 1891 4419 exhibetur
1914 4382 1926 4417 :
1954 4364 2011 4419 in

414 4462 787 4535 manuscripto
828 4472 1006 4516 autem
1048 4461 1195 4531 regio
1225 4459 1347 4514 cod.
1380 4456 1603 4527 Pigar-ii,
1650 4456 1703 4512 in
1742 4467 2009 4528 postrema

414 4558 675 4622 editiOne,
724 4556 935 4627 cybiarii
984 4550 1234 4626 (llrnob.,
1286 4542 1322 4609 ἰ.
1367 4569 1402 4608 ιι
1447 4572 1500 4625 p.
1546 4552 1658 4623 70).
1717 4548 1821 4609 Sed
1866 4552 2010 4609 nulla

414 4649 643 4720 hujusce
688 4646 1075 4701 immolationis
1102 4646 1238 4700 ratio
1275 4642 1537 4699 redditur.
1564 4641 1671 4698 Cur
1701 4661 1807 4698 non
1837 4644 2013 4714 potius
2038 4630 2092 4690 D

414 4740 627 4807 Cibarii,
657 4740 748 4811 qui
794 4739 1000 4794 scilicet
1027 4738 1175 4794 cibos
1205 4736 1499 4793 coniiciunt
1528 4747 1621 4791 aut
1666 4735 2015 4791 ministranti?

414 4835 590 4893 Varro
623 4834 764 4889 enim
804 4831 946 4902 apud
985 4828 1214 4893 Nonium
1261 4830 1570 4886 Marcellum
1602 4850 1615 4885 ε
1652 4850 1669 4882 ι
1707 4816 1854 4886 Tuus
1899 4832 2013 4901 ipse

414 4926 582 4983 frater
606 4925 840 4982 cibarius
871 4925 965 4979 l'uit
1008 4923 1343 4980 Aristoxenis
1375 4923 1543 4998 (Non.
1585 4920 1847 4992 Marcell.,
1881 4916 1918 4978 ἰ.
1949 4923 2013 4980 de

415 5019 675 5091 Propriet.
707 5035 886 5086 serm.,
915 5034 961 5070 ε.
989 5018 1046 5081 2,
1081 5035 1133 5087 p.
1162 5015 1314 5086 556).
1351 5035 1370 5067 ι
1404 5012 1512 5070 Cur
1556 5031 1661 5070 non
1706 5017 1889 5085 etiam,
1926 5010 2009 5071 in-

413 5116 562 5185 quiet
608 5111 821 5182 aliquis,
870 5111 1076 5181 legatur
1120 5106 1337 5181 Bigarii,
1386 5125 1452 5162 ex
1500 5124 1607 5179 quo
1650 5104 1717 5162 ab
1762 5109 2010 5181 imperito

413 5204 634 5262 librario
677 5204 870 5259 factum
904 5196 1148 5275 Pigarii?
1176 5202 1449 5273 Superiori
1486 5203 1683 5274 quippe
1712 5201 1850 5259 linea
1877 5204 2012 5259 dixit

413 5300 685 5357 Arnobius
728 5296 1106 5371 quadrigarios.
1153 5290 1351 5351 Verum
1405 5310 1563 5350 nemo
1617 5295 1845 5352 fortasse
1892 5295 2009 5352 sine

2641 5274 2850 5327 Focdare
2875 5277 2924 5325 in
2948 5276 3153 5339 pulvere
3170 5278 3336 5329 crines

2212 5340 2411 5390 Vibrato
2435 5337 2590 5389 calido
2611 5338 2765 5392 ferro.
2794 5340 3091 5392 mvrrhauue
3114 5342 3336 5392 madente

415 5349 682 5403 ""","'“
1377 5388 1387 5398 .
1418 5349 1462 5400 ,ί
1517 5349 1520 5350 ⁷
2215 5349 2411 5390 “brato
2435 5349 2590 5389 cando
2611 5349 2765 5401 terra,
2794 5349 3091 5404 myrrnaque
3114 5349 3389 5393 madentes.

415 5392 639 5449 alterius
664 5403 1010 5462 manuscript:
1037 5384 1238 5446 codrcrs
1267 5388 1466 5445 auxdto
1492 5388 1850 5446 adulteratum
1875 5390 2006 5445 illud
2596 5444 2699 5462 Im
2741 5459 2770 5462 _
3167 5461 3171 5462 ν
3216 5445 3276 5462 Μ

415 5501 613 5540 nomen
645 5483 933 5540 emendare
962 5485 1176 5553 poterit.

485 5580 727 5646 Bolones,
769 5580 821 5634 in
862 5591 965 5634 ms.
1012 5576 1199 5635 codice
1248 5586 1434 5632 nostro
1475 5576 1721 5649 legimus,
1760 5593 1857 5649 pro
1900 5592 2033 5647 quo.
2109 5576 2255 5646 Quos
2286 5578 2338 5633 in
2385 5594 2571 5635 versus
2619 5578 2882 5634 Servius:
2922 5598 2940 5630 r
3000 5578 3376 5635 Calamistrum
3417 5580 3494 5629 est
3533 5580 3658 5628 acus,

416 5670 659 5727 nonnulli
700 5685 981 5741 perperam
1003 5670 1337 5740 scripserunt
1368 5666 1846 5743 Volones(Arnob.,
1877 5669 1914 5724 ι.
1943 5685 2002 5737 ιι,
2110 5672 2300 5743 inquit,
2346 5672 2538 5744 major,
2586 5688 2705 5744 qua:
2746 5670 3023 5735 calefacta,
3056 5684 3110 5728 et
3153 5671 3384 5727 adhibita
3428 5665 3659 5731 intorquet

412 5779 468 5832 ν.
496 5762 610 5832 70).
640 5761 770 5816 Nam
803 5773 862 5817 ut
885 5762 958 5816 ait
1002 5763 1282 5817 Donatus:
1325 5760 1554 5827 Cetarii,
1584 5782 1604 5815 ι
1646 5759 1736 5834 qni
1765 5773 1917 5829 cete,
1950 5761 2007 5817 id
2110 5765 2353 5836 capillos.
2404 5786 2422 5818 ι
2471 5752 2679 5820 Videsis
2721 5762 2922 5820 Julium
2969 5762 3276 5833 Pollucem,
3334 5770 3385 5817 et
3432 5755 3656 5813 lsidorum

409 5864 512 5923 est,
545 5856 969 5925 magnosmisces
1012 5855 1286 5911 venditant
1316 5864 1372 5913 et
1400 5856 1624 5915 bolones
1665 5865 1938 5924 exercent,
1981 5874 2001 5909 ι
2109 5854 2299 5929 (Ροιι.,
2325 5857 2360 5912 ι.
2394 5874 2447 5927 v,
2478 5874 2523 5912 c.
2556 5854 2653 5925 l6;
2688 5855 2901 5926 Isidor.,
2934 5857 2970 5911 ι.
3003 5870 3075 5911 xx
3108 5855 3276 5926 Orig.,
3330 5871 3375 5909 ε.
3404 5847 3507 5917 l3).

2594 5444 2808 5510 ([1an
2833 5444 3049 5507 £neid.,
3068 5459 3197 5499 vers.
3216 5445 3279 5498 90
3295 5441 3507 5511 εικιιιιι)
