3878 6312
218 322 314 385 895

1396 313 1461 370 IN
1500 296 1875 376 samem,
1915 305 2068 364 cap.
2113 305 2301 364 xxvr.
2360 272 2365 277 ’

3381 305 3485 364 694

278 436 527 495 Calieudri
569 434 786 492 nomine
832 434 1060 507 putabat
1102 430 1388 489 Turnebus
1434 428 1502 483 ab
1545 425 1782 483 Amobio
1804 418 1863 491 ιλ
1883 422 2032 478 Festi
2057 424 2237 480 verbis
2258 434 2313 480 et
2337 423 2659 481 auctoritate
2685 423 2826 491 fulti,
2854 422 3239 496 putantCastus
3264 424 3482 479 nomine

218 534 427 593 iudicari
451 532 686 605 pallium,
714 531 855 603 quod
901 540 1027 586 ante
1067 529 1371 585 riciniatum
1400 524 1786 596 appellaverat.

212 628 311 686 Sed
358 642 415 684 re
465 627 724 682 maturius
780 638 1061 696 expensa,
1118 620 1451 678 existimavit
1505 614 1791 689 signiﬁcari

210 722 386 792 capitis
411 720 828 792 operimentum.
878 718 997 786 Quo
1040 732 1204 772 sensu
1250 715 1318 770 ab
1364 712 1584 768 Horatio
1631 723 1789 765 usur-

213 822 357 886 patur
380 832 395 870 :

513 944 542 958 ..
567 906 735 957 Altum
753 906 963 967 Saganae
976 902 1299 955 caliendrum.

717 989 933 1055 (Horat,
954 984 1038 1038 lib.
1059 1003 1093 1051 ι,
1120 984 1258 1037 satir.
1280 984 1329 1045 8,
1350 996 1476 1034 vers.
1498 979 1602 1042 18.)

207 1097 344 1167 Quod
362 1097 415 1154 in
438 1110 657 1153 carmen
679 1096 881 1162 Acron,
905 1097 1020 1151 sive
1041 1095 1218 1165 quivis
1243 1092 1361 1162 ejus
1388 1089 1605 1146 nomine
1624 1086 1785 1150 alius,

207 1191 464 1248 annotavit
504 1191 822 1246 caliendrum
848 1190 973 1251 dici,
1006 1189 1119 1243 sive
1167 1188 1547 1240 ornamentum
1592 1180 1788 1252 capitis

204 1287 496 1351 mulierum,
518 1296 627 1357 quo
650 1285 715 1340 ad
747 1283 1087 1341 cxornandos
1116 1282 1294 1338 crines
1322 1279 1646 1341 utebantur;
1675 1276 1789 1330 sive

203 1380 561 1451 supposititios
603 1381 817 1445 crines,
865 1394 1000 1449 quos
1042 1392 1141 1448 pro
1168 1371 1504 1429 naturalibus
1550 1368 1784 1439 accipie-

202 1473 333 1529 bant.
362 1472 732 1528 Tertullianus
755 1486 969 1541 quoque
998 1469 1101 1525 hoc
1131 1482 1328 1523 nomen
1358 1463 1659 1535 usurpavit,
1690 1460 1781 1517 ubi
1818 1476 1821 1479 '

199 1566 248 1622 in
274 1566 517 1621 mulieres
544 1564 821 1619 invehitur
849 1581 863 1617 :
894 1583 915 1615 ι
943 1565 1013 1617 At
1033 1575 1177 1616 nunc
1201 1560 1255 1614 in
1282 1558 1603 1629 s‘cmetipsas
1628 1555 1778 1609 leno:

199 1659 433 1724 cinaedo,
475 1673 584 1727 quo
610 1657 822 1729 planius
850 1657 1134 1719 adeantur,
1167 1663 1223 1710 et
1260 1652 1479 1712 stolam.
1510 1661 1563 1705 et
1592 1646 1781 1719 lappa-

196 1768 319 1817 ruru,
350 1762 403 1807 et
425 1750 781 1822 crepidulam,
806 1758 859 1806 et
877 1749 1231 1815 caliendrum,
1254 1748 1399 1818 ipsas
1427 1750 1643 1815 quoque
1662 1746 1777 1813 jam

1893 515 1990 570 has
2017 530 2206 572 omnes
2236 517 2558 573 cerimonias
2587 516 2896 588 signiﬁcari.
2922 517 3285 574 Tertullianus
3305 530 3483 573 autem

1893 608 1981 663 ubi
2011 608 2270 664 adversus
2300 610 2596 665 catholicos
2642 625 2739 682 pro
2783 623 3003 665 suorum
3041 609 3483 666 Montanistarum

1885 700 2104 772 jejuniis
2148 700 2382 772 disputat
2427 722 2439 758 :
2490 721 2507 754 ι
2534 701 2641 758 Sed
2686 703 2845 769 bene,
2878 723 2897 754 ι
2933 703 3135 772 inquit,
3193 721 3214 755 s
3244 701 3387 773 quod
3431 702 3486 757 in

1890 800 2093 851 nostris
2125 795 2484 868 Xerophagiis
2513 797 2878 867 blasphemias
2900 797 3173 868 ingerens,
3203 796 3368 852 Casto
3393 794 3491 851 lsi-

1891 891 1975 946 dis
2005 899 2057 945 et
2098 888 2327 963 Cybeles
2372 890 2625 961 adsequas
2662 907 2682 942 ι
2732 889 2995 964 (Tertull.,
3039 886 3130 944 lib.
3175 890 3237 944 de
3279 888 3487 962 Jejun.,

1891 1000 2007 1052 cap.
2039 984 2151 1056 16).
2177 983 2232 1039 Si
2256 985 2377 1054 quis
2397 1000 2526 1039 vero
2546 984 2707 1038 alium
2734 998 2833 1055 pro
2862 982 3140 1038 catholicis
3166 991 3348 1037 contra
3378 982 3491 1036 hm-

1867 1078 2091 1136 .reticos
2134 1089 2386 1146 agentem
2418 1075 2610 1129 audire
2658 1076 2826 1140 malit,
2863 1092 2929 1129 en
2960 1084 3161 1145 praesto
3188 1085 3270 1129 est
3303 1074 3493 1129 Hiero-

1891 1184 2119 1241 nymus,
2159 1170 2249 1240 qui
2294 1167 2553 1223 adversus
2598 1166 2867 1223 .loviniani
2916 1180 3129 1221 errores
3166 1166 3489 1238 pugnando,

1888 1262 2007 1319 haec
2052 1263 2322 1318 scribebat
2350 1281 2363 1316 :
2398 1280 2417 1313 ι
2460 1261 2534 1314 De
2565 1260 2806 1315 ciborum
2834 1258 2936 1313 sibi
2970 1258 3184 1328 placent
3210 1259 3487 1313 ahStiuen-

1890 1358 1984 1423 tia,
2014 1356 2165 1428 quasi
2194 1372 2297 1410 non
2327 1365 2382 1410 et
2408 1353 2722 1424 superstitio
2748 1353 3031 1423 gentilium
3060 1362 3264 1406 castum
3297 1352 3485 1406 matris

1887 1447 2046 1504 deum
2089 1448 2359 1513 observet,
2383 1457 2435 1501 et
2455 1444 2685 1500 Osiridis
2713 1462 2730 1497 ι
2757 1440 3113 1515 (Hieronym.,
3139 1443 3255 1497 adv.
3282 1441 3486 1510 Jovin.,

1888 1542 1979 1597 lib.
2009 1556 2067 1606 ιι,
2096 1557 2215 1612 pag.
2246 1539 2363 1610 91).
2394 1539 2592 1593 Postea
2641 1551 2769 1591 vero
2805 1537 3015 1607 planius
3054 1552 3116 1590 ac
3164 1536 3382 1606 prepius
3421 1536 3489 1591 ad

1886 1633 2114 1689 Arnobii
2161 1632 2331 1687 nostri
2372 1640 2611 1686 mentem
2640 1648 2653 1682 :
2689 1648 2705 1681 ι
2739 1626 3057 1697 Quomodo,
3092 1628 3298 1699 inquit,
3328 1628 3491 1698 virgi-

1884 1726 2042 1781 nitati
2071 1730 2212 1780 verae
2240 1739 2347 1779 non
2374 1720 2693 1793 praejudicat
2723 1720 2951 1774 imitatio
2973 1719 3239 1789 virginum
3264 1717 3488 1782 diaboli,

199 1798 417 1911 lecticas,
443 1854 500 1900 et
525 1798 691 1899 ;ellas
718 1798 868 1912 «lueis
893 1842 945 1896 iu
970 1841 1188 1911 publico
1213 1798 1776 1909 quruqite‘domest'ice,
1811 1836 1858 1899 Β
1886 1822 1958 1876 ila
1988 1832 2089 1874 nec
2132 1819 2274 1912 Yel'is
2297 1818 2541 1912 Αᾷθὶυιιίίξ
2586 1823 2791 1869 εδεῑιιῐη
2841 1813 3091 1912 minim
3135 1810 3401 1912 Cybele?)
3435 1798 3490 1866 ei

198 1951 254 1992 ac
299 1946 506 1992 secrete
558 1936 919 2001 habebantur,
952 1934 1233 2003 ejeravere
1269 1950 1288 1984 ι
1322 1928 1598 2003 (Tertull.,
1630 1929 1668 1983 l.
1725 1928 1787 1980 de

202 2029 383 2098 Pallio,
415 2048 464 2085 c.
495 2031 550 2099 4,
585 2047 637 2099 p.
671 2030 824 2098 156).

263 2142 280 2176 ι
301 2122 606 2178 Canacheni
635 2122 882 2177 obserata
899 2118 1199 2191 pandentes
1219 2113 1561 2172 remedorum
1584 2112 1782 2169 obscu-

1887 1910 2240 1983 quor’umdam
2263 1909 2506 1964 ciborum
2530 1908 2582 1961 in
2605 1914 2867 1961 aeternum
2886 1904 3235 1971 abstinentia,
3256 1903 3489 1959 maxime

1886 2018 2012 2059 cum
2041 2002 2179 2073 apud
2211 2002 2333 2057 illos
2359 1999 2623 2072 jejunium
2654 1999 2831 2070 panis,
2862 1997 3046 2067 sagina
3074 1997 3316 2051 carnium
3344 2006 3491 2051 c'om-

1883 2105 2201 2169 pesceretur
2231 2110 2250 2147 ι
2289 2093 2474 2163 (Ibid,
2505 2108 2625 2164 pag.
2656 2090 2806 2165 101).
2838 2089 3029 2146 Nonne
3054 2090 3199 2144 enim
3233 2086 3366 2143 illud
3403 2092 3486 2161 je-

202 2217 336 2274 ritate
382 2238 400 2269 ι
451 2216 698 2288 (Arnob.,
732 2216 769 2269 l.
801 2230 875 2277 γι,
994 2211 1142 2282 108).
1175 2210 1353 2266 Verba
1384 2216 1511 2263 sunt
1549 2206 1782 2262 auctoris

1894 2193 2087 2260 iunium
2116 2192 2286 2260 panis,
2311 2186 2451 2244 idem
2477 2197 2561 2243 est
2586 2197 2748 2257 atque
2781 2194 3109 2255 temperatus,
3134 2194 3194 2239 ut
3215 2182 3490 2239 Arnobius

200 2310 368 2375 nostri,
396 2322 518 2379 quae
548 2306 792 2377 pluribus
819 2306 982 2377 plane
1003 2311 1258 2373 corrupta
1287 2316 1409 2356 esse
1439 2299 1576 2353 haud
1601 2299 1784 2353 imme-

196 2405 285 2459 rito
309 2403 581 2457 videntur.
615 2400 844 2468 Quidam
860 2397 1055 2469 “itaque
1080 2412 1180 2467 pro
1204 2395 1544 2458 remedorum,
1576 2390 1784 2453 reSIitui

197 2498 363 2553 volunt
407 2495 755 2561 tenebrarum,
787 2490 881 2549 sed
915 2506 1016 2564 qua
1061 2490 1419 2547 auctoritate?
1452 2486 1529 2543 De
1569 2486 1784 2542 nomine

195 2599 351 2645 autem
382 2586 683 2644 Canaclteni
728 2587 1079 2658 quierendum
1126 2583 1356 2653 amplius
1387 2589 1633 2637 censent.
1676 2574 1781 2634 Sed

193 2681 273 2737 ubi
299 2679 346 2736 id
375 2679 755 2752 quaerendum,
799 2680 902 2733 nisi
948 2678 1085 2731 alius
1117 2674 1360 2730 melioris
1388 2683 1530 2727 nuta:
1557 2678 1612 2726 et
1642 2670 1781 2724 iule-

193 2775 321 2845 grior
356 2772 762 2842 manuscriptus
798 2768 969 2824 codex
1016 2766 1317 2822 habeatur?
1364 2764 1431 2818 At
1472 2771 1620 2817 certe
1652 2758 1782 2815 nulli

194 2866 459 2921 obscurum
497 2881 625 2921 esse
666 2872 847 2935 potest
878 2861 1177 2917 Arnobium
1221 2856 1369 2929 loqui
1405 2856 1473 2912 de
1505 2855 1783 2911 nocturnis

193 2959 554 3031 praedonibus,
606 2960 694 3029 qui
742 2957 965 3011 deorum
1014 2954 1303 3009 simulacra
1359 2961 1451 3006 aut
1505 2950 1775 3021 spoliave-

193 3065 318 3122 rant,
346 3063 437 3109 aut
466 3070 535 3110 ex
566 3051 781 3124 templis
825 3046 1182 3106 abstulerant.
1218 3048 1300 3104 An
1343 3055 1523 3102 autem
1554 3058 1648 3100 eos
1678 3040 1779 3100 de.

195 3149 375 3218 signet,
409 3149 501 3220 qui
536 3147 743 3218 magica
781 3152 899 3200 arte
923 3143 976 3198 id
1007 3142 1279 3207 facerent,
1308 3139 1537 3197 aliorum
1573 3138 1777 3209 judicio

194 3241 556 3311 permittimus.

254 3333 629 3388 Chantharulus
658 3329 726 3385 ab
760 3328 1000 3385 Arnobio
1038 3326 1233 3382 dicitur
1263 3318 1451 3398 (ibid.,
1478 3338 1614 3396 ,pag.
1641 3320 1777 3394 209)

195 3438 396 3496 parvum
425 3440 520 3480 vas
550 3424 820 3496 potorium
846 3465 862 3488 ,
892 3436 1013 3475 cum
1052 3434 1160 3489 quo
1190 3415 1433 3473 Bacchus
1461 3413 1609 3486 pingi
1639 3413 1779 3469 sole-

196 3519 291 3575 bat.
321 3522 524 3577 Paucas
554 3521 699 3575 enim
728 3527 854 3572 ante
881 3516 1052 3571 lineas
1074 3513 1365 3581 scripserat
1393 3529 1405 3564 :
1438 3528 1456 3560 σ
1486 3506 1543 3563 ιιι
1573 3506 1776 3574 Liberi,

195 3627 278 3671 seu
299 3614 511 3684 Bacchi,
538 3615 762 3671 dextera
793 3610 1037 3684 pendens
1060 3609 1264 3679 potoris
1294 3604 1644 3661 cantharum
1677 3601 1780 3656 lia-

194 3709 376 3764 tionem
407 3711 450 3764 si
483 3721 697 3780 quaeras
717 3748 731 3772 ,
769 3705 909 3759 hanc
955 3701 1052 3757 tibi
1088 3700 1333 3755 Valerius
1362 3694 1622 3753 Maximus
1649 3708 1777 3766 sug-

194 3812 346 3873 geret.
379 3822 398 3855 ‹
427 3803 594 3858 Liber
622 3808 776 3872 pater
808 3814 873 3854 ex
906 3794 1033 3852 Asia
1064 3790 1270 3850 ducens
1299 3790 1651 3861 triumphum,
1678 3790 1779 3846 hoc

195 3909 309 3951 usus
346 3896 523 3967 poculi
569 3904 769 3965 genere
808 3890 1082 3947 ferebatur
1113 3906 1132 3939 ι
1188 3883 1339 3958 (Val.
1385 3882 1557 3949 Mam,
1588 3884 1677 3939 lib.
1710 3898 1775 3950 ιι,

195 4002 298 4058 cap.
327 3988 380 4056 ti,
406 3984 433 4061 ς
463 3987 544 4059 7).
576 3985 744 4055 Cujus
768 3982 1040 4050 exemplo,
1069 3979 1147 4034 uti
1178 3978 1269 4033 ille
1297 3986 1351 4032 et
1379 3975 1585 4031 Plinius
1611 3991 1781 4030 anuo-

196 4087 358 4135 tarunt
380 4080 576 4153 (Plin.,
603 4079 691 4133 lib.
716 4091 885 4132 xxxiii
911 4071 1049 4127 Hist.
1090 4080 1223 4131 nat.,
1249 4086 1367 4138 cap.
1392 4068 1482 4133 11,
1514 4080 1635 4140 pag.
1659 4066 1776 4141 75),

196 4172 252 4228 C.
278 4175 464 4230 Marius
488 4183 610 4245 post
638 4171 922 4227 victoriam
958 4166 1297 4239 Cymbricam
1325 4163 1601 4219 cantharis
1631 4170 1777 4217 sem-

196 4280 284 4336 per
310 4268 534 4338 potavit.

259 4360 431 4430 Capite
472 4360 613 4415 censi
658 4356 909 4429 appellati
957 4363 1116 4417 sunt,
1162 4351 1365 4422 inquit,
1414 4360 1535 4420 post
1580 4349 1779 4405 Julium

198 4450 436 4519 Paulum,
474 4455 538 4507 Α.
569 4450 811 4516 Gellius,
842 4449 931 4519 qui
966 4447 1112 4501 nullo
1134 4489 1148 4510 ,
1190 4454 1285 4500 aut
1325 4454 1585 4514 perquam
1617 4452 1782 4512 parvo

199 4559 294 4601 tere
338 4548 731 4609 censebantur,
781 4558 844 4597 ac
892 4556 1113 4611 parvum
1159 4548 1252 4594 aut
1298 4538 1509 4593 nullum
1550 4537 1780 4609 vectigal

1888 2286 2043 2351 dixit,
2076 2285 2139 2339 ab
2174 2282 2418 2337 alimonio
2444 2281 2635 2353 punis?

1958 2378 2172 2434 Cimices
2199 2377 2477 2433 vermiculi
2507 2385 2634 2431 sunt
2665 2372 2836 2431 Γωιὶἁὶ
2868 2390 2933 2429 ex
2963 2372 3108 2446 ligno
3127 2415 3141 2437 ,
3176 2371 3401 2442 chartis,
3433 2380 3488 2429 et

1888 2472 2060 2544 paleis
2090 2478 2395 2527 nascentes.
2430 2470 2663 2525 Isidorus
2696 2472 2825 2524 vero
2855 2488 2869 2524 :
2905 2488 2924 2521 ‹
2963 2469 3183 2536 Cimex,
3225 2489 3244 2520 ι
3280 2456 3487 2540 inquit,

1895 2584 1913 2616 ι
1951 2565 2019 2620 de
2048 2563 2400 2619 similitudine
2427 2558 2707 2634 cujusdam
2736 2561 2918 2616 herbae
2947 2572 3192 2627 vocatur,
3219 2561 3375 2631 cujus
3397 2560 3488 2616 foe.

1889 2668 2061 2714 torem
2086 2657 2247 2712 habet
2278 2675 2298 2708 ι
2323 2655 2568 2729 (Arnob.,
2593 2654 2680 2709 lib.
2705 2671 2764 2722 ιι,
2788 2672 2905 2727 pag.
2930 2655 3021 2721 75;
3045 2652 3262 2721 Isidotx,
3297 2652 3386 2709 lib.
3407 2670 3481 2709 xu

1891 2750 2063 2823 Orig”
2095 2767 2211 2820 cap.
2244 2748 2322 2822 5).

1964 2863 1982 2896 ι
2014 2843 2253 2911 Cinnam,
2286 2863 2305 2895 ι
2340 2844 2414 2899 ait
2453 2852 2642 2898 auctor
2685 2851 2899 2909 noster,
2950 2862 2968 2894 ι
3003 2857 3295 2915 cyceonem
3326 2858 3485 2914 quem

1888 2946 2163 3008 nuncupat
2186 2938 2415 3003 tinacia,
2436 2937 2644 3009 oggerit
2677 2958 2696 2990 ι
2726 2937 2963 3008 (Arnob.,
2990 2937 3077 2993 lib.
3104 2953 3159 3006 v,
3188 2955 3309 3009 pag.
3336 2938 3485 3008 174).

1887 3031 2013 3087 Htee
2055 3040 2233 3085 autem
2266 3031 2355 3086 ille
2394 3040 2449 3086 et
2477 3031 2625 3100 plura
2663 3032 2767 3085 alia
2788 3072 2802 3097 ,
2842 3046 2963 3100 qua:
2995 3030 3065 3086 ibi
3094 3016 3163 3086 de
3193 3030 3486 3086 Eleusiniis

1886 3126 2166 3196 mysteriis
2193 3134 2393 3190 narrat,
2423 3136 2490 3180 ex
2519 3124 2798 3180 Clemente
2825 3122 3212 3189 Alexandrino,
3238 3133 3295 3177 ιιι
3325 3139 3487 3194 supra

1810 3232 1855 3298 ρ
1888 3218 2227 3285 notavimus,
2275 3226 2548 3271 mutuatus
2587 3227 2690 3272 est.
2732 3217 2921 3272 Graece
2967 3216 3108 3270 enim
3172 3212 3363 3279 doctus
3408 3216 3489 3271 vir

1883 3313 2177 3381 scripserat
2203 3329 2217 3365 :
2251 3310 2389 3367 ἔπιον
2417 3312 2500 3367 τὸν
2528 3319 2768 3378 κυκεῶνα,
2799 3308 2913 3365 Bibi
2959 3325 3247 3382 cyceonem.
3281 3310 3486 3364 Cinnus

1883 3413 2085 3472 autem,
2117 3413 2254 3459 teste
2283 3403 2454 3458 Nonio
2485 3386 2756 3468 ilarcello,
2791 3404 3027 3474 potionis
3052 3416 3221 3471 genus
3252 3411 3386 3468 erat,
3415 3414 3483 3456 ex

1882 3498 2066 3553 multis
2088 3497 2388 3567 liquoribus
2409 3499 2716 3553 confectum
2748 3497 3001 3568 (Clemens
3028 3495 3308 3550 Alexandr.
3331 3537 3344 3561 ,
3374 3495 3484 3549 Ad-

1882 3591 2062 3645 monil.
2090 3592 2158 3642 ad
2187 3601 2348 3661 genl.,
2389 3606 2508 3660 pag.
2538 3588 2627 3655 15;
2662 3586 2807 3643 Non.
2837 3586 3103 3654 Marcell.,
3132 3587 3193 3640 de
3220 3584 3479 3659 PrOpriet.

1882 3685 2043 3751 verb.,
2070 3701 2188 3755 cap.
2212 3685 2239 3740 1
2269 3695 2315 3739 et
2335 3684 2411 3756 6).
2438 3683 2669 3739 Monitos
2690 3694 2854 3753 porro
2876 3697 2976 3737 nos
3003 3681 3092 3735 ille
3118 3679 3245 3736 facit
3269 3694 3329 3737 ea
3352 3696 3486 3736 voce

1883 3792 2041 3833 usum
2091 3792 2212 3835 esse
2256 3776 2597 3833 Ciceronem.
2652 3774 2864 3831 Videsis
2900 3772 3248 3841 Turnebum,
3283 3774 3355 3828 lib
3410 3789 3484 3828 xu

1875 3873 2174 3929 adversar.
2195 3914 2210 3939 ,
2237 3886 2359 3942 cap.
2389 3870 2444 3926 8.

1956 3966 2171 4021 Classici
2209 3964 2618 4035 appellabantur
2655 3964 2802 4019 cives
2838 3963 3064 4019 Romani
3123 3967 3211 4035 qui
3262 3962 3479 4036 quidem

1884 4060 2061 4115 varias
2106 4059 2159 4112 in
2189 4058 2393 4113 classes
2422 4056 2692 4128 quomodo
2722 4052 2992 4113 distributi
3024 4057 3252 4125 fuerint,
3299 4050 3482 4114 Livius

1884 4160 1939 4211 et
1988 4151 2273 4223 Dionysius
2329 4150 2770 4207 Halicarnasseus
2822 4150 3162 4222 descripsere
3211 4144 3484 4223 (Arnob.,

1885 4248 1974 4303 lib.
2001 4263 2057 4314 ιι,
2088 4262 2208 4317 pag.
2242 4245 2335 4312 63;
2366 4244 2501 4313 Liv.,
2539 4243 2628 4300 lib.
2662 4260 2718 4310 ιι,
2752 4260 2865 4317 cap.
2891 4245 2981 4310 45,
3012 4244 3229 4316 Dionys.
3284 4242 3493 4312 Halic.,

1886 4341 1975 4395 lib.
1999 4350 2073 4404 tv,
2098 4354 2217 4410 pag.
2248 4337 2348 4392 221
2377 4345 2424 4393 et
2449 4335 2636 4409 seqq.).
2664 4330 2933 4409 Singulari
2957 4346 3135 4394 tamen
3156 4338 3481 4409 signiﬁcatu,

1886 4441 1945 4487 ut
1975 4431 2162 4486 refert.
2185 4432 2252 4486 A.
2284 4429 2512 4495 Gellius,
2545 4429 2759 4486 classici
2795 4426 3125 4486 vocabantur
3151 4431 3337 4502 primas
3367 4443 3484 4489 tan-

1889 4536 1999 4582 tum
2030 4526 2220 4583 classis
2248 4525 2531 4592 homines,
2565 4526 2656 4597 qui
2683 4536 2897 4581 centum
2928 4537 2982 4581 et
3023 4528 3205 4598 viginti
3251 4524 3484 4599 quinque

198 4638 486 4707 pendebant
533 4639 750 4712 (Arnob.
774 4679 787 4703 ,
820 4610 910 4689 lib.
968 4650 1025 4700 ιι,
1064 4650 1187 4703 pag.
1218 4632 1321 4696 63;
1358 4629 1515 4697 Gell.,
1552 4630 1642 4685 lib.
1672 4645 1780 4696 xvi,
1810 4610 1863 4690 ﬁ
1889 4624 2055 4679 millia
2071 4623 2195 4678 wris
2217 4622 2516 4712 ampliusve
2536 4621 2683 4677 censi
2703 4628 2859 4677 erant
2880 4621 3065 4690 (Gell.,
3091 4622 3180 4677 lib.
3202 4639 3274 4678 vn
3325 4622 3481 4677 Noct.

201 4727 347 4787 Noct.
375 4733 554 4800 Attia,
585 4748 705 4803 cap.
737 4730 846 4797 10).

262 4822 438 4879 Castus
460 4823 719 4894 peculiari
740 4836 904 4876 sensu
922 4820 989 4873 ab
1005 4816 1245 4874 Arnobio
1262 4815 1520 4886 accipitur
1540 4815 1752 4886 (Arnob.
1765 4857 1781 4881 ,

203 4914 281 4970 lib.
306 4933 361 4984 v,
393 4934 513 4988 pag.
545 4915 699 4983 167),
724 4915 811 4968 ubi
838 4912 1025 4967 matris
1049 4912 1207 4966 deum
1238 4924 1332 4965 seu
1358 4908 1612 4981 Cybeles,
1639 4923 1783 4981 mys-

202 5010 324 5064 teria
364 5002 510 5065 hunc
552 5007 791 5077 exagitat
834 5005 887 5059 in
933 4992 1147 5057 modum
1184 5022 1198 5055 :
1234 5021 1254 5053 ι
1289 5001 1426 5067 Quid
1459 5011 1783 5069 temperatus

205 5098 266 5152 ab
296 5101 545 5155 alimonio
575 5099 727 5170 panis
749 5141 763 5162 ,
796 5097 882 5152 cui
912 5098 987 5150 rei
1016 5093 1246 5150 dedistis
1278 5108 1472 5148 nomen
1518 5102 1718 5147 castus.
1761 5112 1779 5144 ι

206 5192 344 5260 Quod
368 5196 582 5266 quidem
608 5204 665 5248 ut
687 5192 1038 5261 intelligatur,
1063 5205 1127 5244 ex
1153 5189 1402 5259 Apuleio,
1423 5186 1782 5251 Tcrtulliano,

205 5284 518 5361 Hieronymo
545 5297 605 5343 et
629 5276 771 5352 aliis,
812 5270 1350 5340 animadvertendum
1381 5290 1484 5345 est,
1515 5282 1567 5335 iu
1595 5281 1783 5335 horum

210 5380 571 5449 mySteriurum
600 5378 967 5434 celebratione
993 5372 1334 5432 observatam
1365 5372 1560 5441 fuisse,
1593 5383 1789 5444 praeter

211 5472 331 5528 alios
378 5473 558 5542 plures
602 5472 1010 5543 superSIitiosos
1065 5470 1243 5533 ritus,
1294 5468 1540 5523 ciborum
1595 5467 1786 5522 saltem

213 5569 557 5623 communium
606 5567 986 5623 abstinentiam
1035 5563 1267 5634 (Apul.,
1317 5560 1404 5616 lib.
1440 5574 1506 5640 δι
1550 5558 1786 5622 Melana.

214 5675 326 5730 pag.
352 5661 457 5717 206
483 5672 529 5716 et
556 5662 684 5727 209;
715 5660 959 5727 Tertull.,
988 5659 1077 5714 lib.
1108 5658 1171 5712 de
1198 5656 1402 5726 Jejun.,
1430 5671 1546 5725 cap.
1576 5656 1629 5724 2;
1666 5644 1789 5707 Hie-

216 5769 427 5826 τωρωι,
450 5758 590 5823 epist.
615 5758 647 5812 7
670 5755 738 5810 ad
765 5754 980 5821 Lmtam,
1006 5766 1126 5825 pag.
1157 5751 1246 5818 59,
1280 5759 1329 5804 el
1362 5749 1449 5805 lib.
1482 5764 1522 5804 ιι
1573 5747 1786 5803 Adverti.

222 5843 351 5916 1ου.,
382 5865 499 5920 pag.
537 5847 649 5920 98).
682 5851 752 5905 At
781 5847 1017 5920 quidam,
1053 5847 1126 5902 uti
1157 5843 1436 5901 Martinius
1461 5852 1515 5899 et
1538 5839 1783 5909 “Seius,

1890 4724 2068 4789 Attia,
2099 4738 2216 4792 cap.
2237 4712 2353 4792 1'5).
2378 4706 2447 4773 At
2473 4734 2540 4774 eo
2566 4719 2870 4790 signiﬁcatu
2894 4719 2998 4774 hoc
3021 4735 3213 4774 nomen
3244 4720 3485 4775 classicus

1888 4808 1957 4869 ab
1985 4813 2225 4868 Arnobio
2252 4810 2505 4879 sumitur,
2539 4811 2583 4865 si
2616 4813 2823 4882 integer
2853 4821 2907 4866 et
2938 4810 3280 4879 incorrUplus
3311 4812 3381 4866 'sit
3408 4812 3482 4866 ibi

1888 4908 2031 4963 illius
2059 4914 2271 4966 textus.
2313 4904 2401 4961 ubi
2440 4902 2593 4975 plura
2635 4904 2861 4975 turpiter
2907 4902 3102 4960 foedata
3136 4904 3298 4959 fuisse
3326 4920 3485 4959 nemo

1894 4999 2113 5057 diffiteri
2140 5000 2335 5070 potest.
2367 4996 2441 5055 De
2469 4997 2658 5055 iisdem
2683 5008 2859 5053 autem
2890 4998 3255 5053 [tertianorum
3290 4998 3484 5053 civium

1895 5095 2157 5150 classibus
2185 5090 2458 5148 Arnobius
2488 5090 2603 5164 (lib.
2631 5108 2689 5155 ιι,
2720 5109 2839 5163 pag.
2869 5090 2996 5162 91),
3022 5092 3095 5146 uti
3124 5091 3371 5161 superius
3406 5092 3486 5147 vi-

1895 5187 2094 5252 dimus,
2126 5186 2341 5241 locutus
2366 5192 2521 5240 antea
2556 5184 2748 5239 fuerat.
2773 5187 2840 5239 At
2871 5186 2938 5240 de
2968 5184 3050 5238 his
3073 5191 3332 5254 przcterca
3357 5199 3486 5239 con-

1893 5280 2073 5336 sulere
2119 5279 2359 5348 poteris,
2407 5281 2474 5333 Α.
2523 5276 2793 5345 Gellium,
2842 5274 2937 5332 lib.
2985 5293 3015 5331 κ
3081 5275 3237 5332 Noct.
3280 5278 3481 5347 Attic.,

1893 5386 2017 5444 cap.
2043 5372 2136 5440 28,
2164 5379 2218 5428 et
2244 5370 2505 5442 Lipsium,
2531 5371 2626 5426 lib.
2663 5388 2677 5425 ι
2704 5370 2771 5426 de
2797 5369 2946 5424 Miltt.
2974 5362 3158 5437 Rom.,
3192 5368 3395 5443 Uialog.
3424 5369 3482 5437 2,

1894 5476 2025 5523 tom.
2052 5483 2129 5534 ιιι,
2160 5480 2279 5537 pag.
2313 5462 2398 5521 15.

1966 5558 2225 5626 Crateraz,
2273 5559 2318 5613 si
2348 5556 2522 5612 Nonio
2550 5556 2803 5612 Marcello
2827 5554 3157 5624 credideris,
3196 5570 3323 5610 vasa
3364 5544 3488 5612 sunt

1893 5654 2036 5721 vini;
2069 5664 2310 5709 crateres
2338 5660 2469 5707 Vero
2501 5665 2628 5705 vasa
2659 5649 2894 5717 olearia;
2943 5664 3006 5705 ac
3055 5656 3339 5720 utrumque
3370 5647 3487 5704 Vir-

1895 5748 2006 5819 gilii
2037 5747 2363 5804 auCtoritate
2388 5744 2623 5819 probare
2647 5743 2836 5802 nititur
2857 5742 3044 5816 (lbid.,
3068 5760 3185 5816 pag.
3226 5744 3314 5811 56;
3342 5741 3485 5798 Mar-

1894 5841 2005 5896 cell.
2019 5883 2032 5908 ,
2067 5842 2179 5910 cap.
2214 5836 2323 5905 19).
