3878 6312
506 312 616 372 699

1779 307 2237 373 DISSERTATIO
2274 311 2558 373 PREVIA
3168 328 3177 339 ‘
3646 319 3723 375 700

507 444 625 487 rum
646 447 666 487 ι
686 428 927 502 (Arnob.,
952 430 1041 487 lib.
1063 446 1119 495 ιι,
1144 447 1264 503 pag.
1287 430 1389 497 56;
1410 430 1628 499 Isidem,
1647 431 1735 486 lib.
1758 428 2098 501 xtx'Origin.,
2128 423 2183 485 Α
2207 427 2380 500 Atque
2408 429 2517 485 alio
2544 431 2600 485 in
2624 430 2803 487 libro:

506 540 625 593 cap.
656 522 778 595 2i).
817 524 1095 595 Frequens
1121 536 1300 582 autem
1339 525 1478 596 apud
1508 526 1714 591 varios,
1744 541 1808 581 ac
1835 526 2103 596 praecipue

510 619 577 677 de
607 635 669 675 re
693 620 943 676 vestiaria
972 621 1297 689 scriptores.
1332 620 1492 690 ltnjus
1518 620 1752 677 nominis
1778 635 1926 676 usus.

578 713 758 779 Laena.
788 715 863 771 uti
889 715 1273 773 animadvertit
1296 714 1488 782 Varro,
1510 715 1647 788 quod
1673 716 1737 771 de
1769 717 1891 771 lana
1916 716 2101 779 multa;

508 807 727 862 duarum
754 809 888 862 enim
917 818 1157 879 togarum
1180 809 1373 885 instar:
1402 818 1459 863 ut
1482 809 1894 879 antiquissimum
1920 808 2102 862 mulie-

506 920 620 958 rum
646 903 915 970 ririnium,
944 905 1020 961 sic
1050 906 1144 959 hoc
1168 904 1361 972 duplex
1384 905 1610 958 virorum
1640 902 1884 976 (Arnob.,
1911 902 2002 957 lib.
2031 918 2069 957 tt
2087 944 2101 965 ,

509 1014 633 1069 pag.
673 997 743 1053 56
773 1007 819 1053 et
850 997 949 1060 59;
988 997 1162 1062 ναι-ι’..
1195 998 1282 1055 lib.
1318 1015 1366 1052 vi
1400 999 1465 1052 de
1495 997 1644 1069 Ling.
1678 998 1798 1063 lat.,
1836 1014 1955 1069 pag.
1990 1000 2099 1059 ὗες

512 1089 698 1146 Festus
722 1130 740 1158 ,
771 1090 846 1147 ad
874 1091 1010 1146 verb.
1043 1092 1262 1163 Lamia).
1294 1090 1465 1149 Addit
1491 1091 1689 1147 Festus
1717 1106 1747 1144 ιι
1779 1090 2101 1160 quibusdam

508 1182 768 1239 traditum
811 1199 931 1239 eam
974 1186 1053 1239 sic
1101 1193 1283 1251 tusce,
1315 1185 1463 1240 etab
1499 1184 1622 1239 aliis
1660 1198 1839 1251 grmce
1885 1186 2104 1256 χλαῖναν

509 1275 858 1345 appellatam.
902 1274 970 1333 A.
1013 1274 1189 1331 Nonio
1215 1286 1399 1333 autem
1430 1274 1631 1331 dicitur
1659 1290 1781 1331 esse
1813 1274 2099 1331 vestimen-

511 1374 622 1421 tum
656 1367 924 1435 militare,
968 1368 1109 1438 quod
1152 1384 1318 1436 supra
1344 1379 1540 1424 caetera
1570 1368 1751 1423 omnia
1784 1368 2107 1425 induebatur

510 1459 770 1531 (Nonius,
790 1478 907 1529 cap.
932 1462 999 1519 15
1016 1460 1056 1533 ).
1088 1465 1265 1533 Atque
1294 1463 1346 1518 in
1377 1463 1648 1533 opinionis
1672 1476 1787 1518 Sua:
1812 1465 2104 1519 conﬁrma-

512 1555 715 1613 tionem
741 1556 811 1612 ab
838 1556 934 1612 illo
965 1556 1081 1614 haec
1108 1557 1299 1628 Virgili
1341 1559 1584 1613 carmina
1613 1558 1886 1613 citantur:

1006 1672 1252 1738 Tyrioque
1275 1673 1480 1724 ardebat
1501 1674 1690 1724 murice
1712 1673 1858 1730 lena,

604 1733 827 1785 Demissa
852 1748 915 1785 ex
942 1733 1177 1787 humeris.

993 1796 1011 1862 (
1024 1797 1219 1867 Virgil.,
1244 1797 1327 1850 lib.
1355 1815 1401 1851 tv
1428 1797 1635 1861 illeid”
1661 1811 1789 1850 vers.
1814 1794 1950 1859 262.)

511 1903 583 1959 At
601 1903 820 1960 Servius
844 1904 942 1959 hos
968 1906 1019 1961 in
1044 1921 1234 1962 versus
1256 1906 1434 1960 varias
1462 1904 1628 1961 refert
1653 1904 1720 1963 de
1747 1904 1886 1959 laena
1910 1912 1964 1959 et
1990 1902 2110 1973 ejus

511 1997 801 2053 inventore
845 1999 1176 2064 sententias,
1222 2005 1384 2067 atque
1415 1998 1484 2052 ab
1526 1997 1645 2054 aliis
1686 2008 1862 2067 togam
1897 1995 2108 2050 censeri

510 2088 782 2160 duplicem
807 2099 860 2145 et
894 2092 1147 2147 amictum
1171 2090 1507 2161 auguralem,
1544 2090 1598 2144 itt
1633 2106 1763 2160 quo,
1797 2098 1854 2143 ιιι
1889 2089 2112 2159 quibus-

512 2183 638 2239 dam
670 2185 905 2256 placuit,
938 2185 1183 2240 ﬂamines
1214 2183 1426 2238 infulati
1454 2182 1861 2249 sacriﬁcabant,
1896 2182 1963 2236 ab
1991 2180 2112 2235 aliis

513 2295 646 2335 vero
668 2280 774 2334 diri
799 2280 1056 2335 amictum
1085 2278 1395 2336 rotundum.
1422 2277 1582 2334 Plura
1613 2276 1666 2333 itt
1692 2277 1810 2347 ejus
1833 2291 2107 2332 commen-

514 2375 666 2430 tariis
694 2374 880 2444 legere
908 2375 1134 2446 poteris.

590 2470 834 2524 Laminas
857 2469 1169 2539 pertundunt
1188 2469 1391 2523 aurium
1409 2509 1422 2533 ,
1448 2468 1500 2523 id
1524 2475 1635 2532 est,
1661 2468 1799 2521 imas
1820 2465 2110 2528 auriculas,

518 2577 614 2618 seu
643 2562 952 2619 inferiorem
980 2577 1164 2617 earum
1194 2571 1399 2632 partem
1420 2603 1435 2624 .
1468 2568 1530 2616 ut
1556 2572 1795 2629 gemmas
1825 2558 1998 2612 aliave
2035 2554 2113 2608 eis

516 2655 823 2710 insererent
862 2654 1102 2729 (Arnob,
1144 2654 1231 2708 lib.
1263 2670 1329 2719 tt,
1374 2671 1493 2724 pag.
1524 2651 1652 2723 72).
1696 2650 1912 2706 Videsis
1938 2646 2113 2703 Vossii

514 2748 915 2819 etymOIOgicnn
944 2748 1011 2804 ad
1042 2761 1184 2804 vera.
1210 2746 1433 2803 Lamina
1468 2756 1515 2800 et
1542 2746 1730 2817 ligula.

514 2858 519 2895 δ
587 2839 867 2895 Lancicula
888 2839 1269 2897 diminutivum
1291 2840 1500 2897 videtur
1518 2840 1751 2895 nominis
1777 2839 1904 2893 lanx
1924 2834 2113 2910 (lbid.,

517 2947 636 3002 pag.
656 2930 792 3001 59),
824 2940 985 3002 atque
1012 2932 1214 2986 idcirco
1240 2931 1382 2986 idem
1410 2945 1533 2985 esse.
1560 2946 1621 2985 ac
1642 2945 1808 3000 parva
1834 2929 1981 2992 lanx,
2003 2926 2119 2981 sive

516 3025 693 3083 minus
716 3040 808 3078 vas
825 3025 1172 3093 escularium,
1195 3040 1301 3094 quo
1325 3040 1451 3083 caro
1477 3033 1639 3090 tosta,
1658 3025 1773 3078 sive
1795 3023 1939 3077 elixa
1964 3036 2116 3076 men-

517 3117 594 3173 sis
622 3117 973 3177 inferebatur.
1009 3119 1083 3176 De
1113 3121 1264 3175 lance
1293 3130 1471 3175 autem
1504 3120 1647 3174 canit
1677 3119 1938 3175 Plautus:

943 3234 999 3285 In
1021 3236 1247 3300 pOpinam
1264 3234 1608 3285 divortundum
1630 3234 1865 3300 est_mibi.

611 3295 801 3348 Lances
824 3295 1289 3411 deterga'm'omnes,
1310 3311 1585 3360 omnesque
1611 3295 1782 3347 trullas
1803 3297 2040 3346 hauriam.

909 3361 975 3411 lP
999 3366 1119 3411 aul..
1144 3360 1195 3411 in
1217 3358 1466 3411 Anmhut..
1493 3367 1590 3411 act.
1610 3375 1677 3411 tv.
1702 3371 1832 3409 scen.
1855 3356 1930 3411 5.)

909 3356 1119 3426 (Πρω,
1144 3360 1195 3411 in
1217 3358 1466 3426 Antphyt.,
1493 3356 1590 3411 act.
1610 3375 1677 3420 tv,
1702 3371 1832 3409 scen.
1855 3356 1930 3420 5.)

518 3467 691 3525 Varro
729 3478 910 3524 autem
954 3467 1044 3524 tibi
1082 3468 1151 3524 de
1178 3468 1323 3521 vasis
1351 3466 1605 3521 escariis:
1637 3485 1655 3519 ς
1685 3465 1946 3536 Magidam
1973 3484 1991 3515 ›
2026 3464 2110 3517 itt-

519 3561 666 3632 quit,
699 3570 791 3615 aut
823 3581 841 3614 ι
877 3560 1183 3631 langulam,
1216 3560 1444 3615 alteram
1476 3575 1506 3615 a
1537 3557 1943 3629 magnitudine,
1977 3556 2117 3615 alte-

520 3670 635 3710 ram
669 3656 738 3710 ab
794 3654 1078 3711 latitudine
1110 3653 1381 3711 finxerunt
1411 3674 1429 3705 ι
1460 3652 1670 3725 (Vana,
1704 3650 1793 3706 lib.
1826 3670 1840 3706 ι
1870 3651 1933 3705 de
1961 3649 2116 3721 Ling.

520 3750 639 3814 lat.,
681 3766 803 3821 pag.
856 3747 987 3823 50).
1023 3749 1184 3820 Atqui
1229 3748 1271 3802 si
1304 3747 1500 3802 Vossio
1540 3744 1873 3813 credideris,
1908 3744 2119 3815 langula

519 3842 673 3916 quasi
715 3844 929 3900 lancula
970 3843 1193 3898 dicitur.
1225 3841 1364 3897 Vide
1402 3859 1533 3915 ergo
1563 3852 1743 3897 utrum
1785 3841 1852 3895 ab
1881 3838 2122 3895 Arnobio

520 3936 785 4008 scriptum
812 3935 1019 3991 fuerint
1043 3935 1283 3997 lancula,
1309 3945 1401 3989 aut
1434 3935 1557 3990 inde
1581 3935 1718 3990 facta
1749 3935 1819 4013 sit
1845 3934 2120 3989 lancicula.

594 4030 769 4085 Laura
795 4046 972 4105 grtece
998 4031 1160 4109 λαῦρα
1179 4074 1194 4098 ,
1226 4041 1277 4087 et
1309 4029 1475 4085 latine
1504 4030 1657 4084 vicus
1678 4071 1692 4092 ,
1722 4040 1872 4084 recte
1899 4027 2120 4095 dicitur,

522 4134 581 4182 ut
608 4124 907 4182 Athenzeus
940 4134 1126 4179 monet
1148 4165 1163 4189 ,
1195 4138 1258 4179 ac
1288 4123 1421 4178 satis
1454 4122 1699 4195 probavit
1736 4120 2087 4177 Casaubonus
2108 4162 2122 4185 ,

521 4234 705 4290 quem,
749 4220 794 4272 si
830 4218 1001 4283 lubet,
1034 4217 1260 4273 consule
1291 4215 1550 4289 (Arnob.,
1585 4214 1673 4269 lib.
1705 4231 1798 4280 ιιι,
1830 4231 1950 4285 pag.
1986 4212 2122 4278 124;

523 4309 769 4377 Casaub.,
802 4312 856 4364 in
885 4312 1145 4378 Athena,
1188 4310 1277 4365 lib.
1309 4325 1418 4376 χιι,
1454 4326 1575 4379 cap.
1612 4307 1741 4378 10).

594 4406 873 4465 Lenocinio
914 4407 1130 4480 fulgoris
1170 4413 1415 4475 angustat
1442 4404 1652 4459 deorum
1681 4401 1959 4454 simulacra
1989 4407 2127 4452 exte-

524 4500 632 4554 rior
675 4500 907 4565 (renitas;
940 4501 1014 4557 ita
1062 4498 1301 4571 loquitur
1344 4496 1649 4562 Arnobius,
1690 4510 1756 4551 ac
1796 4493 2125 4549 lenocinium

2298 542 2425 612 Filia
2443 542 2642 612 [fiean
2663 547 2808 612 venio
2829 544 3071 598 Lucanica
3096 560 3270 612 parete.

2391 606 2613 658 Pultibus
2629 608 2741 659 hinc
2754 610 2916 661 niveis
2936 619 3076 671 grata
3096 606 3279 663 corona
3298 612 3452 667 datur.

2890 693 3085 758 (Μαι-1.,
3106 692 3191 746 lib.
3208 712 3276 759 ιιι,
3300 695 3450 763 epigr.
3466 701 3562 761 55.)

2204 794 2353 864 Quos
2400 797 2451 851 in
2497 812 2690 855 versus
2737 802 2983 856 nonnulli
3028 803 3319 858 observant
3359 805 3645 863 Lucanicae)
3679 826 3725 867 et

2205 888 2441 945 concisis
2487 892 2744 948 carnibus
2787 906 2998 963 porcae,
3052 895 3105 950 in
3156 912 3287 966 agro
3328 897 3555 954 Piscaano
3590 913 3725 965 astte,

2206 983 2345 1039 ﬁeri.
2389 985 2596 1043 Tullius
2634 1003 2800 1058 porro
2839 989 3058 1060 Papirio
3084 992 3306 1046 scribit:
3330 1009 3350 1045 ι
3373 992 3601 1050 Solebam
3621 1000 3726 1051 eiulat

2205 1088 2363 1134 antea
2392 1080 2649 1137 delectari
2679 1083 2834 1148 oleis,
2877 1094 2931 1138 et
2963 1084 3223 1141 lucanicis
3249 1087 3356 1141 tuis
3391 1105 3410 1139 ι
3444 1087 3640 1157 (Ciam
3663 1092 3724 1146 lib.

2206 1188 2293 1237 ιιι,
2325 1174 2541 1241 epistola
2575 1175 2671 1241 l6,
2704 1193 2823 1247 pag.
2858 1176 3020 1247 l02).

2279 1266 2541 1332 Mantele.
2575 1284 2669 1325 seu
2703 1270 3015 1327 manteliuin
3036 1308 3053 1335 ,
3083 1280 3139 1326 et
3164 1273 3413 1335 matttile,
3448 1289 3475 1328 a
3512 1276 3728 1347 tergendis

2207 1363 2457 1419 manibus
2481 1364 2685 1421 dictum
2702 1404 2718 1430 .
2746 1365 2906 1421 sicuti
2931 1366 3154 1423 Servius
3180 1376 3401 1423 annotat
3425 1367 3476 1423 in
3500 1368 3624 1426 hunc
3644 1370 3730 1425 Vir-

2209 1456 2320 1526 gilii
2352 1470 2598 1512 versum:

2704 1571 2979 1635 Tonsisque
2995 1571 3161 1623 ferant
3182 1574 3400 1624 nantilia
3418 1574 3552 1626 villis.

2696 1650 2927 1721 (Virgil.,
2952 1653 3034 1705 tib.
3056 1670 3073 1705 ι
3093 1655 3309 1717 nunc,
3330 1667 3454 1708 vers.
3477 1657 3600 1723 706.)

2214 1761 2386 1817 Varro
2424 1776 2639 1834 quoque
2675 1762 2919 1819 dixerat:
2951 1781 2970 1814 ι
2999 1762 3314 1819 Mantelium
3336 1807 3352 1830 ,
3379 1765 3523 1834 quasi
3550 1776 3736 1821 manule-

2215 1854 2373 1922 rium,
2400 1854 2487 1909 ubi
2531 1870 2719 1909 manus
2757 1864 3035 1925 terguntur
3071 1875 3090 1908 ι
3118 1854 3331 1929 (Varr.,
3363 1856 3447 1910 lib.
3480 1874 3527 1912 tv
3556 1856 3739 1928 ching.

2217 1946 2332 2016 lat.,
2356 1965 2473 2020 pag.
2506 1946 2575 2003 66
2598 1946 2638 2020 ).
2664 1946 2898 2002 Isidorus
2929 1964 3074 2011 vero,
3105 1949 3196 2020 qui
3223 1949 3356 2003 illttd
3382 1950 3505 2004 olim
3528 1950 3634 2004 huic
3658 1951 3740 2005 usui

2216 2040 2387 2096 fuisse
2428 2041 2645 2105 fatetur,
2677 2057 2818 2096 nunc
2846 2041 3157 2112 operiendis
3187 2044 3391 2098 mensis
3421 2045 3651 2099 inservire
3670 2043 3739 2099 de-

2214 2130 2406 2189 clarat.
2432 2132 2592 2189 Plura
2617 2133 2684 2189 de
2706 2149 2771 2189 eo
2793 2133 3015 2189 Vossius
3042 2134 3094 2188 in
3118 2134 3491 2208 Etymologico
3510 2136 3739 2206 congessit:

2296 2226 2493 2293 Marsi,
2526 2226 2594 2283 de
2619 2228 2816 2299 quibus
2845 2224 2980 2283 infra
3011 2228 3078 2284 ad
3108 2230 3336 2285 verbum
3362 2227 3524 2300 Psylli
3552 2228 3738 2300 (Δηιοιι,

2216 2322 2308 2377 lib.
2339 2339 2406 2387 ιι,
2440 2339 2560 2394 pag.
2595 2324 2722 2393 66).
2930 2318 2935 2321 ’

2291 2414 2593 2485 Hastruca,
2650 2418 2737 2473 vel
2792 2426 3065 2487 mastruga
3115 2416 3285 2472 vestis
3341 2423 3457 2471 erat
3503 2414 3740 2471 Sardontun

2216 2506 2420 2581 (Ibid.,
2446 2528 2563 2582 pag.
2591 2508 2719 2583 59),
2743 2526 2903 2575 quam
2931 2510 3172 2565 Isidorus
3199 2509 3278 2563 sic
3307 2508 3567 2578 explicat:
3592 2506 3743 2561 «Vestis

2216 2601 2535 2659 Germanica
2578 2619 2647 2658 ex
2690 2600 2906 2673 pellolis
2948 2602 3183 2657 ferarum
3206 2643 3221 2667 ,
3252 2599 3321 2655 de
3361 2616 3462 2672 qua
3486 2597 3652 2656 Cicero
3677 2612 3743 2668 pro

2218 2696 2423 2753 Scauro
2457 2715 2469 2751 :
2503 2713 2661 2768 quem
2707 2711 2940 2766 purpura
2972 2694 3167 2766 regalis
3196 2710 3304 2748 non
3334 2696 3634 2758 commovit,
3659 2706 3742 2746 cum

2218 2792 2511 2849 Sardorum
2554 2800 2826 2862 mastruga
2867 2790 3119 2844 mutavit.
3160 2787 3432 2859 Mastruga
3464 2798 3622 2842 autem
3646 2785 3743 2840 dicta

2218 2886 2371 2957 quasi
2415 2894 2781 2948 monstruosa,
2811 2900 2877 2939 eo
2907 2882 3051 2953 qttod
3078 2878 3171 2952 qui
3216 2897 3281 2937 ea
3312 2882 3609 2945 induuntur,
3636 2877 3743 2949 quasi

2218 2982 2273 3036 in
2302 2980 2538 3035 ferarum
2559 2979 2799 3048 habitum
2817 2976 3269 3032 transformentur
3294 2977 3531 3046 t(Cicer.,
3556 2975 3674 3030 Orat.
3692 2988 3744 3033 tu,

2219 3076 2284 3130 de
2326 3072 2485 3128 Prov.
2517 3072 2739 3139 consul.,
2772 3089 2891 3142 pag.
2926 3070 3029 3128 509
3049 3068 3089 3143 ).
3116 3070 3333 3126 Videsis
3361 3069 3661 3137 Turnebum,
3682 3066 3745 3121 lib.

2143 3206 2191 3273 Ο
2224 3185 2256 3223 x
2284 3166 2574 3223 Adversar.
2603 3182 2725 3235 cap.
2751 3167 2803 3228 5,
2830 3176 2884 3220 et
2909 3165 3003 3219 lib.
3030 3180 3132 3231 xx,
3154 3178 3276 3235 cap.
3303 3164 3354 3221 9.

2297 3261 2521 3317 Mateola
2543 3259 2953 3327 diminutivum,
2979 3258 3114 3321 sive,
3138 3266 3199 3311 ut
3223 3259 3314 3314 alii
3344 3261 3628 3333 opinantur.
3652 3253 3747 3309 idem

2220 3372 2283 3411 ac
2306 3363 2527 3420 mattea,
2559 3352 2644 3408 vel
2666 3364 2869 3425 mattya
2900 3368 3096 3424 grtrce,
3128 3357 3365 3426 ματτύα,
3396 3354 3477 3409 vel
3502 3353 3645 3427 ματτύη
3667 3347 3747 3413 (Αι-

2221 3449 2368 3514 nob.,
2394 3446 2481 3501 lib.
2507 3463 2602 3510 vtt,
2637 3463 2757 3519 pag.
2790 3445 2889 3501 231
2916 3444 2956 3517 ).
2991 3445 3261 3501 Delicatus
3291 3457 3377 3503 est
3405 3446 3580 3509 cibus,
3606 3449 3677 3497 aut
3694 3437 3744 3491 ci-

2218 3540 2412 3601 borum
2442 3537 2670 3595 delicia.
2701 3536 2856 3596 Unde
2882 3538 3176 3595 Martialis:

2314 3654 2473 3717 Dives
2496 3662 2549 3703 et.
2574 3668 2637 3705 ex
2662 3655 2795 3705 omni
2823 3655 2980 3717 posita
3001 3663 3081 3705 est
3103 3656 3346 3717 instructa
3370 3652 3570 3707 "locello

2411 3715 2552 3768 (laena
2578 3717 2685 3778 tibi,
2712 3717 2799 3766 sed
2823 3712 2874 3767 ie
2896 3712 3074 3780 Mattya
3094 3716 3195 3768 sola
3216 3718 3408 3779 juvant.

2882 3797 3140 3862 (Martittl.,
3175 3794 3262 3851 lib.
3284 3812 3339 3862 χ,
3364 3798 3516 3866 epigr.
3536 3798 3621 3853 59.)

2224 3885 2416 3940 Postea
2445 3898 2608 3938 vero:

2320 3975 2459 4040 Inter
2484 3986 2601 4025 aves
2620 3974 2791 4026 turdus
2813 3977 2853 4025 si
2876 3977 3002 4040 quis,
3028 3990 3110 4026 me
3129 3974 3319 4040 judice,
3345 3983 3523 4037 certet,

2412 4039 2549 4091 Inter
2568 4039 2916 4105 quadrupedes
2930 4039 3111 4104 Hettya
3128 4044 3285 4102 prima
3307 4042 3470 4105 lepus.

2901 4125 3095 4187 (Mart,
3118 4119 3201 4173 lib.
3228 4137 3333 4188 xm,
3353 4124 3510 4190 epigr.
3531 4120 3619 4185 92.)

2226 4232 2371 4305 Lege
2399 4232 2716 4289 Atbettazum
2738 4271 2754 4296 ,
2788 4229 2884 4287 lib.
2916 4244 3003 4286 xtv
3050 4229 3489 4303 Deipnosophiat.
3513 4268 3528 4298 ,
3556 4240 3657 4300 pas.
3682 4216 3752 4275 669-

2264 4336 2285 4383 ι
2350 4329 2439 4383 65.

2227 4344 2273 4497 ei
2302 4329 2510 4475 flamen
2544 4420 2813 4491 sapientia:
2842 4420 2986 4473 tincti
3022 4429 3070 4473 et
3098 4421 3261 4474 saturi
3292 4429 3418 4490 potu
3446 4413 3660 4489 (Arnob,
3691 4406 3749 4461 lii.

2230 4529 2298 4578 tt,
2329 4530 2449 4582 pag.
2480 4512 2546 4567 47
2566 4510 2607 4583 ).
2639 4512 2907 4568 Meracum
2936 4512 3202 4581 adjective
3239 4511 3525 4583 aliquando
3560 4501 3748 4561 sumitur.

526 4605 687 4650 vocat
734 4593 997 4659 nitorem,
1052 4600 1392 4648 venustatem
1413 4634 1427 4659 ,
1481 4589 1883 4644 excellentiam.
1906 4586 2124 4678 ACicero
2156 4597 2210 4659 D
2234 4622 2298 4661 ac
2326 4606 2594 4677 Signiﬁcat
2618 4606 2790 4661 solum
2818 4623 2881 4662 ac
2908 4622 3140 4678 parum:
3175 4608 3466 4678 anquando
3490 4597 3751 4661 “unum

524 4700 741 4756 quoque
771 4700 1044 4755 corporum
1076 4684 1329 4738 lenocinia
1355 4680 1595 4752 appellat
1620 4686 1675 4734 et
1696 4675 1989 4733 Suetonius
2014 4676 2127 4731 Au-

524 4776 663 4848 gusti
711 4775 1064 4845 Imperatoris
1112 4776 1339 4830 fortnam
1391 4774 1485 4828 ubi
1538 4770 1833 4836 describit,
1880 4770 1959 4822 ait
2007 4784 2124 4822 eam

524 4867 694 4923 fuisse
725 4868 901 4922 omnis
933 4868 1182 4923 lenocinii
1214 4867 1327 4921 sive
1355 4865 1576 4919 adsciue
1606 4862 1906 4918 venustatis
1933 4877 2129 4931 exper-

527 4972 638 5019 tem
668 4961 925 5036 (Arnob.,
960 4963 1049 5016 lib.
1082 4978 1164 5026 vt,
1196 4979 1318 5033 pag.
1349 4960 1478 5024 201;
1510 4957 1703 5024 Cicer.,
1733 4958 1821 5013 lib.
1856 4974 1891 5012 ιι
1918 4957 1981 5011 de
2007 4955 2125 5013 Na-

529 5073 629 5114 tur.
672 5060 815 5113 deor.
841 5098 855 5125 ,
887 5075 1009 5130 pag.
1041 5056 1149 5114 256
1170 5098 1186 5123 ,
1216 5057 1311 5111 lin.
1346 5057 1415 5119 4;
1447 5054 1664 5110 Sueten.
1686 5095 1700 5121 ,
1735 5054 1788 5108 in
1824 5052 1924 5107 Vit.
1959 5052 2093 5125 Aug.
2113 5094 2128 5119 ,

529 5168 648 5222 cap.
679 5149 808 5222 79

600 5244 861 5301 Lucanica
890 5260 1060 5315 genus
1083 5241 1381 5299 farcintinis
1413 5248 1551 5306 erat,
1585 5256 1745 5311 quam
1780 5242 1858 5296 sic
1888 5240 2132 5312 appella-

532 5350 640 5394 tam
670 5339 845 5393 Varro
871 5347 926 5393 et
948 5337 1190 5392 Isidorus
1218 5345 1437 5406 putant,
1469 5334 1612 5405 quod
1641 5335 1693 5388 in
1723 5334 1954 5390 Lucania
1984 5333 2131 5403 prius

530 5433 704 5501 facta,
740 5433 820 5488 vel
852 5432 995 5502 quod
1026 5432 1256 5495 milites,
1287 5431 1563 5500 quomodo
1593 5428 1780 5493 ﬁeret,
1812 5445 1842 5483 a
1864 5428 2132 5483 Lucaneis

533 5526 840 5581 didicerunt
869 5527 1107 5599 (Arnob,
1141 5525 1231 5578 lib.
1263 5539 1329 5588 ll,
1366 5540 1487 5594 pag.
1521 5523 1622 5588 75;
1663 5522 1840 5590 Varr.,
1876 5524 1965 5578 lib.
1992 5538 2045 5576 tv
2072 5523 2134 5577 de

534 5620 688 5691 Ling.
722 5621 813 5675 lat.
840 5660 853 5681 ,
898 5637 1017 5690 pag.
1051 5617 1154 5683 28;
1190 5616 1379 5672 Isidor.
1406 5659 1420 5683 ,
1464 5616 1553 5672 lib.
1582 5634 1653 5671 xx
1684 5615 1854 5689 0rig.,
1888 5634 2003 5686 cap.
2040 5618 2130 5689 1).

535 5712 612 5768 De
641 5712 729 5766 illa
761 5711 874 5766 ltzec
901 5722 1025 5765 sunt
1052 5711 1309 5765 Martialis
1336 5710 1577 5764 carmina
1606 5729 1619 5763 :

725 5803 788 5853 Et
810 5803 1050 5853 Lucanica
1076 5814 1186 5851 cum
1211 5809 1388 5851 ventre
1416 5800 1613 5852 Filisco.

1126 5860 1389 5927 (Martial,
1407 5863 1491 5915 tib.
1511 5878 1578 5924 ιν,
1596 5861 1751 5929 epigr.
1779 5862 1890 5929 to.)

2231 4701 2375 4759 idem
2406 4717 2470 4756 ac
2500 4701 2683 4756 vinum
2714 4712 2889 4757 sonat.
2919 4701 3155 4770 Audias,
3185 4703 3381 4770 velim,
3416 4698 3689 4756 Horatium:

2326 4820 2527 4884 Expulit
2550 4819 2772 4870 elleboro
2794 4821 3041 4878 morbum,
3066 4819 3323 4885 bilemque
3346 4832 3554 4871 meraco.

2707 4903 2924 4968 (Horat,
2945 4903 3031 4955 lib.
3053 4919 3105 4965 tt,
3129 4903 3267 4970 epist.
3290 4905 3339 4966 2,
3359 4912 3484 4955 vers.
3507 4897 3623 4962 157.)

2307 5009 2555 5066 Miculam
2582 5009 2715 5066 dixit
2745 5008 2886 5064 haud
2909 5009 3075 5066 semel
3098 5006 3609 5082 Arnobius(Arnob.,
3626 4997 3694 5056 lib.
3717 5008 3757 5057 ιι.

2234 5121 2289 5175 p.
2320 5104 2410 5170 77,
2434 5112 2483 5158 et
2507 5104 2596 5158 lib.
2615 5119 2711 5170 vu,
2733 5120 2783 5172 p.
2812 5100 2972 5173 236);
2997 5099 3139 5172 quod
3168 5116 3363 5156 nomen
3392 5114 3420 5153 a
3449 5100 3571 5153 mica
3594 5094 3757 5148 desnm-

2232 5206 2403 5268 ptum,
2435 5213 2556 5265 quae
2585 5198 2827 5267 exiguam
2854 5194 2939 5251 rei
2955 5195 3184 5265 alicujus
3210 5194 3376 5250 aridae
3404 5204 3457 5249 et
3480 5192 3620 5248 sicca:
3643 5177 3759 5255 parii-

2233 5289 2411 5345 culam‘
2449 5288 2730 5359 signiﬁcat.
2759 5287 3002 5342 Miculam
3045 5288 3205 5358 igitur
3240 5294 3398 5343 vocat
3435 5283 3673 5339 minimam
3708 5269 3759 5324 rei

2234 5384 2427 5438 micam
2468 5391 2523 5435 et
2552 5389 2777 5449 partem.
2808 5377 2983 5450 Atque
3013 5378 3083 5433 ita
3113 5393 3259 5434 sanie
3288 5375 3598 5438 nominibus,
3623 5364 3757 5435 utjam

2235 5474 2432 5545 amplus
2458 5472 2855 5538 admonuimus,
2887 5469 3219 5527 diminutivis
3249 5471 3327 5525 uti
3356 5477 3513 5525 amat.

2317 5565 2701 5622 Minimissimus
2745 5564 2924 5634 itaque
2962 5564 3160 5634 digitus
3201 5561 3269 5616 ab
3308 5562 3399 5616 illo
3435 5554 3647 5616 eamdem
3669 5556 3761 5602 εειηθ

2237 5663 2308 5718 ob
2338 5662 2601 5717 rationem
2632 5658 2850 5724 dicitur,
2882 5658 3128 5728 quamvis
3170 5656 3445 5710 minimum
3473 5649 3647 5706 dixisse
3667 5637 3760 5694 Satis

2239 5756 2340 5827 ipsi
2371 5753 2557 5808 fuisset
2585 5750 2801 5825 (ldem.,
2829 5750 2917 5804 lib.
2946 5764 3002 5816 ν,
3032 5748 3218 5820 p.260
3247 5758 3292 5803 et
3320 5744 3470 5820 266).

2317 5844 2498 5912 Mitra,
2530 5852 2589 5898 ut
2630 5843 2791 5899 docet
2821 5840 3067 5908 Servius,
3102 5843 3273 5913 pilans
3314 5840 3553 5898 incurvus
3574 5835 3684 5891 erat.
3708 5831 3756 5875 (³³
