3878 6312
114 236 207 293 705

1274 240 1342 300 tN
1366 237 1740 318 ARNOBIUM,
1783 250 1937 307 CAP.
1979 243 2166 309 xxvt.

3276 267 3379 327 706

120 355 357 409 Canterus
381 354 523 411 hunc
548 357 722 412 locum
750 359 827 415 sic
848 361 1224 432 corrigendum
1248 366 1527 437 opinatur:
1556 367 1687 421 l’ro-
1713 370 1765 429 Α
1790 368 1857 424 de
1885 369 1986 435 his,
2019 372 2093 426 uti
2124 370 2375 439 diximus,
2409 373 2605 447 Psyllis
2650 384 2704 431 et
2728 376 2918 434 Marsis
2946 378 3141 439 fecisse
3171 396 3379 441 sermo-

118 449 303 521 trgintus
328 466 420 504 nos
441 450 588 505 labiis
631 451 828 524 Psyllis
850 496 865 518 ,
896 455 1147 512 Marsisve
1184 460 1435 515 dentibus.
1465 463 1683 532 Optimo

114 540 303 611 quidem
351 557 514 598 sensu
558 545 601 599 si
653 543 943 618 Psyllorum
968 559 1024 606 et
1053 551 1346 607 Marsorum
1387 555 1677 625 legeretur.

114 634 388 689 Salmasius
412 650 591 693 autem
621 638 736 695 huc
764 642 836 697 ita
867 644 979 698 vult
1020 644 1331 711 emendari,
1361 647 1556 721 Psyllis
1602 652 1681 706 la-

112 724 254 793 biuis,
299 724 551 783 Manisve
576 731 824 788 dentibus.
852 734 1055 791 Eodem
1085 753 1220 794 sane
1261 755 1445 795 sensu.
1477 743 1680 809 Quibus

108 819 232 874 enim
255 832 535 890 serpentes
582 826 809 883 mortale
838 828 1147 886 infuderunt
1192 834 1486 890 inordendo
1514 851 1678 892 vene-

107 926 218 965 num
241 953 258 979 ,
298 910 398 969 bos
426 911 591 987 Psylli
637 927 691 972 et
718 918 876 974 Marsi
904 922 1144 993 sugendo
1181 925 1462 981 sanabant.
1493 927 1680 985 Nullus

107 1014 267 1059 autem
314 1006 467 1075 plane
497 1008 770 1067 dubitandi
804 1013 952 1069 locus
995 1016 1205 1072 videtur
1239 1019 1366 1089 quin
1412 1021 1681 1076 Arnobius

107 1096 332 1167 loquatur
369 1100 437 1157 de
458 1101 605 1158 hisce
630 1104 825 1177 Psyllis
853 1106 1066 1176 Africae,
1098 1119 1152 1165 et
1176 1110 1366 1168 Marsis
1392 1112 1559 1169 Italia:
1586 1130 1681 1185 po-

105 1191 247 1260 pulis,
274 1192 363 1262 qui
396 1195 570 1264 reipsa
602 1199 883 1254 venenatis
904 1203 1236 1273 serpentium
1259 1205 1527 1261 morsibus
1567 1222 1679 1263 me-

103 1284 368 1342 debantur.
397 1288 625 1365 Scriptis
646 1293 847 1363 quippe
872 1310 901 1347 a
934 1294 1108 1351 Plinio
1133 1298 1385 1354 traditum
1415 1300 1675 1370 legimus:

108 1393 125 1428 t
152 1376 325 1435 Crates
355 1379 721 1452 Pergamenus
751 1384 804 1440 in
838 1385 1210 1459 Hellesponto,
1242 1392 1383 1448 circa
1411 1392 1675 1461 Parrium,

98 1486 252 1542 genus
270 1472 545 1532 hominum
576 1480 741 1536 fuisse
768 1481 950 1551 tradit,
977 1500 1113 1555 quos
1132 1485 1475 1558 Ophiogenes
1500 1499 1675 1557 vocat,

98 1567 407 1638 serpentium
458 1571 596 1627 ictus
619 1587 869 1631 contactu
898 1576 1078 1635 levare
1125 1580 1351 1650 solitos,
1412 1592 1469 1639 et
1515 1600 1676 1640 manu

96 1661 346 1732 imposita,
381 1681 588 1722 venena
610 1670 895 1727 extrahere
920 1675 1154 1744 corpori.
1188 1667 1361 1731 Varro
1381 1679 1677 1734 etiamnum

96 1767 199 1810 esse
228 1771 425 1826 paucos
452 1760 547 1829 ibi,
570 1778 798 1832 quorum
850 1767 1034 1821 saliva:
1061 1777 1248 1823 contra
1278 1770 1412 1825 ictus
1444 1787 1671 1842 serpen-
1703 1779 1751 1840 Β

96 1854 211 1901 tium
240 1850 577 1907 medeantur.
609 1853 811 1911 Similis
853 1855 906 1912 in
953 1857 1134 1915 Africa
1182 1875 1316 1931 gens
1363 1861 1665 1934 Psyllorum

93 1936 209 2006 fuit,
241 1950 294 1994 ut
340 1940 770 2013 Agatharchides
800 1950 1009 2017 scribit,
1041 1968 1070 2005 a
1102 1954 1279 2024 Psyllo
1325 1970 1452 2026 rege
1494 1956 1633 2012 dicta
1653 2001 1668 2026 ,

91 2033 227 2103 cujus
286 2037 636 2103 sepulchrum
679 2042 733 2096 in
771 2054 926 2115 parte
975 2044 1213 2117 Syrtium
1261 2048 1523 2120 majorum
1563 2068 1665 2113 est.

92 2122 277 2184 Horum
295 2136 513 2203 corpori
541 2136 835 2207 ingenitum
866 2137 965 2194 fuit
991 2140 1136 2197 virus
1164 2145 1380 2202 exitiale
1405 2154 1671 2221 serpenti-

92 2219 203 2289 bus,
226 2234 273 2280 et
298 2229 451 2297 cujus
474 2240 642 2287 odore
667 2234 909 2304 sapirettt
933 2251 1140 2294 eos.....
1184 2238 1370 2298 Simile
1399 2254 1454 2299 et
1481 2219 1531 2300 in
1563 2245 1668 2302 Ita-

91 2316 152 2371 lia
180 2319 473 2379 Marsorum
514 2341 684 2397 genus
713 2328 901 2398 durat,
935 2348 1072 2403 quos
1114 2350 1143 2387 a
1185 2334 1354 2393 Cirtae
1383 2339 1492 2395 lilio
1521 2352 1670 2398 ortos

90 2427 307 2485 servant,
324 2428 378 2473 et
403 2418 525 2475 ideo
553 2422 726 2478 inesse
745 2424 808 2478 iis
826 2426 930 2480 vim
959 2429 1254 2485 naturalem
1283 2446 1402 2488 eam
1432 2454 1451 2487 ι
1471 2434 1666 2507 (Plin.,

91 2506 164 2563 lib.
208 2527 276 2567 vn
335 2512 476 2569 Hist.
521 2527 713 2591 natur.)
737 2535 852 2589 cap.
876 2517 934 2587 2,
958 2540 1012 2592 p.
1039 2523 1069 2577 7
1099 2535 1144 2579 et
1169 2526 1247 2597 8).
1278 2525 1402 2583 Alio
1429 2506 1487 2584 in
1531 2530 1670 2587 libro

90 2600 207 2657 idem
233 2605 413 2663 adhuc
439 2610 638 2675 retulit,
664 2612 846 2683 aitque
868 2613 966 2670 has
989 2618 1212 2688 populos
1232 2628 1368 2674 tactu
1396 2621 1530 2691 ipso,
1555 2640 1670 2677 suc-

94 2704 184 2751 ture
202 2699 409 2755 modico
434 2700 614 2757 levare
641 2719 669 2757 a
698 2698 1041 2775 serpentibus
1064 2712 1335 2778 perculsos
1357 2710 1541 2785 (Ibid.,
1577 2714 1667 2769 lib.

90 2806 261 2859 xxvnt,
285 2812 405 2867 cap.
434 2797 487 2864 5,
512 2815 546 2869 p
586 2798 736 2871 566).
762 2800 1120 2870 Quamobrem
1151 2805 1278 2862 alibi
1307 2807 1511 2864 Marsos
1551 2825 1669 2865 ser-

87 2887 305 2955 pentium
337 2889 633 2946 domitores
663 2905 811 2948 vocat
860 2894 1068 2965 (Ibid.',
1111 2897 1199 2952 lib.
1243 2915 1369 2966 xxv,
1394 2917 1508 2971 cap.
1529 2901 1586 2965 2,
1612 2919 1663 2972 p.

86 2978 214 3053 376).
253 2982 496 3054 Denique
522 2984 629 3040 alio
646 2985 824 3042 adhuc
852 2988 904 3043 in
965 2989 1084 3046 loco
1108 2991 1354 3047 eamdem
1382 3005 1432 3049 et
1462 2993 1668 3050 Marso-

84 3090 181 3129 rum
207 3084 270 3131 et
296 3076 601 3149 Psyllorum
635 3090 902 3138 memorat
952 3084 1199 3141 virtutem
1232 3086 1358 3159 (lib.
1389 3104 1478 3144 xttt
1500 3131 1516 3157 ,
1549 3105 1665 3161 cap.

86 3167 157 3235 ιδ,
188 3188 250 3240 ρ-
280 3169 435 3244 ist).

138 3261 383 3319 [Elianus
410 3279 540 3321 vero
569 3278 751 3323 narrat
777 3268 999 3325 eosdem
1029 3274 1364 3342 serpentium
1392 3290 1605 3332 morsus
1634 3292 1666 3332 a

82 3353 245 3426 Psyllo
270 3358 475 3423 curari,
507 3358 554 3414 si
575 3358 797 3415 salivam
818 3362 989 3417 solum
1014 3363 1227 3436 inspuat
1253 3366 1544 3438 (ﬁlianus,
1576 3370 1663 3425 lib.

82 3462 96 3502 ι
122 3449 176 3503 dc
216 3451 424 3518 Anium,
445 3469 563 3523 cap.
594 3453 709 3527 57),
751 3465 843 3511 aut
871 3472 994 3513 cum
1032 3472 1232 3531 corpus
1260 3477 1477 3519 veneno
1507 3465 1669 3520 nimis

82 3542 328 3601 imbutum
357 3545 548 3617 fuerit,
580 3549 623 3605 si
667 3565 859 3619 aquam
908 3554 1152 3619 multam,
1197 3554 1252 3611 in
1301 3571 1398 3612 ore
1434 3566 1489 3613 et
1524 3559 1665 3615 intra

80 3637 247 3697 dentes
275 3642 374 3697 diu
400 3643 676 3713 agitatam,
701 3660 767 3701 ac
790 3658 971 3716 postea
995 3650 1045 3703 in
1076 3651 1350 3720 speculum
1381 3652 1655 3730 injectum,

79 3733 349 3789 vulnerato
376 3736 655 3806 propinet,
689 3750 969 3811 postquam
991 3756 1054 3796 ea
1083 3758 1277 3798 manus
1306 3742 1454 3800 illius
1480 3746 1667 3809 ablue-

79 3825 153 3881 rit.
173 3827 420 3900 Denique
439 3829 484 3884 si
511 3831 700 3887 veneni
719 3832 797 3889 vis
818 3837 995 3889 acrius
1018 3834 1343 3905 invalescat,
1370 3847 1480 3893 tum
1513 3839 1664 3912 Psyl-

80 3917 149 3975 lus
186 3924 476 3995 mgrotanti
508 3926 653 3982 nudo
702 3928 878 3984 nudus
904 3929 1184 3995 incumbit,
1217 3942 1272 3987 et
1312 3935 1527 4003 proprio
1567 3950 1663 3990 suo

80 4029 290 4087 corpore
320 4018 399 4073 illi
424 4018 692 4076 medetur.
722 4023 823 4077 Alii
844 4038 1006 4093 porro
1036 4024 1253 4079 tradunt
1284 4019 1491 4098 Psyllos
1519 4028 1663 4084 virus

80 4109 180 4180 ipso
202 4129 307 4169 suo
330 4129 430 4168 ore
445 4114 677 4184 suxisse,
701 4127 755 4172 et
775 4118 1231 4176 incantationibus
1252 4120 1536 4178 hebetasse
1555 4137 1663 4179 ser-

78 4217 262 4274 pentes.
298 4205 465 4264 Uade
495 4208 611 4265 haec
638 4211 836 4267 cecinit
859 4210 1108 4269 Lucanus
1139 4230 1153 4267 :

840 4348 975 4402 Gens
998 4353 1142 4403 unica
1160 4358 1322 4403 terras

155 4408 335 4476 incolit
357 4423 387 4476 a
402 4423 533 4476 περ
553 4417 841 4476 serpentum
860 4414 1061 4464 innoxia
1085 4429 1276 4476 morsu;

155 4471 465 4542 Marmaridae
489 4471 654 4539 Psylli,
685 4489 767 4542 par
792 4475 959 4538 lingua
986 4471 1273 4542 potentibus
1292 4478 1480 4542 herbis,

151 4534 173 4582 Ι
191 4550 262 4586 ise
286 4549 443 4588 cruor
463 4534 618 4594 tutus,
640 4534 926 4601 nullumque
951 4534 1215 4590 admittere
1236 4543 1386 4602 virus,

151 4551 239 4645 \bel
260 4607 414 4645 cantu
438 4608 683 4645 cessante.
710 4609 871 4645 potest.
898 4615 910 4645 :
939 4610 1113 4645 natura
1136 4603 1350 4645 lnmrum

193 4600 239 4650 el
260 4607 414 4650 cantu
438 4608 684 4660 cessante,
710 4600 871 4662 potest
898 4615 910 4649 :
939 4610 1114 4653 natura
1136 4603 1351 4653 locorum

151 4660 304 4715 Jussit
324 4668 382 4712 ut
401 4662 644 4712 immunes
668 4660 810 4714 miin
829 4667 1146 4727 serpentibus
1167 4675 1353 4718 essent.

529 4745 754 4812 (Lucam,
783 4744 867 4797 lib.
890 4762 961 4808 tx,
983 4760 1108 4799 vers.
1133 4748 1223 4801 891
1251 4757 1296 4801 et
1319 4756 1480 4817 seqq.)
1516 4784 1523 4793 .

74 4874 271 4934 Videsis
317 4875 671 4933 Plutarchum
700 4877 753 4932 in
784 4876 890 4932 vita
921 4876 1141 4933 Catonis
1176 4877 1430 4948 Minoris,
1460 4890 1590 4936 tom.
1613 4897 1662 4950 ι,

73 4984 178 5042 pag.
200 4973 310 5027 727
333 4988 351 5039 ;
374 4971 717 5034 Strabonem,
745 4969 839 5027 lib.
868 4988 982 5028 xvn
1008 4971 1339 5044 Geograplu,
1365 4986 1486 5044 pag.
1518 4975 1623 5030 814
1644 5020 1660 5043 ,

73 5060 415 5129 Suetonium,
454 5062 507 5118 in
544 5060 658 5118 Vita
681 5060 959 5119 Octaviani
982 5063 1243 5131 Caesaris,
1276 5080 1397 5136 cap.
1434 5064 1532 5131 i7;
1565 5065 1666 5122 So-

71 5152 248 5221 linum,
277 5172 403 5226 cap.
445 5155 538 5221 27,
574 5155 809 5227 pag.52;
840 5155 1228 5229 Hieronymum
1255 5157 1462 5229 pra-fat.
1496 5159 1547 5213 in
1575 5157 1665 5214 Jo-

71 5243 238 5306 heletn
269 5251 591 5322 prophetam
616 5251 684 5306 ad
716 5248 1142 5307 Pammachium.
1178 5252 1255 5309 De
1294 5252 1487 5310 Marsis
1513 5254 1666 5311 deni-

72 5357 165 5414 que
193 5348 291 5403 hos
325 5345 515 5403 Lucilii
544 5362 731 5404 versus
754 5347 922 5404 citant
949 5369 962 5403 :

155 5462 263 5529 iam
287 5449 619 5529 disrumpatur
636 5466 845 5528 medius,
862 5468 962 5529 jam
987 5474 1042 5518 ut
1057 5467 1264 5521 Marsius
1285 5472 1510 5522 colubras

157 5524 431 5593 Disrumpit
449 5524 614 5593 cantu,
642 5541 793 5579 venas
813 5524 923 5580 cum
949 5544 1007 5580 ex
1018 5532 1251 5583 tenderet
1268 5546 1458 5584 omnes.

903 5612 1100 5678 (LuciL,
1128 5613 1209 5666 lib.
1234 5630 1263 5666 x
1285 5616 1449 5689 satir.)

77 5737 139 5798 Et
164 5739 280 5800 haec
320 5741 536 5815 quidem
566 5744 849 5803 manifeste
876 5745 1009 5802 satis
1028 5746 1325 5804 ostendunt
1367 5744 1661 5805 Aruobium

1788 480 1930 519 nem.
1951 464 2138 521 Utrum
2163 482 2290 524 vero
2313 484 2472 525 voces
2483 470 2709 539 laminis,
2725 475 3113 530 etvendentibus
3131 480 3380 547 genuina:

1783 558 1911 621 sint,
1929 571 2020 614 aut
2046 560 2172 630 quid
2199 577 2294 631 pro
2323 562 2404 618 eis
2426 567 2818 635 reponendum,
2847 571 2965 627 sine
2990 571 3174 642 aliquo
3191 572 3381 631 codice

1784 652 1997 725 integro
2026 664 2080 710 et
2124 655 2434 727 incorrupto
2461 659 2581 730 quis
2610 675 2856 719 asserere
2897 663 3133 721 audeat?
3182 668 3249 722 At
3282 682 3380 737 pro

1784 746 2153 803 institutoribus
2202 761 2347 807 recte
2375 753 2688 809 institoribus
2717 756 3045 826 restitutum,
3071 774 3135 814 ex
3161 758 3245 815 his
3265 758 3380 817 col-

1783 843 1950 914 ligere
1974 855 2058 899 est
2077 887 2093 912 ,
2124 860 2245 915 qua:
2276 861 2437 917 supra
2467 847 2532 903 ad
2563 864 2758 904 nomen
2789 851 2993 908 institor
3015 852 3270 911 diximus.

1854 937 2138 1003 Pulticula,
2169 938 2220 993 id
2249 949 2355 1005 est,
2379 940 2498 1010 puls
2520 956 2705 1010 parva,
2736 943 2823 998 vel
2846 944 3086 1013 minima,
3110 946 3253 1017 quod
3282 962 3381 1004 no-

1781 1047 1904 1087 men
1935 1049 1966 1088 a
1993 1034 2168 1087 Plinio
2187 1043 2242 1090 et
2260 1034 2560 1091 Columella
2590 1037 2875 1095 adhibetur
2896 1040 3145 1111 (Arnob.,
3178 1043 3266 1099 lib.
3291 1060 3377 1113 v1,

1780 1143 1835 1196 p.
1862 1123 2005 1189 242;
2053 1124 2221 1191 Pliu.,
2251 1127 2341 1182 lib.
2377 1144 2507 1184 xxvi
2539 1127 2731 1185 Natur.
2763 1133 2908 1198 ltist.,
2941 1151 3056 1206 cap.
3081 1136 3136 1201 8,
3166 1152 3222 1205 ρ.
3249 1135 3377 1207 460,

1714 1256 1727 1267 ,
1781 1214 2077 1285 Columell.,
2107 1218 2198 1273 lib.
2225 1235 2340 1287 vnt,
2369 1221 2433 1275 de
2463 1221 2540 1276 Re
2567 1225 2744 1278 rustic.
2773 1242 2891 1298 cap.
2911 1225 3038 1299 i2).

1850 1309 2090 1380 Pupulus
2115 1312 2491 1369 diminutivum
2522 1316 2753 1372 nominis
2779 1333 2971 1389 pupus,
3004 1335 3066 1375 ac
3097 1323 3376 1392 parvulum

1779 1418 2003 1474 puerum
2031 1407 2301 1476 significat
2331 1407 2586 1480 (Arnob.,
2629 1410 2718 1465 lib.
2752 1427 2846 1479 vn,
2880 1431 2934 1485 p.
2961 1411 3121 1485 215).
3156 1413 3379 1472 Catulus

1780 1497 1885 1555 hoc
1910 1514 2074 1556 sensu
2100 1500 2167 1556 ad
2196 1501 2456 1558 Catonem
2486 1503 2623 1558 dixit
2654 1520 2667 1557 :

1968 1613 2224 1684 Deprendi
2246 1616 2389 1668 modo
2407 1618 2637 1681 populum
2654 1619 2836 1684 puella:

1966 1676 2279 1730 Trusautem.

2657 1764 2878 1831 (Catull.,
2902 1765 3055 1836 epigr.
3083 1770 3190 1834 57.)

1773 1868 2076 1940 Aliquando
2097 1887 2225 1927 vero
2253 1887 2351 1942 pro
2377 1873 2610 1945 imagine
2634 1873 2812 1946 aliqua
2841 1877 3120 1946 accipitur,
3158 1894 3260 1951 qua
3288 1879 3377 1937 in-

1771 1962 1950 2020 fantes
1973 1976 2030 2020 et
2053 1967 2203 2034 pueri
2232 1965 2422 2023 ludere
2448 1967 2647 2034 solent,
2675 1977 2728 2023 et
2745 1983 2777 2023 a
2808 1968 2964 2025 nobis
2985 1971 3178 2042 gallice
3206 1986 3373 2029 voca-

1774 2065 1861 2114 tur
1892 2061 2108 2129 poupée.
2155 2061 2333 2131 Atque
2355 2075 2421 2117 eo
2446 2076 2609 2117 sensu
2631 2061 2699 2116 ab
2724 2062 2964 2118 Arnobio
2994 2075 3302 2134 usurpatur.

1846 2150 2143 2220 Querquera
2173 2151 2338 2207 febris
2358 2162 2442 2208 est
2462 2168 2583 2208 cum
2612 2169 2807 2225 magno
2832 2154 3032 2226 frigore
3057 2167 3110 2211 et
3139 2164 3378 2213 tremore

1774 2241 2016 2314 (Arnob.,
2046 2243 2131 2298 lib.
2165 2260 2205 2312 t,
2234 2262 2288 2316 p.
2317 2243 2434 2319 28).
2470 2244 2598 2301 Inde
2627 2245 2674 2300 A
2722 2245 2965 2303 Gellius:
2999 2266 3020 2301 t
3051 2251 3135 2304 An
3159 2259 3212 2305 tu
3261 2249 3373 2306 for-

1772 2347 1827 2395 te
1848 2379 1865 2403 ,
1905 2358 1924 2392 ι
1958 2339 2161 2411 inquit,
2201 2359 2221 2392 ‹
2257 2340 2503 2396 morbum
2532 2341 2795 2413 appellari
2820 2342 2907 2397 hic
2950 2354 3108 2415 putas
3137 2353 3401 2418 wgrota-'

1773 2433 1974 2489 tionem
1990 2434 2527 2504 gravem,cuml‘ebri
2559 2436 2744 2503 rapida
2772 2444 2827 2492 et
2859 2453 3117 2508 quercera
3147 2458 3168 2491 ι
3187 2438 3373 2513 (σαι,

1772 2526 1860 2581 lib.
1894 2543 1965 2582 xx
2002 2526 2159 2583 Noct.
2194 2527 2329 2594 Au.,
2358 2545 2475 2600 cap.
2509 2529 2572 2596 1,
2594 2548 2647 2601 p.
2678 2530 2859 2603 1096).
2909 2530 3086 2604 Lege,
3130 2534 3176 2588 si
3208 2534 3371 2600 velis,

1771 2624 1947 2677 varias
1974 2624 2027 2677 in
2057 2624 2199 2677 hunc
2220 2622 2396 2678 locum
2419 2625 2818 2690 annotationes,
2834 2640 2899 2681 ac
2916 2624 3136 2682 Festum
3158 2639 3213 2685 et
3237 2628 3375 2684 Pau-

1771 2716 1882 2772 lum
1913 2716 1981 2773 ad
2011 2717 2235 2773 verbum
2266 2718 2584 2790 Querquera.

1844 2812 2159 2867 Ranccscere
2187 2814 2417 2868 olearum
2436 2815 2650 2884 ﬂuenta,
2681 2815 2733 2871 id
2764 2825 2875 2884 est,
2921 2833 3149 2876 rancore
3190 2829 3245 2877 et
3274 2836 3374 2893 pu-

1773 2906 1983 2963 tredine
2015 2907 2194 2975 putida
2235 2906 2350 2964 ﬁeri
2377 2906 2615 2979 (Arnob.,
2676 2909 2764 2965 lib.
2799 2927 2851 2978 t,
2882 2928 2936 2980 p.
2971 2912 3084 2985 l2).

1844 2998 2045 3055 Radius
2062 3041 2078 3065 ,
2102 3000 2292 3067 codex,
2316 3000 2442 3056 liber
2460 3044 2475 3069 ,
2504 3003 2580 3057 ait
2606 3001 2878 3060 Arnobius
2900 3003 3085 3077 (Ibid.,
3118 3006 3207 3062 lib.
3231 3023 3288 3075 tt,
3313 3026 3370 3079 p.

1774 3090 1885 3161 59).
1932 3093 2122 3150 Plures
2142 3106 2321 3151 autem
2351 3104 2478 3151 sunt
2506 3095 2641 3152 radii
2682 3096 3123 3168 signiﬁcationes,
3154 3100 3249 3157 sed
3276 3100 3374 3157 ali-

1699 3190 1744 3253 C
1775 3184 1991 3256 quando
2010 3188 2242 3243 sumitur
2270 3203 2370 3259 pro
2400 3188 2783 3257 instrumento,
2806 3205 2914 3262 quo
2936 3201 3230 3263 geometra
3251 3194 3374 3249 alii-

1769 3295 1876 3351 que
1926 3279 2101 3336 lineas
2151 3279 2483 3338 describunt.
2536 3281 2616 3337 Eo
2673 3292 2852 3339 autem
2904 3299 3069 3341 sensu
3118 3284 3373 3358 Virgilius

1773 3371 1913 3429 dixit
1938 3390 1953 3427 :

1858 3466 2131 3533 Descripsit
2154 3469 2291 3520 radio
2314 3474 2469 3522 totum
2492 3469 2579 3532 qui
2602 3470 2843 3532 gentibus
2863 3469 3074 3522 orbem:

2404 3550 2629 3617 (νίψω,
2653 3550 2806 3619 eclog.
2832 3569 2902 3618 tn,
2924 3567 3054 3606 vers.
3074 3555 3183 3619 41.)

1767 3637 1835 3694 Et
1863 3652 2054 3693 rursus
2093 3636 2223 3694 alibi
2257 3656 2270 3692 :

1973 3742 1985 3755 .
2012 3771 2038 3773 __
2244 3770 2275 3773 __
2551 3707 2771 3773 Caelique
2803 3715 2999 3760 meatus

1857 3771 2150 3823 Describeut
2171 3770 2330 3832 radio,
2357 3780 2409 3823 et
2423 3770 2863 3834 surgentia-sidera
2886 3773 3072 3824 dicent.

2593 3853 2677 3919 (Et
2700 3850 2785 3905 lib.
2810 3869 2877 3915 vt,
2896 3866 3023 3906 vers.
3043 3854 3182 3921 8H.)

1764 3959 2149 4017 Verumtamen
2192 3960 2315 4032 quia
2361 3959 2632 4016 Arnobius
2672 3960 2882 4016 radium
2930 3960 3103 4016 codici
3134 3970 3190 4017 et
3230 3961 3369 4020 libro

1763 4052 2066 4121 conjunxit,
2099 4067 2165 4107 eo
2194 4050 2414 4107 nomine
2440 4051 2660 4122 stylum,
2692 4066 2799 4119 quo
2824 4053 3064 4109 scribere
3091 4068 3210 4109 mos
3229 4054 3369 4111 anti-

1761 4146 1882 4217 quis
1902 4155 2041 4214 erat,
2072 4144 2256 4200 abillo
2280 4143 2552 4216 designari
2581 4142 2721 4199 haud
2741 4143 2924 4200 forsan
2949 4144 3222 4202 immerito
3246 4146 3367 4218 quis

1763 4240 2125 4310 suspicabitur
2144 4242 2167 4293 ’ἑ

1836 4334 2073 4401 Rediuia,
2099 4350 2193 4391 seu
2220 4334 2464 4400 reduvia,
2487 4342 2545 4390 et
2564 4333 2868 4402 reduvium,
2899 4343 3032 4392 teste
3057 4334 3240 4404 Festo,
3270 4352 3361 4409 ap-

1763 4428 2009 4497 pellatur,
2039 4443 2161 4483 cum
2192 4429 2335 4485 circa
2366 4443 2573 4499 ungues
2598 4428 2740 4484 cutis
2779 4443 2841 4485 se
2866 4429 3091 4486 resolvit
3124 4428 3363 4503 (Arnob.,

1762 4522 1852 4576 lib.
1885 4538 1935 4586 ι,
1967 4542 2020 4594 p.
2054 4522 2166 4595 51).
2214 4523 2292 4578 Eo
2346 4523 2515 4581 verbo
2539 4524 2739 4595 sazpius
2770 4523 2999 4581 Plinium
3022 4523 3220 4596 (Plin.,
3273 4526 3364 4582 lib.

1688 4589 1741 4651 D
1769 4633 1843 4671 vn
1888 4589 2079 4672 Natur.
2126 4589 2247 4674 bist.
2276 4662 2292 4687 ,
2340 4636 2456 4691 cap.
2488 4619 2576 4687 19,
2697 4618 2811 4690 ⁸58),
2845 4631 2896 4676 et
2928 4589 3123 4678 alicubi
3146 4589 3366 4679 Circro-

1770 4724 1895 4766 nem
1918 4725 2070 4765 usum
2094 4726 2215 4767 esse
2240 4712 2468 4784 legimus
2491 4710 2708 4785 (επακ,
2737 4722 2867 4768 orat.
2894 4730 2987 4785 pro
3010 4714 3156 4771 Sext.
3181 4715 3364 4786 Rosa,

1769 4822 1824 4875 ῃ.
1859 4804 1949 4869 54,
1981 4804 2074 4861 lin.
2105 4801 2186 4876 2).
2216 4804 2437 4874 Legesis
2476 4804 2811 4872 Turnebum,
2841 4807 2879 4862 l.
2926 4823 3038 4864 xvtt
3069 4809 3359 4868 Adversar.

1771 4913 1834 4952 ca
1879 4939 1888 4951 .
1925 4897 1981 4953 8.

1839 4912 2193 5062 iimpotentiam
2218 4993 2447 5064 priorum
2466 5003 2623 5049 vocat
2660 5002 2849 5051 auctor
2875 5003 3059 5052 noster
3081 4996 3364 5069 repetendi

1770 5084 2080 5139 resuntendi
2127 5092 2306 5140 actum
2335 5085 2585 5157 (Arnob.,
2619 5086 2710 5142 lib.
2740 5103 2811 5155 tt,
2847 5107 2899 5157 p.
2926 5087 3041 5159 62).
3074 5089 3141 5145 Et
3167 5089 3216 5145 id
3242 5090 3364 5162 qui-

1769 5174 1888 5230 dem
1920 5173 2162 5231 hausisse
2189 5176 2399 5233 videtur
2435 5192 2508 5234 ex
2541 5178 2645 5233 hoc
2681 5178 2883 5235 Loretii
2910 5195 3072 5236 versu
3104 5197 3121 5237 :

1860 5290 2144 5355 Iuterrupta
2166 5292 2325 5344 semel
2349 5295 2549 5365 cum_sit
2566 5298 2852 5365 repet-entia
2876 5299 3049 5350 nostri.

2431 5358 2667 5421 (Lucret.,
2688 5358 2770 5409 lib.
2797 5374 2867 5421 nt,
2890 5372 3015 5413 vers.
3041 5360 3178 5425 868.)

1769 5462 1981 5518 Scimus
2005 5463 2220 5535 quidem
2250 5465 2302 5521 in
2322 5465 2431 5536 jam
2461 5466 2620 5522 editis
2648 5466 2750 5538 legi
2780 5469 3008 5538 repentia
3031 5471 3192 5525 nostri
3219 5487 3238 5526 :
3265 5471 3365 5529 sed

1768 5574 1835 5615 eo
1855 5601 1869 5626 ,
1897 5574 2004 5630 quo
2034 5559 2292 5629 diximus,
2326 5561 2488 5618 modo
2517 5561 2777 5632 scriptum
2808 5561 2876 5616 ab
2901 5560 3159 5621 Lucretio
3195 5565 3366 5623 fuisse

1767 5651 1895 5707 inde
1924 5652 2121 5723 conjici
2161 5651 2306 5710 haud
2340 5670 2565 5726 prorsus
2590 5652 2823 5711 absurde
2847 5668 3047 5727 petest,
3073 5659 3217 5731 quod
3262 5663 3366 5716 Ar-

1766 5748 1959 5811 nobius
1986 5749 2174 5808 eodem
2207 5751 2328 5808 loco
2353 5750 2489 5808 dixit
2521 5769 2536 5808 :
2570 5752 2680 5809 Usu
2710 5762 2783 5811 est
2805 5755 2910 5813 illis
2934 5757 3038 5814 vita
3071 5775 3174 5815 non
3218 5776 3364 5816 man-
