3878 6312
518 260 619 324 7οΊ

1796 250 2170 311 DISSERTA'I
2180 252 2250 309 10
2275 253 2436 311 PRIE
2448 253 2477 309 ν
2488 253 2556 311 [Α

3644 256 3721 311 708

516 386 649 456 cipio
677 382 886 437 tradita.
932 378 1065 449 Quis
1091 376 1233 433 enim
1265 372 1420 430 facile
1467 371 1569 428 sibi
1590 385 1696 427 non
1728 368 2104 440 persuadebit,
2137 374 2188 433 Α
2214 382 2334 437 vat,
2377 372 2543 427 salem
2572 368 2870 434 faciebant,
2902 368 3061 439 idque
3088 373 3270 422 vetere
3295 366 3606 439 inscriptione
3626 386 3725 429 coo-

520 480 570 534 id
595 480 662 534 ab
689 480 804 548 ipso
833 473 1077 531 Arnobio
1116 481 1389 541 sumptum
1417 483 1484 524 ex
1513 467 1615 522 hoc
1676 464 1781 520 alio
1822 462 1939 534 ejus
1986 477 2109 518 cor-

520 572 703 628 mine?
1954 552 1959 553 γ

610 684 825 755 Vitaque
847 681 1088 745 mancipio
1111 677 1231 755 nulli
1254 677 1414 755 datur,
1432 673 1666 755 munibus
1687 686 1799 755 usu;

1108 743 1345 806 (Lucret.,
1364 733 1474 792 and.
1498 736 1606 800 lib.,
1633 748 1760 790 vers.
1787 733 1927 800 984.)

592 854 831 909 Runcina
875 853 943 907 ab
971 860 1192 907 auctore
1242 856 1428 904 nostro
1449 845 1752 916 appellatur
1783 843 2113 897 instrumen-

520 963 630 1007 tum
658 949 811 1017 illud,
841 964 949 1019 quo
973 947 1110 1002 fabri
1136 947 1276 1017 ligna
1306 956 1502 1013 aspera
1535 940 1805 1010 lmvigant,
1837 944 1893 991 et
1922 932 2116 1005 gallica

520 1028 671 1099 rabal
694 1051 1053 1112 nuncupatur.
1094 1038 1299 1094 Plinius
1348 1036 1451 1091 hoc
1479 1032 1668 1090 eodem
1720 1029 2020 1101 signiﬁcatu
2046 1024 2118 1080 de

520 1136 695 1191 abiete
720 1133 855 1189 dixit
883 1149 897 1186 :
939 1151 959 1183 ‹
995 1132 1311 1201 Pampinato
1330 1141 1546 1198 semper
1568 1125 1699 1179 orbe
1720 1138 1780 1178 se
1801 1121 2023 1175 volvens
2047 1116 2117 1173 ad

523 1229 773 1283 incitatos
796 1226 1142 1282 runcinarum
1182 1232 1368 1292 raptus
1394 1240 1413 1274 ι
1437 1218 1676 1292 (Amat,
1703 1216 1790 1271 lib.
1816 1231 1887 1283 vn,
1910 1211 2114 1286 p.200;

526 1321 693 1386 Plin.,
728 1321 819 1373 lib.
851 1334 938 1373 xvt
971 1316 1105 1372 Hist.
1138 1326 1336 1380 natur.,
1367 1330 1485 1385 cap.
1509 1312 1601 1380 42,
1634 1328 1689 1382 ρ.
1718 1307 1872 1379 504).

597 1414 855 1471 Saburata
877 1413 1125 1483 sanguine
1152 1426 1310 1482 genus
1338 1410 1549 1471 ducant,
1590 1406 1646 1461 in
1670 1402 1992 1474 quibusdam
2021 1401 2123 1453 Ar-

525 1511 667 1566 nobii
705 1508 1026 1566 editionibus
1055 1507 1248 1576 legitur
1294 1502 1535 1574 (Arnob.,
1566 1499 1655 1554 lib.
1676 1513 1743 1563 v,
1771 1513 1826 1567 p.
1859 1494 2033 1565 ili-li):
2066 1492 2123 1546 in

525 1603 888 1672 manuscripto
918 1601 1065 1670 regio
1093 1596 1299 1661 codice,
1330 1611 1393 1653 ea:
1430 1592 1681 1664 sanguine
1714 1587 1996 1653 subiti-alia,
2027 1585 2122 1640 sed

2213 465 2411 520 ﬁrmat.
2445 463 2516 521 At
2541 463 2577 518 ii
2603 461 2763 518 etiam
2788 461 2889 517 hoc
2913 476 3105 517 nomen
3140 460 3310 516 sortiti
3340 461 3559 529 fuerant,
3586 465 3659 534 qui
3676 481 3728 522 ex

2213 572 2425 613 annona
2468 555 2659 612 salaria
2688 570 2915 621 novum,
2957 563 3019 610 ut
3053 554 3286 625 loquitur
3322 553 3526 620 Livius,
3551 558 3731 630 vectigal

2214 650 2525 705 statuissent
2555 649 2576 724 (
2602 648 2737 715 Μελ,
2768 649 2857 703 lib.
2887 663 3064 716 xxvn,
3092 663 3205 717 cap.
3236 647 3303 701 37
3327 645 3387 719 )..
3413 647 3567 702 Priori
3594 660 3729 707 autem

2215 758 2376 798 sensu
2403 745 2598 813 potius,
2624 758 2781 812 quam
2810 741 3094 812 posteriori
3123 740 3251 796 illud
3281 740 3347 796 ab
3375 742 3591 798 Aruobio
3617 744 3730 801 vidc-

2217 847 2303 894 tur
2333 840 2577 908 usurpari
2596 880 2609 897 π
2643 838 2886 906 quamvis
2913 847 3141 910 utroque
3170 838 3329 892 modo
3356 835 3419 892 ad
3445 836 3551 909 ejus
3583 854 3731 915 propo-

2217 932 2377 986 situm
2407 931 2585 987 facere
2607 931 2866 986 videatur.

2292 1025 2618 1092 Scienlialas,
2641 1024 2906 1080 Arnobius
2917 1023 3148 1096 appellat
3162 1024 3407 1080 minimas
3420 1023 3593 1080 artium
3604 1025 3735 1082 scien-

2219 1118 2320 1173 tias
2345 1128 2399 1173 et
2424 1119 2756 1189 cognitiones
2782 1118 3024 1192 (Arnab.,
3060 1118 3148 1172 lib.
3173 1133 3233 1185 ιι,
3267 1135 3320 1188 p.
3352 1117 3459 1189 56).
3480 1117 3597 1172 Nam
3620 1118 3735 1175 sicuti

2220 1212 2362 1269 haud
2403 1212 2569 1268 semel
2616 1212 3135 1281 animadvertimus,
3165 1212 3347 1269 verbis
3384 1212 3735 1268 diminutivisli-

2220 1308 2438 1364 bentius
2460 1308 2645 1361 utitur.

2293 1400 2522 1457 Scitulas
2558 1410 2701 1455 vacat
2750 1398 2937 1472 Lydia,
2967 1401 3139 1469 inquit
3161 1398 3427 1456 Arnobius
3455 1395 3625 1471 (Ibib.,
3648 1400 3679 1453 l.
3701 1416 3738 1466 ν,

2224 1515 2277 1568 p.
2306 1494 2455 1569 159),
2479 1511 2575 1552 eos
2606 1495 2881 1557 nimirum,
2906 1496 2994 1565 qui
3017 1493 3236 1550 aluntur
3263 1493 3399 1548 lacte
3432 1491 3668 1563 hirquina.
3696 1488 3741 1546 Et

2225 1600 2408 1663 postea
2460 1591 2561 1646 bos
2609 1591 2723 1661 ipse
2777 1600 3048 1659 nuncupat
3095 1588 3303 1643 scitulas
3347 1588 3565 1659 pusiones
3605 1584 3740 1658 (Ibid,

528 1698 730 1753 librarii
780 1693 1134 1768 proculdubio
1174 1705 1379 1747 errore.
1432 1687 1792 1758 Quamobrem
1833 1682 1888 1738 in
1936 1681 2121 1737 ultima
2158 1766 2191 1768 _
2226 1704 2277 1758 p.
2316 1686 2466 1757 179).
2496 1684 2611 1738 Non
2638 1685 2867 1739 deerunt
2897 1684 3124 1739 fortasse
3164 1682 3250 1747 qui
3282 1679 3619 1750 Oplnabuntur
3646 1678 3742 1732 scri.

527 1792 762 1846 editione
794 1788 1025 1859 positum
1056 1803 1120 1841 ea:
1156 1785 1404 1855 sanguine
1428 1782 1760 1851 saparatiare.
1786 1777 1916 1845 Quis
1944 1783 2122 1829 autem
2156 1766 2202 1825 Β
2230 1789 2378 1849 ptum
2409 1778 2478 1832 ab
2506 1777 2747 1832 Amobio
2786 1776 2951 1832 fuisse
2978 1776 3168 1845 ,σξηιιῂ
3191 1789 3369 1846 grmce
3413 1772 3651 1834 σκίταλοι,
3675 1784 3747 1838 quo

531 1901 638 1942 non
661 1885 803 1939 videt
829 1883 883 1938 id
912 1899 976 1937 ex
995 1882 1107 1936 sola
1131 1878 1442 1950 conjectura
1469 1874 1831 1938 emendatum,
1857 1871 1999 1942 quod
2029 1868 2129 1925 ali-
2229 1874 2447 1929 nomine
2462 1872 2870 1944 appellabantur
2891 1873 3026 1927 viles
3049 1881 3103 1926 ει
3128 1870 3358 1940 improbi
3382 1868 3623 1933 homines,
3641 1863 3746 1936 quia,

528 1996 631 2051 qua
667 1979 979 2049 probatione
1005 1975 1228 2031 stabiliri
1256 1971 1483 2028 debuit?
1520 1969 1710 2041 Agitur
1738 1974 1918 2023 autem
1960 1965 2028 2020 ibi
2060 1965 2129 2018 de

534 2073 838 2145 profluente
855 2087 919 2125 ex
942 2069 1229 2140 amputatis
1245 2066 1492 2122 Acdestis
1510 2062 1828 2135 genitalibus
1844 2057 2124 2129 sanguine,

530 2184 595 2223 ex
641 2181 750 2237 quo
802 2165 1005 2219 malum
1045 2164 1295 2234 punicum
1344 2169 1518 2214 ortum
1566 2155 1965 2212 fabulabantur.
1992 2151 2131 2206 Dicit

533 2262 710 2330 itaque
735 2257 1005 2312 Arnobius
1027 2269 1185 2326 poma
1227 2250 1368 2307 illius
1409 2250 1617 2306 arboris
1642 2262 1763 2302 esse
1795 2246 1948 2300 uvida
1972 2252 2028 2299 et
2055 2241 2130 2296 oi—

532 2368 694 2417 nasa;
725 2352 849 2421 quia
879 2364 945 2404 ex
973 2348 1222 2416 sanguine
1248 2346 1342 2400 illo
1368 2344 1706 2415 saparatiore,
1741 2340 1827 2394 vel
1855 2346 2126 2408 sapor-ato,

532 2444 587 2501 itl
615 2453 719 2508 est,
754 2441 964 2513 sapido,
1003 2443 1086 2495 vel
1116 2454 1314 2510 sapore
1341 2437 1584 2493 delibuto
1606 2448 1766 2506 genus
1785 2434 1996 2485 ducant.
2020 2428 2132 2483 No-

534 2538 614 2592 bis
635 2535 851 2607 quidem
896 2549 1002 2590 non
1035 2534 1163 2589 latet
1184 2533 1427 2589 Plautum
1469 2544 1624 2585 usum
1653 2540 1780 2583 esse
1803 2524 2025 2580 nomine
2046 2537 2134 2578 sa-

535 2633 782 2688 burratus
799 2672 814 2698 ,
851 2629 939 2687 ubi
970 2628 1203 2685 cecinit:

1108 2741 1229 2799 Qutc
1252 2738 1336 2788 ubi
1363 2738 1639 2786 saburratae
1660 2746 1848 2784 sumus.

1078 2790 1289 2866 (fluat,
1310 2800 1516 2860 autalt,
1538 2804 1637 2853 act.
1658 2814 1694 2858 ι,
1714 2808 1847 2851 scan.
1871 2790 1946 2856 2ο)

538 2919 596 2974 id
626 2928 730 2983 est,
756 2924 815 2971 ut
842 2921 997 2970 notat
1020 2913 1287 2981 interpres
1308 2908 1430 2964 cibo
1447 2917 1502 2963 et
1523 2914 1650 2977 potu
1679 2910 1910 2959 onusta.
1943 2897 2136 2954 Tralao

548 3014 623 3067 tio
654 3019 737 3065 est
757 3024 787 3063 a
815 3007 1044 3063 navibus
1072 3002 1358 3068 onerariis,
1388 3016 1509 3071 qua:
1532 3014 1654 3055 cum
1675 2996 1823 3052 omni
1849 3006 2017 3050 onere
2031 2990 2140 3045 sint

2230 1978 2290 2023 ut
2318 1969 2567 2024 observat
2612 1966 2839 2023 Suidas:
2874 1965 3052 2021 Scitan
3095 1963 3226 2036 [ulla
3252 1963 3351 2033 fuit
3383 1962 3525 2016 homo
3549 1959 3667 2021 vilis,
3692 1956 3750 2027 qui

2232 2072 2439 2133 propter
2459 2059 2833 2131 improbitatem
2850 2076 2881 2113 a
2901 2055 3123 2114 Cornicis
3153 2055 3476 2128 carpebatur.
3516 2050 3750 2120 Aristopha-

2233 2173 2319 2212 nes
2348 2158 2400 2210 in
2429 2155 2681 2224 equitibus
2707 2170 2726 2207 :

2388 2273 2459 2335 ,ίτι
2482 2278 2530 2333 δὴ
2554 2283 2723 2321 articulat
2744 2295 2801 2327 τι,
2824 2282 2886 2320 καὶ
2906 2284 3071 2333 ςσιναιις,
3091 2274 3135 2328 ἦν
3159 2276 3195 2318 δ’
3220 2281 3313 2330 ἰτὼ,

2390 2348 2600 2398 Βιρισιιοοί
2620 2360 2662 2384 τι
2683 2346 2743 2384 ut
2761 2345 2932 2391 κόϐαλα,
2960 2346 3021 2384 sal
3041 2344 3196 2394 βόθυνις
3215 2372 3228 2391 ,

2388 2401 2512 2462 Ᾰτορά
2535 2425 2577 2451 τι
2600 2412 2636 2448 ιν
2658 2415 2683 2459 ἦ
2704 2412 2790 2455 ταῖς
2806 2408 2869 2455 ὧν,
2892 2404 3106 2457 ιπαδιὺθτιν
3128 2410 3219 2460 cpit,
3246 2398 3251 2439 ξ

2391 2479 2465 2513 Νῦν
2483 2488 2547 2525 μοι
2565 2474 2712 2533 θράσος,
2735 2472 2797 2510 καὶ
2817 2472 2984 2522 γλῶτταν
3010 2468 3157 2522 ιῦπορον
3178 2467 3267 2509 δότε
3284 2500 3297 2517 ,

2357 2530 2361 2543 ι
2387 2538 2513 2585 Φωνήν
2534 2537 2570 2576 τ’
2588 2530 2733 2583 ἄνιιδῆ.

2309 2606 2328 2678 (
2354 2605 2639 2678 Aristaplt.,
2668 2605 2871 2676 liquit,
2898 2622 2950 2674 p.
2977 2604 3106 2672 823,
3132 2615 3253 2663 tam.
3287 2620 3347 2671 ιι,
3376 2602 3545 2667 Poeta
3565 2598 3715 2670 Grec.)

2329 2698 2479 2763 Agite
2497 2701 2667 2761 igitur,
2685 2698 2955 2763 Scitaligue
2974 2702 3027 2763 et
3044 2696 3327 2763 Pugnaces,
3353 2698 3543 2760 mquam
3561 2705 3658 2757 ego,

2327 2759 2742 2875 géreschetique,
2766 2770 2817 2812 et
2840 2759 3028 2818 Cobuli,
3056 2767 3105 2809 et
3129 2759 3411 2819 Mothones,

2373 2838 2633 2875 orumaue.
2659 2826 2707 2873 in
2731 2837 2828 2875 (tuo
2848 2836 2974 2875 puer
2998 2824 3239 2875 existens.
3268 2824 3411 2873 illSlill

2373 2818 2707 2887 orumquefin
2731 2818 2828 2887 quo
2848 2836 2974 2887 puer
2998 2824 3239 2885 existens,
3268 2818 3519 2887 institutus
3540 2818 3617 2879 fhi,

2330 2887 2472 2938 Nunc
2495 2884 2901 2945 mibiaudaciam,
2932 2892 2986 2935 et
3007 2887 3226 2948 linguam
3251 2886 3463 2937 uberem
3484 2884 3605 2944 date,

2329 2950 2615 3017 Vocemque
2641 2949 2997 3015 impudentem.

2238 3063 2400 3134 Atqui
2432 3062 2487 3119 bi
2516 3060 2734 3133 quidem
2776 3074 2968 3121 versus
2998 3060 3054 3118 iu
3111 3060 3275 3117 citata
3335 3052 3759 3129 Aristophaneo-

541 3146 814 3252 statem’ct
840 3193 1037 3249 ﬂuctus
1067 3191 1236 3260 magis
1257 3144 1425 3243 ﬁrmae
1446 3201 1510 3241 ac
1533 3184 1775 3241 stabiles.
1807 3180 1949 3248 Quid
1978 3144 2130 3247 ergo,
2160 3157 2205 3237 (ξ
2238 3158 2434 3214 "undi"
2487 3157 2758 3227 ιθίόυηῐιινι
2801 3154 3183 3209 Verumtamen
3223 3153 3350 3223 (luia
3397 3151 3640 3207 Αΐηουῖιβ
3674 3144 3762 3202 dim

541 3291 743 3362 inquiet
778 3286 1003 3359 aliquis,
1045 3285 1092 3340 si
1132 3285 1185 3338 in
1224 3280 1445 3337 Arnobii
1475 3288 1623 3334 textu
1671 3277 1935 3345 scriptum
1972 3271 2139 3329 [tuerit

544 3399 699 3455 poma
731 3398 793 3437 ea:
811 3378 1060 3451 sanguine
1087 3378 1350 3442 saburata,
1376 3373 1429 3428 id
1452 3381 1554 3434 est,
1585 3369 1788 3441 repleta
1814 3377 1869 3422 et
1890 3374 2136 3430 onerata,

541 3493 710 3549 genus
749 3489 904 3531 suum
934 3470 1168 3528 ducant?
1207 3468 1315 3523 Sed
1347 3466 1465 3520 haec
1500 3462 1769 3520 correctio
1800 3475 1907 3515 non
1954 3456 2140 3513 multis

545 3570 773 3626 fortasse
805 3568 874 3621 ita
914 3565 1077 3619 etiam
1112 3560 1377 3632 explicata
1411 3553 1742 3629 probabitur.
1784 3550 1927 3606 Nihil
1961 3550 2143 3618 itaque

543 3664 746 3733 absque
770 3658 986 3714 alterius
1014 3654 1220 3719 codicis
1251 3652 1359 3711 ﬁde
1379 3693 1393 3718 ,
1427 3650 1513 3706 vel
1538 3645 1760 3705 certiori
1798 3643 2140 3709 auctoritate,

548 3763 811 3811 mutatum
841 3752 1112 3811 volumus.

623 3848 833 3905 Sacaali
869 3849 1000 3899 inter
1037 3840 1397 3899 abcenissianas
1436 3838 1627 3902 serias,
1671 3834 1726 3889 in
1771 3842 1926 3888 utero
1962 3826 2152 3885 matris

551 3945 791 4012 positum
816 3938 1075 3997 infantem
1103 3977 1119 4003 ,
1165 3934 1301 3995 dixit
1326 3931 1602 3997 Arnobius
1650 3932 1671 4000 (
1708 3927 1901 3987 Arnob.
1926 3968 1940 3994 ,
1971 3924 2063 3983 lib.
2090 3939 2151 3992 ιι,

555 4057 608 4110 p.
640 4040 708 4094 o9
735 4035 779 4108 ).
806 4037 878 4093 At
910 4053 930 4087 ι
964 4041 1238 4091 saccatum
1272 4048 1319 4094 ι,
1351 4028 1429 4087 uti
1455 4023 1835 4085 animadvertit
1870 4020 2111 4081 Isidorus
2132 4059 2149 4087 ,

555 4152 575 4189 ι
601 4134 776 4204 liquor
803 4136 890 4187 est
914 4142 1069 4197 aquae
1102 4124 1205 4183 feci
1231 4122 1345 4179 vini
1385 4119 1660 4183 admixtus
1678 4157 1695 4186 ,
1739 4130 1897 4175 sacco
1923 4127 2153 4185 expres-

548 4244 642 4285 sus
673 4246 691 4278 ι
722 4226 743 4298 (
773 4222 995 4287 Isidem,
1024 4220 1115 4275 lib.
1159 4234 1215 4284 v,
1255 4215 1483 4287 0rigin.,
1515 4229 1633 4283 cap.
1666 4213 1700 4267 '5
1722 4211 1762 4281 ).
1794 4208 1994 4267 Verum
2039 4207 2158 4265 hac

560 4336 662 4377 vox
708 4297 776 4377 ab
816 4312 1067 4372 toleratio
1106 4310 1369 4381 accipitur
1408 4321 1507 4377 pro
1544 4304 1679 4362 lotio
1716 4316 1813 4359 seu
1854 4301 2024 4361 urina.
2076 4297 2158 4355 De

554 4413 742 4488 pueris
774 4411 918 4467 enim
948 4404 1345 4469 somniantibus
1372 4401 1557 4459 canit:

1156 4518 1376 4571 ﬁndunt
1396 4514 1627 4567 attollere
1644 4518 1857 4570 vestem.

646 4588 821 4643 Totius
844 4586 1099 4637 humorem
1128 4592 1372 4643 sat-catum
1394 4585 1448 4631 ut
1472 4578 1691 4643 corporis
1708 4576 1939 4643 fundant.

1056 4632 1292 4711 (Lucret.,
1318 4640 1399 4693 lib.
1426 4656 1492 4703 ιν,
1516 4632 1644 4690 vers.
1672 4637 1788 4687 1021
1817 4641 1862 4686 et
1879 4632 2037 4698 seqq.)

631 4761 800 4820 Seria:
837 4773 968 4812 vero
1015 4751 1320 4825 significant
1370 4761 1497 4803 vasa
1538 4741 1822 4817 qumdam,
1869 4740 1922 4796 in
1968 4737 2163 4809 quibus

559 4870 696 4927 aqua
723 4850 1125 4908 asservabatur.
1158 4844 1290 4900 Inde
1313 4840 1602 4897 Terentius
1638 4856 1651 4892 :

684 4966 850 5020 Βελινί
873 4962 1003 5013 dolia
1029 4959 1210 5016 omnia,
1235 4968 1408 5013 omnes
1420 4956 1606 5020 serias.

906 5022 1150 5090 (Terent.,
1172 5014 1518 5078 Heautontim,
1540 5020 1633 5066 act.
1659 5030 1728 5075 ιιι,
1753 5026 1883 5065 scen.
1907 5014 1979 5077 1.)

564 5136 832 5197 Arnobius
872 5148 1075 5209 porro,
1119 5139 1175 5183 ut
1219 5123 1477 5187 humilem
1522 5132 1576 5178 et
1614 5121 1877 5193 abiectam
1921 5117 2163 5181 hominis

564 5230 926 5289 conditionem
954 5218 1261 5279 evidentius
1286 5215 1719 5281 demonstraret,
1753 5211 1969 5282 scripsit
1999 5226 2121 5265 eum
2144 5251 2160 5276 ,

566 5342 684 5382 eum
717 5324 769 5381 in
812 5318 1001 5387 matris
1034 5325 1188 5381 utero
1230 5309 1494 5367 formatus
1540 5319 1623 5363 est
1649 5351 1664 5376 ,
1708 5308 1839 5360 inter
1881 5304 2089 5376 pituitas
2117 5311 2165 5355 et

568 5418 870 5491 sanguinem
901 5414 1115 5485 degere,
1145 5410 1278 5462 inter
1304 5402 1541 5458 stercoris
1569 5403 1658 5457 lias
1688 5412 1848 5467 utres,
1894 5408 1939 5453 et
1977 5397 2169 5459 saccati

570 5489 761 5583 supple
789 5505 1053 5570 humoris,
1073 5498 1476 5557 abscwnissintas
1498 5495 1677 5550 serias.
1700 5493 1778 5549 Ita
1805 5506 1936 5548 sane
1961 5489 2169 5545 auctori

574 5581 764 5661 nostro
795 5595 1120 5673 praegnantis
1147 5590 1385 5649 fmminae
1402 5597 1616 5669 uterum
1644 5585 1916 5659 appellare
1943 5581 2166 5655 placuit.

644 5664 978 5753 Salinatores
1030 5682 1554 5758 cegnominabantur
1582 5664 1617 5752 ‘(
1659 5679 1852 5734 Arnob.
1883 5720 1898 5745 ,
1962 5677 2049 5730 lib.
2091 5690 2169 5743 ιι,

578 5811 628 5866 p.
661 5790 797 5860 70.),
828 5785 939 5858 qui,
972 5783 1070 5851 uti,
1099 5789 1219 5853 post
1251 5776 1489 5846 Papiam,
1516 5772 1946 5831 Elmcnltorstius
1985 5769 2171 5826 obser-

2237 3252 2448 3313 saitnlas
2490 3251 2732 3323 partione:
2791 3258 2941 3320 atque
2984 3247 3186 3305 adultas
3245 3246 3599 3303 eminentissimis
3643 3239 3759 3304 lineis,

2239 3344 2525 3405 retinenda
2566 3341 2921 3415 proculdubio
2964 3340 3177 3399 videtur
3203 3340 3324 3397 hinc

2240 3438 2561 3513 quibusdam
2589 3439 2737 3495 enim
2762 3436 3079 3495 mulieribus
3100 3435 3324 3493 Plautus
3354 3432 3577 3491 canebat
3601 3446 3614 3484 :

2945 3551 3054 3611 Qua
3076 3555 3192 3601 sunt
3205 3548 3333 3600 facie
3344 3550 3370 3599 ?
3391 3548 3588 3600 Scitula.

2747 3634 2957 3701 (Plaut,
2985 3632 3225 3694 nudata,
3246 3636 3346 3689 act.
3365 3646 3420 3695 ιι,
3440 3643 3564 3685 scan.
3578 3629 3641 3691 7.)

2248 3750 2317 3806 Et
2344 3750 2447 3805 hoc
2477 3748 2639 3804 etiam
2669 3746 2844 3802 altera
2876 3761 2891 3799 :

2342 3842 2506 3905 Atque
2532 3841 2698 3890 ambas
2719 3837 2874 3889 forma
2889 3837 3079 3901 scitula,
3105 3844 3254 3905 atque
3278 3836 3497 3888 aetatula.

3030 3926 3037 3929 -
3065 3893 3077 3901 ’
3139 3893 3268 3965 (lat.
3289 3915 3360 3962 tv,
3374 3911 3506 3953 scen.
3527 3893 3593 3958 t.)

2253 4010 2308 4068 id
2337 4020 2420 4068 est
2439 4053 2456 4080 ,
2503 4010 2674 4066 forma
2705 4008 3039 4080 subeleganti
3082 4016 3138 4064 et
3176 4017 3426 4064 venusta.
3459 4005 3538 4063 Eo
3560 4002 3692 4060 etiam
3711 4010 3773 4050 utr

2254 4107 2401 4172 mine
2449 4104 2706 4175 Apuleius
2751 4119 2895 4173 sape
2945 4102 3113 4158 utitur
3167 4101 3377 4174 (Apul.,
3429 4101 3517 4156 lib.
3547 4114 3582 4154 ιι
3619 4093 3772 4151 luam.

2262 4219 2384 4274 pag.
2409 4201 2495 4269 19,
2527 4201 2596 4255 26
2618 4209 2663 4254 et
2685 4198 2854 4271 alibi).

2330 4299 2583 4355 Scurrula
2608 4296 2855 4363 urbanus,
2889 4311 3085 4351 nomen
3108 4304 3191 4351 est
3215 4294 3589 4350 diminutivum
3615 4294 3773 4343 scurm

2258 4395 2342 4450 cui
2375 4394 2592 4449 Plautus
2620 4391 2944 4463 adjectivum
2988 4390 3232 4456 urbanus,
3259 4383 3683 4460 quemadmodum
3707 4377 3773 4431 Δῖ-

2261 4489 2455 4545 nobius
2479 4488 2726 4542 scurrula?
2746 4486 3024 4557 conjunxit
3057 4483 3299 4558 (Arnob,
3336 4486 3375 4542 l.
3406 4498 3502 4552 vu,
3529 4498 3578 4553 p.
3598 4472 3719 4542 206l-
3738 4464 3777 4522 Ηί

2186 4552 2241 4629 Β
2263 4592 2440 4637 autem
2470 4591 2594 4636 sunt
2620 4582 2791 4638 Plauti
2816 4594 3005 4637 versus
3030 4596 3044 4632 :

2355 4675 2432 4726 Tu
2456 4677 2671 4724 urbanus
2694 4688 2815 4725 vero
2833 4685 3019 4735 scurra,
3054 4670 3248 4723 deliciae
3270 4670 3458 4736 papuli,

2356 4738 2461 4789 Rus
2481 4739 2600 4799 mihi
2626 4749 2676 4788 tu
2700 4737 2936 4799 obiectas.

2564 4798 2789 4885 ‘(Ptaut.,
2814 4818 3154 4880 Mosleu.,act.
3181 4834 3219 4881 ι,
3244 4804 3701 4881 scen.i,pag.521.)
3775 4838 3783 4855 ,
3838 4798 3839 4885 γ

2202 4962 2213 4971 ,
2269 4911 2332 4967 Et
2360 4910 2488 4966 alibi
2516 4928 2529 4965 :

2359 5006 2515 5066 Quam
2540 5005 2715 5055 urbani
2740 5004 2920 5054 assidui
2937 5006 3087 5065 cives,
3116 5014 3240 5066 quos
3255 5012 3450 5055 scurras
3467 5002 3641 5055 vocant.

2549 5089 2735 5153 (Idem,
2764 5087 3004 5146 Triunm.,
3032 5092 3129 5137 act.
3152 5100 3186 5147 ι,
3212 5097 3344 5137 scen.
3366 5085 3414 5146 2,
3440 5095 3548 5147 pag.
3570 5070 3703 5135 1022.)

2265 5198 2520 5254 Scurram
2569 5206 2745 5259 autem
2775 5197 3037 5251 urbanum
3091 5204 3247 5266 poeta
3280 5194 3480 5265 aliique
3525 5197 3707 5245 veteres
3727 5188 3789 5243 ³1)·

2267 5293 2540 5364 pellabant
2567 5291 2799 5347 facetum
2828 5290 3159 5362 politumque
3184 5288 3481 5351 hominem,
3513 5282 3595 5356 qui
3629 5272 3789 5364 miniata

2269 5361 2340 5442 sit
2366 5387 2624 5442 rusticus.
2659 5387 2837 5457 Atque
2883 5384 2985 5439 hoc
3032 5361 3197 5440 sensu
3229 5384 3295 5439 ab
3326 5377 3561 5438 Arnobio
3588 5361 3789 5430 scurrulm

2271 5497 2464 5536 nomen
2499 5479 2748 5535 similiter
2776 5478 3056 5548 accipitur.
3091 5479 3279 5535 Postea
3320 5486 3493 5535 tamen
3520 5471 3612 5526 alia
3636 5474 3737 5520 sane
3756 5458 3792 5508 et
3838 5466 3839 5497 θ

2272 5576 2543 5631 contraria
2587 5573 2980 5647 signiﬁcatione
3007 5582 3320 5643 usurpatum
3349 5580 3449 5626 est.
3485 5564 3583 5623 Sed
3610 5575 3660 5616 ea
3684 5554 3735 5647 die
3754 5560 3793 5602 re

2274 5671 2473 5728 videsis
2500 5643 2830 5729 Turn'ebum,
2869 5668 2963 5722 lib.
2992 5681 3086 5721 xxx
3111 5666 3427 5731 Adversar.,
3459 5673 3570 5726 cap.
3598 5643 3791 5717 15;“?

2276 5766 2437 5832 sitim,
2466 5763 2519 5820 in
2543 5762 2843 5835 Etymolog.
2871 5804 2885 5829 ,
2919 5771 2971 5817 et
2999 5760 3155 5815 alios.

3357 3355 3458 3396 vox
3501 3332 3761 3395 adﬂicti):
3838 3332 3839 3396 ἦ
