3878 6312
449 237 506 292 7i
525 230 544 292 l
1735 232 2060 297 DISSERTA

2167 243 2180 296 ι
2217 243 2496 300 ΡιιίΕνιΑ
3610 253 3693 310 7H.

444 352 775 408 Sumiaatam
805 365 936 408 vero
953 365 1173 408 carnem
1196 350 1463 406 Arnobius
1483 365 1602 407 eam
1633 354 1884 425 appellat,
1913 373 2030 424 qua:
2058 363 2108 421 Α
2212 359 2420 415 Trilices
2461 369 2644 421 vestes,
2691 373 2720 412 a
2754 358 2924 415 tribus
2964 358 3100 416 liciis
3121 402 3136 426 ,
3165 360 3241 416 ait
3267 362 3518 434 Isidorus,
3556 367 3690 426 dicta:

449 457 517 498 ex
549 443 653 499 illis
681 444 885 499 ventris
914 444 1054 499 suilli
1087 443 1326 512 partibus
1351 443 1633 514 desumpta
1663 456 1765 511 est,
1798 449 1952 502 sicuti
1980 466 2046 503 ex
2154 452 2392 521 (Arnob.,
2428 453 2514 507 lib.
2551 467 2623 516 IV,
2654 468 2773 522 pag.
2810 452 2960 524 144).
2991 450 3145 522 Apud
3180 453 3450 526 Virgilium
3479 460 3602 515 enim
3629 462 3691 519 le-

449 538 824 608 superioribus
849 537 968 607 ejus
997 537 1178 592 verbis
1207 537 1429 608 intelligi
1461 539 1616 593 facile
1645 549 1841 610 potest.
2153 546 2326 615 gimus
2351 563 2364 598 :

522 633 764 702 Suppara
792 629 980 696 Varro,
1005 631 1162 702 paulo
1179 641 1305 686 ante
1321 632 1536 699 citatus,
1559 631 1717 687 docet
1733 649 1853 689 esse
1876 635 2040 704 quod-

2250 659 2468 708 Loricam
2493 667 2767 709 consertam
2793 660 2963 722 hamis,
2993 674 3214 724 auroque
3242 663 3463 713 trilicem.

449 725 570 780 dant
599 741 768 796 genus
813 727 997 789 vestis,
1042 741 1144 796 qua
1191 726 1631 796 superinduimur
1657 728 1833 797 (Arn.,
1865 729 1952 783 lib.
1985 747 2042 795 ιι,
2613 740 2840 807 (Virgil.,
2861 741 2944 794 lib.
2971 760 3022 794 ιιι
3047 744 3259 806 .£neid.,
3282 758 3403 799 vers.
3423 747 3546 809 467.)

451 837 505 891 p.
555 819 662 886 56;
703 818 884 888 Varr.,
912 820 952 874 l.
984 836 1034 875 tv
1064 819 1128 874 de
1153 818 1304 892 Ling.
1342 820 1459 888 lat.,
1491 837 1610 891 pag.
1643 818 1756 892 28).
1787 821 2048 888 Quocirca

843 861 884 888 .,
912 853 952 874 ι.
984 853 1028 875 ιν
1064 853 1127 874 ιω
1153 853 1304 892 μιηυ.
1342 853 1459 888 tu“,
1491 853 1610 891 μυυ.
1646 853 1756 892 ιο).
1787 853 2048 888 κυυωιια
2153 853 2223 908 Et
2249 854 2354 909 auo
2381 855 2432 908 in
2459 854 2596 911 libro
2625 874 2636 910 τ

451 913 697 969 Lucanus
723 913 920 969 cecinit
947 930 960 967 :

2245 965 2472 1018 Lazvibus
2489 967 2602 1016 huic
2624 966 2784 1018 hamis
2806 975 3082 1019 consertam
3118 982 3338 1033 auroque
3360 971 3576 1022 trilicem.

545 1030 764 1094 Suppara
787 1027 993 1079 nudatos
1013 1029 1218 1118 cingunt
1242 1039 1449 1118 angusta
1472 1029 1782 1118 lacertos.___
1813 1116 1819 1118 ν
3055 1049 3179 1116 (Lib,
3208 1027 3403 1116 ηὐενε,
3425 1054 3551 1118 259,)

1107 1112 1332 1176 (Lucan.,
1359 1112 1447 1165 lib.
1470 1129 1521 1172 ιι,
1549 1127 1674 1165 vers.
1692 1115 1830 1178 555.)

452 1195 568 1253 Non
596 1197 791 1253 desunt
806 1206 1003 1264 tamen,
1030 1197 1120 1268 qui
1143 1213 1435 1268 supparum
1465 1198 1605 1254 idem
1623 1214 1685 1252 ac
1706 1198 2046 1264 subuculam,

454 1293 523 1350 de
553 1309 655 1364 qua
680 1293 838 1363 paulo
862 1309 1022 1364 supra
1044 1292 1299 1360 diximus,
1324 1309 1446 1350 esse
1468 1295 1779 1365 opinentur.
1801 1293 1906 1348 Scd
1929 1309 2049 1348 cum

455 1400 643 1443 auctor
683 1397 870 1444 noster
900 1403 962 1443 ea
995 1389 1124 1443 satis
1149 1397 1336 1458 aperte
1365 1387 1694 1452 distinxerit,
1728 1387 1882 1442 nobis
1910 1385 2050 1441 haud

456 1495 678 1550 prorsus
707 1481 925 1536 dubium
949 1492 1029 1536 est
1057 1496 1370 1551 supparum,
1393 1482 1505 1548 illa,
1534 1497 1691 1553 quam
1722 1480 2048 1548 notavimus,

457 1575 868 1647 signiﬁcatione,
901 1576 968 1631 ab
990 1577 1107 1647 ipso
1133 1576 1400 1632 adhiberi.

531 1670 916 1740 ngplegmata
972 1671 1260 1724 mimorum
1329 1681 1481 1725 vocat
1531 1671 1804 1726 Arnobius
1865 1687 2053 1727 eorum

458 1762 793 1833 complexus,
825 1762 1254 1833 complexiones,
1290 1772 1346 1817 et
1390 1763 1832 1832 complicatioues
1875 1763 2053 1834 (Anu,
2085 1777 2134 1838 Β

461 1855 550 1910 lib.
583 1872 674 1922 vn,
703 1873 824 1928 pag.
853 1855 1008 1926 259).
1041 1855 1301 1910 Martialis
1328 1865 1508 1911 autem
1539 1857 1768 1912 canebat
1801 1874 1813 1910 :

2153 1156 2212 1214 In
2246 1157 2480 1228 priorem
2507 1169 2687 1216 autem
2713 1174 2927 1215 versum
2960 1159 3200 1227 Servius,
3230 1158 3486 1231 Trilicem,
3507 1163 3574 1218 ait
3590 1164 3692 1217 trino

2156 1270 2287 1309 nexu
2315 1255 2581 1309 intextam.

2229 1345 2460 1401 Trullam
2504 1355 2558 1400 et
2598 1346 2818 1402 trulleos
2867 1356 3132 1403 memorat
3173 1347 3440 1402 Arnobius
3476 1346 3698 1419 (Arnob,

2157 1441 2245 1495 lib.
2280 1457 2352 1508 ιι,
2384 1458 2503 1512 pag.
2529 1440 2599 1496 56
2628 1451 2674 1494 et
2704 1439 2822 1512 59).
2853 1441 3035 1496 Trulla
3067 1452 3276 1506 autem,
3307 1441 3700 1511 quemadmodum

2154 1549 2186 1588 a
2217 1533 2455 1589 Varrone
2486 1533 2763 1601 discimus,
2794 1533 2936 1588 idem
2965 1549 3027 1589 ac
3055 1536 3246 1605 ingens
3275 1533 3541 1600 cocltlear,
3567 1545 3613 1590 et
3633 1551 3701 1591 ras

2157 1626 2418 1681 vinarium
2460 1636 2616 1682 sonat
2652 1625 2862 1698 (Varr.,
2913 1627 3001 1680 lib.
3035 1642 3087 1680 tv
3114 1627 3176 1680 de
3202 1626 3364 1698 Ling.
3402 1627 3511 1694 lat.,
3540 1645 3587 1697 p.
3612 1628 3698 1695 ‘29).

2159 1723 2250 1778 Sic
2290 1731 2468 1777 autem
2498 1721 2627 1777 ille:
2667 1740 2686 1774 ι
2717 1721 2932 1787 Trulla,
2970 1741 2989 1774 ι
3039 1721 3246 1792 inquit,
3288 1740 3308 1773 ι
3353 1720 3703 1777 αιδίιιιιιιιιιᾱιιιθ

2162 1824 2328 1883 truae,
2373 1830 2490 1888 qua:
2535 1815 2677 1885 quod
2720 1829 2947 1886 magna,
2976 1823 3030 1869 et
3059 1814 3174 1869 haec
3219 1814 3442 1884 pusilla,
3474 1824 3525 1868 ut
3551 1813 3702 1868 truula.

1242 1905 1297 1910 r-v
1330 1905 1508 1911 ν-ν-νν---
1545 1905 1767 1912 ν-ν--ν-’νν-
1801 1905 1813 1910 ν
1960 1910 1977 1922 .

1242 1971 1251 1980 ⁸
1275 1969 1286 1984 I
1441 1970 1451 1984 I
1494 1973 1524 1984 ,ο

2167 1909 2301 1963 llinc
2330 1909 2487 1978 graeci
2516 1909 2774 1984 τρυϐλίον,
2806 1923 2904 1963 nos
2933 1907 3166 1962 trullam.
3198 1905 3360 1980 Troa:
3387 1923 3500 1978 qua:
3523 1922 3547 1959 a
3570 1905 3704 1962 culina

458 1991 463 2032 ι
556 1970 828 2033 Praestent,
845 1977 896 2019 et
934 1977 1146 2026 taceant,
1171 1969 1287 2032 quid
1314 1970 1525 2020 exsoleti
2163 2007 2212 2033 εκ
2244 1969 2559 2033 ,ηζηιηηξ

457 2001 472 2096 ll
1304 2001 1612 2095 Edwin“...
2163 2007 2214 2060 in
2244 2006 2560 2060 lavatrinam
2583 2019 2778 2074 aquam
2807 2003 3056 2058 fundunt.
3082 2002 3249 2069 Trua,
3277 2001 3421 2072 quod
3450 2001 3704 2055 lravolatea

481 2093 491 2097 _
576 2091 586 2092 κ
673 2091 723 2150 1-
789 2091 800 2095 -
870 2091 896 2096 ν
1073 2091 1330 2182 {Magn-ul”
1358 2091 1438 2168 ω).
1469 2119 1736 2184 xu,epigr.
1765 2119 1870 2182 45.)
2161 2115 2334 2171 aqua;
2383 2101 2450 2155 ab
2496 2097 2690 2154 eodem
2739 2105 2822 2164 est
2868 2096 3196 2167 appellatum
3248 2095 3518 2149 trulleum.
3559 2091 3704 2149 Simile

2162 2193 2302 2249 enim
2337 2191 2522 2264 ﬁgura,
2549 2193 2650 2246 nisi
2679 2189 2822 2261 quod
2847 2190 3006 2244 latius
3028 2187 3260 2257 concipit
3291 2203 3503 2258 aquam,
3523 2196 3570 2240 et
3593 2183 3698 2257 quod

2163 2287 2498 2342 tnanubrium
2522 2302 2710 2341 cavum
2739 2300 2846 2340 non
2874 2294 2977 2352 est,
3011 2283 3112 2338 nisi
3139 2283 3349 2338 vinaria
3382 2281 3529 2336 trulla
3563 2292 3705 2334 acces-

2163 2379 2252 2434 sit.
2283 2398 2302 2430 ι
2339 2378 2508 2432 Priori
2539 2385 2715 2432 autem
2747 2391 2910 2432 sensu
2940 2391 2970 2430 a
2999 2375 3194 2440 Plinio,
3228 2384 3287 2431 et
3314 2373 3579 2446 posteriori
3605 2368 3707 2426 aCi-

2169 2485 2367 2526 cerone
2394 2469 2687 2540 accipitur,
2715 2467 2804 2522 ubi
2829 2468 2907 2522 sic
2932 2467 3207 2522 invehitur
3233 2467 3293 2522 in
3327 2465 3537 2522 Verrem
3559 2461 3705 2533 (Plin.,

2165 2563 2254 2620 lib.
2283 2579 2490 2618 xxxv“.
2516 2572 2686 2616 natur.
2725 2561 2890 2628 Hist.,
2913 2578 3032 2631 cap.
3061 2562 3118 2628 Ξ,
3146 2578 3198 2631 p.
3226 2560 3362 2626 362;
3391 2559 3517 2624 Cic.,
3544 2565 3650 2612 orat.
3666 2554 3705 2618 ι,

2165 2668 2328 2712 contr.
2370 2655 2596 2723 Verrem,
2627 2673 2680 2726 p.
2708 2653 2854 2726 172).
2894 2673 2912 2705 ι
2945 2654 3073 2710 Erat
3095 2656 3256 2708 etiam
3294 2669 3391 2707 vas
3417 2650 3644 2706 vinariqu
3660 2660 3706 2702 et

2167 2769 2271 2808 una
2311 2767 2518 2823 gemma
2552 2749 2868 2823 pergrandi,
2900 2749 3057 2804 trulla
3100 2759 3392 2814 excavata,
3431 2763 3544 2804 cum
3569 2758 3705 2801 mauu-

2164 2847 2284 2903 brio
2313 2862 2594 2902 aureo.....
2624 2847 2781 2902 Mittit
2811 2845 2974 2900 etiam
3023 2845 3236 2898 trullam
3267 2859 3560 2915 gemmeam
3597 2855 3706 2908 roga--

2171 2949 2306 3007 tum,
2333 2941 2470 2996 velle
2493 2956 2612 2996 cam
2637 2956 2696 2996 se
2717 2937 3028 3009 diligentius
3053 2936 3439 3003 considerare;
3463 2952 3520 2992 ea
3547 2944 3706 3006 quoque

2167 3037 2216 3090 ei
2246 3036 2494 3091 mittitur.
2532 3056 2550 3088 ι
2582 3035 2856 3091 Juvenalis
2897 3049 3028 3090 vero
3072 3049 3167 3090 vas
3203 3033 3473 3104 potorium
3508 3044 3609 3088 esse
3633 3027 3704 3082 hoc

2169 3130 2432 3202 signiﬁcat
2465 3143 2624 3185 versu
2658 3148 2673 3184 :

532 2226 826 2282 Textricula
857 2228 1030 2298 puella
1065 2228 1281 2281 nomine
1307 2226 1483 2280 adhuc
1511 2225 1833 2281 diminutivo
1859 2225 1926 2280 ab
1956 2227 2057 2280 Ar-

463 2321 626 2377 nobio
679 2331 864 2375 nostro
917 2329 1256 2391 nuncupatur
1284 2319 1460 2389 (Am,
1505 2319 1592 2372 lib.
1643 2334 1694 2382 v,
1729 2335 1856 2389 pag.
1905 2317 2055 2385 166),

464 2415 615 2485 quasi
647 2415 866 2470 minima
909 2415 1126 2480 textrix,
1169 2427 1289 2483 qua:
1327 2412 1537 2467 scilicet
1585 2409 1783 2480 aliquid
1821 2409 2057 2465 nondum

465 2507 622 2562 ducta
651 2525 809 2562 manu
840 2508 1075 2563 texebat.

541 2599 743 2671 Tiputa,
774 2602 827 2654 in
875 2598 1237 2668 manuscripto
1277 2597 1464 2653 codice
1513 2597 1750 2667 ltippula,
1783 2596 1876 2652 sed
1921 2596 2062 2651 male

468 2693 687 2767 (ldem..
715 2694 804 2749 lib.
835 2710 894 2757 ιι,
925 2712 978 2764 p.
1008 2689 1122 2765 85).
1154 2691 1346 2762 Tipula
1375 2701 1554 2745 autem
1588 2697 1671 2745 est
1699 2688 1911 2758 species
1941 2703 2062 2743 ver-

465 2790 590 2856 mis,
624 2805 720 2845 seu
745 2788 1008 2853 araneoli,
1037 2801 1132 2841 sex
1167 2785 1370 2840 habens
1403 2785 1587 2855 pedes,
1619 2793 1779 2839 tantae
1809 2783 2061 2848 levitatis,

467 2896 705 2956 utsuper
745 2897 912 2955 aquas
953 2880 1230 2952 gradiatur
1261 2901 1274 2934 :
1315 2879 1456 2934 unde
1487 2879 1575 2934 hic
1604 2877 1778 2932 Plauti
1825 2891 2014 2932 versus
2046 2893 2058 2928 :

558 2999 738 3063 Neque
760 2997 928 3061 tipulae
945 2995 1104 3047 levius
1124 2994 1312 3058 pondus
1331 3000 1426 3054 est,
1451 3006 1594 3057 quam
1619 2992 1742 3042 ﬁdes
1766 2991 1997 3041 lenoniaz.

999 3079 1210 3145 (Plaut.,
1229 3082 1398 3140 Pers.,
1415 3083 1514 3128 act.
1538 3091 1593 3137 ιι,
1615 3089 1746 3127 scen.
1773 3075 1846 3138 2).

467 3199 502 3267 ῖε
541 3196 739 3252 Trabea
782 3200 899 3250 erat
927 3189 1125 3256 vestis,
1168 3187 1322 3258 cujus
1351 3184 1545 3256 triplex
1590 3198 1782 3255 genus.
1825 3181 2062 3236 Primum
2091 3167 2135 3230 C

470 3307 704 3365 purpura
760 3289 958 3344 factum
1011 3284 1118 3340 diis
1162 3281 1580 3339 consecrabatur
1628 3277 1803 3350 (Am,
1857 3275 1947 3332 lib.
2005 3291 2064 3344 ιι,

471 3405 592 3460 pag.
625 3383 739 3458 56).
793 3381 950 3438 Aliud
985 3394 1189 3450 regum,
1221 3386 1277 3432 et
1305 3374 1437 3430 illud
1465 3387 1678 3444 quoque
1709 3383 2064 3441 purpureum,

470 3481 564 3537 sed
594 3479 699 3534 albi
723 3475 924 3548 aliquid
947 3472 1146 3530 coloris
1174 3471 1398 3526 mixtum
1429 3466 1680 3522 habebat.
1707 3464 1949 3520 Tertium
1975 3478 2069 3517 au—

470 3573 676 3647 gurale,
730 3584 959 3642 purpura
1003 3566 1227 3621 mixtum
1271 3573 1325 3619 et
1372 3576 1557 3616 cocco.
1608 3558 1886 3629 Frequens
1928 3556 2070 3610 illius

2266 3248 2320 3298 Si
2337 3247 2479 3299 trulla
2499 3250 2699 3299 inverso
2723 3249 2965 3310 crepitum
2989 3249 3130 3310 dedit
3151 3261 3304 3310 aurea
3328 3247 3491 3298 fundo.

2776 3308 3045 3374 (Juvenat.,
3066 3309 3206 3362 satir.
3232 3309 3282 3372 3,
3301 3323 3428 3362 vers.
3452 3308 3567 3371 108).

2173 3417 2346 3488 Atque
2371 3415 2532 3471 etiam
2559 3415 2814 3471 Horatius
2838 3433 2851 3470 :

2266 3531 2356 3596 Qui
2380 3531 2709 3596 Veientanum
2732 3531 2872 3596 festis
2896 3540 3068 3596 potare
3089 3533 3274 3584 diebus

1547 3599 1559 3665 ξ
1608 3593 1886 3665 Tw“?
2264 3593 2502 3658 Campana
2533 3594 2707 3644 solitus
2731 3593 3218 3661 trulla,'vappamque
3246 3595 3489 3660 profestis.

471 3667 610 3738 apud
638 3667 812 3722 bonos
840 3671 1088 3717 auctores
1125 3657 1348 3715 mentio.
1380 3654 1593 3710 Videsis
1621 3651 1938 3709 Suetonium
1971 3649 2060 3703 lib.

2380 3649 2392 3658 ’
2422 3678 2641 3739 (Horat.,
2666 3675 2748 3728 lib.
2774 3693 2826 3740 ιι,
2851 3649 2993 3728 satir:
3011 3649 3065 3738 Β,
3088 3649 3213 3730 vers.
3238 3649 3333 3730 ἀῶ
3350 3686 3395 3729 et
3427 3681 3569 3745 seqq.)

471 3761 540 3817 de
568 3774 764 3833 genere
785 3756 1035 3820 vestium,
1069 3751 1256 3807 Isidor.
1297 3750 1389 3804 lib.
1426 3748 1516 3803 l9.
1546 3746 1753 3817 Origin.
1797 3743 1973 3814 capite
1997 3742 2069 3798 ‘24

1111 3770 1370 3858 ξ¹⁰ίξτζιξξθ
1377 3789 1389 3803 ⁸
1426 3770 1516 3803 ’δ’
1546 3770 1753 3817 ""3""
1797 3770 1973 3814 “Pw
2001 3770 2069 3798 n
2171 3782 2382 3838 Videsis
2404 3797 2666 3854 praeterea
2689 3784 2906 3839 citatum
2924 3784 3035 3856 jam
3057 3801 3087 3840 a
3113 3784 3269 3840 nobis
3288 3785 3528 3842 Plautum
3547 3770 3702 3855 (Soph

472 3865 529 3912 et
551 3855 778 3910 aliorum
806 3851 876 3906 de
905 3864 965 3905 re
991 3845 1244 3903 vestiaria‘
1270 3844 1457 3898 libros.

1766 3932 1806 3952 ΒΑ
1865 3930 2007 3952 In”
2172 3875 2240 3930 ad
2272 3878 2406 3933 verb.
2441 3876 2792 3952 LANCILULA),
2823 3893 2924 3933 nec
2953 3895 3060 3933 non
3091 3878 3414 3942 Martialem,
3439 3879 3524 3933 lib.
3543 3890 3604 3940 lx,
3626 3871 3704 3941 epi-

543 3947 856 4022 Tmpemm’
899 3959 994 3999 se“
1045 3952 1260 4040 irapeSI
1301 3936 1444 4040 inda
1484 3944 1568 3992 es"
1614 3932 1815 3989 Olearia
1861 3930 2064 4003 “bid”
2171 3985 2344 4040 gram.
2382 3970 2482 4036 98;
2517 3930 2792 4038 Plinium]:
2811 3971 2907 4027 lib.
2941 3988 3105 4028 xxxiv
3156 3971 3282 4027 Nat.
3317 3930 3528 4038 ltis‘tor.,
3553 3930 3702 4036 αᾶρξι,

473 4063 526 4119 ν’
559 4045 671 4114 59)’
704 4040 957 4113 Virgilius
981 4037 1180 4110 quippe
1209 4033 1342 4090 dixit
1374 4051 1387 4086 ³
2172 4033 2294 4135 pag.
2318 4063 2408 4121 9t.
2432 4033 2716 4131 Catonem,
2745 4033 2814 4119 de
2839 4064 2918 4120 Re
2947 4067 3168 4132 rustica,
3199 4080 3320 4136 cap.
3353 4065 3420 4122 to
3446 4072 3498 4121 et
3517 4033 3654 4125 ll,et
3670 4055 3705 4108 in

567 4159 721 4209 Venit
740 4156 930 4220 hiems.
947 4146 1547 4228 estpassure)???
1571 4145 1859 4228 ίῖέἒὲιίῖῖιη.

2172 4155 2449 4212 Juvenalis
2497 4171 2714 4212 carmen
2767 4158 3164 4212 annotationes.
3215 4156 3454 4228 Denique
3493 4152 3706 4210 trullaest

962 4213 1188 4280 (Virgil.,
1210 4206 1293 4262 lib.
1319 4226 1352 4260 ιι
1379 4210 1575 4274 Georg.,
1600 4206 1722 4259 vers.
1745 4206 1880 4266 5l9).

2176 4206 2445 4212 παπ---
2505 4206 2714 4212 ______-__
2769 4206 3163 4212 _____--ﬁ_--__-_-
3215 4206 3451 4228 _-__-T-_

2173 4253 2586 4308 instrumentum
2624 4252 2956 4308 cmmentarii
3003 4252 3253 4307 omnibus
3301 4264 3483 4307 notum
3515 4246 3629 4307 :sed
3663 4256 3706 4297 80

2174 4364 2338 4405 sensu
2363 4351 2430 4404 ab
2454 4347 2696 4403 Arnobio
2723 4363 2830 4402 non
2857 4347 3090 4403 sumitur
3112 4346 3354 4417 (Arnob.,
3379 4348 3463 4402 lib.
3491 4361 3541 4410 ιι,
3564 4361 3608 4415 ρ.
3627 4336 3703 4407 75)-

2245 4439 2467 4508 Tuceta,
2499 4441 2543 4495 si
2571 4439 2856 4510 Fulgentio
2898 4440 3122 4509 credas,
3171 4441 3415 4495 dicuntur
3449 4453 3563 4494 esca:
3599 4430 3706 4502 regit!

2097 4570 2148 4628 Ι)
2176 4533 2466 4606 (Ῑπαίθεηίον
2493 4533 2555 4586 de
2575 4535 2742 4603 Ρνίεεο
2763 4550 2941 4623 sentt”
2966 4551 3109 4587 num.
3127 4531 3206 4604 4).
3223 4532 3434 4589 Callim.
3461 4533 3508 4587 in
3531 4524 3701 4584 Pisaeis:

473 4336 643 4405 Quem
669 4333 723 4388 in
755 4342 970 4386 versum
996 4323 1216 4380 Servius
1241 4338 1254 4374 :
1292 4318 1547 4388 Trapetis,
1577 4315 1774 4384 inquit,
1802 4311 1951 4366 molis
1973 4310 2070 4364 oli-

475 4433 674 4487 varibus
693 4472 709 4498 ,
741 4439 787 4482 et
817 4425 1102 4480 declinatur
1131 4427 1384 4489 trapetum
1423 4417 1551 4470 sicut
1582 4413 1844 4483 templum.
1878 4410 2068 4465 Teren-

474 4522 644 4578 tianus
671 4537 690 4576 :
723 4519 862 4585 Quos
900 4531 1050 4587 super
1078 4512 1304 4568 insidens
1332 4519 1555 4579 trapetas
1587 4506 1735 4576 signa
1761 4504 1899 4575 gyris
1939 4513 2069 4556 tem-

477 4626 640 4690 perat.
691 4613 839 4680 Ωιιοά
890 4623 1103 4664 metrum
1154 4617 1331 4675 aptum
1399 4612 1470 4658 est
1529 4600 1716 4654 olivam
1772 4594 2066 4651 terentibus.

477 4711 685 4769 Videsis
708 4706 966 4764 Catonem
988 4703 1078 4758 lib.
1111 4700 1178 4756 de
1208 4699 1284 4755 Re
1311 4696 1531 4761 rustica,
1563 4708 1684 4764 cap.
1712 4690 1784 4745 20
1811 4699 1864 4746 et
1890 4689 1982 4754 22,
2011 4702 2074 4742 ac

473 4802 830 4864 Columellam
857 4799 949 4855 lib.
981 4795 1126 4863 ll,de
1157 4795 1236 4850 Re
1261 4791 1484 4859 rustica,
1518 4803 1638 4859 cap.
1669 4787 1760 4853 50,
1781 4794 1836 4840 et
1865 4783 1960 4839 lib.
1991 4783 2071 4852 tit,

475 4917 595 4971 cap.
623 4898 679 4952 2.

547 4991 784 5057 Tribula,
808 5004 903 5044 seu
927 4985 1178 5042 tribulum
1199 4981 1327 5053 quid
1352 4980 1422 5036 sit
1444 4977 1684 5051 (Arnob.,
1713 4973 1888 5046 ibid.),
1912 4972 2071 5031 docet
2209 5045 2223 5057 -
2407 5053 2417 5057 Δ
2465 5053 2476 5057 _
2590 5052 2600 5057 Δ
2829 5056 2834 5057 7
2877 4972 2926 4999 ν’
2946 4972 3194 5057 ν’νηονηννς
3214 4972 3226 4984 ο
3253 4972 3629 5057 Torva-"71:1":

476 5032 1614 5146 ιιιέιέίξέῖἑίῖιζίξζἶὶἆέξῦὲξξςῖἐίῖξιᾷιιῖηεηε
1673 5032 1683 5043 ’
1846 5032 1888 5046 ’⁷
2171 5045 2640 5146 οὺῇεξῖντιιβυεξδιθ
2679 5056 3012 5146 εθηιξεβεξεξ
3060 5040 3362 5146 farcimine;
3387 5056 3460 5143 ,ει
3505 5032 3706 5146 ςεξῇιξξξζξξξ

907 5125 1717 5214 an“
1741 5185 1887 5214 mm
2173 5138 2348 5193 suillis
2381 5136 2628 5191 minutim
2667 5135 2918 5191 concisis.
2960 5134 3070 5190 Nec
3099 5148 3242 5206 tegre
3277 5133 3429 5188 nobis
3457 5125 3704 5214 probabitur

568 5203 606 5254 Τ
612 5200 888 5262 fibulaque’
910 5186 1718 5322 ‘Qai‘ﬁﬁiiﬁelaiiinﬂigit)???
1718 5191 1907 5311 1315.?"
2175 5229 2278 5285 hoc
2324 5243 2518 5284 nomen
2557 5227 2650 5283 illo
2689 5241 2851 5283 sensu
2891 5227 2961 5280 ab
3004 5186 3244 5280 Aruobio
3281 5186 3470 5294 accipi:
3504 5213 3704 5319 Apuleius

548 5349 767 5406 Tribula
805 5309 988 5412 enim‘,
1022 5309 1191 5411 invquit
1220 5338 1332 5402 ille,
1367 5344 1449 5390 est
1478 5309 1502 5386 ἶ
1534 5309 1715 5404 genus
1743 5309 1976 5388 vehiculi
2007 5347 2073 5387 ex
2176 5336 2304 5377 VBI‘O
2347 5320 2537 5376 aliCUbi
2580 5320 2750 5374 dixit:
2785 5339 2803 5372 ί
2833 5319 2962 5388 Quis
3006 5319 3257 5374 ἀοῐηίηιιε
3303 5316 3514 5412 parabat
3548 5309 3701 5412 viscata

477 5393 1152 5515 omit-iﬁlia-r-tevde-nvtatum,
1180 5393 1331 5488 unde,
1356 5393 1600 5486 teruntur
1629 5428 1895 5482 frumenta
1918 5469 1934 5492 ,
1965 5441 2072 5496 quo
2175 5413 2358 5469 furtim
2399 5412 2696 5478 concismn,
2741 5424 2796 5468 et
2837 5413 3051 5483 pulpam
3092 5412 3358 5467 frustatim
3389 5393 3702 5515 collectatuad

741 5533 797 5589 in
826 5531 1003 5587 Africa
1035 5498 1346 5581 utebantur.
1383 5541 1402 5573 ι
1435 5520 1573 5585 Adi,
1604 5520 1649 5574 si
1679 5519 1831 5582 velis,
1868 5516 2066 5572 Varro-
2176 5521 2370 5577 νεεευει
2401 5507 2701 5572 νίιτυιθηιίις
2730 5517 2785 5562 ει
2809 5505 3026 5577 (“ﬁdem
3055 5507 3294 5562 naribus.
3320 5504 3433 5559 ’3'“
3461 5498 3700 5556 “limam”

476 5647 635 5694 item,
668 5628 764 5683 lib.
795 5639 850 5681 tv
892 5623 959 5678 de
990 5620 1142 5690 Ling.
1178 5617 1297 5683 lat.,
1340 5629 1462 5686 pag.
1508 5613 1564 5678 6,
1593 5621 1648 5666 et
1677 5611 1770 5666 lib.
1821 5626 1840 5665 1
1873 5610 1940 5666 de
1991 5609 2071 5666 Re
2174 5607 2324 5664 labar
2353 5616 2590 5664 tucetum
2622 5621 2721 5678 per
2749 5621 2912 5677 quam
2943 5604 3340 5662 suavissimum.
3374 5620 3392 5654 ›
3423 5598 3547 5694 Alibi
3573 5600 3698 5694 vetui

480 5690 641 5787 mea,
683 5735 802 5789 cap.
835 5716 934 5780 52;
991 5711 1342 5769 Columellam
1365 5750 1380 5775 ,
1423 5707 1516 5762 lib.
1554 5723 1571 5761 ι
1626 5704 1694 5761 de
1737 5705 1815 5761 Re
1857 5717 2071 5775 quoque
2178 5720 2199 5753 ι
2231 5701 2509 5757 Pulmenta
2539 5699 2773 5756 recentia
2805 5700 2998 5756 tacetis
3023 5707 3306 5772 temperat,
3337 5709 3510 5752 mensa
3536 5690 3702 5756 largiter

479 5817 699 5885 rustica,
729 5827 851 5884 cap.
879 5809 931 5878 6,
964 5816 1020 5865 ct
1046 5807 1140 5863 lib.
1170 5821 1231 5875 ιι,
1262 5820 1382 5876 cap.
1412 5801 1501 5858 2t.
2176 5795 2432 5852 instructa
2466 5814 2484 5848 ι
2517 5793 2724 5866 (Apul.,
2749 5794 2838 5850 lib.
2868 5810 2904 5850 ιι
2933 5793 3173 5862 Metam,
3196 5809 3246 5866 ρ.
3279 5789 3392 5862 20).

2298 4651 2553 4702 Ambrosio
2565 4651 2794 4702 redolent
2809 4657 2972 4702 tuceta
2994 4663 3186 4714 sapore.

2174 4760 2372 4816 Verum
2402 4757 2675 4815 Jobannes
2704 4757 3045 4814 Britannicus
3074 4757 3125 4811 in
3157 4756 3262 4812 hoc
3312 4757 3479 4814 Persii
3501 4761 3701 4811 carmen:

2541 4855 2554 4865 ‘
2616 4851 2840 4901 Grandes
2856 4851 3034 4914 patina:
3048 4855 3322 4914 tucetaque
3340 4863 3512 4901 crassa.

2877 4937 3064 4999 (Pars,
3087 4933 3226 4985 satir.
3252 4935 3303 4992 2,
3333 4947 3453 4986 vers.
3475 4931 3568 4993 40.)
