3878 6312
193 268 290 325 Ἠὄ

1021 264 1302 328 ARNOBII
1340 264 1708 331 ADVERSUS
1744 264 2017 332 GENTES
2054 272 2260 334 LIBER
2299 276 2571 337 PRIMUS.

3364 288 3470 345 7M

268 356 547 413 Vannorum
596 357 972 432 sirpiarumque
1014 362 1203 420 nitores
1246 365 1300 420 in
1347 365 1570 423 Arnobii
1618 376 1765 423 textu
1791 370 1845 429 A
1871 368 2166 438 vindicare,
2193 379 2247 426 et
2269 387 2518 430 asserere
2556 371 2743 443 (Ibid.,
2770 370 2860 430 lib.
2888 389 2962 442 tv,
2993 376 3226 447 p.128).
3264 378 3470 439 Videsis

196 451 403 525 legimus
433 451 665 521 (Arnob.,
697 453 785 509 lib.
817 470 878 524 ll,
908 472 962 527 p.
994 456 1108 530 70).
1139 457 1328 515 Nullus
1355 470 1536 515 autem
1566 461 1619 516 in
1652 460 1768 517 huic

194 545 323 601 illius
342 544 496 599 verba
524 544 608 600 vel
631 546 912 602 minimum
942 548 1071 620 quid
1099 552 1408 619 annotavit;
1439 552 1580 609 haud
1606 554 1767 610 dubie

193 637 303 709 quia
347 635 613 692 difﬁcilior
663 637 838 708 locus,
887 653 1300 715 corruptusque,
1359 660 1457 701 nec
1509 647 1767 703 sanabilis

192 732 323 786 visus
353 741 451 787 est.
483 730 621 801 Quid
661 748 791 806 ergo
830 735 875 791 si
911 736 1174 792 medicam
1214 755 1431 796 manum
1480 742 1530 797 ei
1571 742 1787 800 all'erre'

191 823 448 893 tentando,
503 825 699 898 aliquis
754 843 855 899 pro
903 830 1180 901 sirpiarum
1229 831 1430 889 dixerit
1479 835 1768 907 sirpearum

189 916 491 987 legendum?
516 918 670 990 Apud
700 917 995 977 Varronem
1024 924 1168 979 enim
1198 925 1459 996 scriptum
1494 914 1761 995 videmus,

187 1009 364 1082 sirpeas
414 1013 765 1079 stercorarias,
817 1022 871 1070 et
911 1025 1097 1086 postea
1143 1017 1364 1089 sirpeam
1408 1023 1768 1077 stercorariam

188 1099 387 1172 (Varro,
424 1102 513 1158 lib.
545 1104 610 1160 dc
635 1103 713 1161 Rc
736 1106 939 1173 rustic.,
972 1124 1090 1180 cap.
1122 1110 1188 1166 l0
1212 1120 1265 1166 et
1293 1113 1407 1181 11).
1454 1113 1595 1171 Alibi
1638 1131 1768 1172 vero

186 1194 367 1251 clarius
407 1196 536 1268 quid
574 1197 753 1269 sirpea
796 1199 885 1267 sit,
930 1202 1202 1273 explicat:
1232 1223 1253 1256 ‹
1280 1203 1492 1277 Sirpea,
1525 1225 1545 1259 ι
1573 1208 1764 1279 inquit,

192 1307 209 1342 ι
235 1304 349 1360 qua:
377 1291 540 1362 virgis
567 1294 817 1363 stipatur,
862 1294 913 1349 id
954 1306 1061 1365 est,
1093 1298 1397 1370 colligando
1436 1301 1765 1372 implicatur,

186 1384 233 1440 in
259 1400 356 1456 qua
390 1397 598 1442 stercus
624 1386 839 1445 aliudve
865 1390 993 1461 quid
1024 1391 1291 1450 evehitur.
1324 1412 1344 1446 ι
1371 1393 1558 1465 Sirpea
1588 1397 1768 1469 itaque

185 1477 390 1534 canistri
430 1495 526 1536 seu
569 1480 788 1553 cophini
833 1497 1001 1555 genus
1044 1493 1128 1541 est
1167 1488 1498 1545 stercoribus
1540 1490 1768 1563 aliisque

180 1572 332 1643 rebus
372 1573 668 1631 eveheudis
719 1575 1063 1633 destinatum.
1116 1578 1239 1634 Alio
1275 1588 1453 1638 tamen
1497 1597 1659 1639 sensu
1699 1584 1767 1640 ab

184 1666 364 1724 Ovidio
389 1670 677 1742 accipitur,
706 1671 796 1728 ubi
826 1671 943 1728 haec
968 1673 1162 1730 cecinit
1188 1693 1201 1729 :

263 1785 364 1838 Nec
385 1801 522 1839 mora
541 1801 555 1837 :
573 1789 790 1840 convivae
809 1789 969 1842 valido
993 1793 1254 1845 titubantia
1278 1797 1391 1846 vino

348 1848 574 1923 yembra
595 1859 822 1923 movent;
846 1853 983 1923 dubii
1001 1864 1231 1923 stantque
1253 1857 1521 1923 labantque
1545 1860 1714 1923 pedes.

262 1909 323 1964 Αι
341 1911 569 1994 Ξψιὶίριιθ
589 1909 888 1994 adsuetis
912 1919 1004 1994 si“
1036 1909 1351 1994 ριῆυέινεκιιιθ
1370 1909 1622 1974 ωάτείηὶθέ

346 1974 580 2039 Sustulit,
605 1979 658 2026 iu
681 1974 899 2042 plaustro
913 1974 1079 2044 sirpéa
1106 1981 1198 2031 lata
1214 1974 1325 2034 fuit.

787 2061 976 2128 (Obiit,
1001 2060 1088 2115 lib.
1118 2080 1164 2117 vt
1183 2066 1396 2129 Fauor.,
1421 2068 1449 2134 §
1474 2068 1575 2135 l2.)

182 2164 231 2222 ld
257 2175 355 2237 est,
386 2167 688 2239 plaustrum
726 2184 822 2225 seu
861 2170 1187 2239 vehiculum,
1230 2173 1373 2244 quod
1412 2184 1613 2231 teetum
1650 2185 1767 2233 erat

182 2270 349 2331 malta,
379 2263 463 2317 vel
500 2274 706 2329 storea,
736 2264 931 2335 gallice
956 2275 1115 2322 natte.
1148 2266 1219 2322 At
1252 2268 1295 2322 si
1339 2284 1439 2340 pro
1477 2269 1677 2333 uirores,
1711 2269 1764 2324 in

182 2356 387 2412 Arnobii
429 2366 586 2415 textu
616 2357 765 2429 legas
794 2359 1097 2427 venditores,
1134 2361 1302 2426 tribus
1330 2370 1537 2420 tantum
1574 2362 1767 2419 litteris

181 2448 254 2504 vel
277 2449 619 2519 abbreviatis,
650 2451 738 2507 vel
762 2452 1110 2509 amanuensis
1135 2454 1337 2510 librarii
1366 2455 1570 2511 incuria
1599 2456 1767 2513 uinis-

182 2540 266 2609 sis,
290 2543 473 2614 planus
499 2553 829 2618 apertusque
855 2547 960 2603 erit
986 2549 1209 2604 Arnobii
1230 2563 1446 2605 sensus.
1482 2550 1766 2621 Proposito

180 2633 424 2705 siquidem
467 2636 620 2693 illius
654 2650 803 2694 reete
847 2640 1115 2712 congruit,
1160 2642 1206 2697 si
1250 2659 1530 2698 cannarum
1566 2644 1765 2716 sirpea-

180 2744 374 2797 rumque
399 2730 693 2787 venditores
723 2731 795 2789 ibi
822 2734 1183 2804 appellentur.
1209 2734 1321 2791 Nec
1352 2737 1563 2792 mireris
1591 2737 1765 2810 impe-

180 2821 257 2876 riti
284 2821 481 2878 librarii
515 2825 801 2880 Oscitantia
828 2826 913 2881 vel
940 2825 1207 2897 imperitia
1239 2835 1349 2884 tres
1369 2829 1576 2885 litteras
1598 2829 1768 2887 fuisse

181 2914 758 2983 praetermissas..Nam
797 2917 986 2975 eadem
1032 2920 1219 2991 pagina
1261 2936 1359 2992 pro
1394 2923 1617 2992 mentiri,
1650 2933 1767 2980 tan-

183 3008 441 3064 tummodo
477 3009 550 3064 iri
587 3008 898 3080 scripserat.
933 3010 1038 3068 llas
1066 3022 1243 3069 tamen
1272 3013 1609 3085 conjecturas
1635 3016 1768 3074 alio-

180 3115 285 3157 rum
309 3102 537 3159 arbitrio
569 3104 950 3174 permittimus.

1870 459 2114 529 Festum,
2141 473 2195 519 et
2224 466 2417 521 citatos
2435 466 2506 522 ab
2529 465 2620 522 illo
2646 480 2918 534 auctores,
2948 479 3108 539 atqui-
3131 469 3385 539 Gellium,
3415 485 3473 532 et

1870 555 2141 610 variorum
2173 558 2223 612 in
2253 558 2401 614 illum
2432 559 2838 617 obserVationes
2867 559 3142 633 (Fest.,ad
3169 565 3305 619 verb.
3338 565 3470 623 VIN-

1868 660 2056 711 ntcun;
2089 645 2248 714 Gell.,
2279 648 2368 704 lib.
2400 665 2491 718 xx,
2524 668 2640 721 cap.
2674 652 2787 723 to).

1955 736 2136 793 Vinum
2160 741 2327 795 acoris
2350 742 2407 794 in
2437 742 2706 811 perﬁdiam
2735 754 2940 814 repente
2967 747 3185 813 mutari;
3229 746 3333 804 hoc
3361 759 3465 818 est,

1869 832 2050 889 vinum
2092 847 2279 890 contra
2319 844 2567 891 naturam
2609 852 2760 892 suam
2807 838 3022 893 acidum
3068 840 3180 895 lieri
3223 838 3468 913 (Arnob.,

1868 926 1956 983 lib.
1984 943 2022 996 ι,
2050 945 2104 999 p.
2139 928 2252 1000 l2).

1950 1017 2240 1091 Vitiligines
2280 1020 2452 1093 faedte,
2492 1028 2538 1074 et
2581 1020 2880 1087 albicantes,
2912 1022 2979 1077 ah
3018 1031 3236 1080 auctore
3282 1034 3470 1081 nostro

1868 1110 2120 1166 dicuntur
2158 1110 2349 1184 (lbid.,
2393 1128 2514 1183 pag.
2555 1109 2651 1177 26,
2690 1111 2761 1167 28
2803 1122 2849 1166 et
2888 1110 3004 1185 50).
3034 1132 3051 1160 σ
3083 1114 3153 1169 At
3179 1116 3405 1188 vitiligo,
3444 1135 3464 1170 ι

1868 1204 2043 1275 inquit
2095 1202 2311 1262 Festus.
2351 1223 2370 1258 ι
2407 1206 2458 1259 in
2510 1221 2740 1277 corpore
2792 1206 3025 1262 hominis
3072 1210 3278 1265 macula
3324 1210 3467 1278 alba,

1868 1311 2027 1366 quam
2061 1295 2234 1352 Graeci
2281 1294 2433 1372 ἄλφον
2460 1308 2675 1363 vocant,
2706 1314 2735 1351 a
2779 1314 2884 1367 quo
2923 1314 3021 1355 nos
3057 1301 3239 1355 album
3265 1319 3278 1357 :
3302 1301 3415 1357 sive
3440 1317 3473 1357 a

1871 1388 2002 1444 vitio
2029 1389 2193 1455 dicta,
2226 1390 2439 1447 etiamsi
2466 1407 2572 1445 non
2600 1391 2747 1447 laedit
2777 1408 2791 1445 :
2826 1393 2939 1447 sive
2966 1407 2995 1445 a
3028 1393 3215 1461 vitulo,
3250 1406 3474 1467 propter

1868 1480 1984 1552 ejus
2014 1482 2343 1537 membranae
2370 1484 2684 1549 candorem,
2724 1500 2827 1555 qua
2872 1485 3131 1553 nascitur,
3177 1487 3471 1545 involutus.

1868 1572 2147 1630 Lucilius:
2177 1575 2305 1630 Haec
2347 1575 2533 1631 odiosa
2582 1577 2710 1631 mihi
2756 1577 2964 1648 vitiligo
2992 1589 3095 1633 est.
3138 1578 3255 1634 Non
3299 1579 3469 1650 dolet,

1869 1667 2061 1738 inquit.
2092 1685 2112 1720 ι
2144 1667 2338 1741 (lt'est.,
2368 1669 2436 1723 ad
2463 1671 2598 1725 verb.
2636 1668 2925 1743 VITILIGO.)
2954 1673 2994 1726 A
3025 1671 3230 1727 Seneca
3260 1688 3390 1729 vero
3418 1673 3476 1728 id

1792 1754 1840 1816 B
1868 1761 2127 1832 scriptum
2176 1762 2448 1833 legimus:
2490 1782 2509 1815 ι
2548 1764 2955 1819 Creditum-est
3001 1767 3260 1835 quasdam
3305 1780 3474 1836 aquas

1866 1855 2101 1911 scabiem
2150 1854 2345 1910 allerre
2395 1854 2745 1926 corporibus,
2798 1856 3059 1926 quasdam
3110 1855 3425 1925 vitiliginem
3454 1898 3470 1923 ,

1866 1962 1921 2008 et
1971 1951 2164 2008 [tedam
2200 1966 2265 2006 ex
2305 1950 2428 2007 albo
2462 1952 2795 2007 varietatem.
2829 1969 2847 2002 ι
2882 1949 3117 2023 (Senec.,
3148 1949 3238 2006 lib.
3268 1966 3324 2006 ιιι
3355 1948 3472 2004 Να-

1868 2058 1969 2102 tur.
2011 2057 2215 2119 quaest,
2261 2063 2376 2117 cap.
2419 2044 2512 2112 26,
2556 2064 2608 2113 p.
2648 2045 2802 2117 454.)
2846 2044 3075 2113 Quidam
3106 2052 3283 2099 autem
3333 2044 3472 2100 hanc

1866 2142 2180 2212 vitiliginem
2216 2141 2418 2210 lepram
2447 2154 2567 2196 esse
2597 2140 2908 2209 opinantur.

1945 2233 2183 2306 Ulpicum
2213 2250 2388 2306 genus
2427 2234 2539 2288 allii
2575 2235 2833 2305 grandius
2873 2242 2978 2309 est,
3008 2233 3151 2302 quod
3183 2232 3379 2301 Grzrci,
3412 2241 3473 2288 ut

1868 2327 2038 2384 refert
2068 2328 2383 2394 Columella,
2417 2326 2821 2403 ἀφροσκόδορον,
2849 2326 3064 2396 quidam
3095 2325 3279 2380 allium
3319 2325 3476 2396 puni-

1867 2435 2011 2489 cum,
2041 2419 2127 2476 vel
2153 2418 2435 2493 Cyprium,
2467 2421 2622 2474 sicuti
2653 2419 2812 2475 docet
2849 2417 3075 2485 Plinius,
3108 2418 3196 2472 alii
3238 2418 3477 2473 antisco-

1868 2516 2037 2572 rodon
2079 2515 2353 2587 appellant
2402 2513 2645 2586 (Arnob.,
2692 2512 2782 2567 lib.
2828 2528 2888 2578 ll,
2937 2529 2990 2582 p.
3036 2511 3135 2575 85;
3178 2507 3472 2577 Columell.,

1869 2609 1959 2664 lib.
1987 2625 2040 2665 ιι
2086 2610 2150 2663 de
2175 2607 2254 2663 Re
2296 2609 2500 2674 rustic.,
2541 2624 2657 2678 cap.
2691 2608 2762 2668 ὃς
2814 2605 2985 2668 ΡΙὶη.,
3013 2606 3104 2660 lib.
3134 2620 3227 2660 xxx
3277 2603 3476 2659 Histor.

1870 2714 1999 2767 nat.,
2034 2720 2148 2775 cap.
2180 2702 2234 2767 6,
2265 2720 2317 2773 p.
2351 2701 2502 2773 597).
2536 2701 2612 2756 De
2640 2700 2733 2756 illo
2757 2700 2980 2755 Plautus
3013 2699 3210 2755 cecinit
3241 2696 3472 2770 (Plaut.,

1868 2796 1923 2851 in
1950 2794 2182 2864 Pwnul.,
2214 2803 2319 2852 act.
2351 2811 2404 2863 v,
2433 2811 2571 2849 scen.
2605 2792 2660 2868 5)
2687 2812 2699 2849 :

2630 2910 2755 2960 Tum
2777 2914 2945 2959 autem
2970 2908 3163 2971 plenior

1960 2975 2075 3026 Allit
2099 2974 2369 3041 ulpicique,
2394 2987 2540 3039 quam
2562 2979 2677 3024 sunt
2714 2971 2918 3022 Romani
2942 2976 3184 3033 remiges.

1793 3140 1840 3205 Ο
1875 3102 2084 3159 Videsis
2136 3101 2314 3159 adhuc
2360 3100 2680 3167 Palladium,
2731 3099 2800 3156 de
2843 3099 2922 3155 Re
2966 3097 3177 3167 rustic.,
3230 3095 3322 3153 lib.
3376 3111 3473 3165 xu,

255 3194 525 3254 Vectitatus
575 3214 732 3253 curru
784 3200 1094 3274 quadriiugo
1145 3201 1278 3258 dixit
1325 3202 1617 3273 Arnobius,
1670 3220 1771 3278 pro
1799 3194 1840 3205 ‘-
1874 3211 1995 3268 cap.
2028 3195 2083 3253 6ο

182 3298 349 3347 vectus
376 3302 466 3347 aut
492 3301 737 3348 vectatus
768 3292 1007 3366 (Arnob,
1035 3296 1125 3351 lib.
1155 3313 1234 3365 Ill,
1266 3315 1320 3368 p.
1351 3298 1503 3370 185).

256 3382 529 3440 Verrucula
568 3385 715 3442 collis
757 3387 897 3442 haud
933 3389 1100 3444 semel
1139 3389 1208 3446 ab
1240 3390 1330 3446 illo
1354 3389 1552 3447 dicitur
1574 3390 1774 3450 editior

181 3472 430 3547 altiorque
455 3476 763 3549 cujuspiam
789 3479 946 3536 collis
977 3481 1128 3537 locus
1159 3479 1350 3554 (Idem,
1383 3484 1471 3540 lib.
1505 3501 1566 3548 ιι,
1592 3503 1645 3558 p.
1681 3487 1773 3553 77,

183 3576 224 3619 et
247 3567 329 3623 lib.
350 3585 406 3636 v,
433 3587 486 3640 p.
522 3568 675 3643 156).
707 3570 799 3629 Sic
823 3573 966 3628 enim
997 3574 1150 3640 Cato,
1179 3583 1317 3632 teste
1339 3580 1402 3631 Α.
1436 3575 1613 3633 Gellio
1640 3578 1776 3634 Ver-

183 3660 338 3716 rulam
356 3660 533 3718 locum
555 3663 758 3719 editum
775 3673 830 3721 et
847 3680 1096 3738 asperum
1116 3668 1353 3740 appellat
1369 3668 1551 3738 (Gell.,
1576 3671 1666 3727 lib.
1681 3688 1777 3729 vnt

186 3748 328 3807 Noct.
357 3753 544 3824 Attia,
591 3772 709 3827 cap.
738 3758 791 3823 7,
826 3775 878 3829 p.
912 3758 1066 3833 224).
1108 3760 1213 3817 Sed
1259 3774 1449 3818 auctor
1485 3774 1671 3821 noster
1694 3765 1778 3822 di-

183 3842 484 3903 minutivum
518 3862 716 3905 nomen
745 3864 842 3921 pro
876 3866 1031 3909 more
1059 3867 1159 3909 suo
1189 3854 1427 3911 adhibet.
1474 3870 1483 3877 ί

256 3933 498 3995 Versuras
534 3940 589 3995 in
626 3941 923 4013 huiusmodi
956 3944 1089 4016 cogi,
1120 3944 1223 4001 hoc
1248 3956 1354 4013 est,
1386 3947 1439 4002 in
1467 3947 1777 4017 hujusmodi

184 4041 378 4099 sensus,
409 4033 912 4104 interpretationes,
954 4046 1009 4092 et
1045 4038 1430 4108 explicationes
1469 4041 1771 4097 fabularum

185 4135 270 4179 seu
327 4124 679 4185 historiarum
731 4131 1016 4199 converti,
1084 4130 1400 4201 transferri,
1460 4144 1517 4190 et
1578 4133 1771 4192 adduci

187 4212 411 4283 (Arnob,
445 4219 537 4276 lib.
571 4237 628 4286 v,
659 4238 713 4293 p.
748 4221 899 4294 187)ο

1960 3288 2248 3355 Volumina,
2278 3287 2402 3344 vide
2427 3302 2590 3355 supra
2621 3284 2995 3341 Pollinelorcs.

1953 3382 2166 3439 Ustrina
2194 3398 2223 3436 a
2263 3381 2427 3438 Festo
2466 3381 2545 3435 sic
2583 3375 2948 3434 describitur:
2984 3394 3002 3427 ι
3037 3364 3139 3432 Ubi
3166 3373 3480 3430 combustus

1878 3477 2000 3549 quis
2028 3472 2422 3537 tantummodo,
2449 3470 2577 3527 alibi
2601 3486 2729 3525 vero
2760 3480 2844 3525 est
2875 3467 3139 3536 sepultus,
3170 3466 3213 3521 is
3241 3466 3392 3520 locus
3412 3464 3481 3521 ab

1880 3560 2087 3627 urendo
2117 3566 2323 3622 ustrina
2354 3573 2595 3620 vocatur.
2630 3581 2649 3615 ι
2675 3561 2758 3617 ΑΙ)
2799 3559 3039 3614 Arnobio
3079 3566 3257 3611 autem
3300 3571 3360 3610 ea
3401 3556 3473 3609 si-

1880 3663 2228 3739 gniﬁcatione
2246 3660 2385 3716 sumi
2407 3655 2813 3714 evidentissima
2838 3661 2979 3722 patet
3004 3648 3245 3724 (Arnob..
3266 3647 3356 3702 lib.
3382 3662 3476 3739 vn,

1882 3737 1934 3830 p.
1967 3757 2107 3822 222;
2140 3753 2343 3816 Festus,
2376 3751 2443 3805 ad
2470 3748 2605 3804 verb.
2638 3742 2905 3817 Bus'ruu);
2939 3740 3373 3812 quandoquidem
3405 3737 3481 3797 ibi

1882 3852 2071 3910 scribit
2104 3848 2444 3907 ethnicorum
2475 3843 2689 3909 altaria,
2720 3841 2811 3897 ubi
2841 3838 3091 3895 animalia
3123 3834 3484 3891 immolaban-

1884 3956 1993 4014 tur,
2024 3960 2146 4001 esse
2191 3938 2532 4014 infelicissimi
2561 3934 2864 3991 animalium
2889 3931 3089 4004 generis
3117 3928 3359 3994 ustrinae,
3391 3941 3481 3983 r0-

1875 4055 1975 4114 gos
1999 4049 2053 4095 et
2076 4036 2361 4095 busticeta.

1947 4134 2068 4192 Alia
2110 4132 2289 4187 adhuc
2332 4126 2604 4190 inusitata,
2654 4120 2916 4185 exsoleta,
2958 4116 3209 4179 barbara,
3251 4111 3491 4168 obscura

1875 4227 2040 4285 verba
2083 4225 2137 4281 in
2193 4223 2339 4279 illius
2383 4218 2537 4274 libris
2582 4216 2724 4271 haud
2770 4212 3134 4287 infrequenter
3166 4213 3479 4262 occurrunt.

255 4308 513 4370 Vindicius
539 4344 545 4352 -
549 4315 723 4387 justas
761 4315 886 4372 dare
910 4326 994 4373 est
1021 4316 1182 4373 alicui
1226 4332 1346 4374 cum
1393 4319 1566 4375 altero
1604 4318 1674 4375 de
1711 4335 1773 4377 re
1796 4354 1852 4415 Β
1879 4318 1984 4377 Sed
2005 4334 2069 4375 ea
2091 4317 2203 4373 suis
2227 4315 2381 4383 locis,
2408 4310 2625 4415 quando
2652 4317 2958 4379 opportuna
2982 4301 3196 4360 occasio
3219 4299 3341 4355 data
3369 4304 3477 4364 εει,

184 4400 343 4476 aliqua
384 4407 683 4478 disputanti
722 4408 832 4480 jus,
873 4419 929 4467 et
978 4410 1124 4483 quod
1165 4426 1321 4468 suum
1361 4420 1467 4478 est,
1510 4413 1768 4481 tribuere,

1104 4534 1341 4542 -———-—_—_

187 4519 1117 4582 Ἢ

1878 4409 2114 4467 breviter
2151 4405 2584 4479 explanavimus.

2488 4523 2683 4533 ...ωηο-ε

2621 4504 3469 4572 M

909 4891 1757 5027 DISPUTATIONUM
1805 4894 2329 5027 ADVERSUS
2373 4882 2759 5021 GENTES

1378 5116 1695 5204 LIBRI
1733 5114 2229 5203 SEPTEM.

767 5266 1762 5311 Μ

1777 5262 1832 5306 0

1231 5357 1717 5473 LIBER
1766 5354 2191 5491 PRIJVI
2206 5356 2427 5467 US.
2479 5415 2491 5427 -

1846 5263 2817 5308 W—

1525 5519 2099 5600 INDEX'CAPITUM.

183 5655 446 5731 Proﬁtetur
483 5662 734 5719 Arnobius
782 5678 815 5717 a
858 5660 913 5717 se
950 5667 1239 5729 susceptum
1280 5674 1433 5729 opus,
1470 5667 1527 5712 ut
1575 5658 1764 5730 stepius

244 5753 541 5811 inculcatam
607 5753 919 5812 calumniam
977 5752 1333 5826 propulsaret,
1392 5765 1497 5823 qua
1576 5750 1765 5806 ethnici

602 5851 882 5912 ΡΑι-ιιοι..
930 5848 1009 5911 ν.

1944 5664 2151 5728 propter
2177 5653 2470 5710 abdicatum
2496 5668 2531 5707 a
2565 5649 2859 5707 cltristianis
2902 5647 3154 5720 fulserunt
3199 5646 3470 5703 numinum

1943 5749 2139 5805 cultum
2170 5765 2255 5805 eos
2305 5747 2625 5821 publicorum
2666 5744 2895 5801 omnium
2950 5743 3300 5799 calantitatum
3340 5760 3470 5799 auc-

2866 5835 2947 5901 23
