3878 6312
435 213 541 275 715
1540 206 1553 258 λ
1628 202 1906 262 ARNOBII
1944 199 2316 262 ADVERSUS
2358 200 2633 267 GENTES
3599 200 3692 265 7M

503 340 637 385 tores
674 343 782 385 esse
819 326 953 400 falso
998 339 1061 380 ac
1090 330 1275 380 temere
1312 320 1685 379 accusabant...
1718 322 1847 392 Cap.
1896 323 1950 388 i,
1977 321 2031 377 2.
2064 324 2118 387 Α
2212 322 2426 379 deorum
2452 338 2721 379 numerum
2742 323 2933 395 referre
2960 326 3170 394 propter
3195 319 3380 381 collata
3401 317 3508 387 sibi,
3537 329 3588 375 ut
3612 339 3688 392 pu-

438 419 1483 495 Manifestumitaquefacit,achristiana:
1507 418 1769 489 religionis
1798 416 2029 478 exordio,
2207 414 2417 480 tabant,
2464 416 2711 485 beneﬁcia
2756 432 2775 469 :
2816 426 3010 487 quanto
3055 414 3218 485 magis
3264 412 3490 469 Christus
3530 413 3689 467 honore

509 515 639 571 nihil
665 515 716 569 in
746 529 916 569 rerum
941 522 1159 581 natura,
1186 512 1315 567 nihil
1360 512 1414 566 in
1463 510 1673 580 privatis
1719 508 2035 580 publicisque
2206 507 2379 563 divino
2429 507 2495 562 ab
2537 506 2833 565 hominibus
2881 506 3147 565 habendus
3177 514 3286 573 est,
3319 504 3407 576 qui
3431 504 3529 561 illis
3556 505 3691 560 multa

510 604 1123 676 hominnmnegotiis,aut
1144 613 1396 659 mutatum
1419 613 1508 661 aut
1530 601 1822 658 relaxatum
1849 611 1896 657 et
1923 601 2029 656 dis-
2207 604 2409 675 majora
2454 612 2503 659 et
2556 604 2764 673 inﬁnita
2817 602 3256 665 abundantissime
3301 600 3545 663 contulit?

508 698 751 763 solutum.
1734 691 1862 766 Cap.
1886 693 1943 761 2,
1977 694 2029 748 ’5.
3361 690 3487 762 Cap.
3516 692 3596 757 38,
3616 692 3689 750 39.

436 789 683 847 Ethnieos
727 792 916 862 refutat
963 788 1286 861 objicientes,
1330 788 1591 859 impietate
1636 788 2033 843 christianorum
2134 787 2200 845 At
2241 788 2346 854 ille,
2396 789 2694 861 inquiebant
2732 789 2948 857 ethnici,
2978 788 3148 853 crucis
3177 785 3404 859 patibulo
3429 786 3597 856 aﬁxus
3624 787 3692 839 in-

509 883 630 937 deos
676 881 922 952 offensos,
974 881 1223 935 mundum
1254 881 1541 953 pestilentia
1568 881 1788 953 aliisque
1815 880 2031 937 ealami-
2206 881 2359 941 teriit.
2399 880 2536 950 Quid
2566 882 2727 938 inde?
2758 881 2879 941 Non
2919 882 3055 945 enim
3082 896 3220 939 mors
3248 879 3471 947 Christi,
3492 880 3608 937 sicut
3623 894 3694 934 nec

508 975 693 1040 tatibus
744 975 958 1033 obruere
982 991 1001 1030 :
1032 991 1096 1031 ea:
1141 976 1268 1045 ipsis
1317 976 1449 1033 enim
1498 976 1761 1048 gentilium
1808 975 2035 1033 historiis
2208 971 2525 1047 Pythagorae
2564 991 2657 1030 nec
2700 974 2967 1039 Socratis,
2994 975 3106 1045 ejus
3145 974 3397 1033 doctrinte
3422 972 3695 1044 egregiisque

505 1080 820 1142 compertum
851 1079 924 1123 est
951 1070 1182 1127 homines
1213 1078 1332 1124 ante
1370 1069 1604 1131 auditum
1634 1085 1875 1140 umquam
1897 1067 2034 1123 chri-
2208 1068 2362 1139 [actis
2403 1068 2571 1131 ullum
2616 1069 2791 1127 attulit
2844 1068 3228 1125 detrimentum.
3263 1065 3400 1133 Quid
3426 1080 3554 1131 vero,
3583 1065 3695 1133 quod

503 1164 786 1221 stianorum
816 1179 996 1218 nomen
1037 1172 1124 1217 aut
1163 1163 1345 1217 iisdem
1391 1172 1479 1219 aut
1522 1162 1675 1223 etiam
1716 1159 2034 1233 gravioribus
2209 1162 2354 1221 nulla
2383 1163 2562 1225 mortis
2590 1163 2806 1233 infamia
2829 1163 3073 1218 innocens
3101 1162 3275 1227 homo,
3304 1158 3695 1232 quemadmodum

503 1258 735 1319 cladibus
764 1258 922 1330 fuisse
947 1267 1171 1312 vexatos.
1728 1252 1858 1323 Cap.
1888 1256 1940 1321 5,
1973 1254 2028 1309 4.
2208 1252 2468 1325 Aquilius,
2490 1252 2769 1310 Trebonius
2790 1265 2835 1310 et
2856 1254 3103 1327 Regulus,
3122 1254 3257 1309 inuri
3273 1268 3507 1323 umquam
3531 1252 3697 1322 potest?

432 1352 767 1423 Demonstrat
808 1372 1008 1426 quoque
1046 1364 1150 1409 tam
1191 1364 1383 1409 certum
1410 1370 1520 1410 esse
1550 1352 1779 1407 crudelia
1808 1350 1941 1405 bella
1971 1350 2033 1403 ab
2218 1346 2356 1414 Quid
2385 1348 2592 1421 insuper
2624 1349 2865 1405 irrisione
2902 1350 3068 1420 magis
3096 1347 3309 1418 dignum
3340 1348 3435 1400 hac
3459 1361 3695 1416 argumen-

506 1450 798 1514 Atlanticis,
829 1448 1069 1520 Assyriis,
1099 1446 1412 1514 Bactrianis,
1435 1445 1631 1511 Persis,
1663 1443 1875 1510 Crtecis,
1909 1441 2034 1498 Tro-
2211 1439 2405 1493 tatione
2434 1440 2700 1510 gentilium
2722 1484 2737 1507 ,
2769 1440 2856 1511 qui
2885 1438 3125 1494 Liberum
3154 1455 3185 1492 a
3213 1437 3482 1493 Titanibus
3507 1437 3697 1507 discerp-

497 1541 641 1612 janis
664 1549 708 1595 et
733 1539 1002 1605 Romanis,
1026 1556 1056 1593 a
1087 1537 1249 1603 Nino,
1277 1536 1567 1599 Zoroastre,
1593 1534 1786 1601 Xerxe,
1811 1535 2035 1595 Almn-
2214 1542 2339 1598 tum,
2370 1531 2736 1609 £seulapium
2766 1534 2983 1606 fulmine
3007 1548 3332 1605 percussum,
3361 1529 3618 1585 Herculem
3636 1528 3699 1583 ri-

507 1634 601 1688 dro
630 1631 844 1704 Magno,
876 1633 1088 1703 aliisque
1104 1632 1225 1697 olim
1252 1641 1391 1703 gesta
1411 1632 1756 1707 fuisse,quam
1773 1638 2029 1695 constare,
2210 1640 2331 1677 vum
2382 1625 2702 1681 combustum
2751 1625 2978 1694 aliosque
3031 1634 3195 1679 morte
3242 1622 3463 1678 violenta
3508 1620 3698 1677 sublatos

504 1725 597 1781 illa
628 1734 740 1793 post
782 1722 973 1783 Christi
1018 1734 1184 1779 ortum
1228 1724 1498 1781 imminuta
1524 1723 1700 1793 fuisse.
1730 1721 1859 1792 Cap.
1888 1722 1943 1789 5,
1971 1720 2025 1778 6.
2057 1719 2107 1783 B
2205 1721 2562 1788 superstitioso
2588 1720 2731 1776 cultu
2755 1718 3118 1774 honorabant?
3366 1715 3494 1788 Cap.
3516 1715 3599 1784 40,
3627 1713 3696 1769 Η.

434 1813 677 1885 Inquirit,
692 1831 784 1871 cur
806 1824 875 1870 tot
893 1816 1146 1885 tantisque
1170 1816 1320 1875 malis
1344 1831 1408 1870 ea:
1437 1816 1755 1871 ethnicorum
1782 1816 2029 1870 sententia
2135 1811 2374 1871 Christus
2394 1831 2549 1887 porro
2579 1832 2612 1869 a
2638 1831 2834 1870 summa
2861 1811 3001 1885 Rege
3021 1813 3090 1869 ad
3110 1828 3202 1871 nos
3224 1810 3411 1869 missus
3434 1807 3697 1872 innumeris,

502 1908 724 1967 mundus
746 1918 1026 1979 prematur.
1060 1906 1216 1963 Docet
1244 1908 1320 1963 uel
1347 1908 1453 1962 ha'c
1477 1908 1544 1961 ad
1565 1923 1745 1962 causas
1767 1906 2027 1967 naturales
2207 1921 2323 1977 quat
2369 1913 2616 1979 patravit,
2649 1906 2912 1962 miraculis
2958 1916 3063 1959 tam
3107 1912 3244 1960 certo
3286 1920 3443 1973 quam
3486 1902 3701 1957 evidenter

501 2003 772 2074 referenda
807 2017 948 2067 esse;
977 2001 1055 2056 vel
1100 2002 1239 2057 mala
1284 2002 1443 2057 videri
1493 2001 1777 2059 hominibus
1798 2043 1812 2070 ,
1856 2002 2029 2057 omnia
2206 2016 2353 2055 verus
2383 2017 2492 2059 esse
2521 1999 2661 2056 Deus
2689 2000 3071 2073 comprobatur.
3098 1996 3290 2056 Christi
3321 1996 3565 2052 miracula
3588 2010 3699 2051 sum-

500 2095 857 2149 commoditate
902 2110 996 2149 sua
1040 2094 1390 2162 metientibus,
1419 2109 1531 2164 qua:
1555 2103 1688 2151 certe
1712 2094 1803 2151 toti
1831 2104 2030 2149 naturie
2205 2095 2383 2148 matim
2431 2095 2683 2165 exposita,
2714 2110 2778 2148 ea;
2803 2094 2984 2164 quibus
3018 2093 3264 2148 divinitas
3290 2093 3404 2165 ejus
3431 2089 3699 2145 adstruitur.

501 2197 548 2244 et
573 2189 763 2247 mundo
793 2187 943 2242 utilia
968 2197 1107 2245 sunt.
1707 2184 1836 2256 Cap.
1874 2184 2024 2240 7-12.
3385 2180 3512 2255 Cap.
3540 2181 3698 2237 42-47.

434 2281 601 2349 Quam
634 2291 941 2353 praepostere
983 2290 1150 2335 autem
1192 2278 1381 2339 ethnici
1425 2279 1563 2335 mala
1593 2263 1765 2333 omnia
1795 2279 1849 2332 in
1874 2276 2027 2333 Chri-
2133 2280 2314 2353 Neque
2340 2283 2419 2337 his
2460 2283 2655 2353 opponi
2699 2289 2936 2350 poterant
2961 2289 3157 2335 curatae
3197 2279 3260 2334 ab
3289 2279 3597 2345 ethnicorum
3623 2273 3701 2329 diis

503 2374 698 2435 stianos
726 2372 959 2429 trecentis
985 2372 1188 2427 circiter
1216 2371 1403 2426 abhinc
1432 2371 1582 2425 annis
1606 2380 1808 2426 exortes
1847 2370 2027 2442 refun-
2203 2377 2423 2443 inﬁrma:
2469 2375 2834 2429 nonnullorum
2879 2374 3146 2429 hominum
3184 2371 3521 2426 valetudines.
3564 2367 3696 2435 Nam,

503 2469 674 2525 danda
713 2484 821 2523 esse
863 2467 1205 2532 clamitarent,
1238 2466 1392 2521 variis
1424 2463 1705 2519 rationibus
1734 2464 1855 2519 scite
1878 2480 2026 2521 coar—
2206 2472 2299 2524 huc
2329 2470 2532 2523 interim
2558 2470 2720 2540 gratis
2748 2469 2868 2521 dato
2889 2510 2904 2534 ,
2935 2478 3127 2521 certum
3150 2478 3247 2532 est,
3277 2484 3309 2519 a
3331 2466 3474 2520 nullo
3495 2479 3697 2535 umquam

499 2571 632 2634 quit.
1667 2555 1796 2625 Cap.
1831 2555 2023 2617 1346·
2204 2564 2469 2636 gentilium
2491 2562 2616 2627 Deo,
2636 2563 2783 2627 sicuti
2810 2579 2840 2615 a
2862 2561 3086 2628 Christo,
3111 2562 3264 2633 agris
3292 2561 3591 2624 hominibus,
3613 2556 3700 2611 sola

429 2655 722 2712 Absurdum
769 2669 885 2715 uero
930 2654 1070 2708 dictu
1100 2669 1205 2709 esse
1235 2652 1581 2716 demonstrat,
1611 2651 1744 2711 iram
1772 2650 1953 2707 cadere

2204 2660 2434 2713 adhibita
2457 2675 2610 2711 manu
2633 2667 2721 2711 aut
2744 2673 2883 2722 voce,
2905 2655 3159 2710 redditam
3174 2658 3471 2709 sanitatem.
3495 2651 3696 2723 CapJS.

503 2750 624 2803 deos
656 2746 993 2811 immortales,
1024 2744 1321 2815 nullamque
1348 2745 1505 2798 simul
1529 2744 1816 2815 aequitatem
1849 2742 2030 2796 iisdem

2167 2750 2316 2823 itque
2340 2753 2533 2819 patitur
2560 2759 2739 2802 auctor
2764 2749 2859 2802 sibi
2890 2748 3069 2819 objici,
3112 2763 3261 2817 opem
3290 2764 3323 2801 a
3356 2747 3455 2801 diis
3482 2746 3595 2818 ferri
3621 2760 3698 2798 non

501 2842 683 2906 inesse,
717 2842 760 2896 si
791 2839 850 2894 ob
882 2840 1051 2893 illatas
1080 2839 1175 2891 sibi
1204 2856 1234 2893 a
1260 2836 1566 2892 Christianis
1589 2836 1825 2907 injurias,
1853 2851 2030 2888 earum
2204 2846 2354 2900 mntis
2390 2844 2615 2915 quidem,
2646 2844 2734 2897 sed
2756 2842 2900 2895 bonis
2932 2841 3131 2912 piisque
3159 2841 3475 2903 nominibus.
3503 2836 3699 2892 Christus

500 2950 676 3004 paruas
716 2942 822 2989 tam
848 2932 911 2986 ab
938 2931 1063 3001 ipsis
1087 2947 1241 3001 quam
1272 2931 1335 2985 ab
1364 2927 1684 2997 insontibus,
1718 2938 1770 2985 ut
1803 2928 2025 2989 aiebant,

2203 2940 2338 2993 enim
2358 2937 2509 2990 ntalis
2527 2935 2763 2990 omnibus
2785 2934 3049 3004 aequaliter
3070 2949 3132 2986 ac
3154 2932 3300 2987 bonis
3315 2933 3581 2987 succurrit.
3597 2928 3699 2984 Vera

500 3027 715 3081 ethnicis
749 3025 857 3079 ullo
901 3025 1089 3094 absque
1128 3022 1420 3087 discrimine
1461 3020 1774 3089 repetierint.
1806 3019 2027 3072 Conclu-
2205 3038 2452 3099 ρνωιεγεα
2480 3044 2588 3081 ωδε
2619 3026 2809 3081 atii-iui
2840 3025 3093 3079 inii-acuta
3114 3024 3337 3078 ostendit
3378 3023 3543 3087 adhuc
3566 3019 3699 3075 Arno-

503 3119 675 3190 ditque
704 3118 795 3170 has
824 3115 1069 3170 ridiculos
1120 3114 1497 3168 criminationes
1538 3113 1651 3167 sola
1699 3116 2021 3185 aruspicum,
2050 3109 2097 3173 C
2201 3122 2311 3176 bin;
2357 3136 2421 3174 ea;
2464 3119 2558 3173 illa
2609 3134 2820 3189 prorsus
2860 3115 3082 3171 mirabili
3114 3124 3386 3185 potestate,
3420 3131 3565 3187 quam
3588 3111 3701 3168 dedit

501 3209 1025 3265 ανὶοιονιιηιειυαηιηι
1046 3207 1261 3261 “Wfilin
1282 3201 2027 3275 “59‘0"ﬁ0103-C‘1P-“’24-
2206 3214 2360 3267 etiam
2405 3213 2599 3276 iii/intre
2626 3209 2785 3281 plebis
2827 3209 3135 3276 hominibus,
3169 3208 3409 3280 qucelibet
3443 3207 3547 3262 solo
3569 3204 3699 3277 ipsius

430 3305 722 3378 Respondet
749 3304 963 3360 ethnicis
1001 3300 1349 3372 objicientibus
1393 3299 1513 3353 deos
1552 3299 1666 3352 ideo
1708 3298 1760 3351 in
1802 3296 2030 3350 homines
2208 3308 2413 3361 nomine
2444 3305 2681 3375 prodigia
2713 3304 2915 3358 edendi.
3380 3302 3511 3372 Cap,
3540 3296 3699 3356 59.52.

500 3398 707 3463 secvire,
745 3395 867 3466 quia
893 3393 1173 3449 Christiani
1218 3407 1403 3446 novum
1446 3391 1641 3445 cultum
1685 3391 1739 3444 in
1778 3399 2030 3442 terrarum
2136 3395 2205 3451 Ei
2232 3414 2355 3453 εηηε
2376 3406 2583 3467 quanta:
2613 3396 2984 3468 magnitudinis
3010 3404 3055 3448 ei
3082 3395 3351 3463 potestati;
3372 3396 3438 3449 sit
3465 3396 3567 3465 ipse
3584 3391 3701 3448 Clu-i-

501 3491 671 3546 orbem
719 3489 1032 3543 invexerat”.
1060 3481 1207 3539 'Hinc
1237 3484 1409 3538 edocet
1434 3528 1447 3551 ,
1479 3485 1531 3538 in
1564 3501 1661 3556 quo
1710 3483 2029 3554 potissimum
2206 3500 2335 3554 stus,
2370 3487 2598 3541 sublimis
2637 3497 2683 3541 et
2724 3488 2786 3540 ab
2814 3488 2993 3541 intima
3017 3487 3193 3540 radice
3227 3485 3388 3550 Deus,
3420 3486 3604 3539 tametsi
3629 3484 3697 3537 ho-

500 3587 654 3641 totius
679 3580 986 3636 Christiana:
1033 3579 1295 3650 religionis
1343 3593 1543 3632 summa
1590 3577 1849 3632 consistat.
2208 3580 2429 3635 minibus
2446 3580 2569 3633 olim
2600 3580 2911 3649 incognitus,
2938 3579 3018 3641 vel
3036 3578 3160 3633 solis
3176 3594 3310 3650 quas,
3336 3579 3449 3650 ipso
3473 3578 3699 3641 moriente,

1540 3669 1668 3739 Cap.
1695 3671 1786 3732 25,
1814 3669 1905 3736 26,
1934 3669 2027 3723 27.
2209 3677 2348 3744 facta
2377 3680 2495 3727 sunt
2520 3671 2781 3726 miraculis
2804 3671 3179 3727 euidentissime
3203 3670 3608 3726 demonstratum
3629 3676 3699 3724 est.

432 3769 638 3837 Exinde
680 3770 848 3843 arguit
895 3767 1155 3821 meliorem
1186 3781 1292 3819 esse
1331 3763 1742 3820 Christianorum
1783 3780 2027 3830 causam,
3483 3766 3602 3840 εαρ,
3627 3765 3698 3822 53.

502 3878 653 3933 quant
698 3876 903 3924 eorum,
933 3859 1021 3926 qui
1055 3857 1192 3927 falsa
1228 3856 1437 3909 numina
1468 3865 1782 3909 reverentur.
1818 3852 2031 3907 Patrem

2169 3861 2324 3917 .‘hristi
2352 3863 2716 3917 miraculorum
2736 3864 2918 3917 veritas
2947 3863 3271 3935 comprobata
3300 3863 3525 3931 primunt
3546 3876 3602 3917 es:
3621 3868 3700 3912 tes-

503 3953 637 4007 enim
666 3952 812 4005 illum
837 3949 1075 4013 adorant,
1105 3963 1137 4001 a
1174 3963 1274 4017 quo
1318 3947 1522 4012 ipsimet
1559 3945 1822 4016 gentilium
1853 3945 1947 4010 dii,
1985 3945 2032 3997 si

2209 3957 2341 4010 tibus
2363 3955 2794 4026 locupletissimis,
2824 3955 3015 4011 Citriin
3046 3956 3336 4026 discipulis,
3374 3956 3463 4026 qui
3487 3964 3611 4010 certo
3631 3967 3700 4005 ca-

504 4045 590 4121 qui
636 4051 786 4108 sunt,
834 4044 1062 4112 accipere
1104 4038 1380 4093 debuerant
1429 4037 1676 4109 quidquid
1719 4036 1941 4091 numinis
1982 4044 2031 4090 et

2212 4049 2330 4117 pitis
2361 4050 2585 4116 periculo
2616 4066 2673 4103 ea
2696 4050 3021 4123 publicarunt
3049 4062 3095 4123 et
3130 4050 3349 4119 posteris
3368 4048 3702 4103 tradiderunt:

514 4136 794 4210 majestatis
821 4135 1005 4188 habere
1027 4135 1321 4187 creduntur.
1773 4129 1903 4201 Cap.
1934 4130 2024 4185 28.

2209 4141 2394 4196 deinde
2420 4157 2536 4196 vero
2558 4158 2620 4196 ea:
2637 4121 2716 4209 eo,
2737 4144 2871 4213 quod
2899 4121 3192 4196 Christiana
3223 4141 3407 4213 religio
3438 4141 3500 4194 iis
3515 4135 3701 4192 stabilita

431 4229 459 4287 1
469 4231 593 4286 llum
623 4240 794 4284 autem
823 4243 995 4281 verum
1018 4225 1184 4279 Deunt
1210 4241 1379 4278 rerum
1410 4225 1636 4279 omnium
1662 4240 1771 4279 esse
1795 4224 1962 4296 opiﬁci

2208 4245 2255 4288 et
2294 4235 2633 4303 conﬁrmata,
2669 4234 2960 4289 brevissimo
2995 4245 3219 4305 tempore
3251 4235 3303 4287 in
3350 4242 3455 4288 toto
3487 4242 3702 4287 tetrarum

508 4338 570 4376 ea:
610 4319 867 4388 effectibus
916 4319 1094 4388 probat
1139 4316 1429 4384 Arnobius;
1462 4316 1731 4386 Apolline,
1776 4316 2032 4370 Mercurio
2208 4328 2327 4383 orbe
2355 4338 2586 4399 suscepi“
2606 4336 2699 4383 εει,
3358 4325 3491 4399 ευρ,
3521 4327 3602 4389 55,
3627 4321 3698 4377 55,

506 4414 719 4483 aliisque
748 4412 983 4466 onmibus
1019 4412 1211 4480 ﬁctitiis
1240 4409 1530 4465 numinibus
1557 4411 1916 4480 antiquiorem,
1947 4413 2029 4464 iu-

2169 4418 2319 4491 leque
2358 4423 2559 4475 demum
2594 4438 2651 4474 ea
2678 4419 2941 4475 'miraeula
2978 4438 3008 4474 a
3048 4420 3386 4491 scriptoribus
3424 4421 3603 4475 nostris
3635 4422 3700 4469 aut

510 4508 742 4576 ﬁnitum,
788 4506 1110 4576 ingenitum,
1161 4505 1535 4568 immortalem,
1586 4514 1854 4557 aeternum.
2059 4509 2114 4567 Ι)
2212 4514 2402 4581 διον-ἔρια
2439 4514 2751 4566 mendaciter
2796 4523 2886 4566 σαι
2930 4513 3143 4567 nimium
3194 4524 3510 4585 exaggerata
3554 4508 3701 4582 proba!

1540 4593 1671 4663 Cap.
1695 4593 1787 4663 99.
1821 4594 1908 4659 50,
1940 4595 2031 4651 51o
2213 4606 2485 4663 Arnobius.
2520 4607 2656 4677 Quin
2686 4607 2838 4665 etiam
2863 4616 2967 4659 tam
2995 4623 3110 4660 vera
3139 4618 3276 4671 sunt,
3321 4622 3441 4675 quin
3471 4602 3640 4659 nostris
3661 4599 3701 4651 in

436 4689 652 4748 Cuitibet
680 4707 710 4743 a
737 4698 922 4743 natura
951 4689 1162 4743 insitum
1192 4705 1298 4743 esse
1329 4688 1528 4757 asgerlt,
1548 4697 1601 4740 ut
1630 4686 1764 4745 hunc
1792 4694 2034 4758 agnoscat
2212 4701 2380 4769 ιίρνη
2433 4704 2493 4765 (ιε
2535 4703 2738 4765 διμιδιο
2786 4704 2977 4771 κηρία
3019 4702 3187 4770 [καθ’
3237 4718 3393 4773 quam
3437 4700 3585 4773 ίηιεα,
3613 4705 3701 4765 qui;

509 4799 677 4854 regem
724 4797 978 4835 summum
1021 4791 1067 4834 et
1110 4781 1335 4835 onmium
1381 4781 1750 4834 moderatorem
1777 4795 1796 4831 .'
1823 4777 1942 4847 quin
1987 4785 2035 4831 et

2211 4792 2428 4866 gentiles
2458 4794 2521 4846 de
2543 4794 2640 4847 diis
2671 4794 2777 4848 suis
2802 4793 3147 4848 tradiderunt.
3371 4791 3481 4861 Cap
3525 4784 3696 4852 56,57.

509 4875 756 4929 animalia
783 4885 828 4928 et
855 4890 982 4927 saxa
1007 4875 1143 4943 ipsa,
1172 4873 1213 4933 si
1249 4874 1377 4941 forte
1405 4872 1750 4944 loquerentur,
1778 4871 1833 4931 id
1860 4879 2036 4945 aperte

2166 4886 2385 4957 letundit
2419 4884 2669 4943 Arnobius
2699 4886 2926 4949 ethnicos
2969 4895 3225 4956 urgentes,
3259 4882 3381 4937 hinc
3425 4883 3605 4950 scripta
3626 4888 3697 4930 stu!

512 4970 781 5039 palamque
829 4966 1130 5020 clamarent.
1169 4963 1389 5020 Frustra
1438 4968 1593 5037 igitur
1637 4966 1822 5020 ethnici
1852 4964 2032 5019 Jovem

2208 4995 2315 5033 esse
2337 4979 2627 5047 antiquiora
2646 4989 2793 5048 atque
2808 4978 2997 5032 ideirco
3018 4978 3234 5043 veriora,
3259 4977 3406 5030 illinc
3426 4991 3540 5030 vero
3557 4978 3697 5026 nostra

507 5077 763 5115 summum
796 5058 958 5113 Deum
994 5058 1301 5127 praedicant,
1336 5075 1483 5129 quem
1509 5057 1699 5112 scilicet
1743 5057 1894 5113 solito
1935 5057 2030 5111 ho-

2220 5072 2380 5143 fuisse
2400 5072 2463 5133 ab
2494 5070 2709 5124 indoctis
2736 5070 3025 5123 hominibus
3053 5085 3282 5123 sermone
3309 5068 3429 5122 rudi
3453 5077 3591 5138 atque
3617 5063 3695 5114 im-

506 5152 769 5206 hominum
812 5167 951 5203 more
995 5159 1169 5203 natum
1213 5160 1475 5214 noverunt,
1509 5167 1621 5204 eum
1671 5160 1836 5203 tamen
1885 5166 2027 5204 sum—
2209 5165 2369 5235 pomo
2394 5174 2625 5218 θέτω-πω,
3349 5157 3479 5229 βαρ,
3513 5155 3597 5219 58,
3621 5150 3693 5208 59.
3774 5150 3779 5153 ’

506 5261 620 5299 mus
651 5242 789 5298 Deus
815 5242 1069 5314 ingenitus
1099 5243 1160 5295 sit
1191 5250 1340 5310 atque
1377 5252 1615 5297 teternus.
1664 5240 1794 5313 Cap.
1839 5243 1901 5298 5|
1937 5242 2025 5296 55.

2160 5256 2405 5322 iatist‘acit
2430 5266 2607 5309 auctor
2631 5256 2861 5322 ethnicis,
2894 5256 2979 5322 qui
3008 5270 3039 5307 a
3066 5253 3368 5308 Christianis
3387 5247 3691 5323 postulabant,

366 5344 367 5351 “
441 5339 678 5395 Occurrit
711 5339 924 5393 ethnicis
953 5338 1270 5393 Christianos
1296 5340 1730 5411 insimulantibus,
1764 5356 1863 5397 non
1894 5340 2031 5410 quod
2206 5346 2571 5415 cui-Christus,
2601 5350 2645 5415 ρὶ
2678 5347 2814 5402 Deus
2855 5349 2943 5415 sit,
2987 5348 3266 5400 humanam
3308 5346 3527 5415 formam
3560 5334 3695 5393 indu“

512 5434 676 5490 Deum
717 5434 1111 5503 omnipotentem
1157 5443 1471 5495 venerentur,
1502 5434 1591 5486 sed
1618 5434 1735 5500 quia
1779 5434 2031 5487 hominem
2207 5452 2251 5494 et
2281 5457 2419 5493 more
2444 5439 2667 5493 humano
2693 5450 2765 5494 est
2788 5440 3139 5507 interemptus,
3236 5435 3366 5505 Cap,
3391 5436 3477 5498 60,
3510 5432 3591 5496 61,
3617 5426 3690 5481 69·

507 5538 682 5580 natum
716 5538 759 5580 et
789 5529 969 5598 infanti
1000 5527 1162 5580 erucis
1183 5527 1434 5596 supplicio
1480 5527 1837 5597 interemptum
1867 5526 2028 5582 Deum
2136 5530 2432 5600 Respondet
2454 5532 2632 5584 iisdem
2650 5531 3034 5600 reponentibus,
3061 5528 3355 5583 incredibile
3380 5539 3579 5598 prorsus
3604 5530 3691 5575 es“

504 5634 611 5677 esse
632 5618 960 5675 contendant.
1651 5616 1781 5688 Cap.
1814 5619 1905 5686 56,
1937 5622 2028 5676 57.
2205 5623 2463 5685 Christum
2496 5622 2658 5687 Deum
2686 5630 2734 5685 et
2756 5622 3013 5685 hominem
3039 5623 3265 5689 humana
3309 5629 3506 5679 tantum
3538 5623 3690 5670 natm

436 5708 499 5767 Si
525 5726 662 5777 vero,
694 5710 857 5780 inquit
883 5710 1157 5778 Arnobius,
1188 5713 1268 5783 [as
1296 5711 1394 5782 fuit
1424 5710 1658 5778 ethnicis,
1698 5712 1945 5781 quosdam
1975 5712 2029 5766 in
2204 5715 2368 5775 uisum
2387 5730 2448 5777 ac
2465 5713 2693 5789 patibulo
2708 5713 2944 5783 μόρΜ
2965 5713 3123 5781 uitam
3140 5713 3365 5786 (iniisse:
3387 5705 3684 5777 ostenditque.
