3878 6312
423 284 528 342 719

1592 269 1868 331 ARNOBII
1906 266 2275 329 ADVERSUS
2311 267 2493 329 GENT
2500 268 2584 327 ES
3590 267 3675 327 720

423 405 710 469 postquam
738 409 861 452 esse
884 394 937 450 in
967 393 1168 450 mundo
1194 388 1486 447 christiana
1513 402 1646 460 gens
1683 390 1882 458 coepit,
1915 396 2026 445 ter—
2053 391 2102 449 Α
2132 386 2539 443 contentionum
2582 379 2809 449 studiis,
2845 377 3042 453 quibus
3066 374 3357 436 'obscurari
3394 384 3448 434 et
3494 384 3676 453 contegi

426 506 608 547 rarum
640 490 827 545 orbem
859 487 1104 557 periisse,
1139 480 1562 540 multiformibus
1590 480 1746 535 malis
1776 479 2025 536 allectum

426 598 551 639 esse
576 595 748 654 genus
773 580 1069 635 humanum
1094 593 1110 645 ;
1145 578 1293 648 ipsos
1322 574 1484 630 etiam
1523 574 1763 639 ctelites,
1797 573 2028 629 derelic-

429 678 500 731 tis
526 676 675 732 curis
721 672 1089 739 solemnibus,
1131 670 1326 743 quibus
1355 666 1628 739 quondam
1656 666 1904 722 solebant
1946 667 2030 722 in-

429 770 606 826 visere
631 783 719 825 res
764 777 997 835 nostras,
1032 778 1298 823 terrarum
1339 763 1409 819 ab
1433 762 1742 834 regionibus
1767 763 2027 818 extermi-

430 873 588 921 natos
620 880 634 917 :
673 863 836 918 statui
867 877 965 933 pro
992 872 1151 932 captu
1177 902 1192 928 ,
1236 874 1301 914 ac
1343 856 1716 913 mediocritate
1760 858 2031 914 sermonis

428 956 704 1011 contraire
733 952 969 1018 invidiae,
1018 961 1076 1007 et
1114 949 1479 1006 calumniosas
1510 946 1814 1004 dissolvere
1843 948 2031 1003 crimi-

432 1050 683 1105 nationes
704 1089 720 1115 ,
751 1061 819 1101 ne
849 1054 941 1101 aut
972 1045 1049 1100 illi
1088 1043 1191 1100 sibi
1223 1043 1513 1099 videantur
1533 1084 1548 1109 ,
1583 1041 1858 1113 popularia
1903 1040 2033 1097 dum

425 1140 589 1197 verba
615 1140 963 1208 depromunt,
996 1151 1247 1207 maguum
1270 1134 1470 1205 aliquid
1493 1133 1674 1189 dicere
1693 1150 1707 1199 ;
1726 1142 1835 1201 aut,
1865 1133 1910 1188 si
1935 1148 2035 1190 nos

432 1233 624 1289 talibus
641 1229 1069 1287 continuerimus
1090 1244 1117 1282 a
1136 1228 1323 1283 litibus
1340 1236 1389 1294 ⁸,
1411 1226 1713 1282 obtinuisse
1735 1240 1795 1283 se
1813 1240 2032 1282 causam

432 1336 659 1398 putent,
688 1326 885 1380 victam
930 1323 1013 1379 sui
1062 1322 1232 1389 vitio,
1284 1336 1391 1375 non
1442 1328 1773 1375 assertornm
1818 1320 2035 1377 silentio

432 1420 765 1477 destitutam.
786 1418 970 1489 Neque
992 1416 1138 1473 enim
1164 1416 1473 1485 negaverim
1502 1414 1889 1470 validissimam
1913 1430 2037 1472 esse

435 1514 833 1571 accusationem
883 1511 1065 1577 istam,
1113 1510 1508 1580 hostilibusque
1555 1509 1854 1581 condignos
1895 1510 2036 1567 odiis

433 1623 535 1663 nos
560 1622 703 1675 esse,
722 1607 766 1662 si
792 1604 934 1677 apud
954 1619 1052 1660 nos
1068 1618 1190 1660 esse
1206 1603 1512 1659 constiterit
1527 1617 1745 1669 causas,
1769 1619 1864 1673 per
1902 1618 2038 1675 quas

436 1701 550 1757 suis
590 1700 823 1754 mundus
852 1696 1125 1754 aberravit
1150 1696 1219 1751 ab
1266 1695 1494 1766 legibus,
1525 1695 1870 1751 esterminati
1911 1706 2041 1753 sunt

2129 477 2517 550 contemplatio
2546 491 2727 532 rerum
2755 472 2931 539 solet,
2964 488 3033 528 an
3062 472 3131 528 sit
3176 470 3317 527 istud
3353 470 3486 542 quod
3513 472 3680 532 dicitur

2129 588 2316 629 verum
2344 611 2358 633 ,
2411 577 2812 625 momentorum
2861 566 3065 637 parium
3095 564 3480 620 examinatione
3508 567 3679 634 pcnds.

2131 680 2271 721 mus.
2306 663 2582 719 Efficietur
2626 662 2770 718 enim
2812 659 3057 732 profecto
3092 659 3358 714 rationum
3384 672 3681 730 consequen-

2132 758 2262 813 tium
2290 756 2567 828 copulatu,
2598 764 2654 808 ut
2686 767 2794 809 non
2822 752 2973 822 impii
3001 766 3099 807 nos
3124 753 3295 822 magis
3317 747 3367 817 ιι,
3392 751 3482 806 sed
3510 751 3578 806 illi
3600 753 3683 823 ipsi

2131 852 2470 922 reperiantur
2497 848 2740 904 criminis
2766 848 2922 903 istius
2947 846 3059 912 rei,
3091 846 3180 916 qui
3206 860 3266 901 se
3296 843 3556 900 numinum
3581 860 3681 914 pro-

2135 948 2355 1002 litentur
2380 958 2505 1001 esse
2524 943 2784 1004 cultores.
2815 950 2978 1010 atque
3019 939 3333 995 inveteratis
3380 937 3683 1009 religionibus

2133 1038 2365 1096 deditos.
2399 1039 2478 1094 Ac
2522 1036 2753 1107 primum
2781 1036 2852 1092 ab
2878 1033 2963 1090 his
3004 1033 3132 1089 illud
3164 1031 3409 1088 familiari
3438 1042 3489 1087 et
3516 1032 3683 1102 placida

2134 1132 2380 1187 oratione
2412 1128 2771 1200 perquirimus
2798 1143 2811 1181 :
2846 1135 3127 1197 postquam
3157 1139 3277 1181 esse
3310 1140 3497 1179 nomen
3526 1124 3571 1178 iu
3596 1133 3684 1180 ter-

2134 1224 2210 1279 ris
2239 1224 2547 1279 cbristianre
2576 1221 2854 1291 religionis
2898 1218 3164 1289 occmpit,
3203 1216 3457 1288 quidnam
3485 1216 3687 1273 invisita-

2136 1326 2270 1384 tum,
2297 1316 2423 1388 quid
2449 1314 2801 1385 incognitum.
2824 1309 2949 1382 quid
2976 1318 3163 1366 contra
3194 1307 3343 1380 leges
3365 1307 3689 1380 principaliter

2137 1411 2430 1476 institutas,
2459 1419 2551 1473 aut
2579 1408 2750 1463 sensit
2776 1414 2869 1461 aut
2895 1419 3049 1475 passa
3092 1412 3178 1458 est
3215 1418 3398 1458 rerum
3441 1401 3548 1473 ipsa
3592 1418 3687 1473 qua:

2138 1504 2334 1560 dicitur
2363 1502 2779 1574 appellaturque
2806 1512 2997 1555 natura
3019 1497 3042 1551 ?
3064 1495 3334 1568 Numquid
3358 1497 3410 1551 in
3435 1498 3693 1554 contrarias

2139 1595 2429 1667 qualitates
2450 1596 2621 1665 prima
2647 1591 2735 1647 illa
2758 1592 3025 1647 elementa
3045 1598 3248 1645 mutata
3278 1598 3425 1655 sunt,
3451 1603 3512 1643 ex
3533 1588 3691 1659 quibus

2139 1705 2235 1748 res
2258 1703 2451 1746 omnes
2476 1702 2805 1745 consensum
2836 1694 2921 1742 est
2954 1699 3076 1741 esse
3118 1683 3443 1740 concretas?
3472 1681 3697 1752 Numquid

435 1794 510 1849 dii
538 1793 728 1866 longe,
772 1792 1021 1848 examina
1065 1799 1212 1845 tanta
1257 1803 1555 1845 moerorum
1590 1789 1899 1845 mortalium
1930 1789 2032 1846 imo
2063 1799 2114 1862 Β
2142 1784 2405 1843 machinae
2443 1783 2623 1852 hujus.
2664 1791 2719 1838 et
2758 1778 2919 1837 molis
2942 1822 2957 1844 ,
2997 1793 3104 1850 qua
3132 1778 3370 1835 universi
3413 1777 3700 1847 tegimur,ct

433 1895 649 1960 portata
686 1895 812 1942 sunt
839 1885 1075 1942 sacculis.

508 1980 574 2036 ll.
615 1979 965 2049 Inspiciamus
991 1977 1153 2049 igitur
1178 1975 1452 2047 opinionis
1494 1976 1649 2033 istius
1678 1985 1946 2043 mentem,
1980 1988 2037 2035 et

435 2074 540 2132 hoc
580 2071 726 2145 quod
750 2071 969 2138 dicitur,
1016 2071 1178 2143 quale
1206 2070 1317 2126 sit:
1366 2069 1760 2141 summotisque
1784 2070 2037 2127 omnibus

2142 1879 2486 1935 continemur
2512 1875 2745 1940 inclusi,
2778 1881 2934 1945 parte
2960 1881 3044 1927 est
3072 1872 3124 1927 in
3152 1871 3332 1942 aliqua
3364 1869 3606 1938 relaxata,
3629 1876 3700 1923 aut

2144 1974 2408 2031 dissoluta
2439 1967 2773 2027 constructio
2797 1954 2829 2021 ii
2848 1965 3121 2037 Numquid
3145 1964 3354 2037 vertigo
3395 1964 3507 2019 haec
3530 1960 3702 2029 mundi,

2144 2064 2450 2141 primigenii
2498 2074 2677 2121 motus
2723 2059 3050 2118 moderaren
3077 2058 3376 2125 excedens,
3415 2068 3505 2114 aut
3538 2055 3704 2113 tardius

1683 2209 2068 2271 LECTIONES
2096 2204 2518 2269 VARIANTES.

499 2357 527 2388 ⁸
561 2354 637 2408 Ab
659 2352 828 2406 litibus
859 2354 955 2404 Ms.

2202 2343 2234 2384 ιι
2267 2345 2410 2410 [mpii
2431 2344 2609 2408 magis.
2632 2355 2724 2395 nos
2745 2340 2883 2395 Fulv.

1803 2458 2369 2519 COMMENTARIUS.

509 2595 795 2667 Postquam
819 2608 927 2648 esse
954 2592 1010 2667 in
1032 2590 1226 2667 mundo
1250 2592 1535 2667 christiana
1562 2608 1685 2663 gens
1720 2594 1870 2664 capit
1886 2636 1902 2661 ,
1933 2604 2037 2651 ter-

434 2685 610 2724 rarum
652 2661 827 2721 orbem
875 2663 1105 2734 periisse.
1159 2661 1628 2734 ltarascribebaint
1680 2680 1746 2720 eo
1795 2661 2040 2730 tempore

434 2754 628 2796 causas
654 2733 919 2793 malorum
949 2734 1189 2789 omnium
1216 2733 1545 2799 christianis,
1574 2744 1629 2791 et
1657 2735 1789 2791 deos
1818 2738 2042 2793 aiebant

435 2811 851 2867 Christianorum
906 2806 1180 2874 impietate
1225 2814 1577 2875 exasperatos
1636 2807 1773 2861 mala
1822 2811 2038 2873 omnia,

433 2893 785 2953 (impiumque
798 2879 1089 2953 humanum
1109 2891 1283 2946 genus
1300 2878 1583 2953 urgebant,
1601 2880 1859 2953 excitare.
1878 2879 2038 2953 conf.

437 2948 756 3008 'i‘ertultian.
814 2949 1127 3018 Apologet.,
1158 2962 1277 3017 cap.
1309 2948 1416 3014 40;
1458 2950 1770 3018 Augustio.,
1813 2951 1881 3005 de
1919 2950 2037 3005 Civ.

438 3025 553 3086 Dei,
582 3023 681 3078 lib.
708 3037 770 3086 ιι,
799 3037 920 3089 cap.
947 3020 985 3074 2
1006 3030 1061 3076 et
1089 3020 1155 3082 ὃς
1185 3018 1485 3090 Cyprianus
1510 3021 1578 3074 ad
1614 3020 2035 3088 Demetrianum,

2143 2595 2392 2651 Lactant.
2437 2591 2572 2647 Inst.
2619 2588 2717 2643 lib.
2763 2601 2836 2649 vt,
2868 2600 2991 2658 cap.
3020 2586 3109 2651 i9.
3141 2600 3264 2658 pag.
3297 2586 3411 2644 8l0
3437 2602 3577 2657 seq.;
3603 2586 3704 2643 Adr.

2144 2665 2403 2722 Behotius
2425 2665 2476 2717 in
2507 2658 2873 2729 ApOphoretis
2895 2657 2985 2713 lib.
3017 2674 3056 2725 ι,
3080 2657 3283 2728 οιιρζθ,
3324 2660 3471 2727 conj.
3511 2659 3707 2714 extermi-

2143 2739 2279 2792 natis
2298 2736 2570 2792 summiset
2585 2732 2683 2786 diis
2703 2730 3153 2800 longe,ea:amina,
3176 2738 3281 2785 etc.
3309 2731 3418 2788 Sed
3434 2733 3563 2787 bene
3582 2729 3708 2785 habet

2146 2808 2368 2866 Codicis
2401 2807 2584 2861 lectio.
2614 2802 2822 2858 Οιιειι..

2215 2879 2511 2948 lmportata
2532 2885 2649 2929 sunt
2674 2873 2898 2928 suculis.
2921 2870 3061 2948 _Vide
3091 2871 3249 2948 intra.
3281 2887 3409 2948 cap.
3429 2874 3481 2931 3.
3516 2873 3583 2929 Ita
3602 2873 3707 2948 Lac-

2146 2942 2348 3005 tantius
2374 2952 2426 3003 in
2457 2947 2725 3017 Epitome,
2755 2961 2877 3011 cap.
2906 2943 2999 3013 46,
3028 2944 3056 3015 §
3085 2943 3159 3017 87:
3194 2942 3303 3017 Pro
3329 2942 3426 3000 Iioc
3464 2945 3707 3017 important

2142 3023 2249 3077 illis
2280 3021 2416 3077 Deus
2446 3014 2606 3083 mula,
2637 3015 2729 3071 ubi
2754 3018 2954 3071 multus
2984 3014 3069 3070 est
3104 3016 3173 3070 de
3216 3014 3321 3071 hoc
3364 3014 3541 3073 verbo
3566 3016 3706 3071 Bttne-

435 3084 549 3151 etc.
586 3084 776 3148 Postea
800 3084 963 3161 quum
1009 3084 1309 3160 principum
1346 3090 1764 3146 cbristianorunt
1810 3084 2038 3161 imperio
2063 3093 2109 3155 C
2143 3109 2394 3160 ιιιειιιηυς,
2427 3107 2547 3160 pag.
2581 3088 2744 3144 1285.
2775 3084 3076 3161 Μονιιιιίιιηι
3102 3088 3296 3161 statuta
3317 3158 3328 3161 Α
3349 3089 3480 3161 nihil
3507 3089 3632 3161 aliud
3654 3088 3709 3141 si-

437 3166 706 3221 idolorum
733 3164 931 3233 templa
960 3161 1358 3222 clauderentur.
1393 3173 1449 3217 et
1484 3164 1700 3231 gentilis
1725 3163 2039 3231 superstitio

439 3236 837 3306 prohiberetur,
862 3233 1183 3306 binoctium
1213 3246 1391 3306 causa:
1435 3235 1571 3306 mala
1622 3234 1802 3306 sat-culi
1837 3237 2042 3290 tribue-

439 3302 592 3376 bant,
623 3314 680 3363 et
703 3304 829 3361 inde
850 3302 1044 3360 Orosio
1069 3302 1428 3376 dataoccasio
1454 3304 1757 3360 scribenda:
1778 3305 2039 3361 historiae.

1160 3373 1406 3431 “suam.
1432 3386 1486 3428 et
1517 3377 1760 3431 ELIENH.

514 3448 712 3515 Quibus
749 3446 1008 3514 quondam
1033 3444 1260 3500 solebant
1304 3447 1521 3501 invisere
1549 3464 1630 3501 res
1660 3456 1882 3501 nostras.
1916 3448 2045 3504 Per-

439 3521 653 3589 vnlgata
683 3519 865 3588 opinio
896 3517 1037 3589 apud
1065 3526 1293 3589 veteres.
1331 3516 1461 3572 Vide
1488 3517 1683 3572 Catulli
1715 3518 2042 3589 Epithalam.

441 3608 495 3647 ν.
524 3586 652 3652 582.
681 3586 870 3661 seqq;
898 3588 1057 3645 Ovid.
1084 3586 1301 3644 Metam.
1328 3605 1365 3654 ι,
1394 3589 1662 3645 H5450.
1697 3586 1843 3645 Fast.
1864 3606 1903 3657 ι,
1940 3591 2044 3647 247

442 3678 600 3732 seqq.
626 3661 832 3717 Οιιειι..

514 3729 804 3804 Popularia
827 3732 996 3788 verba.
1028 3729 1140 3786 Hoc
1161 3741 1244 3787 est
1264 3746 1548 3804 sermones
1576 3740 1727 3787 ortos
1765 3748 1833 3787 ex
1872 3732 2045 3804 impe-

438 3805 561 3862 ritia
590 3802 857 3875 populari,
875 3804 1170 3875 qualesque
1188 3814 1435 3872 repetere
1461 3802 1889 3875 indignissimum
1917 3803 2048 3860 fuis-

440 3886 527 3932 set
554 3874 861 3946 hominibus
875 3874 1116 3929 doctrina
1136 3875 1385 3946 excultis.
1405 3874 1669 3930 Similiter
1693 3875 2044 3946 Augustinus,

440 3949 510 4003 de
538 3945 697 4003 Civit.
729 3947 845 4010 Dei,
878 3946 971 3999 lib.
1004 3960 1064 4006 ιι,
1092 3959 1213 4012 cap.
1245 3945 1301 4000 ὃς
1329 3943 1586 4000 Memento
1615 3943 1808 4010 autem,
1844 3962 1923 4000 me
1948 3948 2049 4001 ista

443 4026 937 4087 commemorantem
951 4016 1122 4087 adhuc
1148 4026 1327 4070 contra
1348 4017 1615 4087 imperitos
1643 4033 1815 4087 agere,
1832 4033 1898 4072 ea:
1918 4033 2048 4087 quo-

440 4096 578 4143 rum‘
600 4087 854 4159 imperitia
882 4085 1032 4159 illud
1074 4102 1273 4155 quoque
1298 4085 1467 4141 ortum
1491 4098 1568 4143 est
1599 4085 1808 4159 vulgare
1835 4085 2046 4156 prover-

444 4161 619 4215 bium:
643 4158 828 4213 Pluvia
855 4158 1038 4229 defecit
1061 4174 1217 4214 euusa
1242 4159 1511 4214 christiani
1534 4158 1775 4214 nominis.
1801 4160 2046 4215 Ηειιιιιι).

518 4230 805 4286 Hostilibus
830 4230 1113 4301 condignas
1138 4244 1230 4283 nos
1257 4230 1390 4283 odiis
1418 4247 1544 4285 esse.
1577 4230 1872 4286 Christi-ini
1902 4232 2047 4287 enim

444 4302 647 4372 publici
687 4303 872 4357 hostes
910 4310 965 4355 et
1010 4301 1457 4357 existimabantur
1504 4313 1562 4358 et
1610 4303 2043 4371 appellabantur.

1626 4373 1870 4429 lienam.

2145 3157 2552 3234 goiticat'q'uam
2579 3176 2749 3230 genus
2787 3157 3103 3215 humanum.
3138 3158 3272 3214 Vide
3312 3158 3476 3227 infra,
3510 3159 3596 3216 lib.
3634 3173 3706 3222 vn.

2146 3232 2267 3303 cap.
2301 3236 2395 3290 ΞΑ.
2412 3232 2630 3290 ίΟιιειι..

2226 3307 2292 3363 ιι.
2316 3336 2388 3349 ---
2420 3304 2694 3376 Opinionis
2736 3302 2882 3376 istius
2928 3309 3166 3376 mentem.
3237 3300 3363 3376 Alii,
3391 3306 3604 3376 fontem.
3629 3300 3708 3376 sed

2150 3381 2331 3434 statim
2373 3372 2492 3447 ipse
2539 3390 2599 3431 se
2643 3372 3192 3447 explicatUArnobius
3236 3385 3284 3426 et
3311 3375 3440 3447 _hoc
3481 3374 3606 3444 quod
3646 3373 3707 3425 di-

2146 3453 2281 3505 citur
2310 3442 2462 3519 quale
2486 3448 2552 3519 sit
2577 3455 2681 3519 :_nt
2712 3459 2810 3500 nos
2849 3442 3079 3499 dicimus
3109 3462 3122 3498 :
3154 3460 3258 3500 was
3284 3445 3471 3500 daram
3493 3442 3605 3516 ξεν,
3632 3459 3709 3499 tces

2147 3517 2385 3576 daltint'er
2412 3518 2565 3574 stelte.
2594 3517 2800 3574 ORELL.

2219 3590 2609 3646 Contentionum
2636 3589 2840 3643 studiis.
2880 3587 2971 3643 Sic
2997 3587 3336 3657 Augustinus
3361 3586 3593 3652 Confes.,
3637 3586 3709 3641 luit.

2148 3679 2244 3726 ιιι,
2277 3677 2398 3732 cap.
2432 3663 2537 3718 l8:
2574 3659 2713 3715 Nolo
2755 3659 2918 3732 verbis
2957 3658 3301 3732 contendere;
3351 3660 3423 3713 ad
3466 3659 3590 3714 nihil
3607 3658 3711 3713 enim

2147 3735 2275 3789 utile
2302 3730 2401 3798 est,
2431 3733 2530 3787 nisi
2550 3732 2617 3786 ad
2642 3730 3020 3786 subversionem
3042 3730 3386 3787 aitdientium.
3413 3733 3637 3787 Ειιιειιιι.

2224 3803 2293 3860 Ut
2342 3821 2444 3858 non
2484 3804 2631 3873 impii
2670 3818 2761 3857 nos
2801 3802 2983 3873 magis,
3008 3800 3099 3855 sed
3126 3800 3206 3854 illi
3235 3803 3373 3872 ipsi,
3403 3815 3507 3859 etc.
3536 3802 3710 3858 Crimen

2149 3877 2484 3947 objectorum
2535 3871 2796 3947 malorum
2845 3871 3244 3942 impietatisque
3272 3874 3349 3947 ad
3392 3875 3619 3947 nationes
3642 3886 3709 3947 re-

2151 3943 2407 4018 toiquent
2453 3953 2510 4001 et
2558 3946 2669 4018 alii,
2696 3945 3027 4018 scriptores,
3071 3957 3223 4018 v._c.
3271 3943 3709 4018 Tertullianus,in

2153 4013 2459 4088 Apologet.,
2491 4031 2615 4086 cap.
2645 4017 2746 4080 il;
2776 4013 3110 4088 Lactantiigs,
3136 4013 3293 4080 lust.,
3328 4015 3425 4073 lib:
3454 4032 3509 4084 v,
3534 4032 3640 4087 cap.
3661 4014 3709 4078 8;

2150 4084 2455 4162 Cyprianus
2481 4088 2547 4162 ad
2563 4084 3004 4162 'Oetnetriannm.
3019 4084 3287 4162 _ELIBNII.

2226 4157 2486 4228 Quidnam
2512 4159 2845 4222 invisitatum,
2868 4157 2993 4227 quid
3012 4158 3350 4228 incognitum,
3369 4170 3473 4215 etc.
3491 4158 3574 4217 Sic
3589 4157 3714 4214 habet

2151 4231 2319 4287 editio
2348 4231 2517 4301 Lugd.
2552 4231 2668 4287 Bat.
2702 4245 2734 4285 e
2760 4229 3098 4301 correctione
3127 4229 3180 4284 J.
3211 4228 3432 4286 Meursii
3456 4232 3507 4285 in
3528 4232 3709 4290 Critico.

2155 4319 2276 4375 pag.
2310 4304 2366 4359 4.
2396 4298 2501 4357 Alii
2528 4302 2849 4357 inusitatum.
2881 4298 2989 4355 Sed
3004 4302 3337 4375 invisitatum
3367 4312 3415 4357 et
3444 4302 3712 4375 incognitum

2152 4370 2249 4431 esi
2260 4389 2549 4444 numquam
2578 4383 2735 4428 antea
2766 4387 2942 4444 neque
2969 4371 3118 4444 visu,
3152 4386 3328 4444 neque
3359 4375 3538 4431 auditu
3558 4370 3710 4442 cogni-

1136 4444 2049 4538 longe,_e.vtt'mittt:jtutt‘ta'maerorum
2077 4478 2126 4538 υ
2154 4455 2289 4538 tuin,
2310 4456 2365 4501 et
2393 4441 2445 4499 iit
2470 4444 2822 4538 sequentibus
2852 4441 3486 4538 arnt‘rbiu-s-talialtiatdit,
3504 4461 3610 4526 qua

449 4514 745 4568 mortalium
789 4514 1062 4583 importata
1114 4525 1234 4568 sunt
1280 4516 1505 4570 saxulis.
1559 4514 1707 4570 Hanc
1758 4516 2047 4571 lcetionem

448 4585 686 4640 restituit
740 4584 1080 4639 Stewecbius
1128 4601 1159 4638 e
1203 4586 1339 4640 Cod.
1392 4597 1554 4641 lllSlO.
1613 4586 1792 4641 Editio
1848 4587 2046 4642 ltom.:

450 4654 794 4728 Exterminati
838 4670 1041 4728 sumus,
1082 4655 1205 4728 dum
1252 4659 1432 4728 longe,
1467 4669 1600 4715 ctc..
1625 4657 1767 4726 quod
1798 4657 2053 4714 Gelenius

451 4726 841 4793 depravaverat
872 4727 974 4780 hoc
1001 4726 1163 4781 modo
1192 4744 1206 4780 :
1242 4726 1639 4782 Easterminundi
1665 4745 1861 4795 sumus,
1889 4730 1933 4782 si
1963 4746 2053 4797 per

454 4812 549 4850 nos
572 4797 843 4867 examina,
871 4803 1000 4860 etc.,
1043 4807 1302 4867 sequente
1333 4797 1753 4854 Elmeultorstio.
1786 4800 2053 4856 Meursius

454 4868 510 4938 in
557 4865 757 4921 Critico
805 4865 1144 4938 Arnobiano,
1174 4884 1294 4938 pag.
1328 4871 1379 4935 1,
1421 4870 1706 4937 legendum
1737 4873 2050 4928 existimat:

456 4936 801 4992 Exterminnti
826 4936 985 4992 simus
1012 4937 1180 5008 longe,
1215 4936 1337 4993 dum
1365 4936 1622 5007 examina,
1647 4952 1781 5005 ctc..
1812 4944 2055 4997 extermi-

457 5009 565 5062 nnti
599 5009 759 5063 simus
797 5008 1073 5078 explicans
1099 5012 1512 5066 exterminemur.
1554 5018 1624 5066 At
1658 5013 1703 5067 si
1727 5014 1847 5068 aliis
1874 5014 2054 5070 verbis

456 5089 717 5151 repetere
740 5080 999 5151 voluisset
1027 5078 1299 5151 Arnobius
1330 5083 1380 5135 id
1423 5082 1564 5151 quod
1595 5083 1805 5140 dixerat
1847 5084 1899 5139 in
1951 5100 2050 5139 an-

458 5150 830 5224 tecedentibus
868 5150 1521 5224 :_ltostilibusucondignos
1571 5172 1667 5208 nos
1715 5156 1848 5209 odiis
1906 5171 2047 5221 esse,

458 5219 685 5292 dixisset
729 5219 1102 5292 proculdubio,
1131 5219 1652 5288 tollendifnecandi
1700 5242 1910 5291 sunms,
1960 5219 2056 5282 aut

456 5291 635 5346 simile
661 5289 812 5361 quid.
833 5289 964 5345 Nam
995 5293 1331 5347 exterminare
1355 5309 1462 5349 non
1489 5306 1571 5350 est
1597 5289 1935 5361 interimere,
1959 5298 2054 5352 sed

458 5371 612 5436 extra
633 5362 895 5436 terminos
920 5363 1156 5424 mittere.
1181 5366 1445 5420 ecivitate
1464 5366 1683 5436 ejicere.
1708 5368 1824 5422 για.
1851 5366 2055 5422 Nonius

459 5430 517 5506 ξι.
549 5448 602 5485 v.
630 5431 809 5502 ibique
836 5432 1107 5506 biercerus
1135 5450 1253 5504 pug.
1285 5435 1374 5500 98,
1407 5430 1551 5506 quod
1580 5446 1765 5493 contra
1796 5437 2053 5493 Rutilium

459 5501 600 5584 bene
631 5501 814 5584 mpnet
843 5501 1177 5584 lleusiﬁngerL
1203 5501 1267 5560 ad
1302 5501 1448 5561 illuni
1474 5506 1753 5564 Ciceronis
1780 5510 1958 5584 locum
1987 5508 2055 5564 de

461 5571 619 5653 Oftic.
644 5572 737 5629 lib.
765 5588 826 5639 ιι,
854 5588 974 5644 cap.
992 5571 1065 5631 23
1089 5591 1104 5632 :
1130 5575 1311 5647 Exque
1337 5594 1395 5653 eo
1422 5588 1647 5653 tempore
1672 5590 1828 5634 tanta
1851 5580 2052 5653 discor-

460 5643 563 5696 dia:
603 5655 789 5719 secuti:
814 5655 954 5713 sunt,
984 5656 1040 5700 ut
1068 5657 1115 5701 et
1146 5643 1351 5718 tyranni
1379 5643 1648 5705 existerent
1666 5692 1681 5714 ,
1712 5662 1759 5706 et
1785 5652 2054 5719 optimates

460 5715 933 5789 germinarentur,
965 5727 1013 5772 et
1044 5715 1439 5788 praeclarissime
1462 5722 1739 5776 constituta
1766 5715 2056 5789 respublica

462 5779 1066 5862 (Lacedaemoniorum)
1086 5789 1409 5847 dilaberetur.
1440 5790 1593 5849 Conf.
1619 5779 1959 5851 Bunema'nn.
1982 5791 2051 5850 ad

2157 4527 2363 4571 tantum
2393 4532 2423 4571 a
2460 4513 2790 4587 Aquotidiano
2817 4530 2914 4587 usu
2941 4514 3236 4570 abhorrent
3266 4513 3412 4584 (hoc
3439 4513 3573 4572 enim
3597 4522 3712 4587 esu}

2152 4583 2507 4659 inusitatum),
2529 4587 2623 4643 sed
2649 4601 2771 4659 qua:
2792 4586 2952 4656 plane
2976 4583 3421 4659 stulttqtiam'vidit
3448 4589 3526 4643 vel
3549 4583 3714 4642 audivit

2152 4675 2324 4729 genus
2352 4655 2677 4713 humanum.
2699 4655 2906 4713 υκειι..
2926 4686 3000 4698 —
3023 4655 3353 4729 lnrvtsitatum
3373 4669 3431 4715 et
3454 4660 3712 4713 inusitatam

2153 4725 2299 4800 {sa-pe
2342 4729 2633 4796 confundi,
2674 4740 2991 4784 monuerunt
3014 4725 3252 4800 lipsius
3288 4728 3512 4800 Epistol.
3545 4732 3710 4800 Quasi.

2154 4797 2249 4857 lib.
2285 4818 2342 4865 ιι,
2373 4817 2493 4869 cap.
2518 4802 2622 4862 ‘26;
2648 4800 2995 4868 Hottmgerus
3013 4797 3077 4852 ν.
3098 4799 3205 4864 CL,
3245 4800 3311 4854 ad
3338 4797 3458 4855 Cic.
3483 4801 3547 4856 de
3572 4798 3709 4869 Ditin.

2156 4888 2193 4937 ι,
2230 4889 2349 4943 pag.
2382 4874 2522 4935 317;
2555 4871 2644 4927 Fr.
2674 4874 2721 4927 A
2749 4870 2916 4925 Wolf.
2945 4869 3012 4943 ad
3043 4869 3269 4943 Su_eton.
3318 4871 3429 4943 vol.
3461 4887 3507 4937 ι,
3549 4888 3596 4940 p.
3629 4868 3712 4943 ltib

2153 4940 2696 5013 seq.;'Omlendorp..
2727 4943 2795 4997 ad
2818 4941 3067 4997 eumdem
3096 4940 3342 5013 Suetonii
3386 4941 3714 5013 IIOCIIIIILAII-

2152 5010 2319 5084 guLt.,
2337 5030 2458 5085 cap.
2489 5017 2566 5069 33.
2585 5010 2728 5069 Ideni
2752 5015 2971 5083 copiose
2987 5010 3168 5085 docuit
3188 5010 3501 5085 Menkenius
3523 5016 3568 5069 in
3583 5010 3709 5067 Obss.

2157 5081 2250 5139 lat.
2281 5081 2436 5155 lmgI,
2465 5101 2518 5139 ν.
2549 5081 3012 5145 7ti0.‘irtvisitatus.
3039 5081 3160 5155 Jac.
3189 5083 3528 5140 Ocnsnsnus.

2225 5152 2419 5211 Contra
2451 5158 2586 5224 leges
2614 5156 2968 5226 principaliter
2988 5154 3271 5209 institutas.
3302 5154 3417 5210 Hoc
3450 5167 3532 5212 est
3565 5170 3592 5209 a
3626 5152 3713 5209 Deo

2156 5242 2336 5282 rerum
2364 5225 2602 5282 onminm
2618 5225 2980 5283 moderatore
2999 5239 3061 5279 ac
3081 5226 3323 5297 principe
3346 5228 3399 5281 in
3422 5227 3544 5297 ipsis
3563 5236 3710 5281 rerum

2155 5298 2470 5368 primordiis
2513 5307 2857 5354 constitutas.
2891 5298 2968 5354 ita
3015 5297 3156 5367 apud
3202 5294 3587 5355 Tertullianum
3626 5306 3711 5350 non

2153 5370 2346 5424 semel.
2382 5370 2624 5425 ιιειιιιιι).

2236 5438 2438 5511 Vertigo
2463 5448 2571 5496 lucc
2598 5440 2795 5495 mundi.
2832 5439 2888 5511 Id
2915 5448 3000 5496 est
3037 5438 3215 5511 mundi
3254 5439 3711 5511 incitatissimagott-

2153 5513 2341 5577 versio,
2365 5504 2421 5567 ut
2449 5515 2525 5566 ait
2550 5511 2742 5567 Cicero
2770 5513 2821 5566 in
2853 5510 3042 5567 Somn.
3081 5509 3256 5579 Scip"
3287 5525 3407 5579 cap.
3438 5529 3486 5576 ν,
3508 5514 3590 5565 der
3604 5504 3710 5564 Unt-

2154 5583 2421 5655 scltwung,
2455 5584 2539 5637 die
2557 5582 2986 5655 Kreisbewegung
3014 5582 3102 5655 des
3131 5578 3403 5655 Himmels.
3427 5583 3500 5655 ita
3521 5580 3707 5636 Plinius.

2157 5652 2295 5708 Hist.
2315 5651 2461 5721 Nat.,
2482 5656 2574 5710 lib.
2603 5671 2659 5719 ιι,
2688 5670 2810 5725 cap.
2830 5651 2886 5721 5,
2910 5651 3364 5725 ιιιύιιςιιιιιιηιοιεηι
3389 5652 3512 5708 dicit
3529 5660 3710 5725 rotatum

2157 5726 2401 5796 vertigine
2422 5718 2653 5782 assidua.
2679 5718 2883 5783 Οιιὶιιιξ
2906 5754 2979 5769 --—
3007 5723 3234 5796 Mundus
3261 5738 3356 5796 pro
3381 5728 3535 5788 calo,
3558 5732 3609 5777 ut
3621 5718 3710 5796 fere

2159 5789 2375 5870 semper
2397 5797 2451 5854 in
2474 5796 2576 5855 hoc
2603 5798 2829 5870 scripto,
2852 5794 2923 5855 ab
2945 5794 3208 5861 Arnobio,
3235 5789 3468 5866 ponitur,
3491 5805 3544 5853 et
3566 5809 3593 5849 a
3616 5789 3710 5866 μα·
