3878 6312
203 283 288 340 721
1564 292 1753 350 LIBEF

1865 292 2079 353 RIMUS.

3367 311 3478 368 ἨΞ

198 414 410 472 repere,
475 408 564 456 aut
607 402 872 474 praecipiti
917 404 1082 476 coepit
1138 405 1473 466 volubilitate
1517 409 1766 482 raptari?
1797 412 2286 482 Alongosbabere
2311 415 2428 470 dies
2447 416 2659 484 bruma,
2691 431 2946 474 revocare
2973 419 3310 479 tardissimas
3330 423 3478 480 luces

197 496 444 567 Numquid
468 496 534 553 ab
548 497 785 553 occiduis
813 499 1054 570 partibus
1079 501 1308 558 attulere
1329 519 1388 560 se
1415 514 1580 571 astra,
1611 513 1772 576 atque

197 590 244 646 in
269 599 409 644 ortus
433 590 544 644 tleri
574 598 598 626 η
621 590 894 660 signorum
926 600 1099 661 coepta
1127 604 1210 648 est
1257 595 1576 650 inclinatio?
1605 597 1771 650 Num-

195 682 308 754 quid
354 683 464 752 ipse
502 682 737 738 siderum
784 684 864 738 sol
907 686 1180 756 princeps,
1229 688 1383 754 cujus
1427 688 1605 742 omnia
1654 687 1771 743 luce

193 775 496 836 vestiuntur.
527 782 689 844 atque
705 775 1014 832 animantur
1035 779 1237 842 calore,
1269 779 1492 841 exarsit,
1520 779 1770 846 intepuit,

191 874 334 936 atque
356 867 407 920 in
438 868 981 946 contrarios‘babitus
1021 870 1405 926 moderaminis
1444 873 1588 927 soliti
1631 881 1769 927 tem-

191 968 480 1030 peramenta
527 961 815 1030 corrupit?
860 962 1125 1034 Numquid
1171 964 1296 1019 luna
1345 964 1542 1020 desivit
1589 965 1769 1020 redin-

189 1059 378 1120 tegrarc
404 1066 463 1108 se
483 1051 672 1123 ipsam.
705 1065 865 1123 atque
887 1055 938 1109 in
963 1067 1174 1112 veteres
1201 1056 1404 1112 formas
1431 1059 1763 1114 novellarum

185 1157 383 1213 semper
425 1145 766 1201 restitutione
814 1147 1098 1204 traducere
1135 1150 1160 1200 ?
1205 1149 1472 1221 Numquid
1534 1151 1763 1222 frigora,

185 1237 420 1307 numquid
461 1239 711 1308 calores,
757 1243 1018 1313 numquid
1063 1253 1276 1315 tepores
1324 1246 1485 1303 medii
1529 1247 1767 1317 imequa-

182 1327 296 1386 lium
326 1339 624 1403 temporum
653 1333 1066 1393 confusionibus
1093 1337 1452 1394 occiderunt?
1492 1337 1765 1412 Numquid

1877 521 1984 561 nox
2022 511 2188 576 cmpit
2214 510 2462 564 :cstatis?
2491 509 2759 582 Numquid
2803 527 2928 567 suas
2954 515 3162 570 animas
3190 517 3472 589 expirave-

1876 608 2004 654 runt
2051 601 2244 656 venti?
2296 604 2664 674 emortiusque
2711 603 3016 662 ﬂaminibus
3058 623 3232 679 neque
3277 610 3474 667 coelum

1875 705 2156 750 coactatnr
2187 697 2239 750 in
2270 694 2474 762 nubila,
2523 712 2622 752 nec
2649 698 2916 754 madidata
2944 716 3010 756 ex
3040 701 3304 757 imbribus
3345 718 3475 759 arva

1879 785 2228 842 succedunt?
2271 787 2664 844 Commendata
2695 790 2904 845 semina
2945 791 3104 847 tellus
3135 803 3345 848 recusat
3381 809 3474 850 ac-

1877 878 2060 934 cidere
2089 919 2103 943 ,
2139 889 2230 934 aut
2258 878 2603 934 frondescere
2632 879 2856 936 arbores
2905 883 3097 938 nolunt
3123 884 3146 936 ?
3174 897 3338 955 sapor
3364 885 3478 940 fru-

1872 970 2029 1040 gibus
2072 972 2392 1037 esculentis,
2441 981 2498 1028 et
2543 972 2665 1027 vitis
2711 973 3008 1045 liquoribus
3072 986 3307 1034 mutatus
3343 982 3476 1036 est?

1871 1063 2118 1118 olearum
2148 1079 2214 1118 ex
2244 1063 2482 1119 bucculis
2520 1079 2684 1119 cruor
2711 1075 2849 1121 teter
2884 1069 3222 1138 exprimitur,
3264 1085 3363 1126 nec
3391 1070 3473 1125 lu-

1872 1155 2004 1212 mini
2032 1156 2473 1212 subministratur
2499 1158 2736 1212 extincto
2761 1159 2784 1212 ?
2816 1161 3076 1217 Animalia
3109 1164 3269 1218 terris
3292 1172 3464 1230 sueta,

1870 1259 2032 1321 atque
2062 1250 2115 1304 iu
2152 1250 2305 1320 aquis
2329 1249 2576 1321 degentia
2606 1265 2713 1307 non
2739 1252 2970 1321 suriunt,
3004 1269 3102 1310 nec
3126 1255 3469 1327 concipiunt?

1397 1480 1782 1540 LECTIONES
1824 1476 2240 1536 VARIANTES.

177 1611 196 1675 ι
232 1612 258 1642 ⁸
287 1611 366 1662 Ita
379 1609 496 1664 Sub.
521 1613 579 1665 In
601 1623 741 1667 ortus
757 1613 877 1668 ferri
913 1615 1054 1668 Fulv.

1530 1729 2090 1792 COMMENTARIUS.

177 1861 308 1933 rimis
339 1871 616 1927 veterum,
646 1861 896 1933 Manilio,
925 1864 1178 1922 Lucretio
1219 1875 1276 1922 et
1321 1867 1464 1922 aliis.
1507 1867 1704 1923 Festus
1737 1888 1750 1923 :
1783 1869 1832 1929 B

179 1932 382 1987 Mundus
419 1936 692 2001 appetatur
738 1932 941 1999 coelum,
971 1948 1127 2001 terra,
1159 1954 1297 1991 mare
1324 1949 1370 1992 et
1407 1957 1516 1995 aer.
1546 1940 1753 1995 Macro-

175 2003 278 2058 bius
321 2004 384 2058 ad
434 2004 629 2079 Sinnn.
679 2004 850 2074 Scip.,
899 2009 993 2064 lib.
1034 2025 1093 2072 ιι,
1127 2024 1246 2079 cap.
1276 2009 1386 2065 20:
1419 2009 1543 2064 Non
1588 2013 1756 2064 solum

175 2086 340 2129 terram
360 2117 373 2139 ,
404 2077 494 2131 sed
540 2078 708 2147 ipsum
753 2095 951 2148 quoque
979 2081 1160 2134 celum
1178 2077 1207 2145 ,‘
1225 2082 1362 2150 quod
1391 2097 1504 2136 vere
1534 2083 1757 2136 mundus

175 2158 379 2209 vocatur,
413 2151 688 2214 temperari
713 2166 744 2201 (ι
763 2151 870 2204 sole
894 2152 1254 2205 certissimum.
1286 2152 1401 2208 Lib.
1430 2169 1490 2218 ll,
1518 2169 1638 2220 cap.
1659 2153 1751 2217 20,

174 2220 290 2295 unde
312 2229 358 2272 et
383 2221 676 2295 mundanus
699 2221 905 2295 dicitur,
938 2223 1059 2292 quia
1089 2225 1308 2277 mundus
1341 2225 1548 2295 praprie
1572 2225 1757 2278 ctutum

176 2289 360 2346 dicitur.
387 2291 597 2346 Ennius
626 2293 680 2346 iu
703 2289 960 2362 Scipione
982 2310 997 2347 :

335 2433 397 2444 --
421 2406 634 2457 Mundus
654 2407 766 2459 caeli
793 2416 958 2460 vastus
980 2411 1200 2461 constitit
1224 2411 1444 2461 silentio.
1484 2411 1754 2462 Msunsms.

234 2509 522 2640 Cujus
546 2513 718 2568 omnia
743 2515 1042 2571 vestiuntur.
1069 2515 1144 2571 Ita
1175 2515 1243 2572 de
1271 2516 1407 2580 sole,
1445 2515 1752 2583 Lucretius,

250 2599 381 2640 vers.
485 2622 506 2640 ι
553 2603 568 2639 :

175 2595 223 2648 ιι,
250 2599 381 2640 vers.
415 2595 522 2641 145
553 2603 568 2639 :

339 2697 494 2758 Quam
517 2699 686 2749 subito
717 2699 877 2751 soleat
911 2701 981 2749 sol
1007 2706 1147 2751 ortus
1172 2705 1398 2758 tempore
1420 2703 1505 2751 tali

337 2763 630 2826 Convestire
654 2777 739 2812 sua
765 2762 1068 2826 perfundens
1091 2765 1251 2826 ou'mia
1275 2762 1406 2825 luce,

341 2823 585 2875 Omnibus
611 2826 658 2874 in
685 2823 930 2888 promptu,
965 2825 1378 2889 manifestumque
1394 2823 1646 2877 'videmus.

172 2925 228 2980 Ει
257 2928 493 3000 Virgilius
526 2929 657 2987 Eu.
689 2947 762 2995 Vt,
790 2930 895 2986 640
921 2950 934 2986 :

334 3045 547 3157 ξιτεὶοΓ
567 3045 648 3095 hic
670 3059 868 3110 campos
891 3045 1048 3096 aether
1071 3052 1124 3096 et
1149 3046 1329 3096 lumine
1358 3047 1507 3097 vestit

377 3122 618 3157 urnureo.

377 3122 498 3172 urpu
507 3122 618 3159 reo.

233 3213 679 3286 ((ἶμιιεσιετιειι..
702 3213 870 3286 Epist.
890 3216 958 3271 ad
978 3217 1034 3271 .l.
1066 3215 1134 3272 ι).
1169 3216 1414 3272 Ilortens.
1438 3217 1490 3271 in
1518 3233 1612 3272 van
1644 3216 1752 3273 Ho-

169 3301 253 3356 rcnf
274 3285 355 3341 0t.
384 3286 543 3348 Litt..
575 3304 627 3356 ρ.
661 3285 787 3355 7‘2.)

170 3385 174 3390 -
230 3355 430 3430 Colore,
469 3355 699 3420 exarsit,
733 3360 967 3429 intepuit.
1004 3359 1093 3415 Sic
1141 3359 1628 3430 interpungendum
1655 3401 1669 3422 ,
1697 3369 1756 3415 ut

170 3429 322 3482 calore
348 3429 617 3485 referatur
641 3431 706 3484 ad
730 3431 1044 3500 praet-edens
1067 3433 1376 3485 aninmntur.
1403 3429 1554 3498 Quod
1578 3432 1752 3486 visum

168 3502 312 3553 etiam
363 3502 682 3556 doctissimo
725 3503 840 3556 viro
886 3503 1046 3556 Petro
1085 3503 1286 3556 Berlin.
1335 3501 1599 3558 Exordere
1624 3520 1754 3557 vero

169 3571 281 3643 dixit
311 3589 402 3640 pro
431 3575 621 3626 ardere
647 3573 815 3639 desiit,
846 3574 1298 3643 quemadmodum
1327 3581 1488 3629 etiam
1533 3575 1750 3630 Martia-

169 3641 257 3696 lem
283 3645 351 3698 uti
380 3644 692 3710 observavi,
725 3645 817 3699 lib.
848 3641 922 3706 ut,
956 3645 1137 3715 Epigr.
1170 3645 1239 3700 66
1271 3661 1286 3700 ε

333 3787 440 3852 .lam
465 3799 626 3852 prono
647 3785 960 3852 Pbaethonte
984 3786 1126 3836 sudat
1150 3785 1329 3836 lEthon

334 3849 637 3911 Exarsitque
670 3849 796 3899 dies.

229 3953 444 4013 Μειιιις..
477 3974 534 4023 p.
559 3955 612 4010 3.
631 3986 697 3997 —
722 3953 955 4023 lntepuit
976 3963 1059 4007 est
1085 3957 1334 4024 tepefacta
1361 3954 1545 4007 ardore
1571 3952 1754 4024 (ardo-

165 4025 228 4078 ris
272 4027 592 4082 detrimenta
650 4029 876 4094 passae)
926 4026 1178 4093 deriguit,
1224 4033 1281 4078 nt
1327 4026 1440 4092 ipse
1481 4026 1753 4082 Arnobius

167 4097 305 4150 infra.
342 4097 538 4166 Tepere
573 4098 776 4152 sciliCet
806 4097 894 4152 ubi
926 4113 1045 4150 cum
1077 4095 1278 4166 frigore
1322 4094 1618 4155 confertur.
1657 4113 1749 4150 ca-

165 4168 316 4223 lorem
345 4172 592 4237 signare;
627 4170 669 4223 si
703 4185 824 4222 eum
869 4169 1050 4222 calore
1077 4177 1455 4236 eoniponatur,
1492 4166 1749 4234 frigidita-

167 4250 278 4305 tem,
312 4244 493 4296 multis
537 4237 801 4306 exemplis
846 4239 1082 4295 ostendit
1125 4238 1382 4293 Bebotius
1414 4240 1464 4292 iu
1498 4241 1752 4310 Apopho-

165 4321 275 4370 ret..
303 4312 392 4368 lib.
422 4329 498 4376 ιιι,
526 4328 644 4382 cap.
671 4315 723 4368 5.
752 4314 956 4374 (lusu.

230 4403 593 4459 Modernminis
617 4405 754 4459 soliti
781 4411 1199 4469 temperamento.
1230 4399 1284 4455 Id
1312 4411 1395 4455 est
1420 4420 1432 4456 :
1464 4401 1751 4456 mediocri-

167 4482 311 4530 tatem
337 4477 482 4530 illam
517 4479 657 4532 inter
683 4477 904 4530 nnnium
935 4475 1173 4529 calorem
1203 4472 1462 4547 et_frigus
1487 4514 1501 4540 ,
1535 4489 1635 4543 qua
1669 4477 1748 4529 sol
1779 4471 1828 4532 D
1855 4476 1962 4531 Sed
2010 4477 2278 4530 succedere
2307 4479 2394 4531 vix
2433 4488 2515 4531 est
2548 4492 2770 4547 pergere
2799 4471 3292 4547 simpliciter,_sed

167 4555 308 4600 terrm
340 4548 672 4602 moderatur.
711 4549 783 4601 Ita
817 4547 1113 4614 Sa-pissime
1147 4543 1289 4615 apud
1320 4557 1531 4600 veteres
1560 4557 1751 4616 tempe-

165 4618 268 4674 ries.
299 4629 642 4688 temperatura
673 4620 807 4672 cteli.
830 4618 1032 4672 Οιιειιι..

229 4688 562 4743 Novellnrnm
585 4691 1148 4755 semper-restitutione.
1204 4689 1335 4744 Nota
1366 4689 1486 4761 ὑφέν
1517 4704 1754 4761 semper-

164 4761 480 4815 restitutione.
517 4761 606 4816 Sic
636 4761 915 4816 Lucretius
935 4803 948 4820 .
973 4775 1133 4829 quem
1173 4759 1470 4830 saepissime
1513 4759 1750 4815 imitatur

167 4833 416 4888 Arnobius
444 4843 654 4896 nuster,
689 4833 780 4888 lib.
813 4848 851 4898 ι,
887 4831 991 4886 125
1019 4850 1033 4886 :

337 4946 374 4996 II
383 4946 478 4995 nde
501 4947 591 4996 sibi
619 4953 862 4996 extortam
884 4945 1339 5010 semper-ﬂorentis
1358 4944 1561 4994 Homeri

349 5011 709 5060 Commemorat
732 5011 972 5073 speciem.

165 5110 229 5165 Ita
269 5129 482 5184 quoque
523 5116 935 5184 semper-lenitus
977 5114 1116 5184 apud
1164 5113 1474 5169 Terentium
1526 5113 1741 5180 Andria,

165 5195 259 5258 art.
301 5203 338 5250 ι,
386 5201 537 5240 scen.
567 5186 623 5240 2.
659 5186 890 5252 Menas,
925 5205 978 5258 p.
1019 5187 1072 5240 Δ.
1103 5216 1172 5226 —
1200 5190 1269 5240 At
1308 5185 1545 5242 Lucretii
1595 5186 1744 5241 locus

167 5255 281 5308 nihil
316 5259 525 5323 probat.
554 5265 756 5312 υιιειι.
926 5255 934 5258 ⁷
1414 5289 1417 5292 ·

233 5327 494 5402 Numquid
539 5340 737 5402 tepores
763 5330 915 5402 medii
946 5329 1278 5402 inmortalium
1307 5340 1592 5402 temporum
1620 5344 1744 5382 con-

169 5397 434 5462 fusionibus
464 5397 794 5454 occiderunt?
821 5397 1069 5456 Pessime
1087 5400 1349 5455 Meursius
1379 5418 1392 5453 :
1423 5401 1738 5453 acciderunt.

169 5479 350 5536 tepores
377 5471 528 5525 medii
552 5484 670 5525 sunt
699 5481 914 5542 tepores
945 5473 1087 5527 veris
1112 5483 1165 5526 et
1187 5472 1453 5531 autumni,
1482 5473 1568 5538 qui
1602 5470 1744 5542 orci-

169 5542 286 5593 tluut
306 5542 654 5610 lfh-qtlnltlltls
681 5541 1142 5610 teniporilins‘sive
1162 5544 1284 5596 anni
1312 5551 1596 5610 tctnpestat
1617 5541 1735 5606 bus,

170 5624 338 5685 :rsmte
365 5614 480 5668 scil.
509 5626 560 5668 et
589 5614 781 5685 hyeme
807 5630 927 5668 cum
953 5615 1060 5668 illis
1085 5612 1344 5685 confusis.
1379 5614 1580 5667 URELL.

233 5682 567 5739 Turdissimas
600 5682 754 5739 luces.
788 5685 946 5740 Luces
977 5687 1030 5739 Ιι.
1068 5686 1102 5739 l.
1140 5699 1235 5753 pro
1263 5684 1509 5738 diluculo.
1539 5685 1736 5739 UuELL.

237 5755 497 5824 Numquid
519 5773 636 5810 suas
661 5757 860 5811 animus
887 5758 1206 5826 exspiravere
1231 5755 1383 5810 venti.
1409 5755 1740 5811 SCltOlluSleS

171 5835 310 5881 vetus
338 5827 403 5880 ad
433 5829 737 5884 notissimos
763 5828 882 5883 illos
916 5828 1115 5883 lloratii
1145 5842 1366 5894 versus,
1391 5842 1461 5893 IV,
1490 5826 1590 5881 Ud.
1622 5827 1690 5880 η
1721 5846 1734 5882 :

1779 3078 1826 3142 C

2046 1870 2074 1943 ζ
2079 1884 2156 1921 am
2179 1875 2315 1943 veris
2333 1877 2560 1943 comites,
2580 1878 2665 1940 qui
2684 1890 2819 1943 mare
2846 1884 3147 1943 temperant,

2050 1933 2317 1998 lmpellunt
2335 1939 2510 1988 animae
2532 1933 2686 1991 lintea
2709 1941 2951 1992 Thraeite.

1865 2033 2119 2119 _Usitatum
2146 2051 2242 2119 est,
2273 2043 2466 2119 inquit,
2490 2047 2650 2119 poetis
2677 2047 2874 2119 animos
2897 2047 3161 2119 nominare
3185 2048 3355 2117 ﬂatus,
3383 2049 3462 2102 al-

1860 2107 2060 2191 lttsione
2081 2111 2312 2191 vocabuli
2335 2107 2502 2191 Graeci
2529 2115 2734 2191 ἅᾏεμος.
2753 2118 2998 2173 Ειιιειιιι.
3017 2146 3090 2160 —-
3104 2107 3468 2191 Pltiragexjem-

1861 2179 1944 2259 pla
1965 2181 2149 2259 citavit
2177 2184 2462 2259 Meursius.
2489 2188 2540 2241 in
2565 2179 2765 2244 Ci'itico
2796 2205 2914 2244 suo.
2941 2205 3059 2258 pag.
3090 2189 3144 2253 6,
3173 2189 3306 2245 etC.
3331 2188 3462 2244 Bar-

1861 2248 2005 2328 thius
2035 2252 2087 2306 in
2114 2254 2425 2322 Adversar.,
2451 2259 2543 2313 lib.
2573 2275 2650 2323 tu,
2679 2275 2797 2328 cap.
2837 2261 2921 2316 l2.
2943 2248 3156 2316 enim.

1937 2321 2302 2400 Emortulsque
2331 2321 2649 2400 flaminibus.
2682 2321 2906 2387 Veteres
2947 2332 3125 2386 omnia
3157 2330 3461 2387 deﬁcientia

1865 2395 1998 2447 mori
2056 2395 2421 2473 dicebaut'cx
2471 2401 2942 2473 l’ytbagormorum
3009 2403 3314 2466 sententia.
3370 2403 3458 2472 qui

1864 2477 2055 2546 omne,
2088 2469 2229 2546 quod
2273 2469 2582 2546 cresceret,
2613 2469 2845 2528 animam
2893 2473 3094 2529 habere
3143 2469 3458 2531 censebant.

1860 2534 2134 2606 Virgilius,
2166 2540 2360 2613 Georg.
2397 2559 2434 2610 ι,
2467 2544 2604 2600 107ε

2053 2631 2244 2682 Etcum
2269 2637 2459 2685 exustis
2482 2648 2606 2698 ager
2629 2639 2956 2688 morientibus
2977 2645 3151 2689 aestuat
3172 2637 3360 2690 herbis.
3384 2640 3400 2702 ί

1860 2710 1962 2768 Ubi
1995 2714 2256 2771 videndus
2283 2718 2523 2775 Servius.
2557 2720 2774 2776 Persius
2802 2721 2990 2793 Satyra
3019 2723 3054 2776 4
3083 2740 3096 2774 :

2048 2805 2148 2855 Pan
2158 2820 2324 2858 nosam
2351 2808 2526 2859 faecem
2546 2812 2803 2861 morientis
2821 2813 2975 2862 sorbit
2998 2813 3142 2862 aceti.

1860 2909 2166 2986 Cyprianus
2188 2922 2373 2968 contra.
2405 2914 2800 2970 Demetrianum
2835 2935 2846 2970 :
2890 2914 3050 2970 Vinea
3079 2916 3196 2969 licet
3210 2915 3380 2986 fallat,
3410 2925 3458 2971 et

1860 2985 1976 3036 olea
2001 2983 2243 3055 decipiat,
2287 2995 2333 3038 et
2385 2986 2550 3038 herbis
2597 2988 2821 3055 siccitate
2865 2983 3457 3042 ntorientibus'wstuans

1861 3071 2088 3128 corripias
2100 3054 2316 3128 arescat,
2347 3058 2470 3125 quid
2501 3057 2596 3109 hoc
2616 3057 2684 3110 ad
2705 3054 3128 3112 Christianos?et
3155 3061 3266 3128 ipse
3283 3060 3455 3112 Arno-

1859 3126 1980 3180 bius
2010 3124 2143 3227 infra
2165 3144 2177 3181 :
2200 3124 2442 3198 Difﬁciles
2473 3129 2660 3198 pluviw
2677 3138 2788 3183 suta
2810 3130 3005 3198 faciunt
3019 3124 3194 3184 emori.
3218 3128 3453 3194 Manus...

1857 3212 1979 3267 pag.
2011 3212 2065 3251 ι).

1930 3267 2224 3341 Conantur.
2250 3269 2324 3323 Ita
2349 3269 2523 3325 editor
2557 3269 2724 3341 Lugd.
2749 3271 2868 3326 Bat.
2901 3286 2969 3326 ex
2998 3271 3302 3338 conjectura
3327 3270 3455 3326 Ful-

1857 3339 1927 3412 vii
1958 3339 2141 3395 Uruni
2190 3341 2490 3412 verissima,
2547 3339 2706 3412 quam
2759 3343 3187 3397 Elmenhorstius
3235 3344 3285 3396 iu
3325 3342 3448 3397 Var.

1859 3409 2174 3483 Lectionum
2222 3411 2405 3483 libello
2447 3409 2816 3480 exemplorum
2865 3414 3008 3468 nube
3054 3414 3278 3483 astruit,
3326 3428 3452 3483 pro-

1856 3481 2022 3553 bame
2047 3483 2206 3535 etiam
2237 3482 2367 3536 Adr.
2423 3483 2645 3538 Bebotio
2693 3485 2744 3538 in
2780 3485 3161 3553 Apopboretis.
3205 3481 3452 3538 Coactare

1857 3552 1978 3624 scil.
2006 3552 2451 3619 frequentativum
2481 3571 2509 3607 a
2538 3571 2716 3623 cogere
2742 3552 3066 3610 est’verbum
3095 3555 3370 3624 antiquum
3394 3564 3450 3610 et

1859 3622 2236 3677 Lucretiamun
2261 3624 2439 3692 (Conf.
2466 3625 2533 3679 de
2552 3622 2679 3680 Her.
2701 3634 2838 3687 nat.,
2864 3642 2934 3684 vi.
2959 3641 3036 3679 vs.
3060 3622 3243 3691 “20),
3269 3626 3447 3694 qualia

1857 3695 2044 3766 multis
2073 3696 2122 3747 in
2155 3695 2291 3748 locis
2323 3697 2372 3748 in
2415 3695 2657 3750 Arnobio
2687 3695 3020 3766 antiquitatis
3049 3697 3447 3750 studiosissimo

1857 3765 2129 3820 imitatore
2184 3775 2309 3820 sunt
2356 3768 2715 3838 restituenda.
2768 3765 3033 3838 coguntur
3088 3765 3244 3820 nubes
3286 3769 3445 3831 caelo,

1859 3840 2197 3910 συνάγονται,
2225 3837 2428 3910 centies
2455 3838 2595 3908 apud
2625 3837 2857 3904 veteres,
2885 3845 3209 3910 εοῃιτιαηιιρὴ
3237 3841 3447 3910 (utea:-

1858 3913 1956 3962 teri
1989 3907 2206 3973 babent,
2255 3909 2414 3961 etiam
2467 3907 2867 3963 recentissimus
2914 3909 3108 3972 editur,
3148 3907 3442 3978 Obertbt’lr)

1857 3993 1963 4032 non
1998 3980 2123 4055 item
2146 4020 2160 4043 ,
2197 3978 2297 4033 nisi
2321 3980 2387 4034 de
2418 3980 2481 4055 i_i_s
2509 3984 2816 4055 sermosit,
2850 3979 3062 4055 qum__iu
3091 3983 3448 4055 στενοχωρίας

1856 4059 1910 4103 et
1943 4051 2203 4121 montium
2247 4051 2523 4105 convalles
2565 4053 2736 4104 ventis
2776 4051 3443 4121 compelluntur.anéLL.

1932 4119 2042 4174 Nec
2073 4121 2337 4176 mndidnta
2366 4138 2428 4175 ea:
2454 4123 2698 4176 imbribus
2725 4139 2849 4176 arva
2874 4119 3188 4175 succedunt?
3209 4120 3336 4176 Hmc
3361 4131 3446 4176 est

1857 4191 1959 4245 'l‘b.
2006 4191 2221 4247 Canteri
2265 4192 2607 4256 emendatio,
2659 4203 2897 4262 excepta,
2934 4201 3140 4247 tantum
3186 4193 3444 4262 ιιι-ερροεί-

1855 4264 2002 4316 tione
2047 4279 2130 4326 eat,
2162 4279 2320 4332 quam
2369 4278 2468 4318 nos
2513 4261 2840 4319 addidimus.
2871 4261 3052 4318 Codex
3083 4261 3195 4316 ms.
3234 4263 3394 4317 habet
3427 4281 3440 4316 :

1855 4350 1945 4387 nec
1972 4335 2227 4387 madidari
2269 4351 2334 4388 ex
2362 4334 2603 4389 imbribus
2633 4352 2755 4388 arva
2794 4336 3070 4388 succedunt
3091 4375 3105 4392 .
3132 4348 3291 4401 quam
3323 4344 3441 4389 tue-

1856 4415 2037 4459 tuetur
2067 4405 2330 4460 Hel-aldus
2349 4407 2619 4460 succedunt
2641 4405 2839 4460 dictum
2871 4415 3062 4476 putans
3082 4419 3180 4474 pro
3200 4415 3439 4475 pergunt.

3322 4491 3442 4545 per-

1855 4562 1983 4618 gere
2019 4549 2074 4618 iu
2111 4547 2326 4614 labore,
2358 4564 2514 4615 quem
2547 4545 2685 4601 alius
2732 4549 3096 4602 inchoaverat.
3138 4545 3402 4602 Meursius
3425 4589 3440 4612 ,

1858 4617 1978 4688 pag.
2013 4617 2047 4673 5
2066 4660 2081 4684 ,
2114 4619 2257 4686 conj.
2291 4619 2662 4673 madidari.....
2690 4620 2930 4673 succedit.
2957 4618 3212 4674 Gelenius
3241 4618 3439 4672 edidit’

1856 4707 1946 4743 nec
1972 4689 2237 4743 madidata
2261 4690 2502 4743 imbribus
2519 4706 2642 4743 arva
2666 4699 2991 4755 succescunt,
3023 4689 3074 4742 id
3098 4699 3180 4742 est
3220 4704 3440 4744 succum

1854 4762 2092 4829 capiunt.
2120 4761 2417 4816 Salmasius
2443 4760 2610 4816 edidit
2627 4778 2718 4814 nec
2743 4762 2941 4815 madori
2966 4777 3033 4815 ea:
3051 4759 3294 4814 imbribus
3316 4776 3442 4814 arva

1852 4844 2170 4909 succescunt.
2193 4832 2476 4909 _Beliqtius
2504 4833 2554 4885 in
2586 4831 3091 4909 Apoplmretis,lib.
3125 4846 3212 4894 III,
3242 4831 3435 4909 ca_p._3,

1852 4907 1997 4974 cnnj.
2026 4903 2284 4956 madidari
2427 4915 2685 4957 suescunt.
2720 4903 3035 4972 Pl‘tnpnsltio
3063 4918 3128 4956 ea:
3155 4919 3262 4974 non
3285 4902 3441 4974 debe-

1854 4973 1944 5028 bat
2001 4975 2278 5030 oll‘endere
2329 4975 2574 5029 Grotiqu
2644 4975 2910 5042 legentem
2944 4991 3073 5028 :nec
3127 4973 3442 5026 madidarier

1850 5045 2096 5099 imbribus
2142 5062 2264 5099 arva
2311 5045 2622 5109 succedunt,
2673 5057 2726 5100 et
2774 5047 3086 5100 Canterutn.
3121 5045 3270 5098 Solet
3295 5043 3437 5097 enim

1851 5117 2122 5170 Arnobius
2153 5118 2564 5184 pr.t.'pttsitiottcs
2604 5133 2696 5180 ex,
2741 5118 2822 5180 de.
2874 5116 2926 5169 in
2975 5115 3311 5169 abundanter
3343 5127 3438 5184 po-

1851 5201 1981 5242 uere
2046 5187 2346 5240 imitatione
2399 5186 2736 5255 Graecorum,
2783 5189 2873 5258 qui
2928 5189 2980 5242 ἐκ
3031 5185 3222 5239 eodem
3275 5183 3439 5240 modo

1847 5268 2128 5326 usurpant.
2155 5260 2360 5313 Οιιειι.

1921 5325 1994 5382 Et
2024 5329 2136 5383 vitis
2180 5330 2460 5399 liquoribus
2490 5340 2714 5384 mutatus
2747 5337 2840 5383 est.
2877 5327 3010 5399 Haec
3047 5334 3136 5399 est
3160 5325 3439 5382 verissima

1850 5399 2012 5455 lectio
2051 5397 2272 5470 quanre
2298 5400 2496 5456 Codice
2529 5412 2668 5456 msto
2700 5402 2840 5454 eruit
2866 5398 2914 5454 J.
2947 5397 3209 5470 Meursius
3237 5399 3288 5450 in
3312 5403 3436 5470 _l_\p-

1849 5467 2098 5542 pendice.
2130 5472 2354 5528 Sabinus
2383 5481 2439 5528 et
2482 5472 2740 5527 Gelenius
2767 5471 2854 5526 ed.
2897 5467 3434 5593 exustisol‘igluzribus.

1922 5613 2046 5669 Non
2093 5616 2311 5669 sariunt.
2349 5615 2420 5669 lla
2450 5612 2624 5669 editor
2650 5611 2930 5667 Leidensis
2955 5624 3020 5664 cx
3061 5610 3438 5667 emendatione

1850 5684 1910 5741 F.
1962 5685 2160 5742 Ursini.
2210 5685 2393 5740 Codex
2439 5701 2542 5740 ms.
2601 5684 2806 5738 habet:
2840 5698 2942 5735 non
2986 5682 3246 5746 esuriuiu,
3294 5681 3437 5751 quod

1857 5767 2038 5812 tuetur
2085 5757 2386 5821 lleraldus,
2437 5755 2630 5811 esurire
2672 5753 2941 5823 accipiens
2987 5768 3082 5820 pro
3135 5753 3330 5817 sui-ire,
3361 5761 3443 5823 fut

1836 5829 2107 5899 egelidum
2160 5844 2256 5897 pro
2285 5827 2536 5898 gelidum,
2586 5822 3129 5896 illiqueiastipulatur
3181 5822 3440 5879 Beltotius
