3878 6312
179 323 272 382 739

1553 327 1753 384 LIBER
1791 327 2066 390 PRIMUS.

3355 331 3460 389 750

185 453 364 501 nostra:
384 443 456 500 ob
485 441 733 498 invidiam
761 443 1112 510 commoveri,
1142 458 1247 500 non
1278 445 1346 500 sit
1369 443 1589 500 difllcile
1612 459 1761 501 eom-
1788 445 1835 506 Λ
1867 454 1954 500 tur
2003 455 2056 500 et
2102 448 2362 516 premitur
2403 447 2720 518 jamdudum
2765 447 3068 506 miseranda
3119 451 3464 508 mortalitas?

188 539 402 608 probare
449 545 566 606 post
611 535 850 592 auditum
879 536 1150 592 Christum
1184 538 1234 592 in
1267 538 1466 594 mundo
1497 552 1602 592 non
1646 549 1760 593 tan-

188 643 287 686 tutn
316 647 417 685 non
445 639 615 693 aucta.
639 645 825 686 verum
854 632 1014 686 etiam
1040 631 1243 702 majore
1269 630 1337 687 de
1369 642 1521 702 parte
1546 642 1571 669 ἰ
1597 631 1761 687 furia-

187 740 293 780 rum
321 724 800 795 compressionibns
831 725 1128 781 imminuta.
1161 725 1292 780 Nam
1315 741 1435 781 cum
1483 726 1756 780 hominum

185 818 258 873 vis
286 825 424 871 tanta
489 817 808 887 magisteriis
853 817 971 886 ejus
1009 820 1374 888 accepi-rimus
1420 835 1482 873 ac
1529 820 1756 891 legibus,

184 910 368 964 malum
397 909 535 962 malo
561 908 777 978 rependi
808 925 914 964 non
941 919 1217 981 oportere,
1259 911 1504 982 injuriam
1555 911 1761 981 perpeti

183 1018 328 1075 quam
347 1003 584 1074 irrogare
601 1019 720 1058 esse
744 1004 1114 1074 praestantius;
1139 1019 1290 1058 suum
1316 1004 1490 1075 potius
1515 1003 1758 1072 fundere,

183 1111 326 1168 quam
353 1097 530 1152 alieno
557 1097 794 1166 polluere
819 1113 1010 1152 manus
1036 1106 1090 1152 et
1116 1099 1500 1154 conscientiam
1528 1113 1760 1155 cruore:

182 1191 330 1246 habet
350 1207 376 1244 a
399 1191 614 1246 Christo
644 1192 963 1248 beneficium
987 1193 1300 1263 jamdudum
1331 1193 1478 1248 orbis
1502 1195 1761 1264 ingratus,

181 1301 268 1358 per
287 1303 440 1354 «ptem
476 1287 701 1341 feritatis
737 1288 942 1343 mollita
973 1299 1052 1342 εει
1080 1289 1279 1354 rabies,
1335 1298 1494 1359 atque
1539 1288 1763 1344 hostiles

181 1394 361 1435 manus
392 1378 644 1435 cohibere
685 1395 714 1434 a
743 1381 1000 1451 sanguine
1029 1383 1240 1451 Cognati
1270 1381 1555 1436 animantis
1583 1395 1763 1437 occoe-

181 1473 266 1542 pit.
285 1471 435 1538 Quod
455 1471 499 1526 si
525 1471 553 1510 b
574 1488 760 1527 omnes
779 1473 1020 1540 omnino,
1045 1475 1134 1544 qui
1161 1475 1404 1528 homines
1429 1489 1487 1529 se
1511 1489 1632 1530 esse
1656 1490 1761 1531 non

179 1562 346 1632 Specie
394 1577 706 1632 corporum,
755 1563 849 1619 sed
891 1566 1114 1620 rationis
1143 1567 1445 1637 intelligunt
1472 1575 1761 1636 potestate,

178 1655 484 1710 salutaribus
526 1655 642 1726 ejus
683 1656 1028 1729 pacificisque
1071 1657 1303 1714 decretis
1330 1674 1515 1716 aurem
1565 1660 1767 1715 vellent

176 1748 512 1804 commodare
543 1749 834 1821 paulisper,
865 1761 917 1805 et
947 1767 1053 1806 non
1095 1751 1233 1807 fastu
1275 1761 1328 1807 et
1366 1753 1656 1824 supercilio
1684 1753 1764 1808 Iu-

1866 538 2199 594 Sententiatn
2229 556 2315 596 me
2339 541 2513 611 poscis
2538 541 2661 596 ltuic
2690 541 3050 598 necessariam
3092 542 3222 597 nihil
3264 557 3461 598 causae.

1865 631 2050 703 Neque
2094 634 2236 688 enim
2271 649 2509 704 prmsens
2535 645 2694 706 atque
2734 637 2786 690 in
2819 635 3061 690 manibus
3088 635 3255 706 posita
3286 635 3463 691 disce-

1867 728 2036 801 ptatio
2054 739 2074 765 ο
2102 729 2151 782 in
2176 727 2224 782 id
2251 740 2460 798 sumpta
2485 739 2562 783 est
2592 744 2621 782 a
2647 744 2752 794 me,
2777 737 2834 782 ut
2851 727 3217 794 ostenderem,
3237 727 3322 783 vel
3338 743 3464 799 pro-

1867 821 2070 886 harem,
2123 821 2316 891 quibus
2365 835 2697 890 unaquaeque
2740 835 2828 875 res
2875 820 3052 876 causis
3082 829 3137 876 et
3165 821 3464 878 rationibus

1870 915 2021 966 fieret
2045 933 2056 967 :
2081 912 2173 966 sed
2207 923 2264 966 ut
2295 912 2572 966 maledicta
2603 912 2843 967 criminis
2871 912 3002 967 tanti
3030 913 3216 983 procul
3245 928 3368 969 esse
3395 913 3466 969 ab

1869 1005 2025 1061 nobis
2054 1005 2414 1060 05tenderem.
2465 1005 2617 1074 Quod
2657 1007 2700 1060 si
2731 1014 2947 1076 priesto,
2977 1005 3020 1059 si
3063 1005 3202 1060 facto
3227 1015 3282 1061 et
3311 1022 3467 1078 argn-

1869 1098 2070 1153 mentis
2117 1097 2413 1168 insignibus
2451 1097 2524 1151 rei
2559 1099 2760 1152 veritas
2809 1097 3126 1168 explicatur.
3171 1097 3310 1154 unde
3357 1099 3466 1154 sint

1869 1189 1984 1245 bmc
2011 1190 2171 1257 mala,
2197 1191 2279 1244 vel
2307 1207 2372 1246 ex
2398 1191 2591 1261 quibus
2609 1190 2876 1260 profluant
2903 1189 3140 1248 fontibus
3164 1192 3466 1264 principiis-

1866 1299 1989 1354 que.
2023 1298 2128 1337 non
2169 1298 2321 1340 curo.

1945 1374 2074 1431 VIII.
2099 1378 2174 1430 Ac
2202 1392 2268 1431 nc
2292 1385 2470 1432 tamen
2490 1377 2710 1432 omnino
2734 1377 2859 1448 quid
2887 1376 2954 1433 de
2979 1377 3138 1433 rebus
3158 1377 3463 1450 hujusmodi

1867 1471 2116 1534 sentiam,
2145 1470 2472 1526 nihilvidear
2499 1472 2852 1544 interrogatus
2877 1488 3219 1544 expromere,
3245 1488 3462 1544 possum

1869 1562 2049 1618 dicere
2081 1582 2091 1614 :
2123 1563 2258 1632 Quid
2287 1565 2431 1618 enim
2461 1564 2505 1618 si
2538 1564 2708 1636 prima
2738 1566 3010 1631 materies,
3053 1581 3172 1636 qua:
3201 1566 3254 1620 in
3281 1581 3464 1622 rerum

1869 1666 2100 1727 quatuor
2144 1657 2408 1712 elementa
2453 1656 2656 1727 digesta
2697 1665 2800 1724 est,
2851 1658 3192 1713 miseriarum
3223 1659 3464 1713 omnium

1869 1764 2059 1804 causas
2100 1749 2212 1804 suis
2253 1748 2492 1804 continet
2523 1750 2574 1804 in
2601 1749 2900 1804 rationibus
2930 1749 3233 1806 involutas?
3257 1747 3394 1817 Quid
3421 1749 3467 1805 si

176 1841 340 1908 minis,
376 1843 492 1896 suis
520 1843 695 1912 potius
723 1843 991 1908 sensibus,
1023 1857 1180 1913 quam
1214 1844 1357 1899 illius
1386 1845 1762 1901 commonitio-
1790 1845 1840 1906 B
1866 1844 2103 1900 siderum
2151 1853 2329 1897 motus
2373 1845 2534 1899 certis
2588 1844 2778 1914 signis,
2830 1845 3089 1915 partibus.
3135 1847 3466 1918 temporibus
3503 1897 3518 1910 .

174 1933 316 1989 nibus
343 1933 632 1988 crederent
665 1951 678 1986 :
712 1935 994 1990 universus
1020 1935 1334 2006 jamdudum
1361 1937 1507 1992 orbis
1549 1936 1764 1992 mitiora

174 2029 218 2082 in
243 2042 398 2098 opera
431 2029 716 2082 conversis
744 2029 928 2082 usibus
956 2028 1106 2092 ferri,
1139 2029 1523 2097 tranquillitate
1554 2030 1604 2083 in
1637 2031 1770 2084 mol-

173 2121 357 2176 lissima
385 2122 633 2192 degeret,
663 2133 716 2178 et
750 2122 800 2176 in
830 2123 1173 2178 concordiam
1202 2124 1513 2189 salutarem,
1532 2123 1768 2180 incorru-

171 2215 264 2285 ptis
290 2214 558 2270 foederum
589 2215 955 2270 sanctionibus
979 2217 1316 2272 conveniret.

233 2307 336 2363 ιιι.
383 2308 498 2364 Sed
543 2308 588 2362 si
619 2325 713 2377 per
734 2323 847 2376 vos,
879 2309 1146 2379 inquiunt,
1181 2310 1314 2366 niltil
1348 2311 1507 2367 rebus
1557 2311 1761 2367 incom-

171 2400 396 2457 modatur
427 2401 705 2469 humanis,
737 2402 877 2458 unde
903 2412 1028 2459 sunt
1055 2404 1169 2460 hzcc
1202 2405 1360 2473 mala,
1385 2405 1578 2475 quibus
1605 2421 1761 2476 urge-

1867 1937 2023 1992 lineis
2047 1941 2260 2006 parittnt
2289 1936 2403 1990 haec
2434 1937 2593 2002 mala,
2638 1948 2690 1992 et
2717 1937 2974 2008 subjeCIis
3009 1937 3239 1993 alierum
3287 1939 3468 1995 vario-

1868 2046 1986 2087 rum
2015 2029 2389 2085 discriminum
2416 2029 2804 2084 necessitates?
2829 2029 2965 2096 Quid
2995 2031 3040 2084 si
3073 2031 3226 2084 statis
3255 2040 3467 2102 tempo-

1868 2126 2017 2182 ribus
2047 2140 2222 2180 rerum
2251 2124 2651 2180 vicissitudines
2683 2124 2837 2192 fiunt,
2869 2131 3027 2194 atque
3059 2133 3118 2179 ut
3161 2125 3215 2179 in
3257 2123 3463 2180 mariti-

1870 2220 1975 2275 mis
2005 2218 2247 2285 aestibns,
2280 2217 2440 2272 modo
2468 2216 2720 2272 secundae
2747 2231 2834 2272 res
2863 2215 3108 2284 affluunt,
3145 2216 3306 2271 modo
3349 2231 3468 2272 rur-

1870 2327 1962 2367 sus
1987 2312 2220 2367 refluunt
2249 2310 2404 2364 malis
2431 2308 2891 2379 reciprocantibus
2935 2308 3228 2380 prospera?
3255 2307 3392 2378 Quid
3421 2308 3468 2364 si

1869 2405 2110 2461 materia:
2143 2402 2243 2458 fsex
2271 2403 2391 2470 ista,
2422 2416 2581 2473 quam
2612 2400 2712 2457 sub
2740 2400 2940 2457 nostris
2965 2401 3235 2456 calcamus
3261 2401 3468 2473 ingres-

1412 2515 1798 2576 LECTIONES
1831 2515 2247 2573 VARIANTES.

226 2629 250 2692 9
285 2629 360 2678 Ita
379 2628 506 2692 Sab_.
536 2629 607 2678 Ex
644 2635 782 2692 parte
806 2624 912 2692 alii.

223 2689 248 2729 δ
281 2694 358 2744 Ila
382 2690 530 2743 Fulv.
558 2689 682 2755 Quid
704 2693 745 2742 si
784 2690 900 2744 Sub.

1937 2635 1960 2664 ο
2000 2629 2393 2694 Disceptatione.
2416 2632 2510 2680 Ms.
2547 2627 2809 2693 disputatio
2832 2627 2971 2678 Fulv.
2999 2625 3146 2678 Male.

1547 2798 2111 2860 COMMENTARIUS.

174 2930 299 2975 nuta.
339 2919 666 2976 Simillimns
705 2919 855 2976 locus
899 2917 989 2975 est
1011 2919 1326 2976 Tertulliani
1354 2921 1406 2975 in
1443 2921 1749 2990 Apologet.,

173 3008 216 3047 c.
243 2994 326 3048 40.
364 3013 381 3044 ε
419 2993 496 3048 Et
530 3004 728 3055 tamen,
759 2993 803 3046 si
837 2993 1092 3061 pristinas
1131 2993 1312 3046 clades
1349 3007 1746 3062 comparentus,

175 3065 355 3119 leviora
389 3078 542 3120 nunc
567 3065 838 3123 accidunt.
869 3081 934 3118 ex
965 3081 1070 3134 quo
1109 3063 1434 3118 cliristianOs
1464 3080 1492 3117 a
1529 3065 1639 3119 Deo
1658 3079 1744 3118 or-

1853 2917 2060 2971 dissem.
2102 2916 2178 2972 Ex
2209 2916 2402 2989 eodem
2432 2932 2632 2985 genere
2661 2927 2744 2974 est
2779 2919 2996 2973 mortale
3024 2919 3236 2974 malum.
3274 2918 3456 2989 Ovid.,

1853 2989 1978 3042 Mcl.
2013 3003 2109 3052 vn,
2145 2989 2272 3044 525.
2307 2988 2580 3045 Ocusaan.

1938 3059 1998 3113 Si
2026 3065 2163 3132 [acto
2194 3072 2257 3132 ει.
2280 3063 2593 3131 argumentis
2619 3062 2900 3132 insignibus
2944 3064 3018 3117 rei
3058 3066 3254 3117 veritas
3285 3063 3460 3132 expli-

176 3137 245 3190 bis
271 3138 506 3204 accepit.
542 3137 615 3190 Ex
644 3152 711 3189 eo
739 3122 882 3188 enim
914 3122 1216 3191 innot-cnlia
1246 3136 1428 3190 smenli
1453 3135 1760 3207 iniquitates
1788 3133 1834 3196 C
1865 3122 2036 3207 eatur.
2063 3130 2189 3207 Jac.
2221 3122 2493 3207 Cujaeins
2517 3122 2743 3202 legend."
2769 3133 2913 3207 eonj.
2945 3135 2990 3188 si
3021 3139 3161 3205 faro,
3196 3143 3251 3188 ut
3299 3122 3460 3207 urgu-

177 3209 510 3278 temperavit,
542 3218 595 3261 et
623 3207 1003 3274 deprecatores
1032 3207 1124 3262 Dei
1151 3221 1270 3260 esse
1307 3217 1608 3274 ('(Bpel‘tltll.
1641 3227 1659 3258 ι
1697 3205 1763 3260 Et

175 3283 377 3334 ontniuo
426 3286 649 3333 veteres
690 3278 944 3332 Ecclesiae
985 3278 1173 3333 Patres
1216 3288 1460 3346 pacatum
1506 3279 1607 3331 sub
1652 3282 1758 3331 An-

177 3366 317 3417 guSto
345 3351 583 3419 ejusque
623 3351 1030 3404 successoribus
1066 3351 1252 3403 orbem
1283 3349 1486 3404 Christi
1523 3350 1573 3403 in
1606 3349 1765 3403 terris

177 3421 519 3492 apparitioni
558 3433 829 3491 tamquam
886 3421 1176 3492 praecipua:
1229 3435 1407 3476 causae
1463 3421 1762 3476 ascribunt.

179 3491 295 3564 _V'ide
325 3494 436 3548 loca
480 3491 790 3564 Hieronymi
841 3491 896 3545 in
929 3492 1125 3546 Psalm.
1161 3507 1322 3558 Lxxt,
1366 3492 1499 3564 etin
1551 3506 1672 3562 cap.
1704 3506 1761 3548 tt.

179 3561 314 3620 Isaia:
342 3565 582 3633 allegata
617 3561 1111 3619 ab’Eltnenborstio
1137 3565 1201 3617 ad
1237 3564 1289 3618 Ιι.
1317 3565 1354 3618 Ι.
1383 3563 1587 3618 Οιιεωη

263 3636 482 3706 Cognati
537 3636 832 3689 animantis.
890 3635 965 3689 Ita
1016 3634 1286 3690 Arnobius
1354 3635 1490 3688 infra
1552 3635 1644 3689 lib.
1698 3649 1763 3699 tt,

180 3722 287 3775 cap.
317 3709 383 3763 16
413 3725 426 3761 :
451 3707 758 3761 Animantia
800 3723 891 3760 nos
931 3723 1057 3770 esse,
1102 3716 1191 3759 aut
1232 3706 1520 3759 consimilia
1549 3706 1764 3772 crrleris,

179 3789 256 3832 aut
280 3797 375 3833 non
407 3780 641 3848 plurima
670 3777 945 3843 di/fertlate
973 3778 1238 3831 distantia.
1275 3779 1653 3832 ELMENHORST.

245 3851 339 3915 Qui
367 3851 606 3904 homines
623 3866 729 3903 esse
751 3865 805 3902 se
826 3866 924 3903 non
941 3851 1106 3918 specie
1128 3865 1422 3916 corporum.
1474 3889 1486 3902 .
1535 3890 1547 3902 .
1594 3889 1608 3903 .
1655 3890 1668 3901 .
1715 3890 1728 3903 .

182 3921 482 3994 intelligunt.
510 3921 582 3974 Ita
606 3919 1026 3994 Fulv._Ursinus,
1050 3923 1319 3994 Stewceh.
1336 3931 1384 3974 et
1407 3920 1687 3975 Meursius.
1714 3919 1768 3974 In

181 3993 303 4048 Cod.
332 3991 432 4048 ins.
461 3996 622 4046 :ihest
648 4009 718 4045 se.
744 3991 948 4047 Onam“
977 4021 1049 4032 —-
1077 3993 1140 4047 Et
1166 4002 1344 4061 potest
1376 3994 1584 4053 abesse.
1617 4007 1765 4047 more

184 4065 288 4120 scil.
319 4064 674 4127 Grmcorutn,
709 4073 764 4117 ttt
811 4066 944 4118 inira
988 4079 1106 4134 cap.
1136 4063 1206 4116 28
1246 4081 1260 4118 :
1307 4062 1554 4117 Deitatem
1600 4064 1769 4118 sortiti

185 4151 282 4190 esse
306 4139 554 4202 sentiunt,
576 4151 734 4204 quem
755 4137 926 4189 locum
956 4133 1159 4188 notavit
1181 4134 1326 4204 Lips.
1348 4133 1475 4189 Aut.
1509 4135 1679 4189 Leett.
1712 4150 1770 4199 tt,

186 4206 232 4260 7.
263 4208 393 4262 Add.
429 4207 665 4262 Bentlei.
689 4208 752 4260 ad
782 4207 961 4261 Ilorat.
996 4223 1033 4270 ι,
1061 4207 1230 4273 Epist.
1259 4221 1356 4268 VII,
1379 4205 1469 4260 22.
1500 4205 1604 4260 Attt
1629 4207 1772 4260 enim

187 4276 337 4333 latine
364 4280 568 4334 dicitur
594 4297 606 4331 :
629 4279 881 4332 hominem
905 4295 982 4331 me
995 4294 1099 4332 esse
1120 4277 1370 4345 intelligo,
1399 4289 1488 4331 ant
1514 4293 1607 4346 per
1639 4293 1775 4347 grte-

192 4350 405 4404 ciStnum
442 4369 454 4403 :
488 4351 642 4403 homo
671 4366 776 4403 esse
803 4349 1052 4421 intelligo.
1081 4348 1352 4421 Densum.

257 4422 548 4492 Supercilio
581 4421 806 4474 luminis.
845 4419 989 4474 Hanc
1021 4420 1302 4476 lectionem
1335 4421 1570 4474 allirntat
1611 4419 1773 4474 etiam

193 4489 359 4546 (ludes
392 4510 498 4548 tns.
538 4493 715 4558 Quare
748 4493 913 4545 nolim
942 4507 1061 4546 eam
1087 4503 1289 4546 temere
1320 4506 1547 4546 mutare.
1581 4496 1777 4562 Super-

193 4563 354 4617 cilinm
398 4565 608 4619 luminis
654 4563 884 4616 fortasse
929 4562 1167 4632 appellat
1205 4563 1475 4617 Arnobius
1515 4577 1776 4631 arrogan-

196 4637 333 4694 tiam.
385 4651 490 4703 qua
523 4650 584 4688 se
626 4635 800 4688 credit
840 4635 1033 4700 aliquis
1069 4633 1280 4687 caeteris
1328 4634 1778 4703 perspicaciorem

197 4712 274 4785 sui
294 4706 745 4785 ὀξυδερκέστατργ.
772 4705 1010 4785 tinnitu).
1033 4734 1103 4785 -_—:
1123 4705 1310 4785 Celeo.
1337 4705 1572 4785 mutabat
1594 4721 1777 4785 sapere

197 4776 684 4848 ciliotumi'ditquod
711 4777 1169 4848 habetiArnobins
1191 4778 1322 4830 infra
1348 4776 1441 4830 lib.
1471 4792 1528 4841 tt,
1553 4793 1670 4848 rap.
1700 4779 1778 4842 1,)

198 4858 448 4918 sequente
474 4847 820 4904 Obertltttrio.
853 4847 1116 4904 Meursius
1146 4852 1384 4918 justuset
1407 4847 1665 4916 supercilii
1697 4849 1780 4903 lu-

201 4922 341 4974 mine.
371 4920 578 4977 ORELL.

268 4992 475 5046 Mitiora
522 4995 574 5044 iu
622 5007 779 5060 Opera
828 4991 1082 5045 conversis
1125 4989 1316 5061 usibus
1346 4990 1490 5059 ferri.
1547 4989 1783 5061 Respicit

202 5063 462 5117 Arnobius
487 5066 552 5117 ad
589 5064 761 5118 locum
791 5063 938 5116 ISnitlt
963 5077 1081 5130 cap.
1115 5077 1173 5124 tt,
1207 5077 1259 5115 ν.
1291 5060 1347 5116 4.
1373 5063 1576 5116 Onus.

276 5134 359 5189 VII
421 5164 494 5174 —-
538 5134 836 5188 Miseranda
877 5134 1179 5189 mortalitas.
1235 5131 1605 5188 Mortalitatem
1651 5132 1783 5188 dicit

205 5205 506 5270 Arnobius,
577 5216 634 5258 ut
698 5207 1061 5258 humanitatem
1120 5205 1417 5269 Minucius,
1487 5205 1778 5258 ltumanntn

205 5291 384 5344 genus.
433 5278 522 5332 sic
564 5277 699 5331 infra
728 5295 740 5330 :
774 5276 911 5330 Nam
942 5276 1080 5329 Deus
1118 5279 1435 5344 omnipotens
1472 5287 1635 5328 mente
1679 5292 1782 5328 ana

208 5351 424 5401 onmiutn
452 5359 498 5401 et
523 5349 777 5401 communi
808 5348 1131 5400 mortalitatis
1159 5363 1370 5400 assensu
1403 5363 1561 5415 neque
1585 5347 1783 5416 genitus

208 5421 374 5482 scitur,
403 5431 533 5483 etc.;
558 5430 606 5474 ct
643 5421 734 5475 lib.
769 5435 841 5472 tv:
870 5417 932 5472 Et
959 5420 1153 5471 audetis
1173 5428 1285 5486 post
1303 5419 1401 5471 ista
1421 5419 1616 5480 mirari,
1647 5418 1782 5471 unde

211 5491 433 5543 oriantur
461 5495 566 5545 hac
596 5492 753 5554 mala,
796 5491 975 5557 quibus
1013 5489 1290 5542 inundatur
1318 5499 1364 5541 et
1405 5489 1649 5558 premitur
1675 5491 1785 5543 sine

213 5561 312 5614 ulla
341 5563 709 5615 intermissione
737 5562 1040 5614 mortalitas.
1079 5560 1317 5614 "suam.
1344 5590 1412 5599 —
1443 5559 1516 5614 Ita
1561 5570 1613 5614 et
1643 5561 1780 5614 Plin.

216 5629 344 5686 Hist.
366 5633 483 5687 Nat.
503 5650 558 5699 tt,
577 5633 636 5686 ’ῖς
665 5631 892 5702 Fragilis
914 5631 1167 5685 laboriosa
1190 5631 1488 5692 mortalitas,
1516 5643 1562 5684 et
1593 5631 1782 5685 eodem

215 5718 326 5772 (ap.
413 5704 506 5769 22,
533 5701 818 5773 improuida
844 5703 1146 5774 mortalitas.
1165 5703 1366 5756 ORELL.
1386 5731 1456 5741 —
1475 5701 1617 5774 Adtl.
1644 5702 1781 5757 Plin.

220 5773 366 5840 ntin.,
397 5775 554 5842 epist.
582 5791 651 5837 Vl,
682 5775 792 5830 2οε
826 5773 945 5827 Nisi
967 5791 1044 5828 me
1069 5791 1180 5826 cuin
1201 5775 1449 5837 omnibus,
1484 5773 1653 5827 omnia
1676 5791 1782 5825 me-

223 5861 346 5908 t'ttm,
382 5848 580 5914 misero,
613 5863 796 5918 magno
825 5857 992 5900 tamen
1032 5845 1354 5902 mortalitatis
1393 5844 1576 5900 solatio
1613 5845 1781 5900 credi-

1802 4526 1856 4586 D

1868 3204 2047 3274 mentis
2087 3202 2375 3270 insignibus
2419 3204 2494 3256 rei
2543 3209 2729 3259 veritas
2773 3202 3076 3274 explicetur.
3131 3202 3380 3261 lienam:
3399 3237 3470 3247 —

1866 3272 1948 3346 l_\_‘il
1980 3275 2294 3328 mutandum
2323 3293 2336 3329 :
2363 3278 2521 3346 facta,
2558 3277 2593 3330 i.
2626 3293 2676 3330 e.
2703 3272 2968 3343 eXempIis
2998 3279 3047 3332 in
3077 3280 3218 3331 facto
3251 3278 3461 3346 positis,

1871 3343 2212 3412 Tliatsachen,
2264 3356 2320 3400 ιιι
2347 3343 2668 3414 schissime.
2695 3347 2883 3403 Beltot.
2927 3350 2972 3402 si
3015 3349 3154 3416 facto
3199 3343 3468 3416 e'glosse4

1869 3427 2012 3472 unite
2045 3430 2189 3486 putat
2222 3422 2271 3469 in
2301 3427 2507 3472 textum
2538 3419 2839 3484 irrepsisse,
2882 3435 3004 3475 eum
3027 3421 3166 3475 absit
3190 3435 3219 3473 a
3255 3419 3456 3476 Codice

1875 3486 2061 3555 Regio.
2101 3489 2250 3558 llelet
2280 3491 2461 3558 itaque
2491 3505 2611 3542 cum
2643 3490 2895 3545 Meursio.
2919 3491 3122 3545 Οιιειι..

1943 3558 2073 3614 VIII.
2105 3588 2176 3598 -—
2204 3557 2326 3614 Suis
2370 3557 2590 3613 Continet
2635 3563 2687 3615 in
2715 3562 3000 3615 rationibus
3029 3563 3300 3617 involutas.
3326 3559 3461 3618 Cod.

1871 3646 1996 3696 ms.,
2048 3630 2172 3685 Suis
2222 3631 2444 3684 continet
2513 3632 2901 3698 irritationibus,
2951 3643 3055 3688 etc.
3119 3632 3250 3699 Qua:
3311 3633 3469 3690 lectio

1871 3701 2246 3755 anteltabetnla
2277 3702 2436 3754 editae
2459 3705 2511 3755 in
2539 3701 2897 3758 Rotatlonibus
2934 3703 3116 3773 (quam
3147 3714 3266 3773 post
3303 3703 3465 3760 Gele-

1873 3773 2020 3826 niunt
2051 3788 2242 3825 omnes
2270 3773 2438 3844 secuti
2472 3782 2616 3836 sunt,
2650 3784 2880 3842 excepto
2907 3774 3138 3830 lleraldo
3162 3775 3204 3844 ),
3235 3776 3358 3844 quia
3385 3778 3462 3829 si-

1871 3844 2093 3914 gnilicat
2151 3843 2350 3913 aliquid
2400 3845 2450 3896 in
2499 3860 2560 3898 ea
2607 3860 2728 3900 esse
2771 3847 3073 3910 occultum,
3136 3843 3278 3914 quod
3328 3847 3466 3902 mala

1877 3923 2130 3986 provocet
2158 3925 2316 3985 atque
2347 3916 2541 3970 irritet.
2573 3915 2626 3972 Si
2660 3916 2786 3986 qttid
2837 3927 3012 3971 tatnen
3046 3919 3384 3983 mutandum,
3415 3919 3467 3973 in

1874 3987 2155 4060 rationibus
2203 3987 2370 4060 magis
2417 3988 2630 4041 vellem.
2666 3987 3027 4060 (Just.Lips.
3071 3989 3124 4041 in
3166 3987 3463 4060 I’Iiysiolog.

1877 4059 2036 4129 Stoic.
2069 4058 2157 4129 lib.
2191 4074 2226 4118 ι,
2261 4055 2478 4111 Disserl.
2511 4075 2626 4120 xtv,
2674 4055 2726 4129 p.
2776 4059 2900 4114 568.
2949 4055 3104 4128 Oper.
3141 4055 3350 4124 voL'ttt,
3381 4055 3465 4115 ed.

1888 4127 2083 4199 Vesal.)
2103 4127 2426 4200 Irritationes
2455 4137 2632 4198 Itaque
2655 4127 2828 4184 active
2850 4132 2900 4191 I.
2926 4127 3005 4200 q.,
3031 4131 3159 4184 vires
3187 4131 3465 4193 irritantes,

1876 4201 1960 4252 (lie
2005 4199 2332 4269 bcwegenden
2377 4198 2580 4265 Krafte.
2636 4201 2740 4256 Sed
2775 4198 3002 4265 praefero
3035 4201 3466 4257 emendationem

1878 4270 2120 4335 Ileraldi,
2157 4271 2237 4325 vel
2269 4273 2442 4340 potius
2471 4271 2709 4339 Cantcri,
2745 4272 2795 4325 in
2827 4272 3130 4328 rationibus.
3162 4273 3234 4326 Ita
3267 4272 3467 4327 Lucre-

1880 4345 2006 4406 tius,
2037 4343 2128 4396 lib.
2165 4357 2220 4406 ν,
2269 4358 2347 4396 Vs.
2387 4343 2543 4403 1182,
2577 4343 2708 4398 dicit
2737 4345 2846 4398 caeli
2890 4344 3140 4406 rationes,
3185 4345 3220 4397 i.
3251 4359 3301 4398 c.
3345 4343 3470 4399 caeli

1879 4425 2056 4468 motus
2089 4424 2259 4475 ratos,
2294 4425 2438 4467 ratos
2467 4425 2732 4468 astrorum
2765 4413 3004 4478 ordines,
3035 4424 3196 4484 atque
3221 4416 3289 4468 ab
3321 4417 3468 4469 omni

1881 4486 2183 4539 aeternitate
2215 4485 2576 4540 itnntntabiles
2603 4501 2816 4550 curStts,
2851 4497 2909 4540 ut
2952 4485 3104 4555 expl.
3151 4487 3466 4540 Lambinus.

1885 4556 2046 4610 Verte
2075 4558 2233 4625 igitur
2260 4557 2311 4610 in
2339 4557 2482 4609 iltren
2512 4557 2844 4621 bestinttnlen,
2869 4557 3053 4625 ewigen
3086 4555 3346 4611 Gesetzrn.
3368 4556 3473 4611 Ro-

1884 4631 2100 4698 tatioues
2126 4638 2306 4681 essent
2335 4630 2462 4680 vires
2490 4638 2730 4691 rotantes,
2766 4626 3208 4698 Scltwungkraste.
3263 4628 3468 4683 Oltl-ZLL.

1957 4697 2148 4760 Lineis,
2183 4700 2219 4751 i.
2245 4715 2298 4767 q.
2331 4700 2852 4754 constellationilnts.
2883 4697 3084 4754 UBE’LL.

1957 4770 2094 4836 Quid
2121 4771 2166 4822 si
2192 4770 2336 4823 statis
2368 4769 2690 4837 temporibus.
2720 4768 2855 4824 Cod.
2887 4787 2985 4826 IIIS.
3030 4771 3164 4836 Quid
3194 4770 3237 4825 si
3281 4771 3473 4826 a’statis

1885 4842 2212 4912 temporibus,
2245 4841 2385 4895 unde
2414 4841 2620 4895 Theod.
2650 4839 2916 4898 Canterus
2937 4844 3142 4896 fecerat
3175 4843 3312 4910 Quid
3341 4844 3384 4895 si
3425 4854 3472 4897 et

1882 4923 2028 4983 statis
2059 4914 2381 4983 temporibus.
2413 4914 2615 4967 URELL.

1959 4982 2115 5037 Malis
2141 4982 2574 5053 reciprocantibus
2607 4999 2874 5053 prospera.
2905 4983 3151 5053 Proprie,
3179 4984 3214 5037 i.
3244 4999 3293 5038 e.
3319 4984 3471 5052 quasi

1883 5055 2078 5110 ﬂuetus
2130 5055 2514 5123 recipientibus
2552 5065 2607 5109 et
2655 5055 3074 5111 remittentibus.
3125 5057 3214 5110 Sic
3263 5054 3473 5108 Ennius

1883 5125 2230 5181 Andromeda
2276 5141 2364 5194 ap.
2399 5123 2626 5179 Nonium
2661 5145 2673 5178 :
2711 5125 2910 5180 Rursus
2946 5143 3153 5196 prorsus
3192 5127 3475 5193 reciprocat

1883 5199 2068 5268 [luctus
2095 5200 2277 5266 feriam,
2319 5205 2378 5250 et
2403 5197 2556 5256 ibid.,
2584 5212 2648 5251 ex
2690 5198 2796 5252 alio
2834 5199 3103 5265 scriptore
3146 5215 3158 5250 :
3195 5197 3476 5268 liecipraca

1885 5271 2133 5332 animum,
2163 5269 2391 5336 inquam,
2425 5268 2618 5330 odiose,
2661 5271 2750 5322 ubi
2799 5267 3008 5338 legend.
3049 5269 3292 5324 animant.
3339 5267 3474 5322 Pro-

1888 5339 2002 5408 prie
2039 5342 2183 5394 enim
2216 5340 2436 5390 omnino
2481 5341 2800 5410 reciprocare
2839 5341 3114 5404 spiritum,
3164 5349 3224 5393 ut
3261 5338 3395 5392 inira
3423 5339 3474 5393 in

1887 5411 1992 5465 hoc
2020 5411 2177 5464 libro.
2214 5411 2452 5465 lienam.
2486 5440 2556 5450 —
2585 5413 2664 5466 Ad
2703 5412 2862 5464 verba
2899 5412 3251 5480 praecedentia
3299 5425 3478 5463 rursus

1884 5483 2110 5550 reﬂuunt
2139 5480 2399 5535 Meursius
2429 5482 2707 5547 observat,
2751 5498 2928 5535 rursus
2953 5483 3246 5551 antiquitus
3272 5482 3474 5535 dictum

1885 5552 2051 5607 fuisse
2109 5567 2206 5620 pro
2263 5567 2559 5618 retrorsum,
2593 5557 2764 5606 citans
2817 5553 3079 5607 Donatum
3134 5554 3200 5607 ad
3253 5553 3473 5608 Terent.

1890 5625 2086 5694 llecyr.
2121 5635 2226 5677 act.
2257 5639 2344 5688 ttt,
2375 5639 2525 5678 scen.
2561 5627 2620 5678 l:

2011 5737 2266 5802 Trepidari
2291 5740 2471 5800 sentio,
2495 5739 2680 5788 cursari
2707 5751 2900 5788 rursum
2927 5750 3167 5803 prorsum.

1895 5845 2116 5900 Rursum
2140 5845 2342 5914 proprie
2367 5853 2528 5912 retro,
2562 5861 2796 5914 prorsum
2827 5853 2947 5901 ante
2975 5844 3252 5918 signiﬁcat.
3280 5842 3393 5900 0m:
3412 5859 3477 5900 ιι.
