3878 6312
193 278 275 358 737
1528 294 1732 357 LIBER
1773 290 2048 359 PRIMUS.
2296 288 2307 295 '
3340 288 3444 359 738

191 414 358 481 dicris,
383 418 438 467 et
464 416 699 481 ponant,
734 418 788 465 et
830 418 1082 481 repetant
1127 412 1235 469 iras
1263 430 1275 467 :
1307 422 1359 469 et
1387 415 1439 470 in
1468 415 1734 489 integrum
1770 437 1814 494 Α
1843 419 2017 474 cuncti
2047 417 2180 474 nihil
2200 419 2306 475 lecti
2334 418 2533 476 habere
2559 417 2883 484 debuerunt,
2906 418 2952 474 si
2980 416 3245 474 malorum
3269 432 3436 474 causa

193 525 241 566 se
265 519 461 575 semper
478 501 836 559 oﬁensionum
861 504 1236 561 recordatione
1266 500 1573 566 restituant.
1849 524 1949 565 nos
1990 524 2173 564 sumus
2204 526 2217 563 :
2250 510 2556 566 nationibus
2582 510 2726 565 enim
2755 523 2945 565 sumus
2985 510 3037 565 in
3079 511 3324 567 cunctis:
3353 516 3449 565 aut

251 596 371 654 XVI.
409 596 737 666 Quamquam
770 597 911 652 istud
945 597 1085 668 quod
1113 598 1331 665 dicitur,
1364 603 1520 673 quale
1545 604 1615 658 sit
1646 620 1742 660 ex-
1849 618 1971 659 cum
2009 603 2170 657 mixta
2204 603 2430 659 videatis
2469 618 2592 659 cum
2627 602 2985 660 incommodis
3030 604 3183 672 laeta,
3216 604 3450 661 desinite

197 696 398 771 plicabili
440 712 543 752 non
595 706 775 769 potest
818 700 1312 770 comprehensione
1358 700 1631 772 cognosci.
1685 698 1744 754 Si
1849 695 2004 751 nobis
2042 695 2316 751 ascribere
2364 695 2414 750 id
2457 696 2600 767 quod
2633 696 2859 753 oﬁ‘endit
2905 712 2993 754 res
3022 708 3269 766 vestras,
3316 713 3442 755 cum

189 793 511 858 Alamannos,
547 790 740 847 Persas
767 791 968 848 idcirco
996 794 1281 849 voluerunt
1321 793 1566 859 devinci,
1601 790 1741 863 quod
1850 790 1983 845 nihil
2013 790 2151 845 lanis
2187 788 2487 846 efficiamus
2518 797 2574 846 et
2615 792 2905 862 prosperis.
2956 790 3014 847 Si
3053 791 3197 848 enim
3241 805 3342 861 ego
3385 797 3446 847 ut

188 884 453 940 habitarent
475 891 529 938 et
553 882 815 956 degerent
847 886 899 940 in
927 901 1115 941 eorum
1148 886 1400 957 gentibus
1429 883 1738 949 christiani,
1849 882 1991 938 male
2017 882 2086 937 sit
2113 880 2254 938 facio
2278 922 2293 947 ,
2342 896 2438 937 cur
2467 891 2526 937 ut
2563 882 2703 939 bene
2730 882 2832 951 sit,
2868 897 2975 939 non
3012 882 3216 939 obsto?
3255 881 3315 939 Si
3342 923 3356 948 ,
3388 888 3449 937 ut

186 973 601 1047 quemadmodum
655 975 914 1032 Romanis
969 977 1211 1035 tribuere
1259 978 1571 1045 victoriam,
1620 991 1743 1033 cum
1849 975 2026 1044 inepia
2074 988 2263 1044 magna
2306 974 2411 1040 sit,
2458 990 2637 1031 meum
2671 990 2868 1031 nomen
2914 975 2967 1031 in
3007 982 3278 1031 causaest
3308 991 3321 1029 :
3350 988 3449 1031 cur

188 1068 455 1124 habitarent
501 1075 557 1123 et
598 1068 858 1141 degerent
901 1071 954 1126 in
998 1086 1188 1127 eorum
1231 1087 1447 1143 quoque
1492 1071 1745 1142 gentibus
1850 1068 1985 1123 nihil
2033 1068 2310 1138 impedio,
2356 1077 2414 1123 ut
2452 1068 2522 1123 sit
2562 1058 2815 1124 feracitas
2857 1068 3132 1123 maxima?
3175 1067 3275 1136 Si,
3307 1066 3447 1123 utin

185 1160 474 1218 chrisﬁani?
517 1160 575 1217 Si
601 1162 654 1217 in
683 1162 832 1229 Asia,
864 1162 1046 1237 Syria,
1079 1164 1288 1221 ideirco
1319 1180 1535 1229 mures,
1582 1173 1637 1219 et
1665 1163 1747 1218 ιο-
1849 1162 2006 1218 bellis
2036 1161 2329 1233 accipiatur
2358 1162 2585 1227 vulnus,
2615 1177 2714 1233 ego
2742 1160 2895 1218 dicor
2915 1160 3111 1217 alferre
3149 1158 3445 1227 fortunam,

184 1261 339 1308 castas
358 1250 709 1310 edervescere
739 1253 1107 1327 prodigialiter
1132 1256 1416 1313 voluerunt
1441 1300 1456 1323 ,
1487 1257 1630 1328 quod
1660 1272 1748 1311 ra-
1850 1271 1949 1312 cur
1968 1255 2175 1312 duelles
2205 1271 2328 1311 cum
2358 1264 2607 1327 pereunt,
2634 1255 2829 1311 laevum
2851 1255 3135 1327 augurium
3166 1269 3276 1310 non
3301 1268 3450 1324 sum,

186 1343 311 1401 tione
348 1345 608 1401 consimili
651 1346 957 1403 habitarent
987 1350 1040 1404 in
1073 1365 1263 1405 eorum
1301 1350 1554 1420 gentibus
1593 1348 1734 1404 chri-
1853 1366 1954 1406 nec
1980 1350 2241 1406 adversus
2286 1364 2411 1421 spes
2451 1351 2623 1407 bonas
2655 1360 2681 1387 ο
2713 1351 2839 1406 mali
2870 1350 3067 1406 ominis
3094 1349 3450 1406 obscoenitate

183 1440 315 1496 stiani
347 1460 360 1497 :
383 1442 431 1496 in
460 1440 717 1513 Hispania
739 1485 755 1511 ,
782 1442 954 1500 Gallia
980 1486 996 1512 ,
1020 1459 1119 1499 cur
1150 1446 1344 1500 eodem
1366 1453 1612 1514 tempore
1636 1442 1737 1499 bo-
1855 1442 2146 1498 traducor?

183 1548 282 1588 rum
309 1532 434 1589 nihil
475 1542 659 1591 natum
691 1544 810 1602 est,
843 1552 966 1591 cum
998 1536 1269 1593 innumeri
1296 1539 1540 1594 viverent
1576 1539 1629 1593 in
1665 1538 1749 1594 his
1926 1534 2091 1591 XVII.
2124 1536 2192 1592 Et
2217 1546 2417 1605 tamen,
2451 1553 2483 1592 ο
2514 1535 2693 1609 magni
2731 1535 2970 1592 cultores
2996 1545 3158 1605 atque
3185 1533 3455 1592 antistites

182 1643 368 1700 quoque
393 1628 687 1698 provinciis
715 1628 1033 1685 christiani?
1070 1631 1125 1687 Si
1156 1630 1294 1701 apud
1327 1630 1552 1687 Getulos
1571 1672 1584 1697 ,
1618 1629 1750 1685 Tin-
1856 1632 2135 1686 numinum
2161 1673 2177 1699 ,
2206 1647 2304 1688 cur
2330 1643 2387 1687 ut
2411 1630 2570 1687 irasci
2600 1622 2811 1701 populis
2841 1628 3154 1685 christianis
3176 1628 3453 1701 angustis-

179 1720 395 1792 guitauos
423 1720 582 1793 hujus
612 1722 690 1777 rei
721 1738 881 1779 causa
910 1723 1212 1780 siccitatem
1239 1725 1372 1780 satis
1410 1723 1746 1779 ariditatcm-
1854 1724 2022 1781 simus
2045 1724 2165 1781 illos
2195 1725 2518 1781 asseveratis
2552 1723 2718 1790 deos,
2752 1723 2824 1778 ita
2855 1738 2961 1778 non
2989 1721 3308 1789 advertitis,
3345 1737 3454 1779 non

179 1831 265 1886 que
288 1816 563 1883 miserunt,
593 1832 660 1872 eo
680 1832 824 1873 anno
851 1833 948 1874 cur
970 1834 1178 1877 messes
1204 1819 1573 1891 amplissimas
1598 1820 1747 1876 Mau-
1779 1856 1826 1917 Β
1856 1817 2082 1884 videtis,
2117 1815 2343 1873 affectus
2369 1832 2530 1888 quam
2570 1826 2756 1886 turpes
2780 1857 2796 1883 ,
2827 1830 2989 1887 quam
3031 1815 3317 1872 indecoras
3348 1830 3449 1870 nu-

181 1911 242 1962 ris
267 1906 695 1980 Nomadibusque
719 1910 1048 1977 tribuerunt,
1071 1928 1194 1968 cum
1225 1913 1416 1986 religio
1443 1914 1634 1970 similis
1663 1914 1750 1972 bis
1779 1906 1825 1917 ’⁷
1855 1907 2093 1965 minibus
2141 1910 2448 1966 attribuatis
2495 1908 2769 1965 insanias?
2807 1908 2947 1978 Quid
2988 1918 3075 1966 est
3116 1910 3261 1965 enim
3305 1907 3454 1964 aliud

178 2015 361 2070 quoque
386 2002 436 2056 in
465 2002 780 2074 regionibus
803 2013 1112 2062 verteretur
1137 2005 1161 2060 ?
1185 2005 1242 2063 Si
1276 2008 1329 2061 in
1356 2006 1583 2062 civitate
1614 2023 1747 2063 una-
1851 2006 2009 2061 irasci
2028 2047 2042 2070 .
2071 2021 2234 2078 quam
2259 2006 2499 2063 insanire
2523 2048 2538 2073 ,
2571 2021 2732 2077 quam
2761 2004 2941 2061 furere
2962 2046 2976 2071 ,
3005 2020 3167 2077 quam
3194 2007 3249 2060 in
3280 2004 3448 2061 ultio-

177 2094 386 2162 qualibet
426 2095 569 2152 fame
616 2097 879 2168 plurimos
901 2100 1071 2156 emori
1118 2102 1291 2156 nostri
1335 2101 1572 2157 nominis
1597 2118 1750 2157 aver-
1852 2097 1939 2153 nis
1973 2097 2257 2154 libidinem
2290 2099 2439 2167 ferri,
2474 2108 2532 2155 et
2560 2100 2614 2154 in
2652 2099 2875 2155 alterius
2903 2097 3109 2153 doloris
3134 2113 3346 2165 cruces,
3376 2095 3461 2154 el-

178 2184 307 2242 sione
330 2185 615 2255 iecerunt,
646 2204 743 2245 cur
782 2190 980 2247 ibidem
1027 2193 1323 2249 annonaria
1368 2195 1594 2250 caritate
1630 2210 1742 2251 non
1850 2189 2009 2246 ferati
2056 2190 2292 2261 pectoris
2341 2190 2673 2247 alienatione
2710 2189 3006 2247 bacchari?
3046 2189 3160 2246 Hoc
3202 2206 3333 2262 ergo
3379 2189 3457 2248 dii

177 2286 354 2337 tantum
377 2284 626 2354 corporis
657 2300 764 2340 non
789 2284 982 2352 nostri,
1012 2301 1199 2342 verum
1225 2286 1390 2343 etiam
1414 2286 1747 2344 christianos
1851 2282 2036 2356 magni
2063 2293 2286 2352 norunt,
2316 2284 2716 2356 perpetiuntur,
2748 2294 2805 2341 et
2831 2284 3095 2351 sentiunt,
3122 2283 3269 2356 quod
3302 2283 3457 2354 fera,

174 2371 364 2431 ditiores
406 2384 461 2433 et
501 2375 964 2448 locupletissimos
1005 2378 1395 2436 reddiderunt?
1439 2381 1548 2435 Aut
1586 2379 1767 2450 igitur-
1853 2377 2002 2450 quod
2030 2376 2249 2447 bellum,
2275 2378 2422 2450 quod
2449 2378 2745 2436 mortiferae
2780 2379 3061 2437 continent
3095 2388 3366 2437 venenato
3402 2381 3458 2436 in

1374 2519 1752 2579 LECTIONES
1787 2518 2207 2578 VARIANTES.

223 2652 246 2682 ⁸
263 2655 372 2718 Ms,
392 2654 440 2705 in
470 2653 725 2720 adversas,
748 2660 841 2707 etc.
876 2652 1040 2720 Fida,
1062 2671 1158 2709 nec
1189 2657 1421 2711 adversas
1442 2672 1529 2710 res
1550 2660 1723 2710 bonas.
1830 2655 1953 2718 Alii.
1990 2672 2086 2709 nec
2106 2659 2340 2711 adversas
2377 2672 2496 2724 spes
2532 2660 2689 2712 bonas
2718 2672 2786 2729 tu.
2814 2672 2864 2711 ο.
2886 2657 3211 2713 obscoenitate
3237 2656 3463 2712 traduce.

1502 2767 2064 2827 COMMENTARIUS.

229 2905 287 2960 In
329 2906 583 2979 integrum
612 2922 708 2979 _se4
739 2922 935 2978 semper
985 2904 1331 2979 o/fensionum
1382 2906 1739 2979 recordatione
1846 2921 1945 2979 pro
1979 2906 2187 2979 bellum,
2217 2905 2327 2961 vid.
2359 2906 2530 2979 intpp.
2571 2903 2637 2979 ad
2669 2903 2814 2979 Fest.
2846 2919 2900 2979 v.
2934 2904 3183 2979 duellum.
3216 2905 3422 2979 03m.

169 2975 570 3075 restituant;.AIta
600 2975 734 3075 σεδ..
763 2975 891 3075 ms},
914 2993 1029 3061 qua:
1055 2978 1422 3062 lectionuare
1448 2978 1740 3035 deferenda
1768 3010 1816 3075 Ο
1848 2975 1862 2979 ⁷
1920 2978 2174 3032 Aduersus
2214 2994 2331 3075 spe:
2372 2978 2551 3061 (tonas.
2728 2977 2783 3031 in
2822 2977 3082 3075 adiltersos.
3129 2976 3275 3048 Lego
3304 2976 3462 3033 inad-

169 3049 255 3120 sit,
283 3065 380 3103 non
412 3048 593 3105 video.
629 3047 785 3103 Fulv.
832 3048 1057 3104 Ursinus
1087 3050 1187 3120 :Win
1226 3047 1482 3118 integrum
1522 3067 1628 3105 sese
1656 3068 1746 3120 per
1768 3047 2053 3120 “versus,
2088 3049 2363 3119 quomodo
2387 3050 2583 3114 inante,
2612 3051 2860 3120 incoram.
2896 3048 3186 3120 Msunsws.

172 3118 480 3187 oﬂ'ensionum
503 3120 935 3185 recordationem,
962 3128 1068 3175 etc.
1086 3119 1211 3175 Vult
1241 3121 1420 3177 dicere
1451 3118 1743 3185 Arnobius,
1925 3119 2058 3175 Mali
2087 3118 2274 3174 ominis
2301 3120 2650 3175 obscoenitate.
2681 3119 2903 3191 Herald.
2929 3120 2981 3176 in
3008 3119 3165 3191 Curis
3186 3121 3462 3191 secundis,

170 3191 281 3247 deos
317 3207 434 3246 esse
474 3200 670 3262 natura
721 3192 886 3246 iratos
942 3201 995 3245 et
1041 3191 1328 3259 difﬁciles,
1379 3192 1514 3247 adeo
1561 3202 1646 3257 ut,
1700 3196 1743 3249 si
1850 3193 2071 3248 insertis
2091 3191 2577 3247 Observationibus
2596 3192 2710 3246 suis
2735 3190 2787 3245 iu
2816 3190 3067 3246 Salutasii
3101 3190 3193 3262 jus
3222 3190 3461 3249 Atticum

170 3263 356 3335 quando
385 3261 752 3335 precibusuvel
790 3263 1066 3317 sacriﬁciis
1095 3264 1293 3335 fuerint
1322 3264 1569 3331 mitigati.
1614 3280 1739 3319 mox
1850 3274 1906 3320 et
1937 3262 2239 3335 Romanum
2261 3307 2276 3329 ,
2311 3263 2514 3335 mavult
2566 3263 2691 3317 mali
2735 3262 2978 3317 nominis.
3010 3261 3307 3335 ASteyvecb.
3356 3265 3462 3335 leg.

170 3334 554 3408 primastatiio
591 3332 952 3408 offensionum
990 3334 1370 3408 recordatione
1406 3335 1460 3390 in
1483 3337 1748 3408 integrum
1850 3334 2000 3403 conj.
2029 3332 2159 3408 mali
2188 3334 2375 3408 ominis
2417 3335 2759 3408 obscenitate,
2805 3336 2980 3389 citans
3008 3332 3242 3408 Nonium
3271 3351 3323 3407 v.
3372 3332 3463 3390 06-

170 3402 213 3457 τε
231 3405 506 3466 restituant,
538 3403 595 3476 ιι.
630 3420 681 3460 e.
706 3402 773 3459 ad
806 3404 1082 3475 pristinam
1109 3405 1457 3475 innatamque
1479 3402 1614 3476 ipsis
1640 3409 1747 3461 ira—
1851 3402 2081 3466 cavavit.
2117 3406 2270 3476 quasi
2311 3420 2574 3466 setevum.
2600 3404 2807 3460 malum
2839 3420 3000 3461 omen
3028 3406 3228 3470 attulit,
3268 3404 3466 3461 saevus

170 3476 352 3546 cundia:
404 3475 647 3531 indolem
691 3485 1052 3533 revertantur.
1106 3477 1214 3533 Pro
1268 3479 1459 3532 vicibus
1504 3475 1744 3533 ludicris.
1852 3480 2104 3531 nimirum
2135 3475 2148 3539 ,
2183 3478 2342 3532 lwvus
2369 3486 2426 3532 et
2453 3478 2692 3537 siuisler.
2726 3476 2762 3530 i.
2798 3492 2853 3545 (ι.
2887 3476 3151 3531 infaustus
3178 3477 3461 3546 significa-

171 3545 344 3621 ilenrs.
364 3546 662 3621 inpritico,
682 3546 779 3621 lib.
801 3562 895 3611 vn,
915 3562 1037 3619 cap.
1057 3548 1111 3613 9,
1137 3549 1422 3620 legendum
1446 3552 1749 3621 suspicatur
1853 3550 2000 3603 tione
2028 3548 2224 3621 Graeca
2253 3565 2266 3602 :
2299 3563 2421 3601 nam
2452 3548 2591 3619 apud
2632 3547 2903 3621 Romanos
2932 3548 3085 3621 laeva,
3116 3547 3334 3603 sinistra
3356 3564 3461 3621 au-

169 3615 370 3691 lub_ricis.
401 3618 519 3691 Non
554 3618 713 3673 male.
745 3617 948 3691 Onsyc.
985 3615 998 3619 ⁷
1031 3689 1035 3691 Α
1191 3615 1215 3620 ⁷
1545 3615 1558 3621 ⁷
1851 3620 2001 3691 guria
2031 3627 2195 3691 erant
2212 3619 2351 3674 bona
2384 3615 2681 3691 faustaque.
2728 3617 2854 3683 Sed,
2886 3628 2945 3673 ut
2976 3617 3111 3691 bene
3141 3629 3325 3691 monet
3354 3618 3462 3691 lle-

230 3688 355 3744 XVI.
378 3719 451 3733 -
478 3690 835 3761 Alamannos:
868 3689 1219 3761 Intelligentla
1266 3707 1373 3749 non
1416 3700 1561 3748 certa
1609 3692 1743 3748 Ger-
1841 3688 2057 3752 'raldus,
2088 3689 2220 3761 nihil
2246 3689 2593 3761 mutandum.
2610 3689 2886 3744 Obscuznus
2910 3689 3130 3761 enimet
3163 3689 3465 3746 obscaelt'nas

172 3762 342 3833 mania:
405 3776 547 3833 gens
573 3802 587 3827 ,
620 3760 737 3833 ,sed
797 3759 1194 3833 Germanorum
1265 3767 1411 3818 natio
1445 3776 1449 3779 ‘
1477 3764 1745 3830 universa,
1856 3761 2075 3833 proprie
2103 3760 2172 3833 de
2198 3760 2470 3833 ominibus
2492 3760 2893 3833 malis.rncmpe
2912 3762 3043 3833 quia
3072 3760 3323 3817 obscaena
3349 3778 3468 3818 om-

171 3830 293 3902 quod
346 3830 595 3902 pluribus
620 3830 870 3886 ’ostentlit
915 3832 1214 3890 Salmasius
1257 3834 1323 3889 ad
1372 3835 1534 3889 verba
1581 3833 1749 3889 Flavii
1856 3836 1942 3887 nia
1964 3830 2019 3887 et
2042 3831 2183 3886 foeda
2208 3831 2445 3901 antiquis
2474 3833 2587 3885 visa
2621 3832 2796 3886 tristia
2827 3840 2884 3902 et
2910 3830 3162 3899 infausta,
3189 3842 3248 3885 ut
3274 3842 3464 3889 centra

174 3900 362 3975 νοιιίςοί
411 3907 464 3959 in
506 3904 742 3975 Proculo
779 3903 977 3973 Seript.
1028 3904 1163 3959 Hist.
1207 3906 1431 3973 August.
1464 3947 1478 3969 ,
1523 3906 1632 3960 vol.
1687 3921 1747 3969 tt,
1857 3920 1985 3974 pura
2022 3900 2354 3975 purgataque
2387 3903 2506 3956 laeta
2548 3901 2832 3975 Cliftfiit'iiil.
2866 3900 3137 3975 lta_Virgij
3186 3902 3390 3975 Georg.
3420 3920 3463 3971 l,

172 3987 214 4046 ιι.
256 3974 349 4029 7M
388 3993 403 4031 :
440 3975 580 4029 Nam
626 3971 971 4042 Alemanno‘s,
1016 3977 1103 4046 qui
1138 3987 1256 4031 tunc
1286 3971 1457 4031 adhuc
1506 3976 1751 4031 Garumni
1853 3971 3462 4046 vs.470,0bscwnicanes.ubivid:Voss.ldem)Ett.,"1,212,

171 4044 445 4101 dicebantur
469 4090 484 4112 ,
528 4061 632 4100 non
672 4047 780 4100 sine
812 4047 995 4117 gloriae,
1017 4044 1292 4116 splendore
1327 4049 1563 4102 contrivit
1591 4089 1602 4109 ,
1648 4047 1749 4102 do.
1853 4046 1993 4103 26L
2030 4045 2297 4117 Obscena:
2327 4047 2676 4117 volucresLet
2713 4044 2926 4117 Festus,
2959 4060 3013 4110 v,
3047 4045 3319 4101 Alliensis:
3341 4044 3466 4102 Dies

172 4129 284 4189 oens
310 4118 673 4189 Alamannos,
727 4114 942 4189 gentem
969 4114 1277 4174 Germania:
1315 4119 1630 4189 populosam
1654 4161 1668 4184 ,
1697 4129 1754 4174 et
1854 4119 2085 4189 aliiensis
2115 4116 2380 4189 dicebatur
2413 4115 2555 4185 apud
2580 4114 2842 4189 Romanos
2862 4116 3231 4189 obsctenissimi
3251 4117 3460 4189 ominis.

173 4186 241 4255 (ut
264 4190 445 4261 scribit
475 4185 965 4261 Aurelius'Yictor)
995 4205 1061 4244 ex
1084 4206 1223 4257 equo
1253 4185 1481 4244 mirifice
1511 4206 1752 4260 pugnan-
1854 4186 1937 4244 Cf.
1956 4188 2232 4261 eumdem,
2250 4204 2299 4261 ν..
2323 4185 2486 4261 oscus
2505 4195 2561 4243 et
2576 4187 2828 4261 Nonium,
2851 4202 2903 4242 v.
2927 4186 3227 4261 Obscaznus.
3250 4187 3460 4246 Οιιειι..

173 4265 265 4343 tem
298 4259 477 4343 (quos
520 4275 644 4343 cum
683 4258 971 4314 devicisset
1013 4275 1181 4328 prope
1230 4262 1464 4343 Moenum
1505 4258 1755 4343 Gai-acal:
1928 4258 2096 4343 X‘.’_ll.
2143 4287 2213 4298 —-
2249 4258 2521 4343 antistites
2586 4260 2875 4343 nun-tinum.
2953 4260 3249 4343 Antistius,
3306 4261 3344 4342 ιε
3399 4275 3459 4343 q.

172 4328 273 4403 l_us.
302 4328 633 4387 Alamannici
662 4345 960 4403 Cognotuett
990 4335 1409 4403 assumpserat),
1446 4343 1627 4402 postea
1658 4333 1753 4403 toti
1857 4332 2189 4403 sacerdotes,
2211 4329 2284 4384 nil
2318 4331 2566 4403 amplius.
2606 4330 2738 4403 Vide
2766 4340 3044 4403 auctorem
3076 4328 3462 4403 confutatiouis

172 4398 455 4458 Germania:
497 4418 693 4458 nomen
726 4398 942 4457 dedisse
965 4444 980 4467 ,
1029 4419 1149 4471 quin
1178 4398 1251 4457 ab
1293 4398 1396 4458 illis
1437 4398 1755 4458 Alamannia
1861 4401 2301 4457 virulenlissimtn
2330 4398 2862 4456 animadversionum
2896 4402 3021 4455 Ant.
3072 4399 3326 4459 Cercmtii
3357 4400 3464 4471 (ι).

173 4471 295 4552 dicta
332 4484 415 4552 est
430 4518 459 4552 ,_
476 4484 532 4531 et
562 4489 704 4529 nunc
739 4473 937 4552 dicitur
961 4473 1550 4552 apud_Fra_ncogallos;
1592 4473 1753 4552 idque
1777 4492 1831 4552 ι)
1856 4473 2061 4552 ρθιιινὶί
2086 4476 2106 4552 ξ
2133 4472 2205 4552 ad
2232 4471 2316 4527 Cl.
2340 4471 2593 4552 Salmasii
2624 4482 2779 4552 notas
2810 4474 2861 4527 in
2890 4471 3312 4552 Tertulliatt._de
3343 4471 3469 4552 Pal-

173 4540 350 4600 factum
390 4547 559 4602 fuisse
586 4561 691 4601 non
721 4544 895 4617 multo
920 4540 1045 4617 anie
1086 4545 1325 4617 Vospisci
1350 4540 1594 4613 iempora
1621 4588 1635 4612 ,
1664 4540 1753 4614 qui
1784 4540 1825 4552 ”
1859 4545 1955 4617 lio,
2001 4562 2053 4616 p.
2085 4540 2187 4617 '14]
2235 4559 2343 4617 sq.,
2374 4543 2612 4617 quihac
2641 4544 2814 4617 dere
2845 4542 3044 4617 multus
3073 4553 3176 4617 est.
3199 4615 3208 4617 4
3228 4542 3301 4599 Ita
3342 4543 3466 4617 Liv.

172 4626 643 4687 eontemporaneus
680 4615 899 4687 Arnohii
928 4615 1084 4684 vixit,
1122 4613 1507 4684 imperantibus
1551 4613 1757 4672 Diocle-
1861 4613 2024 4681 Hist",
2056 4631 2095 4676 ι.
2128 4614 2159 4668 7
2187 4633 2200 4669 :
2225 4613 2510 4669 Potitii’ab
2546 4614 2991 4687 Evattdro_edocti
3033 4614 3284 4687 antistites
3307 4615 3469 4687 sacri

174 4684 303 4759 tiano
333 4683 389 4744 et
434 4686 778 4743 Maximiano.
819 4685 935 4741 Non
977 4683 1276 4742 necessaria
1321 4687 1497 4759 itaque
1539 4687 1755 4743 Meursii
1859 4689 2112 4759 ejusiperA
2132 4689 2321 4741 multas
2350 4695 2525 4741 letales
2572 4691 2736 4758 fuere.
2786 4683 2872 4743 Cf.
2921 4685 3041 4743 loca
3078 4686 3241 4743 citata
3271 4686 3340 4743 ab
3366 4686 3467 4744 El-

175 4756 465 4824 conjectura
490 4758 709 4814 Alanos.
735 4760 938 4814 Οιιειι..
1412 4755 1430 4759 ⁷
1861 4755 2046 4814 menh.
2078 4755 2283 4813 Οιιειι.
2573 4755 2582 4758 ⁷
3173 4807 3205 4826 .,

238 4828 295 4901 Si
328 4831 470 4896 apud
516 4829 726 4901 Getulos
765 4827 1125 4901 Tinguitunos.
1162 4830 1287 4886 lianc
1325 4839 1408 4886 est
1447 4828 1757 4886 emendatio
1931 4828 2036 4883 Cur
2060 4839 2121 4901 ιιι
2153 4830 2327 4901 irasci.
2365 4827 2432 4901 Ut
2465 4832 2832 4901 necessarium
2865 4828 2932 4883 ad
2962 4844 3181 4885 sensum
3223 4829 3463 4886 restituit

175 4899 435 4973 verissima
479 4901 618 4973 Lud.
648 4899 936 4973 Carrionis
980 4900 1175 4956 merito
1207 4904 1258 4956 in
1291 4912 1513 4973 textum,
1539 4913 1756 4973 recepta
1861 4901 2035 4973 editor
2056 4899 2228 4973 Lugd.
2254 4901 2369 4973 Bat.
2388 4900 2577 4973 Behot.
2606 4902 2752 4972 conj.
2776 4902 2863 4973 qui
2889 4902 3039 4967 iraci,
3076 4916 3181 4973 non
3208 4902 3366 4957 male.
3386 4901 3464 4957 In.

175 4969 235 5043 ab
273 4970 477 5028 editore
527 4970 812 5043 Leidensi.
857 4974 1078 5040 probata
1121 4974 1281 5027 etiam
1332 4987 1360 5026 a
1408 4972 1646 5027 Liviuaro
1675 4969 1759 5028 ad
1935 4971 2073 5037 Quid
2112 4969 2183 5043 est
2227 4971 2360 5025 enim
2403 4971 2548 5043 aliud
2584 4969 2965 5043 irasci,'quam
3007 4972 3293 5043 insaniret
3313 4988 3469 5041 quam

177 5038 421 5115 Rancgyr.
446 5044 595 5115 Lat.,
630 5059 682 5113 p.
719 5038 959 5107 158,’ed.
994 5047 1251 5099 Arntzen.
1280 5043 1465 5099 Lectio
1490 5044 1715 5115 antiqua
1740 5060 1755 5097 :
1861 5043 2031 5113 furere
2053 5042 2177 5097 illa
2203 5043 2385 5115 llorat.
2412 5042 2585 5115 EpiSI.
2609 5060 2668 5110 ll,
2695 5045 2748 5109 Ι,
2770 5038 2849 5099 ira
2889 5045 3038 5114 [uror
3056 5038 3473 5115 brevis.._Seneca

176 5110 219 5185 si
240 5110 372 5180 apud
415 5110 643 5170 Getulos'
665 5124 773 5169 tum
803 5115 1085 5185 Aquitanos
1120 5126 1237 5170 orta
1277 5116 1487 5171 videtur
1515 5130 1545 5169 a
1585 5110 1759 5170 sciolo
1861 5110 1929 5169 tle
1959 5116 2060 5181 Ira,
2094 5115 2188 5169 lib.
2214 5129 2250 5177 ι,
2284 5128 2334 5185 c.
2361 5114 2387 5168 1
2417 5133 2430 5169 :
2458 5110 2687 5185 Quidam
2713 5131 2742 5170 e
2766 5110 3080 5185 sapientibus
3109 5114 3241 5168 iram
3267 5112 3469 5169 brevem

178 5181 345 5252 aliquo
388 5186 611 5242 librario
657 5181 954 5253 Aquitanos
1001 5186 1088 5242 hic
1134 5187 1478 5253 intrudente,
1530 5201 1652 5241 cum
1706 5186 1759 5240 in
1862 5184 2104 5241 dixerunt
2129 5184 2403 5239 insaniant.
2424 5181 3016 5244 Ennianum—Cancrum
3044 5187 3328 5251 Arnobius,
3352 5185 3470 5241 h.l.

180 5256 593 5328 praecedentibus
625 5257 803 5312 verbis
832 5256 967 5312 facta
999 5271 1144 5312 esset
1173 5257 1359 5313 Gallia:
1386 5258 1585 5312 mentio
1610 5298 1626 5322 ,
1656 5272 1753 5312 cu-
1868 5257 2107 5326 loquitur
2135 5265 2200 5311 ‘ex
2227 5258 2495 5312 sententia
2519 5258 2844 5320 Stoicorum,
2870 5258 2961 5328 qui
2987 5256 3272 5328 benignam
3301 5266 3359 5328 et
3381 5255 3476 5328 be:

176 5325 264 5407 ius
283 5330 554 5407 provincia
585 5338 700 5383 erat
727 5328 1142 5407 Aquitania._At
1172 5344 1303 5407 vero
1331 5329 1515 5407 verbis
1549 5329 1589 5383 si
1620 5329 1761 5407 apud
1866 5329 2092 5407 nelicam
2121 5337 2368 5407 naturam
2399 5328 2509 5384 Deo
2527 5325 3103 5399 tribuebant,eumque
3121 5325 3287 5397 besse
3304 5325 3475 5385 irasci

182 5392 416 5468 lietulos,
450 5412 557 5455 etc.
586 5441 601 5465 ,
648 5392 839 5455 novam
881 5398 1157 5468 periodum
1188 5400 1445 5454 inchoatis
1488 5392 1761 5454 Arnobius
1866 5399 2151 5467 negabant.
2196 5399 2441 5455 "suam.

183 5462 498 5541 loquititr'de
532 5462 738 5540 populis
776 5462 969 5541 Africae
1012 5470 1452 5540 septentrionalis
1494 5470 1762 5541 ejusmodi
1936 5462 2003 5524 in
2030 5471 2238 5526 alterius
2268 5471 2460 5526 doloris
2489 5486 2690 5537 cruces,
2721 5479 2827 5526 etc.
2868 5469 2945 5525 Ita
2984 5468 3274 5541 legendum
3298 5511 3315 5537 ,
3348 5484 3475 5541 cum

182 5538 564 5610 calamitatibus
602 5542 880 5598 infestatis.
915 5538 1116 5597 Οιιειι..
1524 5538 1537 5541 ⁷
1869 5542 1938 5597 sit
1967 5543 2017 5596 in
2048 5541 2184 5597 Cod.
2203 5557 2304 5597 ins.
2325 5543 2513 5603 crucis,
2544 5542 2663 5597 scil.
2696 5555 2791 5610 pro
2817 5556 3011 5596 cruces.
3045 5538 3325 5607 (Herald.,
3348 5540 3475 5598 Cur.

248 5607 392 5683 1_Viltil
419 5614 544 5666 lteri.
581 5613 676 5669 Ms.
716 5614 846 5667 nihil
871 5613 1062 5668 Icelum.
1096 5612 1303 5669 Manus.
1324 5654 1339 5680 ,
1366 5613 1422 5667 in
1450 5612 1687 5683 Append.
1866 5612 2079 5668 secund.
2104 5612 2253 5668 Olus.
2286 5614 2339 5668 in
2364 5612 2643 5669 Salamasii
2670 5607 2772 5668 lus
2796 5612 2931 5679 Att.,
2950 5628 3005 5681 ρ.
3027 5611 3185 5681 600).
3211 5610 3479 5683 Meursius

247 5677 471 5756 paelics,
502 5683 545 5756 l.
574 5698 621 5739 e.
653 5684 1020 5756 Itostestcujus
1048 5685 1294 5756 vocabuli
1323 5677 1631 5756 itnumiboc
1659 5684 1763 5756 Ar-
1869 5686 1922 5740 in
1955 5684 2227 5756 Append.,
2258 5683 2546 5755 legendum
2567 5686 2874 5756 suspicatur
2896 5677 2989 5756 {in
3007 5677 3222 5756 alterius
3246 5682 3474 5751 dolores,

187 5750 641 5825 nobiiexemplum
667 5757 795 5810 eitat
820 5750 1046 5813 Gesner.
1073 5756 1126 5811 in
1148 5755 1447 5813 Thesauro.
1476 5753 1764 5825 Composi-
1869 5750 2054 5822 trucis,
2080 5755 2278 5824 eﬂerati
2303 5750 2522 5825 pectoris
2547 5750 2860 5825 alienatione
2889 5754 3151 5821 bacchari.
3179 5752 3385 5811 ORELL.

185 5835 264 5878 um
290 5824 564 5895 perduellis
589 5827 760 5884 multo
789 5827 1147 5900 frequentius.
1184 5828 1229 5884 Α
1256 5826 1487 5885 duellum
1541 5824 1762 5902 antique
1944 5825 2059 5886 Hoc
2085 5843 2205 5901 ergo
2230 5824 2309 5883 dii
2330 5828 2505 5900 magni
2524 5835 2734 5883 norunt.
2771 5824 3004 5898 Norant,
3027 5825 3083 5885 h.
3110 5826 3150 5886 ι.
3178 5826 3219 5888 i.
3246 5843 3302 5904 q.
3326 5843 3481 5907 expc-
