3878 6312
169 262 260 321 ’Μῦ

1443 254 1651 311 LIBER
1689 253 1962 311 PRIMUS.

3307 249 3411 306 746

160 393 263 434 rem
289 372 451 429 venire
468 370 519 425 in
549 369 804 426 invidiam
826 376 1225 441 compererunt,
1254 368 1597 441 negliguntur
1617 368 1711 437 dii,
1743 370 1792 429 Α
1819 367 2160 436 exposcimus
2180 408 2193 429 ,
2248 381 2496 438 quasnam
2526 365 2595 421 sit
2644 365 2760 420 haec
2815 364 2986 430 ratio,
3038 376 3157 431 quae
3212 377 3369 418 causa
3390 403 3410 429 ,

172 467 432 530 clamitant,
480 471 641 533 atque
666 463 718 518 iu
742 462 954 534 templis
975 463 1083 533 jam
1124 461 1315 533 raritas
1343 476 1549 515 sttmma
1578 468 1663 516 est
1695 477 1711 515 :

168 563 316 634 jaceat
356 557 580 628 antiquae
637 556 839 613 derisui
886 556 1207 613 ceremoniae
1238 596 1254 622 ,
1333 564 1392 613 et
1436 569 1712 611 sacrorum

1816 468 2037 529 propter
2059 472 2217 528 quam
2245 458 2298 512 in
2328 472 2426 513 nos
2448 467 2652 512 tantum
2683 466 2736 510 et
2758 456 2832 511 dii
2855 458 3076 510 saeviant
3095 455 3272 523 superi
3292 496 3307 519 ,
3356 461 3413 509 et

1815 550 2047 622 asperati
2096 551 2347 605 homines
2387 550 2746 606 inardescant.
2780 549 3108 619 Religimtes,
3141 547 3411 616 inquiunt,

172 652 401 727 quondam
420 651 692 707 veterrimi
724 651 860 706 ritus
885 650 1204 722 religionum
1235 664 1493 704 novarum
1526 663 1716 718 super—
1815 645 2029 714 impias,
2053 655 2216 714 atque
2241 644 2511 699 inauditos
2533 645 2710 699 cultus
2739 654 3003 698 terrarum
3034 643 3087 696 in
3116 643 3246 697 urbe
3274 653 3416 697 trac-

170 744 432 802 stitionibus
476 741 823 798 occiderunt:
875 742 1067 803 merito
1107 740 1402 796 humanum
1444 754 1613 811 genus
1639 747 1717 793 tot

172 840 464 897 miseriarum
514 836 775 909 angustiis
824 836 1113 908 premitur.
1145 842 1224 890 tot
1248 834 1491 891 laborum
1519 848 1715 889 excru-

167 934 312 990 cialur
328 929 593 985 aerumnis.
641 929 707 984 Et
736 927 984 984 homines
1014 928 1227 982 brutum
1250 941 1451 997 genus,
1494 938 1549 981 et
1574 925 1715 995 quod

172 1027 301 1081 situm
328 1022 422 1079 sub
444 1022 647 1077 lumine
690 1031 808 1088 est,
850 1021 1092 1076 caecitate
1121 1019 1357 1090 ingenita
1387 1027 1720 1089 nequeuntes

173 1118 351 1181 videre,
379 1114 576 1171 audent
601 1129 916 1171 asseverare
940 1113 1167 1179 furiosi,
1202 1111 1345 1184 quod
1377 1126 1471 1167 vos
1497 1111 1720 1167 credere

171 1228 257 1269 non
282 1209 584 1266 erubescitis
613 1210 753 1265 sani.

228 1305 373 1362 XXV.
417 1304 495 1361 Ac
519 1320 591 1360 ne
615 1306 735 1375 quis
754 1318 854 1360 nos
883 1314 1061 1361 tamen
1087 1302 1380 1359 diffidentia
1411 1301 1723 1373 responsio-

171 1400 252 1461 nis,
278 1396 664 1467 tranquillitatis
689 1396 962 1453 existimet
993 1397 1130 1452 Deos
1156 1395 1360 1451 donare
1385 1393 1720 1460 muneribus,

171 1489 385 1547 innoxias
399 1489 656 1562 attingere
671 1500 696 1529 δ
719 1490 804 1546 his
825 1492 1229 1563 mentes,{atque
1254 1490 1324 1545 ab
1348 1489 1492 1544 omni
1518 1498 1726 1558 pertur-

169 1586 347 1641 batione
369 1584 622 1653 dimotas,
645 1584 1027 1653 concedamus,
1047 1585 1191 1640 sicut
1215 1583 1421 1640 libitum
1443 1583 1597 1640 vobis
1617 1591 1721 1651 est,

168 1679 410 1735 intendere
435 1678 489 1734 in
513 1693 613 1734 nos
636 1679 762 1746 iras,
791 1679 1104 1753 sanguinem
1132 1678 1255 1734 illos
1281 1680 1431 1735 sitire
1456 1688 1720 1746 nostrum,

167 1773 516 1844 etjamdudum
546 1788 645 1830 nos
675 1789 873 1846 cupere
921 1775 1225 1830 mortalium
1282 1776 1603 1831 submovere
1656 1773 1724 1830 de

166 1867 358 1923 sectilis.
379 1868 484 1923 Sed
516 1868 561 1923 si
585 1882 690 1923 non
716 1876 800 1925 est
825 1869 1133 1935 molestum,
1166 1884 1270 1923 non
1297 1884 1480 1940 grave,
1508 1868 1552 1922 si
1579 1881 1726 1922 com-

163 1962 309 2017 munis
332 1962 487 2019 officii
520 1976 608 2019 res
633 1971 715 2018 est
735 2004 752 2029 ,
784 1977 888 2017 non
921 1977 986 2017 ex
1015 1962 1206 2032 gratia,
1239 1962 1334 2017 sed
1362 1977 1426 2016 ex
1458 1976 1586 2015 vero
1612 1959 1724 2014 dis-

167 2057 441 2129 ceptationis
470 2057 633 2128 hujus
659 2057 965 2129 disceptare
991 2066 1279 2125 momenta,
1313 2056 1502 2113 audire
1521 2072 1551 2111 a
1573 2056 1726 2113 vobis

1818 741 1965 796 tatis.
2006 739 2165 807 Quid,
2208 755 2240 793 ο
2286 740 2574 809 participes
2602 739 2845 803 rationis,
2894 736 3119 802 audetis,
3170 735 3416 791 homines

1820 833 2088 906 proloqui,
2111 833 2233 905 quid
2263 833 2494 897 effutire,
2520 832 2645 904 quid
2669 847 2919 904 promere
2943 831 3243 887 temerariae
3272 830 3424 885 vocis

1821 927 2201 998 desperatione
2229 926 2487 981 tentatis?
2520 926 2684 981 Deum
2710 925 3031 995 principem,
3058 940 3235 979 rerum
3257 936 3423 978 cunc-

1822 1032 1996 1078 tarum
2027 1036 2376 1093 quacumque
2407 1030 2531 1075 sunt
2557 1020 2831 1075 dominum
2852 1061 2867 1085 ,
2913 1020 3278 1073 summitatem
3306 1030 3425 1072 om-

1825 1117 1969 1170 nium
1998 1130 2330 1171 summorum
2364 1115 2721 1179 obtinentem,
2755 1113 3001 1173 adorare.
3033 1113 3293 1182 obsequio
3332 1127 3425 1167 ve-

1826 1211 2050 1267 nerabili
2080 1212 2349 1272 invocare,
2378 1210 2429 1264 in
2453 1208 2614 1264 rebus
2640 1208 2795 1263 fessis
2822 1208 2965 1272 totis,
2990 1216 3048 1261 ut
3068 1206 3137 1262 ita
3171 1207 3422 1273 dixerim,

1825 1304 2075 1360 sensibus
2118 1303 2452 1373 amplexari,
2502 1319 2688 1358 amare
2713 1344 2728 1370 ,
2772 1302 3081 1373 suSpicere,
3110 1300 3432 1357 execrabilis

1823 1398 2014 1469 religio
2044 1406 2126 1451 est
2151 1408 2205 1451 et
2232 1396 2460 1453 infausta
2482 1440 2496 1462 ,
2531 1395 2824 1468 impietatis
2852 1403 2909 1451 et
2937 1394 3200 1465 sacrilegii
3230 1394 3387 1463 plena
3408 1435 3424 1458 ,

1825 1490 2165 1547 caerimonias
2209 1490 2504 1561 antiquitus
2552 1489 2827 1545 institutas
2881 1487 3139 1543 novitatis
3177 1501 3289 1541 suae
3340 1500 3433 1541 su-

1826 1585 2149 1656 perstitione
2177 1583 2585 1639 contaminans?
2610 1641 2621 1649 ,

1901 1677 2091 1734 XXVI.
2121 1676 2355 1734 Haecine
2384 1684 2488 1743 est,
2517 1691 2720 1747 quaeso,
2766 1675 2940 1731 audax
2984 1674 3114 1730 illud
3147 1671 3353 1730 facinus
3380 1684 3435 1731 et

1831 1772 2088 1839 immane,
2126 1780 2348 1844 pronter
2372 1771 2512 1841 quod
2538 1772 2755 1827 maximi
2782 1770 2993 1828 cmlites
3017 1770 3238 1827 aculeos
3260 1771 3312 1826 in
3336 1786 3435 1826 nos

1830 1866 2116 1922 intendunt
2139 1868 2339 1921 irarum
2362 1875 2521 1936 atque
2549 1864 2972 1935 indignationum
2997 1864 3252 1919 suarum?
3273 1878 3436 1935 prap-

1831 1971 1914 2017 ter
1939 1961 2081 2031 quod
2108 1976 2205 2017 vos
2231 1961 2355 2031 ipsi,
2388 1977 2508 2015 cum
2540 1960 2705 2016 libido
2730 1959 3015 2016 incesserit
3039 1975 3202 2021 smva,
3241 1959 3441 2015 exuitis

1833 2069 1932 2110 nos
1968 2055 2164 2117 bonis,
2223 2054 2592 2110 exterminatis
2641 2055 2825 2123 patriis
2877 2050 3137 2120 sedibus,
3185 2052 3436 2124 irrogatis

1380 2172 1673 2230 LECTION
1682 2171 1764 2229 ES
1803 2169 2217 2226 VARIANTES.

218 2291 240 2322 ⁸
258 2292 479 2357 Aﬂigere.
519 2290 665 2344 Male.
691 2291 808 2343 Sub.

169 2506 385 2570 parerent,
408 2512 496 2551 nos
520 2497 661 2570 ipsos
679 2495 933 2570 (gentiles
953 2496 1098 2570 scil.)
1120 2498 1246 2551 velle
1265 2514 1371 2551 rem
1390 2504 1563 2567 (suam
1587 2498 1734 2570 scil.)

167 2568 367 2641 Murcia
392 2568 663 2641 inuidiam.
728 2568 888 2624 Tales
915 2569 1168 2623 nimirum
1203 2579 1419 2641 agyrtas
1447 2580 1501 2624 et
1527 2568 1733 2625 sacrtﬁ-l

165 2637 289 2711 culos
310 2640 375 2694 ob
403 2640 811 2695 mendicitatem
842 2654 995 2694 suam
1025 2637 1307 2711 malasque
1332 2652 1507 2705 artes,
1539 2642 1735 2710 quibus

165 2708 395 2783 imperitis
434 2711 749 2766 hominibus
796 2708 1301 2783 imponebauhfub
1349 2711 1482 2783 ipsis
1509 2708 1734 2767 déorum

166 2782 426 2836 cultoribus
453 2792 803 2856 cantemptos
831 2792 886 2856 et
915 2797 1110 2839 exosos
1143 2782 1305 2837 fuisse
1323 2826 1346 2856 ν,
1374 2782 1454 2838 ex
1493 2784 1735 2856 plurimis

166 2862 374 2909 veterum
403 2855 734 2909 teStimoniis
773 2855 914 2925 satis
960 2865 1193 2908 constat.
1238 2855 1357 2917 Vel,
1394 2857 1437 2909 si
1462 2855 1589 2925 quid
1620 2869 1736 2910 mu-

167 2925 385 2997 tandum.
432 2925 658 2982 mallem
691 2927 850 2997 plane
878 2924 1060 2980 delere
1092 2941 1390 2996 pronomen
1413 2924 1500 2981 vos
1522 2969 1537 2994 ,
1590 2937 1644 2980 ut
1672 2934 1741 2981 su.

166 2994 268 3068 velle
301 2998 463 3052 uenire
504 3000 568 3052 in
597 2994 886 3061 invidiam;
929 2999 1069 3051 idem
1098 2994 1260 3068 'quod
1295 2999 1520 3066 simplex
1554 2998 1739 3054 vertire.

173 3064 289 3139 γεαε
307 3084 422 3123 cum
450 3069 724 3123 intinitivo
749 3069 1049 3139 smpis~ime
1070 3064 1309 3123 abundat
1339 3064 1479 3137 apud
1502 3079 1742 3125 veteres.

164 3135 226 3190 ιω
248 3154 342 3209 ap.
384 3141 702 3196 Petronium
732 3135 1020 3212 aliquoties
1054 3143 1202 3212 υειιιε⁸
1225 3135 1743 3212 ριθοήτιειίεθήυυείο

168 3218 275 3277 tum,
307 3213 447 3267 verbi
479 3228 672 3280 causa,
707 3227 827 3282 cap.
859 3210 976 3284 70,7
1001 3210 1029 3284 §
1057 3212 1144 3267 10.
1168 3210 1291 3267 lum
1310 3223 1529 3280 crepet-at
1557 3211 1748 3267 Fortu-

166 3290 265 3333 nata
287 3284 407 3338 velle
430 3286 650 3344 saltare,
683 3284 772 3337 ubi
806 3284 926 3338 vide
957 3283 1249 3339 Burmann.
1279 3294 1336 3340 ct
1366 3286 1598 3340 iudicem
1634 3288 1747 3339 An-

166 3353 361 3418 tunii,et
386 3357 642 3426 apposite
670 3356 736 3411 ad
761 3364 1004 3429 nostrum
1033 3356 1209 3411 locum
1237 3366 1448 3413 auctor.
1473 3356 1750 3429 Priapeia-

167 3436 285 3494 ruat,
309 3441 475 3493 carm.
507 3442 686 3491 Lxxu,
709 3442 789 3482 vs.
821 3427 855 3482 9
880 3436 933 3482 et
959 3441 1042 3497 sq.
1073 3444 1089 3481 :

323 3541 386 3605 At
408 3556 498 3593 vos
533 3541 748 3605 amplius
772 3541 867 3593 hoc
889 3540 999 3605 loco
1024 3551 1202 3595 cavete

323 3604 603 3670 Quicquam
624 3604 819 3670 ponere
844 3619 856 3653 :
886 3618 951 3655 ne
976 3604 1315 3658 famelicorum

326 3669 401 3719 Ad
426 3667 508 3719 me
535 3667 687 3718 turba
710 3667 836 3719 velit
859 3681 1036 3718 cauum
1056 3670 1252 3721 venire.

165 3770 240 3826 ubi
266 3775 590 3848 velitﬂvenire
616 3789 712 3839 pro
738 3776 938 3848 veniat.
985 3774 1189 3831 Sensus
1230 3776 1409 3848 itaque
1441 3778 1753 3835 nostri'loci

163 3858 318 3917 esset:
340 3845 510 3902 Wenu
541 3846 619 3901 sie
648 3845 850 3900 merken
875 3845 994 3917 dass
1022 3847 1134 3900 ihre
1158 3845 1336 3903 Sac/te
1355 3849 1487 3917 (iure
1512 3848 1751 3912 Kunslel,

166 3914 665 3991 iltrprakelgewerb)
687 3919 833 3991 iliren
872 3915 1044 3991 Credit
1066 3919 1310 3974 verlieren
1346 3914 1512 3975 attolle.
1545 3920 1749 3978 0am).

224 3985 574 4061 Negltguutur
599 3985 672 4045 dii
688 4030 702 4062 ρ
744 3990 1203 4062 clamitant,atque
1229 3992 1281 4045 in
1308 3992 1511 4062 templis
1535 3994 1640 4059 iam
1669 4010 1754 4047 ra-

166 4058 272 4115 ritas
293 4058 492 4117 Summa
517 4071 617 4117 est.
671 4060 927 4117 Gelenius
966 4058 1128 4115 solita
1156 4064 1391 4117 mutandi
1411 4058 1640 4120 libidine
1670 4080 1756 4117 sa-

167 4131 419 4203 nissimam
443 4135 591 4189 hanc
614 4132 815 4188 codicis
846 4147 943 4187 ms.
970 4133 1255 4189 lectionem
1278 4134 1355 4190 sic
1385 4135 1753 4203 interpolavit:

167 4199 517 4278 Indignantur,
568 4203 1047 4278 declamitantqueg:
1075 4206 1131 4261 in
1161 4206 1385 4278 templis,
1414 4199 1752 4275 etc.'Etlitio,

165 4276 394 4348 princeps
422 4278 592 4333 habet
619 4278 821 4348 vitiose
852 4293 874 4348 :7
908 4276 1605 4348 negliguntur,declamitant
1627 4321 1642 4346 ,
1671 4292 1753 4333 at-

165 4348 316 4421 quein
345 4350 556 4419 templis
577 4391 593 4413 ,
621 4360 724 4405 etc.
782 4347 938 4403 Fulv.
966 4347 1149 4421 Ursin.
1180 4350 1284 4421 leg.
1317 4350 1459 4419 conj.
1503 4362 1607 4408 etc.
1653 4354 1759 4405 cla-

1501 2331 2064 2437 CObiMENTARlUS.

1836 2498 1931 2553 lib.
1961 2514 2011 2553 v1
2039 2516 2052 2551 :
2086 2497 2287 2570 Psyche
2316 2498 2472 2552 lautis
2499 2500 2719 2553 exercita
2746 2500 3022 2563 (erumnis,
3066 2498 3207 2568 quod
3229 2498 3444 2568 elegana

1839 2570 1943 2625 tius
1970 2570 2182 2641 quidem
2206 2580 2260 2624 ρῑ
2287 2570 2429 2624 bono
2450 2571 2712 2640 scriptore
2737 2570 2967 2641 dignius.
2995 2571 3100 2629 Sed
3128 2571 3179 2626 in
3210 2571 3449 2627 Arnohio

1838 2642 1974 2695 tales
2004 2642 2283 2709 elegantia:
2312 2657 2416 2696 nun
2447 2642 2742 2710 exigendae.

1912 2711 2005 2785 Tot
2055 2714 2284 2767 laborum
2329 2715 2656 2767 excruciatur
2693 2715 2955 2785 (erumnis.
3011 2714 3279 2770 Slewech.
3335 2714 3445 2785 leg.

1837 2784 1983 2853 conj.
2015 2794 2277 2839 exercetur
2304 2786 2576 2851 aerumnis,
2629 2784 2859 2840 affereus
2891 2787 3005 2839 loca
3032 2786 3136 2840 duo
3156 2828 3170 2849 ,
3219 2784 3447 2841 alterum

1838 2857 2072 2927 Apuleii,
2110 2856 2201 2909 lib.
2237 2871 2309 2910 vr.
2342 2855 2555 2911 Metam.
2594 2855 2792 2927 Psyche
2818 2857 2973 2910 tantis
3004 2857 3226 2912 exercita
3254 2873 3444 2911 atrum-

1844 2928 1946 2991 nis,
1980 2926 2210 2982 alterum
2240 2928 2449 2999 Virgilii
2481 2927 2609 2984 Ain.
2642 2926 2721 2995 tit,
2754 2944 2835 2994 vs,
2867 2928 2993 2983 182.

2503 3040 2632 3092 Nate
2652 3040 2817 3091 Iliacis
2840 3043 3064 3093 exercite
3086 3045 3223 3092 satis.

1850 3146 1955 3203 Sed
1986 3162 2092 3201 non
2124 3147 2302 3202 minus
2330 3146 2581 3216 frequens
2604 3162 2692 3215 ap.
2721 3144 2938 3201 Latium
2961 3147 3245 3203 excruciari
3270 3162 3458 3201 arum-

1851 3223 1964 3290 nis,
2012 3219 2345 3290 (egritudine,
2378 3219 2727 3274 sollicitudine
2747 3260 2778 3290 ,ν
2809 3220 3043 3274 miseriis.
3076 3217 3178 3290 μω.
3234 3217 3454 3273 Terent.

1852 3288 2141 3346 Heautont.
2183 3306 2220 3355 ι,
2250 3290 2306 3357 2,
2338 3306 2421 3344 vs.
2452 3291 2509 3357 4,
2540 3303 2587 3343 et
2622 3290 2738 3344 (lic.
2768 3289 2939 3360 Epist.
2975 3294 3040 3345 ad
3072 3288 3223 3344 Fam.
3256 3306 3368 3357 xiv,
3396 3291 3450 3346 5.

1852 3360 2040 3487 Itague
2072 3363 2143 3416 nil
2168 3364 2501 3417 mutandum.
2537 3362 2741 3417 Οιιειι.

1976 3444 1992 3487 t
2021 3434 2284 3487 homines.
2316 3434 2516 3487 brutum
2558 3450 2735 3487 aeuus.

1976 3444 1992 3487 t
2021 3434 2284 3497 homines,
2316 3434 2516 3488 brutum
2556 3450 2735 3503 genus.
2778 3431 3133 3507 Canpegieter
3174 3434 3278 3507 leg.
3304 3449 3453 3490 cens.

1855 3504 1921 3559 Ei
1945 3504 2192 3564 hoioiines.
2235 3522 2339 3559 non
2370 3508 2525 3575 male.
2561 3510 2760 3560 t‘nsLL.
2784 3536 2854 3545 —
2885 3504 3004 3559 Pari
3032 3504 3193 3559 sensu
3242 3506 3453 3575 Horat.,

1855 3577 1948 3632 lib.
1980 3576 2019 3630 I.
2060 3589 2162 3631 sat.
2194 3577 2246 3631 '5.
2278 3576 2409 3630 dixit
2437 3574 2639 3629 Mutum
2667 3586 2714 3630 et
2740 3586 2888 3645 turpe
2909 3593 3078 3642 pecus.
3111 3576 3295 3631 PRIOR.

1925 3645 2156 3702 Furiosi.
2190 3647 2326 3703 Vide
2357 3656 2535 3701 notata
2566 3647 2633 3701 ad
2657 3647 2865 3701 iuitiunt
2893 3648 3083 3713 capitis
3112 3664 3146 3701 t.
3174 3648 3380 3705 ORELL.

1924 3718 2093 3775 XXV.
2144 3749 2216 3760 ——
2266 3718 2683 3773 Mortalimn.....
2741 3719 2804 3773 de
2866 3719 3083 3774 satcult's.
3143 3718 3199 3774 Id
3252 3729 3336 3776 est
3387 3720 3452 3775 de

1855 3807 2034 3861 genere
2060 3792 2349 3845 mortalium
2373 3791 2614 3845 saeculum
2644 3804 2741 3861 pro
2766 3805 2996 3860 genere,
3030 3791 3233 3857 sobole,
3262 3792 3453 3847 multi-

1859 3860 2043 3918 tudine
2085 3863 2381 3931 saepissime
2429 3869 2652 3931 usurpat
2697 3860 3003 3927 Lucretius,
3041 3877 3092 3915 v.
3139 3876 3217 3929 c.,
3248 3863 3340 3917 lib.
3372 3880 3454 3931 ut,

1857 3933 1962 3990 629
1984 3953 1997 3989 :
2030 3932 2268 3988 Priorum
2294 3933 2447 3988 saecla
2474 3934 2800 4002 scriptorum,
2823 3942 2880 3989 et
2906 3949 2965 3997 II,
2991 3948 3071 3988 vs.
3097 3932 3185 3988 77.
3208 3934 3458 3990 Animan-

1857 4015 1961 4059 tum
2012 4006 2165 4061 saecla
2217 4006 2269 4059 in
2320 4007 2452 4058 brevi
2491 4006 2659 4074 spatio
2715 4015 2998 4061 mutantur.
3052 4004 3172 4060 Vid.
3219 4005 3449 4063 Gesner.

1858 4077 1912 4131 in
1939 4075 2218 4132 Thesauro
2255 4084 2310 4132 et
2346 4093 2466 4147 quae
2511 4076 2887 4132 aunotabimus
2932 4078 3068 4132 infra
3107 4078 3175 4132 ad
3216 4077 3310 4132 lib.
3341 4095 3449 4145 vn,

1857 4165 1906 4205 c.
1935 4148 2024 4203 24.
2057 4148 2259 4204 Οιιειι.

1932 4221 2291 4276 Summitatem
2317 4219 2541 4275 omnium
2564 4235 2877 4274 summorum
2896 4219 3221 4274 obtinentem.
3241 4219 3291 4274 Is
3309 4220 3454 4277 Deus

1859 4308 1984 4348 mox
2011 4309 2238 4347 summus
2259 4291 2474 4353 dicitur,
2500 4305 2607 4359 quo
2636 4291 2853 4345 nomine
2878 4298 3089 4345 veteres
3112 4291 3455 4361 appellarunt

1859 4380 2022 4420 unum
2048 4362 2176 4419 illud
2203 4374 2256 4418 et
2277 4378 2585 4432 supremum
2618 4377 2836 4425 numen,
2861 4377 3040 4416 rerum
3075 4362 3312 4417 omnium
3352 4378 3452 4418 au-

166 4419 325 4506 mifant
353 4436 628 4506 namque
657 4461 672 4485 ,
714 4428 822 4476 etc.
870 4420 978 4476 Sed
1012 4419 1507 4478 causam'mutandi
1556 4424 1742 4479 nullan

1860 4419 2064 4491 ctorem
2105 4445 2160 4488 et
2196 4419 2630 4506 gubei'natorem.
2664 4419 2974 4503 Philosophi
3003 4433 3169 4487 Deum
3201 4434 3450 4506 opificem

168 4489 326 4547 video.
355 4489 569 4549 (lusu.

224 4559 496 4621 lacent...
558 4564 754 4637 derisui
784 4567 1136 4637 caeremoniae.
1174 4566 1287 4623 Hoc
1326 4576 1409 4624 est
1432 4576 1754 4637 contemptae

167 4643 278 4688 sunt
302 4649 355 4690 et
377 4638 676 4711 expositae,
708 4636 933 4711 objecta:
955 4638 1161 4693 dirisui.
1202 4638 1402 4703 lacere,
1438 4643 1640 4696 centies
1654 4636 1750 4711 ap.

166 4714 358 4763 veteres
379 4708 449 4783 de
479 4710 645 4783 rebus
674 4710 960 4783 neglectis,
987 4714 1331 4783 contemptis,
1364 4713 1506 4783 quod
1537 4708 1755 4769 notissi-

166 4789 317 4833 mum.
367 4782 438 4834 At
488 4781 667 4834 rarior
698 4780 857 4849 hujus
898 4782 1044 4836 verbi
1085 4780 1416 4839 constructio
1453 4800 1573 4841 cum
1603 4785 1760 4843 tertio

167 4860 302 4905 casu.
322 4850 398 4906 Ita
419 4850 520 4907 Sil.
550 4850 699 4920 Ital.,
729 4851 823 4906 lib.
853 4868 943 4919 xv,
968 4868 1046 4909 vs.
1076 4853 1182 4911 646
1200 4864 1257 4911 et
1275 4870 1359 4927 sq.
1388 4872 1404 4912 :

578 4965 885 5030 Quicumque
907 4968 1072 5019 timeri

309 5026 422 5079 Dux
440 5029 584 5080 bello
607 5026 820 5093 poterat,
843 5029 984 5082 fratri
1004 5031 1157 5095 jacet.

170 5126 217 5187 id
242 5142 339 5209 est.
368 5136 439 5192 ab
469 5152 541 5194 eo
573 5152 766 5209 czesus,
798 5149 1070 5209 postratus
1098 5149 1202 5197 est.
1244 5140 1446 5200 OaELL.

238 5205 574 5283 Deciderunt.
621 5207 772 5283 Fulv.
802 5205 1032 5268 Ursinus
1063 5212 1273 5283 legend.
1315 5224 1502 5271 censet
1530 5215 1766 5270 conride-

172 5287 299 5358 rttnt.
344 5280 461 5358 Sed
509 5281 647 5335 bene
683 5281 841 5358 habet
864 5280 1156 5358 occiderunt
1183 5295 1236 5339 et
1269 5288 1434 5341 multo
1457 5298 1539 5343 est
1568 5287 1768 5358 signifl'

172 5354 390 5430 cautius.
410 5423 422 5430 -
439 5352 629 5430 imago
655 5354 770 5409 scil.
798 5357 955 5410 ducta
985 5356 1316 5430 aisitleribus
1337 5401 1351 5426 ,
1393 5376 1512 5430 qua:
1537 5352 1651 5415 sole
1678 5375 1771 5414 ex-

175 5429 285 5473 orto
309 5423 596 5487 occidunt,
620 5438 970 5482 evanescunt.
1002 5429 1206 5483 (lusu.

240 5489 305 5546 Et
337 5496 521 5550 merito
551 5498 833 5569 humanum
858 5516 1112 5569 genus....
1143 5509 1216 5554 tot
1257 5500 1488 5555 laborum
1511 5504 1774 5557 excrucia-

179 5570 253 5616 tur
276 5570 543 5641 (erumnis.
610 5567 943 5641 Stewecbius
972 5572 1255 5641 legendum
1281 5583 1467 5628 censet
1497 5590 1555 5629 eo
1595 5576 1667 5639 (iul
1695 5583 1780 5631 est

178 5636 460 5710 capt-apter)
503 5640 686 5714 merito
736 5636 1376 5714 humanum'geuus.......
1425 5654 1498 5699 tot
1546 5636 1779 5701 laborum

179 5719 426 5786 grassetur
466 5712 712 5786 arumnis
733 5756 748 5781 ,
780 5713 953 5770 citans
982 5712 1327 5786 Virgilianum
1364 5715 1492 5772 illud
1517 5762 1532 5786 ,
1566 5719 1667 5773 Ab.
1698 5735 1778 5786 Ill,

184 5776 334 5836 1821.
378 5780 524 5838 Puer
573 5776 751 5840 Iliacis
793 5787 1013 5841 exercite
1048 5776 1193 5855 satis,
1232 5798 1287 5846 et
1333 5776 1542 5859 Apulei.
1571 5776 1779 5859 Miles,

718 5880 993 5945 PATuOL.
1040 5880 1116 5944 V.

1859 4505 2239 4573 nominabant,
2271 4506 2358 4561 alii
2389 4506 2573 4560 Jovem
2603 4516 2860 4559 internum
2913 4515 2963 4558 et
3003 4505 3454 4575 exsuperantissi-

1857 4596 2040 4705 ιὸιιηὶξ
2060 4578 2232 4634 ϐπ·ωεὶ
2246 4582 2404 4632 etiam
2417 4576 2634 4649 ὕψιστον
2678 4591 3051 4633 εΑΝΝεςιετιειι
3076 4577 3131 4632 in
3149 4593 3245 4632 van
3272 4576 3452 4634 Havet:

1913 4662 1949 4705 t.
2022 4660 2101 4705 ιιι.

1913 4662 1949 4706 t.
1975 4650 2101 4705 Litt.

1934 4721 2236 4802 Terruerarite
2275 4720 2412 4802 vocis
2455 4719 2825 4802 desperatione.
2864 4719 3021 4802 _Fulv.
3071 4720 3297 4802 Ursinus
3343 4721 3450 4793 leg.

1861 4802 2047 4850 censet
2081 4793 2459 4864 disparatione,
2491 4790 2577 4845 alii
2607 4790 2973 4864 disceptatione
3000 4794 3160 4846 male.
3188 4790 3450 4864 Desperuf

1862 4867 1953 4932 tio,
1984 4874 2042 4920 ut
2070 4863 2205 4920 bene
2237 4863 2452 4918 Herald.
2486 4863 2735 4933 eXplicat,
2769 4872 2851 4917 est
2879 4864 3086 4921 ἀπόνοια
3113 4879 3297 4919 eorum
3318 4907 3332 4928 ,
3360 4863 3454 4934 qui

1864 4938 2096 4993 divinam
2128 4937 2260 4990 iram
2282 4946 2628 5005 contemnere
2654 4944 2953 5005 coeperunt.
2985 4946 3040 4991 et
3059 4935 3215 4990 simul
3237 4951 3451 4990 omnem

1866 5009 2054 5065 salutis
2083 5023 2266 5063 curam
2299 5006 2553 5076 abjicere.
2590 5004 2886 5076 Desperatio
2908 5007 3044 5061 vocis
3069 5007 3350 5061 temeraria:
3370 5015 3457 5062 est

1868 5081 2044 5151 itaque
2081 5094 2183 5133 vox
2216 5079 2499 5133 temeraria
2529 5077 2764 5151 hominis
2807 5078 3050 5151 scelerati
3092 5087 3145 5133 et
3186 5078 3253 5133 de
3283 5079 3458 5151 salute
3497 5090 3500 5101 ‘

1869 5148 1972 5206 sua
2014 5165 2234 5222 prorsus
2285 5150 2653 5220 desperantis,
2707 5149 2788 5203 ein
2833 5148 3151 5214 tollkulmes,
3200 5148 3463 5205 rucbloses

1874 5222 2044 5279 Wort.
2077 5222 2281 5279 OBELL.
3420 5274 3423 5275 ν

1944 5294 2012 5349 1η
2060 5296 2209 5349 rebus
2250 5293 2415 5363 fessis.
2446 5292 2617 5357 Infra,
2650 5291 2745 5346 lib.
2788 5308 2844 5347 ιιι
2875 5311 2888 5347 :
2922 5292 3199 5347 Inexorata
3224 5291 3468 5361 beneﬁcia

1876 5368 2098 5440 pycbere
2125 5366 2270 5440 fessis
2308 5377 2459 5437 atque
2495 5363 2734 5420 invalidis
2761 5363 2928 5420 rebus.
2962 5364 3134 5421 Habet
3159 5379 3192 5419 a
3224 5364 3466 5435 Virgilio,

1879 5437 2007 5495 En.
2038 5454 2115 5501 tu,
2152 5438 2252 5494 145
2282 5456 2295 5491 :

2033 5552 2188 5612 Quam
2210 5550 2357 5601 fessis
2378 5549 2527 5601 linem
2550 5551 2702 5600 rebus
2721 5548 2879 5609 ferat;
2913 5550 3047 5601 unde
3069 5551 3289 5602 laborum

2038 5616 2258 5667 Tentare
2281 5613 2519 5665 auxilium
2534 5614 2724 5677 jubeat.
2788 5612 3008 5662 Hanno.

1885 5722 2021 5797 Add.
2051 5720 2254 5797 Tacit.,
2286 5718 2482 5778 Annal.
2512 5731 2608 5797 xv,
2651 5732 2701 5797 τί.
2746 5716 2837 5772 50.
2888 5715 3351 5791 Diligendumquc,
3398 5720 3486 5792 qui

1888 5795 2031 5869 fessis
2044 5793 2193 5851 rebus
2215 5801 2546 5849 succurreret.
2567 5788 2768 5848 Osti'tL.

3018 5886 3096 5953 2t

3407 5973 3471 5987 ης·-
