3878 6312
286 258 414 315 asa

1629 256 1837 313 LIBER
1874 255 2147 313 PRIMUS.

3492 252 3597 308 746

286 389 422 429 rem
451 372 635 428 venire
653 372 705 428 iu
735 371 989 428 invidiam
1011 379 1411 443 compererunt,
1440 370 1783 442 negliguntur
1802 370 1897 439 dii,
1928 372 1977 431 Λ
2005 369 2345 439 exposcimus
2366 411 2379 432 ,
2434 384 2682 440 quaenam
2711 367 2781 424 sit
2829 368 2945 423 haec
3001 367 3138 421 ratio
3156 406 3171 432 ,
3224 378 3342 433 quae
3397 379 3555 420 causa
3575 406 3595 431 ,

304 464 614 532 clamitant,
667 473 827 535 atque
852 465 904 520 in
928 465 1139 536 templis
1160 466 1268 534 jam
1309 463 1501 535 raritas
1529 478 1735 518 summa
1764 470 1850 518 est
1880 479 1897 517 :

302 558 484 631 jaceat
530 559 765 630 antiqua:
822 558 1025 615 derisui
1072 558 1393 615 ceremonia:
1424 598 1440 624 ,
1519 566 1577 615 et
1622 571 1897 613 sacrorum

306 652 581 725 quondam
603 652 878 709 veterrimi
910 653 1046 708 ritus
1071 652 1390 725 religionum
1421 666 1679 707 novarum
1711 665 1902 720 super-

305 744 617 800 stitionibus
661 743 1008 800 occiderunt:
1061 745 1253 805 merito
1293 743 1588 798 humanum
1629 757 1798 813 genus
1824 749 1903 795 tot

306 840 649 896 miseriarum
700 838 960 910 angustiis
1010 838 1299 909 premitur,
1330 845 1410 893 tot
1434 837 1677 893 laborum
1704 851 1901 892 excru-

302 932 483 989 ciatur
502 931 778 987 aerumnis.
827 930 892 986 Et
921 930 1170 986 homines
1198 930 1413 984 brutum
1435 943 1603 999 genus
1621 968 1637 994 ,
1680 939 1735 983 et
1759 927 1900 997 quod

307 1026 474 1081 situm
503 1024 606 1081 sub
629 1023 832 1079 lumine
876 1033 995 1090 est,
1036 1023 1278 1078 caecitate
1307 1020 1542 1092 ingenita
1573 1030 1905 1091 nequeuntes

308 1119 530 1183 videre,
561 1117 761 1173 audent
786 1131 1101 1173 asseverare
1126 1115 1353 1181 furiosi,
1388 1113 1531 1186 quod
1563 1128 1657 1169 vos
1683 1112 1905 1169 credere

306 1229 422 1269 non
454 1211 769 1268 erubescitis
798 1212 938 1267 sani.

385 1306 555 1363 XXV.
602 1306 681 1363 Ac
705 1322 776 1363 ne
800 1307 921 1378 quis
940 1320 1039 1362 nos
1068 1316 1246 1363 tamen
1273 1304 1566 1361 difﬁdentia
1596 1303 1909 1375 responsio-

307 1402 418 1461 nis,
450 1397 849 1470 tranquillitatis
875 1398 1148 1455 existimet
1178 1399 1315 1455 Deos
1342 1397 1546 1453 donare
1571 1395 1906 1463 muneribus,

311 1491 570 1548 innoxias
584 1491 881 1563 affingerell
905 1492 989 1548 bis
1010 1494 1415 1566 mentes,{atque
1440 1491 1510 1547 ab
1534 1490 1677 1546 omni
1704 1499 1911 1560 pertur-

309 1587 531 1643 batione
554 1585 808 1655 dimotas,
831 1586 1213 1655 concedamus,
1233 1588 1377 1643 sicut
1401 1585 1607 1643 libitum
1628 1585 1782 1643 vobis
1802 1593 1906 1652 est,

310 1680 597 1738 intendere
624 1680 676 1736 in
699 1695 799 1737 nos
822 1681 948 1748 iras,
976 1681 1290 1754 sanguinem
1318 1681 1441 1737 illos
1466 1682 1617 1737 sitire
1641 1690 1906 1747 nostrum,

309 1786 367 1832 et
387 1775 702 1847 jamdudum
732 1791 831 1832 nos
861 1791 1060 1847 cupere
1106 1777 1410 1832 mortalium
1467 1778 1789 1833 submovere
1842 1775 1910 1832 de

308 1869 545 1926 saeculis.
567 1869 673 1926 Sed
703 1871 746 1925 si
771 1884 876 1926 non
901 1878 985 1926 est
1011 1870 1318 1937 molestum,
1351 1887 1455 1925 non
1483 1886 1665 1942 grave,
1694 1870 1738 1924 si
1764 1884 1912 1924 com-

306 1965 492 2021 munis
517 1964 676 2020 oliicii
706 1978 794 2021 res
819 1972 937 2031 est,
970 1979 1074 2019 non
1107 1979 1171 2019 ex
1200 1964 1392 2035 gratia,
1424 1964 1519 2020 sed
1548 1979 1612 2018 ex
1644 1978 1772 2018 vero
1798 1962 1910 2017 dis-

311 2059 632 2133 ceptatiOnis
661 2058 819 2130 hujus
845 2059 1150 2131 disceptare
1176 2068 1464 2127 momenta,
1498 2059 1687 2115 audire
1707 2075 1736 2113 a
1759 2059 1912 2115 vobis

2001 470 2222 531 promer
2244 474 2403 530 quam
2430 460 2483 514 in
2513 475 2611 515 nos
2633 469 2837 514 tantum
2869 468 2921 513 et
2944 458 3018 513 dii
3041 457 3457 525 szeviantsuperi
3478 499 3492 521 ,
3542 463 3599 511 et

2000 553 2234 624 asperati
2282 553 2532 608 homines
2572 553 2931 608 inardescant.
2965 551 3294 621 Religiones,
3328 549 3596 618 inquiunt,

2000 647 2214 716 impias,
2238 657 2402 716 atque
2426 646 2696 701 inauditos
2718 647 2895 701 cultus
2925 656 3189 701 terrarum
3220 645 3272 697 in
3302 645 3431 699 urbe
3459 654 3601 699 trac-

2004 744 2150 797 tatis.
2192 741 2350 809 Quid,
2394 757 2427 795 ο
2471 742 2759 811 participes
2788 741 3031 805 rationis,
3079 738 3305 804 audetis,
3355 737 3601 793 homines

2005 835 2274 908 proloqui,
2297 835 2419 906 quid
2449 835 2679 899 eﬂ’utire,
2706 834 2831 905 quid
2856 849 3104 905 promere
3129 833 3428 889 temerariae
3456 832 3609 887 vocis

2006 929 2387 1000 desperatione
2414 928 2672 983 tentatis?
2706 928 2870 983 Deum
2895 927 3217 997 principem,
3243 942 3420 981 rerum
3442 939 3608 980 cunc-

2007 1034 2180 1080 tarum
2213 1038 2562 1095 qumcumqne
2592 1032 2717 1077 sunt
2742 1022 3017 1077 dominum
3038 1064 3052 1086 ,
3098 1022 3463 1076 summitatem
3491 1033 3610 1075 om-

2010 1119 2154 1173 nium
2183 1133 2515 1173 summorum
2549 1117 2907 1181 obtinentem,
2940 1115 3186 1175 adorare,
3219 1116 3479 1185 obsequio
3517 1128 3610 1170 ve-

2011 1213 2235 1269 nerabili
2265 1215 2535 1275 invocare,
2563 1212 2615 1267 in
2638 1210 2800 1267 rebus
2825 1210 2980 1266 fessis
3007 1209 3150 1274 totis,
3176 1218 3234 1264 ut
3253 1209 3322 1264 ita
3357 1210 3607 1275 dixerim,

2010 1307 2260 1362 sensibus
2304 1306 2637 1375 amplexari,
2688 1321 2913 1372 amare,
2957 1304 3266 1375 suSpicere,
3296 1302 3617 1359 execrabilis

2007 1400 2199 1471 religio
2229 1409 2311 1454 est
2336 1409 2390 1454 et
2417 1398 2645 1455 infausta
2667 1442 2681 1465 ,
2716 1398 3009 1471 impietatis
3038 1405 3093 1453 et
3122 1396 3386 1467 sacrilegii
3416 1396 3573 1466 plena
3594 1437 3608 1461 ,

2010 1492 2350 1549 caerimonias
2394 1493 2689 1563 antiquitus
2737 1491 3035 1547 institutas
3066 1489 3324 1545 novitatis
3362 1503 3474 1543 suae
3526 1503 3618 1543 su-

2011 1587 2334 1658 perstitione
2361 1585 2770 1641 contaminans?
2796 1643 2806 1651 ,

2087 1679 2276 1737 XXVI.
2307 1679 2541 1736 Haecine
2569 1687 2673 1745 est,
2702 1693 2905 1749 quaeso,
2951 1677 3124 1733 audax
3170 1676 3300 1732 illud
3333 1673 3538 1733 facinus
3564 1680 3621 1733 et

2016 1774 2273 1841 immane,
2311 1783 2533 1846 promer
2557 1773 2697 1845 quod
2723 1774 2940 1829 maximi
2967 1773 3178 1831 caelites
3202 1773 3423 1829 aculeos
3445 1773 3496 1828 in
3521 1789 3621 1829 nos

2015 1868 2301 1925 intendunt
2325 1870 2524 1923 irarum
2547 1877 2707 1938 atque
2734 1866 3157 1938 indignationum
3182 1866 3437 1921 suarum?
3458 1881 3621 1938 prop-

2017 1974 2099 2020 ter
2124 1964 2266 2033 quod
2293 1978 2390 2019 vos
2416 1963 2540 2034 ipsi,
2573 1979 2693 2018 cum
2725 1963 2890 2019 libido
2916 1962 3200 2018 incesserit
3224 1977 3387 2023 smva.
3426 1961 3627 2017 exuitis

2018 2072 2117 2112 nos
2153 2057 2349 2119 bonis.
2408 2056 2777 2112 exterminatis
2826 2057 3010 2126 patriis
3062 2051 3323 2122 sedibus,
3370 2054 3621 2127 irrOgatis

1566 2173 1949 2232 LECTIONES
1988 2172 2402 2229 VARIANTES.

310 2336 315 2341 ν
382 2295 409 2326 ⁸
432 2295 671 2359 Aﬂigere.
708 2292 850 2346 atate.
876 2293 994 2345 Sub.

316 2509 578 2572 pet-erunt,
602 2514 688 2572 vos
710 2500 847 2570 ipsos
865 2498 1118 2572 (gentiles
1139 2498 1283 2570 scil.)
1305 2499 1432 2553 velle
1451 2515 1556 2554 rem
1575 2506 1748 2569 (suam
1772 2500 1919 2572 scil.)

314 2572 489 2626 uenire
506 2571 558 2625 in
586 2571 849 2643 invidiam.
913 2570 1074 2626 Tales
1100 2571 1353 2625 nimirum
1388 2582 1605 2643 agyrtas
1632 2582 1686 2626 et
1713 2570 1919 2627 sacriﬁé-

314 2643 473 2699 culos
498 2643 568 2696 ob
597 2642 997 2697 mendicitatem
1028 2656 1181 2695 suam
1206 2642 1492 2713 malasque
1517 2653 1693 2708 artes,
1724 2644 1920 2712 quibus

313 2715 589 2782 imperitis
629 2713 935 2768 hominibus
981 2713 1370 2783 imponchant,
1419 2716 1487 2769 ab
1535 2713 1667 2785 ipsis
1694 2715 1919 2769 deorum

315 2786 621 2841 cultoribus
648 2794 989 2855 contemptos
1017 2794 1072 2858 et
1101 2799 1295 2841 exosus
1329 2784 1490 2839 fuisse
1517 2827 1531 2848 ,
1560 2784 1638 2840 ex
1679 2786 1920 2858 plurimis

317 2869 568 2914 veterum
598 2857 919 2911 testimoniis
966 2857 1100 2927 satis
1147 2867 1378 2911 constat.
1424 2858 1542 2919 Vel.
1579 2858 1623 2911 si
1647 2857 1774 2927 quid
1804 2872 1921 2912 mu-

319 2929 544 2984 tandum
564 2969 579 2991 ,
627 2928 844 2983 mallem
877 2929 1035 2999 plane
1064 2926 1246 2983 delere
1277 2943 1575 2997 pronomen
1598 2926 1685 2983 vos
1707 2971 1721 2997 ,
1775 2939 1829 2982 nt
1857 2937 1926 2983 snt

319 3000 449 3054 velle
487 3001 658 3055 venire
698 3001 753 3053 in
783 3001 1072 3063 invidiam;
1114 3001 1254 3053 idem
1304 3000 1446 3069 quod
1481 3001 1705 3069 simplex
1738 3000 1924 3056 venire.

328 3072 475 3127 Velle
495 3088 617 3126 cum
645 3070 909 3125 inﬁnitive
935 3071 1235 3141 smpissime
1256 3071 1494 3124 abundat
1524 3072 1664 3139 apud
1688 3081 1927 3127 veteres.

318 3143 398 3199 Ita
446 3158 535 3212 ap.
579 3142 888 3198 Petronium
917 3143 1205 3214 aliquoties
1240 3145 1387 3214 velle;
1410 3143 1928 3214 pleonasﬁceposi-

324 3213 459 3281 tum,
497 3214 643 3269 verbi
674 3228 858 3283 causa,
893 3229 1012 3284 cap.
1045 3212 1156 3286 770,7
1186 3213 1215 3286 ς
1243 3214 1329 3270 10.
1353 3212 1476 3269 lam
1495 3225 1714 3282 mperat
1742 3213 1933 3269 Fortu-

323 3297 448 3341 nata
473 3286 603 3341 velle
626 3287 835 3346 saltare.
869 3286 958 3339 tibi
992 3285 1112 3340 vide
1142 3285 1434 3340 Burmann.
1464 3295 1521 3341 et
1552 3288 1783 3341 indicem
1819 3290 1932 3340 An-

322 3359 555 3423 tonii,et
582 3359 828 3427 apposite
856 3357 922 3412 ad
946 3365 1189 3431 nostrum
1218 3357 1394 3413 locum
1423 3368 1633 3414 auctor.
1657 3358 1935 3431 Priapeia—

325 3445 472 3498 rum,
502 3443 670 3493 carm.
702 3444 872 3492 usu,
894 3444 975 3484 vs.
1006 3428 1041 3484 9
1066 3438 1118 3484 et
1145 3443 1228 3499 sq.
1259 3446 1274 3483 :

515 3543 582 3607 At
605 3556 693 3594 vos
725 3543 933 3607 amplius
958 3544 1052 3594 hoc
1074 3542 1185 3607 loco
1209 3553 1388 3596 cavete

516 3606 788 3670 Quicquam
815 3620 1004 3670 ponere
1031 3621 1042 3655 :
1071 3620 1137 3657 ne
1162 3606 1501 3660 famelicorum

519 3670 597 3720 Ad
622 3669 703 3719 me
727 3669 873 3720 turba
898 3669 1022 3720 velit
1045 3683 1221 3720 canum
1242 3672 1437 3723 venire.

322 3778 420 3836 ubi
450 3777 776 3850 uelit__venire
803 3790 898 3841 pro
924 3778 1124 3850 veniat.
1171 3776 1374 3850 sensus
1415 3777 1595 3850 itaque
1626 3781 1791 3850 nostri
1810 3780 1936 3837 'loci

322 3863 474 3907 esset
498 3867 511 3903 :
536 3846 702 3902 Wenn
732 3848 816 3920 sie,
834 3846 1036 3902 merken
1061 3847 1180 3920 dass
1207 3849 1319 3903 iltre
1343 3846 1522 3905 Saclte'
1539 3851 1672 3920 (ihre
1698 3849 1936 3915 Kimstel,

325 3924 411 3979 ilir
443 3919 851 3991 Orakelgewerb)
874 3920 1018 3974 iliren
1058 3917 1230 3974 Credit
1252 3921 1495 3976 vertieren
1532 3917 1697 3977 noue.
1730 3923 1934 3980 OItELD.

403 3992 461 4048 Ν
466 3994 760 4064 egliguntur
786 3992 858 4046 dii
874 4032 889 4064 ε
931 3992 1389 4064 clamitant,otque
1414 3995 1467 4047 in
1493 3994 1696 4064 templis
1720 3996 1826 4060 iam
1854 4012 1940 4049 ra-

324 4068 460 4125 ritas
484 4062 685 4121 summa
709 4073 803 4119 est.
857 4062 1113 4119 Gelenius
1152 4062 1312 4117 solita
1342 4066 1576 4119 mutandi
1596 4062 1825 4121 libidine
1854 4082 1941 4119 sa-

324 4137 614 4195 nissimam
639 4136 777 4191 hanc
800 4133 1001 4190 codicis
1032 4149 1129 4188 ms.
1157 4136 1440 4191 lectionem
1463 4136 1540 4191 sic
1570 4137 1939 4205 interpolavit:

327 4210 709 4281 Indignamur.
756 4205 1232 4281 declamitantque;
1260 4208 1317 4262 in
1346 4207 1577 4281 templis,
1599 4218 1705 4264 etc.
1741 4210 1938 4278 Editio,

325 4278 589 4354 princeps
619 4280 777 4354 habet
805 4280 1009 4354 vitiose
1038 4295 1063 4354 :_
1094 4278 1790 4354 negliguntur,'declamitant
1812 4323 1828 4347 ,
1858 4293 1939 4335 at-

325 4348 433 4423 que
456 4354 512 4407 in
531 4348 778 4420 templis,
807 4362 910 4406 etc.
967 4348 1124 4405 Fulv.
1150 4348 1335 4423 Ursin.
1365 4351 1469 4422 leg.
1502 4352 1645 4421 conj.
1689 4363 1793 4409 etc.
1838 4355 1944 4407 cln-

1687 2333 2249 2439 COblMENTAltlUS.

2022 2500 2117 2555 lib.
2146 2517 2196 2555 vr
2225 2518 2236 2553 :
2272 2498 2472 2572 Psyche
2501 2500 2657 2555 tantis
2684 2502 2904 2555 exercita
2931 2502 3207 2566 (erumnis,
3250 2500 3391 2569 quod
3413 2500 3629 2570 elegana

2024 2572 2128 2627 tius
2155 2572 2367 2643 quidem
2391 2582 2446 2627 et
2472 2573 2614 2626 bono
2635 2574 2897 2641 scriptore
2922 2573 3151 2643 dignius.
3180 2573 3285 2631 Sed
3313 2573 3364 2628 in
3395 2573 3634 2629 Arnobio

2024 2644 2159 2697 tales
2188 2644 2469 2711 elegantia:
2496 2659 2601 2698 noo
2632 2645 2927 2712 exigendzc.

2097 2714 2190 2787 Tot
2240 2716 2469 2769 laborum
2514 2718 2841 2770 excrucialur
2878 2718 3139 2771 wrumnis.
3196 2716 3464 2772 Slewecli.
3520 2716 3630 2787 leg.

2023 2786 2168 2855 conj.
2200 2796 2463 2841 exercetur
2489 2788 2761 2852 (erumnis,
2815 2786 3044 2842 al'ferens
3076 2789 3189 2841 loca
3217 2788 3355 2852 duo,
3404 2786 3633 2842 alterum

2024 2858 2258 2929 Apuleii,
2296 2857 2387 2912 lib.
2422 2873 2494 2912 νι.
2526 2857 2741 2913 Metam.
2779 2857 2977 2929 Psyche
3002 2859 3159 2913 tantis
3188 2859 3410 2914 exercita
3439 2875 3629 2913 atrum-

2030 2930 2132 2994 nis,
2166 2928 2395 2984 alterum
2425 2929 2635 3002 Virgilii
2666 2928 2793 2987 Ain.
2827 2928 2906 2998 tit,
2938 2946 3020 2996 vs,
3052 2930 3178 2985 189..

2688 3042 2818 3094 Nate
2836 3042 3002 3093 iliacis
3025 3046 3249 3094 exercite
3272 3047 3408 3095 satis.

2035 3148 2141 3205 Sed
2172 3164 2277 3203 non
2309 3149 2488 3204 minus
2515 3148 2766 3218 frequens
2789 3165 2877 3218 ap.
2906 3145 3123 3204 Latium
3147 3149 3430 3205 excruciari
3456 3165 3643 3203 arum-

2036 3226 2150 3285 nis,
2198 3221 2530 3291 aegritudine,
2564 3220 2946 3286 sollicitudine,
2995 3222 3228 3276 miseriis.
3282 3219 3363 3275 Cf.
3419 3220 3639 3276 Terent.

2037 3290 2327 3363 Heautont.
2368 3308 2405 3356 ι,
2436 3292 2491 3357 2,
2523 3308 2606 3346 vs.
2638 3293 2694 3359 4,
2725 3305 2773 3345 et
2808 3292 2923 3347 Cic.
2954 3291 3124 3363 Epist.
3160 3296 3225 3347 ad
3257 3290 3408 3346 Fam.
3442 3309 3553 3360 11v,
3582 3294 3635 3349 5.

2038 3362 2226 3419 Itaque
2258 3365 2329 3418 nil
2353 3366 2686 3419 nitibundnni.
2722 3364 2926 3419 ORELL.

2161 3446 2177 3489 t
2207 3436 2469 3498 homines,
2502 3435 2701 3489 brutum
2742 3452 2921 3505 genus.
2963 3433 3318 3505 Cannegicter
3359 3436 3463 3507 leg.
3489 3452 3638 3493 cens.

2041 3506 2106 3561 Ei
2130 3506 2377 3566 homines.
2421 3524 2524 3560 non
2554 3512 2711 3578 male.
2746 3513 2945 3562 t'nELL.
2970 3538 3039 3548 —
3071 3507 3190 3561 Pari
3217 3522 3378 3562 sensu
3422 3506 3638 3578 'llorat.,

2040 3578 2134 3634 lib.
2165 3578 2203 3632 1.
2245 3590 2347 3633 sat.
2380 3578 2432 3632 5.
2464 3578 2595 3632 dixit
2622 3576 2824 3631 Mutum
2853 3588 2899 3632 et
2926 3588 3073 3647 turpe
3095 3595 3264 3645 pecus.
3296 3578 3480 3634 Paton.

2111 3647 2342 3704 Fui-insi.
2376 3648 2512 3705 Vide
2543 3658 2721 3703 notata
2751 3649 2818 3703 ad
2844 3650 3051 3703 initium
3079 3650 3269 3715 capitis
3297 3666 3331 3704 t.
3360 3650 3565 3707 ORELL.

2110 3720 2279 3777 XXV.
2330 3751 2401 3761 —
2451 3719 2869 3775 Mortalinm.....
2926 3721 2989 3774 de
3051 3721 3269 3777 sa’culis.
3329 3720 3383 3776 ld
3436 3732 3521 3778 est
3572 3722 3637 3777 de

2040 3810 2220 3863 genere
2246 3794 2534 3847 mortalium
2558 3793 2799 3847 saeculum
2829 3807 2927 3863 pro
2951 3807 3182 3862 genere,
3216 3793 3419 3858 sobole,
3450 3794 3638 3849 multi-

2044 3862 2227 3920 tudine
2270 3865 2567 3933 saepissime
2614 3871 2837 3933 usurpat
2883 3862 3189 3929 Lucretius,
3227 3880 3278 3918 v.
3325 3878 3402 3930 c.,
3433 3865 3526 3919 lib.
3558 3882 3639 3932 ιιι,

2043 3936 2182 3993 629:
2217 3934 2454 3990 Priorum
2480 3936 2633 3990 stccla
2659 3936 2985 4004 scriptorum,
3009 3943 3065 3990 et
3092 3951 3151 3999 ιι,
3176 3950 3257 3990 vs.
3283 3935 3371 3990 77.
3394 3936 3643 3992 Animan-

2043 4017 2147 4061 tum
2197 4009 2351 4062 saecla
2401 4008 2455 4061 in
2505 4008 2637 4061 brevi
2676 4008 2845 4076 spatio
2900 4017 3184 4063 mutantur.
3237 4006 3357 4062 Vid.
3404 4007 3634 4065 Gesner.

2044 4079 2098 4133 in
2124 4077 2404 4134 Thesauro
2441 4086 2496 4135 et
2531 4095 2650 4149 qua:
2696 4078 3072 4134 annotabimus
3117 4080 3252 4133 infra
3292 4078 3360 4133 ad
3401 4078 3496 4134 lib.
3525 4095 3634 4147 vn,

2042 4166 2091 4206 c.
2120 4150 2211 4205 24.
2243 4149 2445 4205 Οιιειι.

2117 4222 2477 4277 Snmmitatem
2502 4222 2727 4276 omnium
2749 4236 3061 4275 summorum
3081 4220 3405 4275 obtinentem.
3426 4220 3477 4275 ls
3495 4221 3640 4279 Deus

2044 4309 2170 4349 mox
2197 4310 2423 4348 summus
2444 4293 2659 4354 dicitur,
2685 4306 2791 4359 quo
2822 4292 3038 4346 nomine
3063 4300 3274 4347 veteres
3298 4292 3640 4363 appellarunt

2046 4382 2207 4421 unum
2234 4364 2361 4420 illud
2389 4376 2441 4419 et
2463 4379 2769 4433 supremum
2802 4378 3021 4425 numen,
3046 4378 3225 4417 rerum
3260 4364 3498 4419 omnium
3538 4380 3639 4420 au-

328 4428 522 4507 ntitant
551 4438 814 4507 namque
843 4463 859 4487 ,
900 4430 1007 4478 etc.
1056 4422 1163 4478 Sed
1199 4438 1414 4478 causam
1456 4423 1692 4479 mutandi
1742 4425 1918 4481 nullan

2046 4449 2250 4492 ctorcm
2290 4446 2346 4490 et
2381 4422 2815 4507 gubernatorem.
2849 4422 3159 4505 Philosophi
3189 4434 3354 4490 Deum
3386 4435 3636 4505 opiﬁcem

329 4498 522 4554 video.
553 4498 755 4551 υιιειι..

405 4567 688 4623 Jacent....
746 4566 941 4639 derisui
970 4569 1321 4639 fcwremonite.
1359 4567 1472 4624 Hoc
1511 4577 1595 4626 est
1618 4577 1939 4639 contempta:

333 4649 469 4699 sunt
495 4652 551 4694 et
575 4639 862 4713 expositae,
894 4637 1119 4708 objecta:
1141 4639 1346 4695 dirisui.
1387 4639 1587 4704 lacere,
1623 4644 1827 4697 centies
1840 4637 1936 4713 ap.

332 4723 555 4769 veteres
575 4710 644 4785 de
672 4711 831 4785 rebus
860 4712 1146 4785 neglectis,
1173 4715 1516 4785 contemptis,
1549 4715 1691 4785 quod
1723 4710 1940 4771 notissi-

336 4800 511 4841 mum.
564 4784 634 4837 At
679 4783 853 4836 rarior
883 4782 1042 4851 hujus
1084 4784 1230 4837 verbi
1271 4782 1602 4841 constructio
1639 4802 1758 4843 cum
1789 4787 1946 4844 tertio

337 4871 495 4914 casu.
517 4853 594 4911 Ita
615 4851 710 4909 Sil.
737 4852 884 4921 ltal.,
914 4852 1009 4908 lib.
1039 4869 1129 4921 xv,
1154 4870 1232 4910 vs.
1261 4854 1367 4912 646
1385 4865 1442 4912 et
1460 4872 1545 4928 sq.
1574 4873 1590 4914 :

763 4967 1071 5032 Quicumque
1092 4970 1259 5020 timeri

502 5030 617 5082 Dux
634 5031 769 5082 bello
792 5030 1005 5095 poterat,
1028 5031 1170 5083 fratri
1189 5032 1342 5096 jacet.

343 5139 400 5197 id
428 5147 534 5201 est,
564 5138 633 5194 ab
661 5154 729 5195 eo
758 5153 952 5210 etesiis,
984 5150 1256 5210 postratus
1284 5150 1388 5198 est.
1430 5141 1632 5202 Οιιειι.

424 5211 759 5285 Deciderunt.
806 5209 957 5285 Fulv.
986 5209 1218 5269 Ursinus
1249 5213 1459 5285 legend.
1501 5226 1688 5273 ci-nset
1715 5217 1953 5272 concide—

346 5293 490 5360 runt.
539 5281 654 5360 Sed
699 5283 832 5337 bene
868 5282 1027 5360 habet
1050 5281 1342 5360 occiderunt
1369 5297 1422 5341 et
1455 5290 1620 5344 multo
1643 5300 1725 5344 est
1754 5289 1955 5360 signifi-

348 5358 584 5412 cantius.
604 5425 615 5432 _
633 5353 814 5432 imago
840 5355 956 5411 scil.
983 5358 1140 5411 ducta
1171 5358 1501 5432 aus-ideribus
1522 5402 1538 5428 ,
1579 5377 1697 5432 qua:
1723 5353 1836 5417 sole
1864 5377 1957 5416 ex—

351 5437 474 5483 orto
500 5425 779 5489 occidunt.
804 5438 1155 5483 evanescunt.
1188 5430 1392 5485 ORBLL.

425 5496 496 5552 Et
530 5497 709 5552 merito
737 5499 1019 5570 humanum
1045 5517 1298 5570 genus....
1328 5511 1402 5556 tot
1443 5502 1674 5557 laborum
1696 5506 1960 5559 excrucia-

355 5581 439 5627 tur
464 5571 730 5643 (erumnis.
793 5569 1129 5643 Stewecbius
1158 5573 1441 5643 legendum
1468 5585 1653 5630 censet
1683 5592 1741 5631 eo
1781 5577 1853 5640 (id
1881 5586 1966 5633 est

353 5638 651 5713 eaproiiter)
693 5642 872 5716 merito
922 5638 1563 5716 humanum'genus.......
1611 5656 1684 5701 tot
1732 5638 1966 5704 laborum

355 5723 618 5789 mercetur
657 5713 935 5789 aerumnis,
966 5715 1139 5771 citans
1168 5713 1513 5787 Virgilianum
1550 5718 1679 5773 illud
1703 5764 1718 5788 ,
1752 5721 1854 5775 Ab.
1884 5737 1964 5789 ιιι,

360 5786 524 5847 1821.
570 5784 711 5840 Puer
757 5783 937 5841 Iliacis
979 5789 1198 5842 exercite
1234 5783 1380 5856 satis,
1419 5800 1474 5848 et
1519 5783 1728 5861 Apulei.
1756 5783 1965 5861 Miles,

904 5881 1179 5945 PATROL.
1227 5881 1302 5946 V.

2044 4507 2424 4575 nominabant,
2456 4507 2543 4563 alii
2574 4507 2758 4562 Jovem
2788 4517 3045 4561 aeternum
3099 4516 3148 4560 et
3188 4507 3640 4577 exsuperantissi—

2044 4598 2225 4707 ιὸιιιηὶξ
2245 4579 2589 4636 Grmcietiam
2602 4578 2819 4652 ὕψιστον
2863 4592 3235 4635 CANNEGIETER
3262 4578 3315 4634 in
3333 4595 3432 4633 van
3458 4577 3636 4635 Houen

2098 4663 2134 4707 t.
2208 4663 2286 4706 ιιι.

2098 4663 2134 4707 t.
2161 4653 2286 4707 Litt.

2119 4723 2422 4779 Temeraria?
2461 4723 2597 4777 vocis
2640 4721 3010 4794 desperatione.
3055 4721 3206 4776 Fulv.
3257 4722 3483 4794 Ursinus
3528 4722 3635 4794 leg.

2046 4805 2232 4851 censet
2267 4795 2644 4866 disparatione,
2675 4792 2762 4847 alii
2792 4792 3157 4866 disceptatione
3186 4795 3345 4849 male.
3374 4792 3636 4866 Desperaf

2048 4869 2139 4934 tio,
2169 4876 2227 4922 ut
2256 4865 2391 4922 bene
2422 4865 2637 4920 Hernld.
2672 4865 2919 4935 explicat,
2954 4874 3036 4919 est
3064 4866 3271 4923 ἀπόνοια
3298 4880 3482 4920 eorum
3504 4908 3518 4929 .
3545 4865 3639 4935 qui

2050 4940 2282 4995 divinam
2314 4940 2445 4992 iram
2467 4948 2813 5007 contemnere
2839 4947 3138 5007 cmperunt.
3171 4948 3225 4993 et
3243 4937 3399 4992 simul
3423 4952 3635 4991 omnem

2051 5011 2239 5066 salutis
2268 5025 2452 5065 curam
2485 5008 2738 5078 abjicere.
2775 5005 3071 5078 Desperatio
3093 5009 3228 5063 vocis
3255 5008 3535 5063 temeraria:
3555 5017 3642 5064 est

2054 5082 2230 5153 itaque
2267 5096 2369 5135 vox
2402 5080 2685 5153 temeraria
2714 5078 2949 5153 hominis
2992 5080 3235 5153 scelerati
3277 5089 3329 5135 et
3371 5079 3437 5134 de
3467 5080 3644 5153 salute
3684 5092 3685 5101 ‘

2055 5149 2158 5225 sua
2199 5166 2419 5225 prorsus
2470 5151 2839 5223 desperantis,
2892 5151 2972 5206 ein
3018 5150 3336 5217 tollkulmes,
3384 5149 3648 5206 rucliloses

2059 5223 2230 5281 Wort.
2263 5224 2466 5280 Οιιειι..

2130 5295 2197 5351 In
2245 5297 2394 5351 rebus
2435 5294 2600 5364 fessis.
2632 5294 2802 5358 Infra,
2835 5292 2931 5348 lib.
2975 5310 3029 5349 ιιι
3060 5313 3073 5349 ;
3107 5294 3383 5349 lnexorata
3409 5293 3653 5364 beneﬁcia

2062 5370 2283 5497 τιὲαιὺενε
2311 5368 2455 5496 fﬁst
2493 5378 2644 5439 atque
2681 5366 2919 5422 invalidis
2946 5365 3113 5422 rebus.
3148 5366 3318 5422 Habet
3344 5381 3377 5421 a
3408 5365 3652 5437 Virgilio,

2139 5458 2193 5496 n.
2223 5457 2300 5497 ιιι.
2467 5457 2481 5493 :

2139 5458 2193 5496 n.
2223 5457 2300 5503 Ill,
2337 5457 2438 5496 ιω
2467 5457 2481 5493 ε

2219 5555 2373 5614 Quam
2396 5552 2543 5603 fessis
2563 5551 2712 5603 linem
2736 5553 2887 5602 rebus
2906 5550 3064 5611 ferat;
3098 5551 3232 5602 unde
3253 5553 3474 5604 laborum

2223 5618 2444 5669 Tentare
2466 5615 2705 5667 auxilium
2719 5616 2910 5679 jnbeat.
2974 5614 3193 5665 Hanno.

2071 5724 2207 5781 Add.
2237 5723 2439 5788 Tacit.,
2472 5720 2667 5780 Annal.
2697 5733 2793 5793 xv_,
2837 5734 2887 5793 c.
2932 5718 3022 5775 5t).
3074 5717 3536 5792 Diligendumque,
3583 5723 3671 5793 qui

2074 5797 2217 5871 fessis
2230 5795 2378 5853 rebus
2400 5786 2731 5851 succurreret.
2752 5786 2953 5850 OBE'LL.

3202 5888 3282 5957 ιι

3592 5975 3656 5989 μαι-ι
