3878 6312
187 291 292 351 757
1588 289 1794 347 uses
1832 289 2109 350 paruus.
2908 250 2913 251 ί
3390 292 3495 348 75s

255 407 488 465 XXXII.
529 404 724 465 Sermo
747 421 870 464 cum
919 407 1005 464 his
1047 409 1203 466 nobis
1245 417 1360 478 est,
1412 410 1503 480 qui
1543 408 1788 465 divinum
1817 410 1869 469 Λ
1894 408 2338 465 constituerimus
2368 408 2647 465 immania.
2680 409 2975 466 Dissimilia
3006 408 3299 481 copulare,
3330 418 3493 484 atque

190 516 315 560 esse
358 500 769 558 consentientes
814 516 1015 573 genus,
1048 502 1117 557 de
1167 502 1462 573 majoribus
1507 491 1786 567 dubitant,
1903 500 1957 553 in
1994 515 2155 556 unam
2186 502 2423 572 speciem
2463 517 2659 571 cogere
2688 503 2905 559 inducta
2956 501 3275 558 confusione
3328 519 3495 559 cona-

186 612 310 653 cum
343 595 515 650 iidem
559 610 680 651 esse
719 595 925 665 plebeia
972 604 1133 664 atque
1164 595 1449 651 humiliora
1497 593 1781 650 fateantur.
1894 595 2048 649 mini.
2096 594 2230 652 Nam
2282 596 2425 650 Deus
2453 596 2798 666 omnipotens
2828 605 3008 651 mente
3055 611 3158 651 una
3204 597 3451 651 omnium

178 689 317 760 Quid
350 705 514 760 ergo,
544 704 629 744 res
659 696 838 744 tantas
866 689 1199 758 argumentis
1228 689 1466 743 nitemur
1493 696 1652 759 atque
1674 686 1787 742 ela-
1891 699 1946 745 et
1992 692 2229 744 ommuni
2269 690 2609 745 mortalitatis
2654 705 2902 756 assensu,
2935 706 3110 761 neque
3140 690 3353 761 genitus
3383 690 3488 746 sci-

177 784 450 839 boramus
480 782 757 838 obtinere?
788 781 1042 837 Discedat
1072 782 1185 837 haec
1213 782 1370 853 longe
1391 823 1404 844 ,
1433 792 1598 851 atque
1631 797 1658 833 a
1687 796 1784 834 no-
1891 793 1994 849 tur,
2029 800 2201 855 neque
2229 799 2423 838 novam
2454 784 2506 837 in
2536 784 2707 837 lucem
2736 784 3025 855 aliquando
3053 799 3173 839 esse
3203 785 3478 854 prolatus,

175 874 258 933 bis
301 875 521 944 procul,
555 873 796 949 inquam,
844 884 896 928 ul
928 872 1143 939 dicitur,
1170 886 1563 929 averruncetur
1600 887 1785 927 amen-
1889 891 1991 931 nec
2015 891 2079 931 ex
2107 877 2288 946 aliquo
2317 887 2562 946 tempore
2588 875 2818 946 coepisse
2845 891 2986 943 esse,
3007 876 3096 931 vel
3118 876 3340 931 saeculo.
3363 872 3487 946 Ipse

176 969 263 1024 tia.
317 967 398 1023 Ila
456 977 539 1024 est
572 969 713 1023 enim
751 969 1113 1038 periculosum
1161 966 1493 1040 argumentis
1522 967 1739 1039 aggredi
1763 1011 1776 1034 ,
1892 982 1975 1029 est
2004 974 2152 1029 enim
2185 973 2304 1028 fons
2332 989 2536 1041 rerum,
2561 982 2708 1028 sator
2726 974 3049 1029 saeculorum
3071 987 3134 1027 ac
3160 980 3487 1041 temporum.

180 1063 350 1119 Deum
386 1060 692 1133 principem
725 1063 1111 1132 comprobare,
1143 1078 1305 1133 quam
1336 1064 1543 1117 ratione
1588 1061 1778 1132 hujus-
1887 1064 2002 1120 Non
2030 1066 2171 1121 enim
2201 1066 2311 1137 ipsa
2344 1080 2438 1136 per
2466 1081 2526 1120 se
2552 1075 2708 1128 sunt.
2745 1066 2840 1121 sed
2870 1081 2938 1121 ex
2968 1066 3086 1135 ejus
3129 1062 3486 1134 perpetuitate

175 1155 315 1213 modi
350 1171 484 1212 esse
538 1156 724 1220 illum,
779 1156 919 1213 velle
960 1170 1311 1228 cognoscere.
1346 1156 1455 1211 Nec
1495 1156 1778 1227 quicquam
1889 1169 2146 1231 perpetua
2198 1172 2251 1216 et
2301 1158 2506 1215 inﬁnita
2556 1177 2771 1231 semper
2838 1161 3244 1217 continuatione
3274 1173 3488 1230 proce-

178 1249 383 1319 refert,
416 1261 517 1305 aut
559 1250 864 1322 discrepat,
894 1260 1144 1307 utrumne
1190 1265 1353 1322 neges
1399 1250 1568 1315 illum,
1597 1265 1666 1304 an
1693 1265 1781 1305 as-
1899 1256 2126 1312 cedunt.
2160 1259 2229 1311 At
2252 1272 2380 1312 vero
2401 1256 2630 1327 Jupiter,
2662 1268 2719 1311 ut
2746 1272 2844 1312 vos
2875 1257 3045 1322 fertis,
3075 1264 3130 1311 et
3158 1265 3365 1325 patrem
3391 1255 3488 1309 ha-

182 1359 362 1413 seras,
393 1356 564 1415 atque
592 1345 827 1400 existere
871 1344 1087 1399 fatearis
1118 1362 1131 1399 :
1165 1359 1286 1399 cum
1316 1344 1368 1399 in
1400 1342 1585 1399 eadem
1617 1342 1776 1413 culpa
1890 1349 1985 1405 hei
2011 1360 2063 1404 et
2091 1359 2341 1417 matrem,
2375 1366 2503 1403 avos
2523 1392 2538 1416 ,
2565 1351 2737 1417 avias,
2764 1350 2958 1405 fratres
3002 1366 3015 1402 :
3058 1363 3198 1403 nunc
3227 1362 3399 1417 nuper
3420 1347 3476 1402 in

172 1438 271 1504 sit,
304 1447 361 1494 et
381 1439 621 1495 assertio
651 1438 772 1494 talis
801 1439 912 1506 rei,
941 1447 997 1495 et
1021 1439 1306 1510 abnegatio
1351 1437 1659 1494 refutatoris
1690 1438 1775 1492 in-
1881 1448 2035 1496 utero
2065 1441 2250 1496 matris
2295 1455 2408 1495 sua:
2451 1440 2734 1508 formatus,
2789 1440 3070 1496 absolutus
3101 1438 3379 1495 mensibus
3423 1447 3481 1493 et

173 1532 400 1588 creduli.
1879 1542 2281 1590 consummatus
2331 1533 2517 1588 decem
2546 1575 2559 1599 ,
2610 1534 2848 1603 ignotam
2887 1531 2992 1586 sibi
3027 1532 3079 1586 in
3116 1531 3289 1586 lucem
3320 1545 3485 1595 sensu

239 1625 491 1681 XXXIII.
515 1626 885 1697 Quisquamne
929 1635 1015 1682 est
1051 1627 1353 1692 hominum,
1382 1628 1472 1691 qui
1514 1643 1620 1683 non
1651 1642 1772 1682 cum
1881 1629 2116 1683 irruitse
2141 1627 2309 1682 vitali.
2354 1627 2533 1698 Ergo,
2566 1628 2611 1682 si
2642 1626 2759 1681 haec
2808 1626 2877 1680 ita
2918 1636 3075 1688 sunt,
3103 1623 3314 1696 Jupiter
3355 1638 3477 1678 esse

172 1718 323 1775 istius
371 1718 639 1788 principis
683 1720 908 1775 notione
951 1719 1094 1775 diem
1130 1723 1313 1789 prima:
1359 1720 1656 1776 nativitatis
1686 1721 1770 1777 in-
1876 1721 2010 1779 deus
2059 1724 2146 1794 qui
2192 1723 2400 1793 potest!
2444 1737 2567 1776 cum
2614 1722 2761 1776 illum
2809 1735 2930 1776 esse
2980 1731 3296 1790 perpetuum
3339 1734 3472 1774 con-

171 1808 428 1863 ll’aVel'il?
477 1809 569 1864 ουί
601 1824 709 1864 non
735 1810 804 1864 δὶι
829 1809 1144 1880 “mellitum.
1177 1826 1283 1866 "0n
1313 1810 1533 1866 almum
1553 1850 1569 1875 θ
1602 1810 1770 1865 immo
1801 1812 1847 1871 B
1875 1828 2016 1886 stet,
2067 1828 2122 1874 et
2148 1817 2493 1888 perhibeatur
2518 1817 2654 1871 alter
2684 1833 2711 1869 a
2743 1815 2925 1881 vobis,
2959 1825 3011 1869 et
3059 1815 3174 1869 dies
3213 1813 3472 1869 habuisse

171 1900 264 1971 ipsi
288 1916 430 1971 pene
462 1901 520 1956 in
554 1902 878 1971 genitalibus
911 1904 1102 1958 matris
1131 1919 1236 1959 non
1269 1905 1588 1974 impressum
1611 1946 1629 1971 ,
1662 1919 1769 1960 non
1876 1912 2117 1975 natales,
2147 1922 2202 1967 et
2234 1910 2541 1979 pavefactus
2572 1926 2631 1965 re
2683 1924 2823 1965 nova
2851 1909 3253 1965 lamentabilem
3307 1919 3468 1963 extu-

174 1994 385 2048 insitum
435 2009 566 2050 esse
612 2011 796 2067 regem
829 2011 893 2050 ac
918 1995 1193 2052 dominum
1218 2038 1233 2062 ,
1277 2005 1596 2053 cunctorum
1627 2012 1772 2067 quae-
1875 2004 2003 2059 lisse
2030 2004 2310 2075 vagitum?

177 2100 396 2156 cumque
435 2094 570 2141 sunt
598 2086 1040 2143 moderatorem?
1071 2087 1188 2160 Ipsa
1212 2089 1441 2159 denique
1473 2089 1685 2146 hiscere
1725 2092 1771 2145 si
1944 2095 2165 2152 XXXV.
2196 2095 2303 2151 Sed
2334 2096 2479 2159 sint,
2508 2104 2565 2150 ut
2592 2094 2758 2149 vultis
2781 2134 2796 2161 ,
2836 2108 2999 2149 unum
3025 2134 3041 2160 ,
3066 2107 3168 2147 nec
3199 2093 3250 2146 in
3282 2093 3465 2163 aliqua

173 2177 458 2234 animantia
485 2191 635 2236 muta
666 2181 806 2250 potis
826 2190 1010 2237 essent
1037 2201 1048 2235 2
1083 2182 1129 2238 si
1154 2183 1203 2236 in
1230 2181 1532 2254 linguarum
1562 2192 1771 2238 nostra-
1873 2191 1924 2245 vi
1958 2191 2192 2246 numinis
2212 2232 2227 2257 ,
2259 2199 2313 2246 et
2342 2190 2627 2261 majestate
2666 2189 2925 2243 distantes
2954 2204 2968 2240 :
2994 2186 3187 2258 ecquid
3217 2202 3348 2258 ergo
3387 2187 3473 2243 in-

173 2286 280 2324 rum
309 2272 630 2328 facilitatem
657 2273 792 2328 solvi
819 2295 831 2329 :
860 2275 1024 2330 immo
1055 2275 1099 2329 si
1120 2276 1362 2339 arbores,
1395 2278 1586 2347 glebas,
1615 2292 1766 2345 saxa,
1868 2283 2034 2355 justis
2067 2281 2447 2352 persequimini
2480 2296 2580 2336 nos
2607 2278 2786 2335 odiis?
2824 2279 2996 2349 Quid,
3025 2289 3082 2335 ut
3112 2279 3311 2334 ominis
3351 2294 3476 2350 pes-

172 2378 320 2419 sensu
352 2366 599 2421 animata
629 2367 777 2421 vitali
808 2369 952 2423 vocis
979 2369 1213 2423 sonitum
1242 2370 1537 2441 quirentet
1561 2370 1763 2425 verbo-
1873 2376 1997 2431 simi
2027 2419 2042 2443 ,
2100 2375 2271 2430 nostri
2315 2375 2554 2431 nominis
2599 2372 2975 2428 inhorrescitis
3025 2371 3345 2427 mentione?
3391 2373 3469 2435 si.

175 2472 282 2512 rum
309 2459 579 2515 articulos
610 2459 903 2531 integrare,
931 2462 1002 2514 ita
1034 2477 1139 2517 non
1170 2461 1308 2517 duce
1337 2474 1547 2525 natura,
1576 2472 1631 2516 et
1657 2479 1770 2517 ma-
1873 2484 2029 2540 quem
2064 2468 2231 2524 Deum
2260 2469 2436 2523 colitis
2462 2510 2477 2534 ,
2511 2483 2633 2522 eum
2663 2477 2716 2523 et
2748 2466 2888 2521 nos?
2916 2473 3008 2520 aut
3034 2464 3162 2535 quid
3192 2465 3249 2519 in
3279 2463 3472 2519 eadem

175 2548 355 2619 sistra.
391 2568 502 2606 ηοη
536 2549 859 2623 ἰιιοοπυριω
888 2553 1245 2624 εὶιηριὶοἰιειιίδ
1269 2553 1397 2619 ﬁde.
1430 2565 1484 2609 ει
1513 2555 1770 2626 intellige-
1872 2578 2030 2619 causa
2066 2563 2219 2618 vobis
2262 2577 2385 2617 esse
2423 2561 2751 2616 contenditis
2782 2558 3077 2615 familiares
3115 2558 3256 2612 Deos
3286 2558 3464 2612 inimi-

174 2654 283 2696 rent
311 2658 432 2699 esse
466 2644 639 2700 Deum
664 2687 679 2713 ,
712 2655 767 2700 et
794 2655 1112 2701 cunctorum
1140 2646 1416 2702 dominum
1449 2647 1621 2704 Solum
1649 2663 1705 2703 es

1942 2671 1966 2711 s
1994 2665 2154 2727 atque
2183 2654 2563 2711 infestissimos
2594 2654 2795 2709 nobis?
2831 2654 3082 2720 Etenim,
3130 2653 3175 2707 si
3206 2667 3311 2707 una
3342 2651 3473 2707 relio

176 2732 462 2791 Clamare"!
484 2737 511 2792 ’ἶ
1871 2751 1958 2822 gio
1986 2760 2067 2805 est
2106 2750 2262 2806 nobis
2288 2749 2548 2819 vobisque
2578 2747 2894 2811 communis
2916 2789 2932 2813 ,
2983 2753 3159 2801 cessat
3189 2745 3265 2799 ira
3303 2743 3469 2800 crete-

235 2826 476 2884 XXXIV.
533 2827 640 2884 Sed
683 2831 901 2899 frustra,
937 2833 1127 2901 inquit,
1162 2848 1262 2889 nos
1293 2832 1450 2902 falso,
1479 2843 1535 2890 et
1560 2834 1766 2891 calum-

1943 2860 2030 2899 um
2064 2862 2078 2898 :
2111 2844 2194 2899 sin
2225 2843 2383 2900 nobis
2420 2841 2606 2898 infesti
2635 2849 2760 2897 sunt
2802 2840 2965 2907 solis,
3012 2838 3355 2894 manifestum
3384 2847 3470 2894 est

184 2919 325 2975 nioso
371 2922 646 2977 incessitis
688 2934 743 2978 et
785 2925 1033 2995 appetitis
1061 2925 1286 2981 crimine
1317 2943 1329 2979 :
1357 2936 1624 2998 tamquam
1669 2944 1766 2983 ea-
1869 2939 2120 3005 nescire,
2170 2949 2227 2994 ει
2261 2953 2390 3003 vos,
2423 2948 2477 2992 et
2507 2937 2631 2992 illos
2678 2937 2846 2992 Deum
2875 2952 2889 2989 ς
2922 2950 3081 3005 quem
3127 2933 3315 2990 Jovem
3359 2948 3468 2991 non

174 3025 282 3068 “‘"5
305 3013 517 3069 ίηῧοίδε
550 3029 672 3071 esse
721 3017 888 3071 “eum
934 3018 1192 3089 maiorem
1229 3033 1394 3073 icum
1449 3034 1478 3072 ³
1525 3020 1679 3075 ποδίε
1710 3030 1765 3076 ει
1867 3046 1990 3089 esse
2021 3034 2153 3101 ipsis
2187 3033 2392 3087 clarum
2420 3041 2505 3087 est
2532 3029 2992 3100 indignationibus
3019 3028 3320 3083 numinum.

174 3103 363 3175 Jupiter
415 3110 751 3177 nominetur,
800 3119 856 3165 et
909 3112 1147 3180 optimus
1196 3111 1459 3168 habeatur
1502 3126 1556 3169 et
1596 3117 1764 3171 maxi-
1937 3123 2183 3181 XXXVI.
2207 3125 2315 3181 Sed
2343 3139 2487 3192 non,
2520 3122 2730 3192 inquit,
2760 3121 2966 3177 idcirco
3001 3121 3075 3175 dii
3102 3119 3255 3176 Vobis
3282 3118 3467 3175 infesti

175 3214 311 3271 mus;
348 3220 587 3278 cumque
610 3206 687 3261 illi
727 3207 1134 3277 angustissimas
1175 3208 1331 3264 sedes
1352 3249 1368 3276 ,
1400 3220 1456 3265 et
1495 3209 1757 3284 Capitolia
1784 3208 1830 3271 C
1863 3228 2027 3284 sunt,
2057 3220 2202 3291 quod
2236 3220 2666 3291 omnipotentem
2710 3216 2902 3273 colatis
2948 3215 3116 3272 Deum
3152 3215 3288 3272 :sed
3322 3213 3467 3287 quod

1539 3347 2107 3415 COMMENTARIUS.

175 3462 327 3546 probo
362 3464 610 3546 ejusdem
645 3462 881 3521 Walkeri
924 3463 1288 3535 conjecturam
1335 3466 1631 3536 opinatione
1657 3484 1756 3540 pro
1946 3474 2279 3530 XXXIV.—
2299 3474 2498 3541 lnquit.
2524 3473 2611 3530 Al.
2643 3475 2850 3546 inquitis
2865 3473 3025 3529 male.
3055 3473 3174 3530 Vid.
3207 3489 3365 3546 supra
3394 3478 3462 3533 ad

174 3530 517 3593 obstinatione.
558 3536 759 3591 OBELL.
1024 3530 1041 3535 ⁷
1369 3530 1379 3536 ’
1658 3530 1675 3540 ’
1859 3559 1909 3600 c.
1939 3562 2017 3600 Ill.
2047 3548 2248 3603 ORELL.

236 3603 447 3686 XEXII.
514 3639 586 3648 —
638 3609 1018 3686 Averruncelur
1056 3608 1297 3686 amentia.
1371 3609 1488 3686 Ita“
1519 3607 1757 3670 Lucilius
1829 3614 1839 3623 ’
1932 3617 2000 3670 Et
2051 3619 2294 3686 capitolia
2343 3619 2748 3672 constituerimus
2793 3619 3058 3672 immania.
3100 3615 3455 3686 Tcrtulliam,

175 3685 252 3742 ap.
291 3679 401 3757 Non
444 3698 501 3735 v.
533 3696 903 3757 averruncare:
935 3679 1018 3733 Dii
1049 3681 1337 3757 nionuerint
1369 3679 1590 3757 meliora
1607 3692 1760 3752 atque
1860 3679 2173 3755 Apologei.,
2232 3706 2278 3745 ο,
2328 3690 2421 3743 95.
2478 3688 2725 3743 Nondum
2768 3698 2937 3743 tamen
2989 3690 3189 3757 templis
3247 3700 3337 3743 aut
3383 3679 3457 3744 si;

175 3751 427 3829 (fluentiam
452 3754 861 3829 averruncassint
884 3752 1561 3829 tuam.ELstENtt.——Quetn
1576 3753 1753 3809 locum
1859 3751 2101 3813 mulacris
2142 3751 2220 3815 res
2261 3762 2432 3814 divina
2475 3763 2618 3827 apud
2662 3758 2923 3813 Romanos
2954 3751 3218 3814 constabat
3266 3777 3285 3813 :
3322 3764 3460 3829 frugi

176 3815 404 3903 fortassis
428 3833 558 3903 ante
580 3825 765 3903 oculos
782 3825 981 3903 ‘ltahuit
1011 3837 1214 3903 noster.
1248 3815 1452 3903 υιιειιιξ.
1708 3897 1721 3903 _
1855 3831 2036 3902 religio
2081 3842 2126 3886 et
2167 3849 2420 3903 pauperes
2461 3815 2625 3897 riius,
2675 3842 2721 3885 et
2755 3832 2898 3885 nulla
2937 3833 3179 3903 capitolia
3208 3815 3456 3903 certantia

238 3890 411 3975 Ita-est
433 3896 572 3950 enim
596 3895 964 3975 periculosum,
996 3906 1101 3950 etc.
1132 3897 1218 3975 Sir
1247 3896 1411 3975 editio
1452 3910 1594 3975 rom.
1621 3897 1746 3975 cod.
1856 3890 2001 3956 creto.
2020 3890 2367 3975 Dicit'aut'em
2394 3890 2639 3958 immania
2666 3904 2917 3975 exemplo
2943 3890 3134 3973 Virgil.
3156 3945 3170 3969 ,
3199 3902 3452 3971 JEneid.,

176 3973 276 4041 reg.
303 3962 427 4041 Tam
456 3976 533 4041 es:
560 3967 711 4021 enim.
737 3966 964 4036 Copulat
986 3966 1309 4041 quandoque
1337 3967 1434 4021 bas
1461 3967 1750 4033 particulas
1859 3988 1912 4027 vt
1930 4017 1944 4041 ,
1976 3974 2064 4030 l9.

176 4028 438 4091 Lucretius
465 4040 540 4093 ita
563 4054 716 4108 quam
750 4028 846 4109 pro
876 4049 979 4091 tam
1001 4028 1173 4108 quam.
1201 4028 1472 4094 III-susum-
1932 4028 1943 4041 ’
2014 4028 2029 4030 ⁷
2079 4047 2460 4110 .....Posuitque
2482 4047 2706 4097 immania
2728 4046 2931 4109 templa.
2978 4045 3195 4096 Harum.

236 4126 467 4186 XXXIII.
518 4161 593 4172 —-
647 4129 798 4185 Diem
866 4130 1143 4185 nativitatis
1199 4131 1484 4185 intraverit.
1540 4130 1612 4185 De
1670 4131 1751 4187 lo-
1930 4127 2153 4184 Inducta
2207 4133 2525 4201 confusione.
2582 4129 2737 4184 Fulv.
2789 4128 2968 4186 Ursin.
3032 4128 3274 4196 indocta,
3338 4146 3448 4188 non

177 4204 351 4266 queruli
380 4203 628 4259 formulis
652 4205 863 4265 intrare,
910 4202 1281 4274 transcendere,
1331 4203 1630 4274 supergredi
1657 4222 1750 4258 an-
1857 4201 2020 4274 male.
2059 4203 2262 4256 ORELL.

177 4285 302 4335 nam,
336 4276 485 4338 diem,
513 4285 621 4331 etc.
649 4274 767 4329 Viti.
792 4272 1038 4329 Oudend.
1070 4275 1134 4328 ad
1160 4274 1367 4343 Apulei.
1396 4272 1547 4339 Met},
1577 4274 1671 4330 lib.
1691 4292 1747 4340 x,
1931 4272 2087 4326 Nunc
2130 4289 2294 4344 nuper
2329 4273 2382 4326 in
2413 4282 2557 4327 utero
2600 4273 2777 4344 matris
2823 4287 2929 4326 sua:
2978 4273 3245 4343 formatus.
3295 4272 3449 4330 Nunc

178 4354 294 4421 page
319 4346 439 4421 (ηεξ.
468 4349 703 4421 Onam,
778 4419 786 4421 Α
998 4417 1011 4421 _
1160 4415 1178 4421 Δ
1331 4416 1356 4421 _

1919 4361 2018 4411 :per
2040 4347 2173 4421 Δχθές
2202 4348 2521 4421 καὶ-πρώτη,
2552 4343 2919 4421 qu:e_Grtecis
2968 4353 3050 4398 est
3095 4343 3450 4421 proverbialis

237 4412 360 4487 lipsi.
389 4417 522 4473 Cod.
558 4436 657 4473 ms.
688 4419 844 4487 ipsis,
872 4417 1012 4486 quod
1042 4415 1289 4485 prmfero.
1321 4416 1526 4471 ORELL.
1851 4412 2088 4470 formula
2111 4417 2179 4471 de
2218 4433 2276 4470 re
2308 4412 2449 4470 haud
2477 4416 2551 4470 ita
2581 4415 2786 4485 pridem
2817 4423 2964 4485 gesta
2984 4456 3001 4483 ,
3034 4412 3231 4470 utheri
3276 4427 3322 4471 et
3351 4434 3453 4471 nu-

240 4484 374 4569 P_otis
404 4484 990 4569 essent._l£_ditio_prima
1004 4484 1307 4569 "potuissent
1329 4531 1341 4546 .
1372 4490 1511 4569 quod
1537 4488 1745 4569 “defen-
1773 4509 1827 4569 Β
1853 4487 1969 4569 dius
1994 4491 2357 4569 _tertius.,“ap.
2406 4484 2839 4569 Lati-nus._uVid.’
2883 4487 3094 4569 figam}.
3120 4487 3447 4569 .mPrg‘verb.

180 4552 247 4609 dit
270 4558 477 4616 Ilerald.
507 4573 561 4616 et
585 4552 881 4617 Salmasius
909 4562 973 4615 ad
1004 4552 1401 4615 Tertulliauutn
1430 4561 1499 4615 de
1537 4561 1707 4616 Pallio
1728 4602 1743 4627 ,
1773 4552 1824 4569 ⁴¹
1854 4559 2109 4619 Gataker,
2138 4552 2586 4630 atIMIAntonitt.
2615 4600 2629 4623 ,
2664 4559 2759 4613 lib.
2796 4575 2851 4630 χ,
2889 4560 2916 4630 §
2941 4559 2972 4612 7
2997 4576 3010 4622 ;
3038 4558 3088 4613 .l.
3118 4556 3218 4613 CII.
3252 4558 3446 4626 Wtilf.,

180 4639 281 4702 pag.
313 4631 411 4694 67,
442 4634 688 4702 enallage
713 4633 850 4702 apud
879 4633 1166 4699 scriptores
1187 4630 1612 4695 ecclesiasticos,
1644 4634 1748 4687 im-
1852 4631 1906 4702 in
1936 4631 2145 4686 Ltbanii
2172 4631 2346 4702 Epist.
2380 4631 2510 4694 270;
2543 4628 2717 4702 Juret.
2756 4629 2833 4702 ad
2876 4628 3190 4700 Symmach.
3218 4672 3232 4695 ,
3267 4631 3361 4687 lib.
3392 4649 3447 4700 ι,

179 4698 343 4774 ρήιιιίς
373 4698 763 4758 'I‘ertulliainuui
800 4713 854 4757 et
888 4698 1213 4774 Cyprianum
1234 4743 1249 4766 ,
1295 4703 1744 4770 frequentissima.
1853 4701 2023 4774 Epist.
2056 4703 2123 4767 '5,
2160 4698 2281 4771 pug.
2309 4700 2343 4757 ϐ
2364 4741 2377 4753 .
2409 4702 2474 4756 ed
2505 4701 2695 4774 Lectii.
2743 4698 2931 4772 Nuper
2954 4706 3233 4774 formatum
3271 4720 3418 4758 recen

182 4765 283 4844 Sed
310 4777 436 4843 potis
466 4786 630 4830 essent
660 4793 689 4828 e
716 4776 839 4829 cod.
884 4765 983 4829 ius:
1016 4773 1188 4828 fluxit.
1224 4765 1518 4841 Meursius,
1554 4790 1605 4844 p.
1635 4776 1705 4829 Ἠ.
1725 4816 1742 4841 ,
1852 4765 1950 4827 tein
1978 4765 2173 4829 Jovem
2194 4765 2325 4827 dicit
2347 4773 2620 4829 Arnobius
2652 4765 2899 4842 respectu
2932 4765 3023 4827 liei
3055 4774 3191 4838 veri,
3223 4776 3443 4844 summi,

180 4842 305 4919 conj.
339 4848 578 4919 petissent
615 4864 644 4901 a
682 4848 951 4917 potissum,
1005 4846 1169 4900 verbo
1213 4844 1433 4915 antiquo
1473 4857 1526 4900 et
1556 4842 1745 4901 lucre-
1850 4848 2122 4919 zetegrniget
2154 4860 2443 4919 numquam
2475 4843 2661 4919 geniti.
2689 4844 2933 4919 IIEBALD.
2966 4854 3021 4919 et
3040 4844 3244 4919 Οιιεμη

183 4915 327 4984 tiann.
353 4917 553 4974 03m”
683 4915 692 4917 ’
1924 4917 2088 4971 lrrnit
2129 4934 2200 4971 se.
2225 4916 2299 4971 Ita
2326 4915 2609 4984 legendum
2640 4930 2710 4969 ex
2743 4917 3124 4972 emendatione
3157 4916 3310 4970 It‘ulv.
3343 4915 3445 4972 Ur-

243 4982 297 5061 Si
316 4988 365 5041 in
395 4992 687 5061 linguarum
710 5000 997 5044 nostrarum
1017 4988 1314 5060 facilitatem
1339 4989 1465 5043 solvi
1484 4989 1673 5043 :imnto
1701 4989 1743 5043 si
1849 4988 1972 5061 sini.
2004 4988 2219 5061 lfltrasis
2267 4982 2484 5057 opliittis
2530 4987 2892 5061 scriptoribus
2942 4990 3159 5061 usitata.
3219 4988 3439 5061 Terent.

183 5054 383 5131 arbores,
415 5054 590 5131 glEbte,
632 5080 780 5124 saxa,
804 5078 955 5115 sensu
997 5054 1223 5114 animata
1251 5062 1389 5114 vituli
1421 5062 1558 5115 vocis
1598 5063 1741 5115 soni—
1848 5058 2083 5129 Adelph.
2106 5101 2122 5125 ,
2152 5067 2258 5114 act.
2290 5054 2359 5114 iv.
2395 5074 2544 5116 scen.
2585 5054 2657 5125 ﬂ,
2695 5076 2776 5114 vs.
2809 5060 2872 5113 Il
2901 5077 2915 5113 :
2942 5054 3083 5131 rVide
3111 5074 3181 5131 ne
3216 5059 3442 5131 illehltuc

184 5129 274 5203 tum
298 5129 483 5198 quirent
524 5144 569 5186 et
608 5134 867 5187 verborum
906 5134 1150 5187 articulos
1192 5136 1476 5203 integrare.
1522 5134 1594 5186 ita
1640 5149 1742 5189 non
1848 5148 2055 5203 prorsus
2085 5132 2246 5184 irruat
2270 5148 2342 5186 se.
2376 5131 2451 5185 Ita
2473 5147 2735 5197 erumpere
2759 5148 2812 5185 se
2840 5133 2906 5203 ad
2932 5130 3136 5203 bellum.
3152 5130 3261 5203 Ap.
3281 5129 3396 5186 Cic.
3420 5173 3436 5199 ,

185 5193 523 5275 ducenorum,
551 5214 636 5260 etc
652 5204 985 5260 .Wakelield.
1007 5246 1021 5269 ,
1057 5206 1105 5275 in
1138 5205 1270 5262 Silv.
1296 5193 1467 5267 Crit.,
1503 5213 1632 5259 tom.
1666 5221 1736 5269 ιν,
1848 5193 2151 5275 Ῐξιιίςι.νιιι,
2174 5203 2263 5275 li.
2289 5202 2393 5258 Alii
2410 5193 2779 5275 irruisse'tttrpi
2799 5200 3125 5257 soloecismo.
3147 5193 3438 5259 S'rewscu'.

186 5279 289 5333 Ns.
309 5268 611 5341 ἳᾶιῌοιέιιιιι
638 5277 715 5332 sic
745 5275 965 5330 rt-littxit
997 5268 1013 5330 :7
1047 5274 1107 5331 Si
1132 5277 1184 5330 in
1217 5275 1508 5345 linguarum
1541 5285 1715 5331 nostra

947 5285 965 5329 t
997 5268 1013 5330 :7
1047 5274 1107 5331 Si
1132 5277 1184 5330 in
1217 5275 1508 5345 linguarum
1541 5268 1741 5331 nostra-
1845 5268 2104 5345 CfLCorte
2130 5275 2196 5327 ad
2224 5273 2332 5328 Cic.
2361 5276 2400 5328 ι.
2428 5290 2467 5330 1.

184 5350 283 5420 mn
316 5345 849 5420 facultatem—immo
881 5349 923 5402 si
954 5351 1180 5412 arbores,
1210 5344 1386 5420 glebae,
1413 5364 1560 5420 saxa,
1591 5363 1742 5401 sensu
1888 5344 2136 5420 _XXXV.
2159 5376 2228 5420 -έ-
2247 5345 2306 5405 Si
2335 5363 2435 5420 una
2474 5346 2652 5420 religio
2665 5355 2744 5420 est
2766 5345 2908 5420 nobis
2945 5344 3185 5420 vobisque
3205 5360 3435 5420 commu-

185 5410 386 5489 αηξηιὰιᾳ
422 5419 593 5485 vitali,
622 5422 756 5473 uocis
780 5437 960 5474 sonum
1003 5410 1278 5489 quirent'et
1319 5410 1581 5473 verborum
1611 5421 1712 5473 arti
1723 5449 1739 5460 -
1845 5416 1923 5489 nis
1944 5458 1959 5480 ,
1994 5429 2150 5472 cessat
2178 5418 2257 5472 ira
2296 5410 2594 5472 caelestium:
2634 5416 2897 5489 Mounius
2919 5457 2932 5479 ,
2964 5410 3189 5489 pag.'23
3210 5457 3225 5483 ,
3256 5416 3439 5487 legen-

189 5479 311 5561 Culos
348 5479 626 5561 integrare.
671 5493 768 5545 ista
799 5508 899 5546 non
930 5479 1058 5544 duce
1088 5501 1290 5552 natura.
1323 5502 1428 5545 etc.
1458 5496 1526 5545 At
1574 5491 1737 5545 nolim
1842 5479 1969 5541 dum
1998 5498 2227 5561 censete:
2261 5490 2303 5543 si
2343 5506 2445 5543 una
2490 5489 2669 5561 religio
2699 5498 2769 5545 est
2811 5479 2981 5543 nobis’
3001 5479 3263 5559 uobisque,
3291 5479 3433 5542 Eam-

189 5552 687 5633 qujdquatn'mutare
714 5564 1011 5633 facilitatem
1040 5562 1208 5616 multo
1235 5563 1412 5631 aptius
1448 5573 1531 5616 est
1572 5562 1739 5618 verbo
1842 5552 2163 5633 ritimisetiset
2192 5560 2269 5614 ira
2293 5552 2816 5633 cwlestiuiit.'0nst.t..

189 5622 329 5704 mliti,
353 5634 628 5688 solvuntur
667 5622 811 5688 enim
843 5633 1079 5689 difficilia
1103 5634 1154 5689 in
1191 5622 1535 5699 facilitatem,
1564 5634 1616 5689 in
1660 5633 1738 5687 l'a-
1915 5630 2156 5687 XXXVI.
2197 5663 2270 5672 —
2316 5633 2422 5688 Sed
2461 5633 2617 5704 quod;
2641 5632 2896 5685 hominem
2932 5639 3129 5697 natum,
3182 5641 3264 5704 et,
3294 5631 3433 5704 quod

192 5693 415 5778 gilltaletn
443 5721 544 5778 non
574 5707 723 5760 item.
755 5705 866 5762 Nec
889 5705 1046 5778 etiam
1077 5708 1150 5778 ita
1180 5706 1497 5778 mutandqu
1524 5693 1583 5759 in
1615 5707 1733 5758 ista.
1845 5705 2073 5773 personis
2128 5704 2321 5778 infame
2379 5712 2454 5757 est
2474 5693 2486 5704 ’
2512 5702 2690 5778 uiltbus
2722 5744 2737 5769 ,
2777 5774 2791 5778 _
2814 5704 2978 5778 erucis
3042 5693 3319 5778 supplicio.
3347 5702 3435 5758 in-

307 5773 371 5822 ita
392 5786 470 5830 est
493 5777 651 5851 οὗτῳς
679 5795 735 5831 so
755 5820 772 5843 ,
802 5794 866 5833 ea
894 5776 1337 5851 conditionescil.
1362 5776 1553 5834 hiscere
1578 5779 1619 5833 si
1650 5795 1740 5847 ρο·
1843 5786 2161 5851 teremptunt.
2185 5773 2442 5851 Lactant.
2467 5816 2499 5851 ,γ
2518 5775 2613 5851 lib.
2643 5789 2696 5829 :v
2718 5816 2733 5842 ,
2772 5773 2860 5851 I6_.
2891 5775 3038 5851 Dicat
3068 5775 3201 5831 enim
3224 5779 3443 5851 fortasse

195 5839 247 5884 tis
270 5853 439 5911 essent,
468 5861 568 5905 etc,
592 5839 794 5906 0mm.
1199 5840 1210 5851 ’
1650 5839 1660 5847 ’
1843 5839 2029 5915 aliquis
2062 5862 2080 5901 :
2107 5846 2209 5903 Cur
2231 5849 2274 5901 si
2310 5844 2442 5901 Deus
2468 5839 2605 5917 'fuit,
2646 5854 2691 5901 et
2716 5839 2846 5901 mori
2870 5846 3061 5914 voluit,
3108 5839 3234 5902 non'
3253 5846 3435 5903 saltent
