3878 6312
382 296 489 357 765

1516 299 1792 358 ARNOBII
1819 297 2184 359 ADVERSUS
2219 296 2495 357 GENTES

3566 292 3656 349 ῖσι

379 415 490 490 jus,
520 418 595 483 id.
623 418 767 491 quod
793 418 895 476 sibi
920 430 1237 477 concessum
1259 427 1366 487 est,
1396 419 1659 491 impertiri
1690 419 1846 476 alteri
1874 434 1968 476 no-
1999 423 2052 483 Α
2076 416 2429 474 consimiliter
2445 418 2565 474 aliis
2586 416 2790 473 licitum
2821 430 2943 473 esse
2964 416 3169 474 nolitis.

384 510 542 568 Iunt?
584 512 708 569 Ilaec
742 522 823 570 est
849 513 1054 584 iustitia
1100 514 1385 569 cmlitum?
1424 513 1527 570 hoc
1568 513 1794 569 deorum
1831 513 1981 585 judi-

385 605 527 661 cium
556 606 839 661 sanctum?
866 606 1057 663 Nonne
1098 608 1241 664 istud
1273 608 1461 663 livoris
1488 616 1573 663 est
1602 619 1765 679 atque
1801 609 1983 662 avari-

385 698 475 756 tite
515 713 721 770 genus,
764 714 869 755 non
913 701 1235 757 obtrectatio
1274 701 1518 772 quantam
1551 702 1778 756 sordens
1802 741 1818 763 ,
1858 716 1984 756 suas

386 790 628 848 eminere
681 795 1060 850 tautummodo
1101 795 1241 850 velle
1288 794 1559 861 fortunas,
1611 795 1840 850 aliorum
1893 809 1982 850 res

386 887 578 959 premi,
610 888 736 943 etin
758 896 1066 955 contempta
1100 888 1404 943 humilitate
1434 889 1631 943 calcari
1658 888 1681 941 ἲ

460 979 725 1036 XXXVII.
780 980 971 1036 Natum
1015 981 1287 1036 hominem
1329 983 1577 1037 eulimus.
1628 981 1767 1049 Quid
1809 976 2012 1047 enim,

386 1087 484 1128 vos
514 1073 787 1129 hominem
832 1075 1034 1129 nullum
1075 1076 1251 1130 colitis
1285 1085 1465 1131 natum
1489 1076 1512 1129 ’ἶ
1550 1074 1667 1130 Νοιι
1698 1092 1861 1130 unum
1883 1118 1898 1141 ,
1928 1086 1984 1131 et

387 1166 588 1221 alium?
620 1182 726 1221 non
770 1166 1085 1222 innumeros
1116 1166 1290 1222 alios?
1333 1168 1576 1237 quinimo
1617 1184 1722 1222 non
1749 1184 1937 1223 otuues
1966 1210 1981 1235 ,

387 1274 525 1331 quos
551 1259 660 1329 jam
693 1259 904 1329 templis
937 1259 1146 1315 habetis
1178 1259 1407 1325 vestris,
1448 1260 1756 1315 mortalium
1798 1270 1979 1314 sustu.

389 1350 529 1406 listis
558 1367 622 1406 ex
656 1366 913 1419 numero,
944 1361 999 1407 et
1041 1352 1181 1408 C(BIU
1206 1351 1582 1424 sideribusque
1612 1352 1897 1407 donastis?
1925 1350 1982 1409 Si

391 1444 536 1500 enim
569 1443 708 1499 forte
737 1461 833 1499 vos
860 1443 1031 1516 fugit,
1074 1446 1236 1501 sortis
1263 1461 1356 1501 eas
1384 1447 1631 1501 humanae
1652 1488 1668 1513 ,
1713 1458 1765 1501 et
1796 1447 1986 1501 condi—

392 1538 550 1591 tionis
581 1535 748 1591 l‘uisse
773 1537 1077 1592 communis
1095 1555 1107 1590 :
1128 1539 1386 1607 replicate
1402 1540 1807 1606 antiquissimus
1833 1540 1983 1594 litte-

389 1638 513 1696 ras,
558 1634 613 1683 et
653 1642 838 1684 eorum
880 1632 1078 1700 scripta
1113 1633 1443 1701 percurrite,
1487 1631 1573 1701 qui
1614 1634 1864 1687 vetustati
1908 1632 1986 1686 vi-

390 1722 537 1791 cini,
589 1720 705 1779 sine
753 1723 876 1780 ullis
916 1725 1370 1782 assentationilms
1414 1736 1607 1781 cuncta
1660 1727 1885 1782 veritate
1930 1727 1982 1780 in

2154 509 2441 567 XXXVIII.
2502 509 2608 565 Sed
2658 509 3061 577 concedamus,
3122 507 3387 566 interdum
3447 526 3646 567 manum

2086 602 2278 657 vestris
2307 603 2711 672 opinationibus
2747 602 2968 677 dantes,
3003 618 3165 657 unum
3203 600 3473 658 Christum
3506 603 3656 661 fuisse

2088 696 2156 753 de
2183 698 2338 754 nobis
2363 740 2378 763 ,
2403 699 2600 753 mentis
2624 738 2639 761 ,
2668 700 2862 752 anima:
2886 740 2901 764 ,
2934 698 3175 767 corporis
3198 740 3212 765 ,
3243 694 3540 768 fragilitatis
3566 739 3580 766 ,
3610 709 3658 755 et

2086 792 2409 847 conditionis
2448 794 2603 847 unius
2635 812 2649 850 :
2683 808 2865 848 nonne
2903 792 3095 864 dignus
3119 808 3146 846 a
3189 792 3345 847 nobis
3370 801 3452 846 est
3495 804 3658 848 tanto-

2084 900 2203 939 rum
2234 885 2304 939 ob
2341 900 2623 941 munerum
2658 888 2882 956 gratiam
2916 885 3055 942 Deus
3093 884 3231 952 dici,
3269 887 3511 956 Βουειιιιε
3548 904 3658 943 sen-

2086 978 2219 1033 tiri?
2261 978 2317 1033 Si
2360 978 2503 1033 enim
2551 994 2645 1033 vos
2690 979 2966 1046 Liberum,
3014 978 3157 1050 quod
3211 995 3366 1034 nsum
3415 984 3663 1050 repererit

2086 1073 2215 1139 vini,
2243 1074 2309 1138 si,
2333 1074 2474 1143 quod
2508 1075 2692 1143 panis,
2724 1074 2974 1129 Cererem
2996 1116 3011 1139 ,
3036 1075 3079 1127 si
3103 1073 3501 1144 Esculapium,
3534 1075 3660 1144 quod

2086 1167 2406 1234 herbarum,
2450 1168 2493 1221 si
2535 1167 2859 1233 Minervam,
2909 1166 3051 1237 quod
3096 1168 3266 1234 oleaa,
3313 1168 3358 1221 si
3408 1166 3659 1236 Triptole-

2088 1278 2233 1317 mum
2262 1260 2312 1327 ι),
2346 1258 2487 1333 quod
2515 1260 2677 1317 aratri
2704 1305 2717 1325 ,
2761 1262 2804 1317 si
2832 1260 3063 1331 denique
3092 1258 3399 1325 Herculem,
3426 1260 3563 1331 quod
3594 1258 3663 1315 l'e-

2087 1364 2180 1409 ras
2206 1394 2220 1417 ,
2254 1354 2395 1423 quod
2440 1354 2619 1422 iures,
2662 1352 2804 1424 quod
2836 1353 3208 1422 multiplicium
3247 1352 3480 1422 capitum
3520 1367 3661 1421 supe-

2088 1448 2228 1502 ravit
2264 1449 2701 1517 compescuitque
2733 1447 2964 1501 natrices
2987 1485 3004 1510 ,
3051 1445 3297 1500 divorum
3340 1445 3595 1501 retulistis
3619 1445 3664 1500 in

2087 1552 2281 1596 castum
2310 1559 2323 1593 :
2358 1541 2651 1612 honoribus
2672 1542 2884 1611 quantis
2908 1540 3228 1595 afficiendus
3254 1552 3341 1595 est
3371 1538 3522 1595 nobis
3541 1580 3555 1606 ,
3582 1541 3662 1611 qui

2087 1633 2155 1687 ab
2180 1634 2454 1688 erroribus
2486 1649 2581 1689 nos
2607 1635 2811 1705 magnis
2845 1633 3107 1688 insinuata
3136 1633 3365 1689 veritate
3403 1630 3660 1687 traduxit:

2090 1728 2178 1795 qui
2206 1726 2351 1783 velut
2380 1743 2552 1782 caecos
2579 1728 2803 1799 passim,
2825 1743 2887 1782 ac
2916 1728 3031 1782 sine
3059 1725 3167 1782 ullo
3193 1739 3407 1782 rectore
3431 1725 3659 1798 gradiens

389 1812 590 1887 liquida
638 1816 1011 1886 prodiderunt.
1057 1817 1175 1871 Jatn
1218 1817 1460 1887 profecto
1498 1817 1739 1887 discetis,
1786 1819 1982 1889 quibus
2011 1830 2058 1889 Β
2088 1829 2167 1876 tes
2190 1858 2205 1884 .
2239 1822 2306 1876 ab
2331 1821 2572 1885 demptis
2595 1861 2608 1882 .
2636 1822 2707 1876 ab
2733 1821 2908 1877 deviis
2932 1863 2945 1884 ,
2973 1822 3108 1878 locis
3131 1821 3467 1892 planioribus
3494 1820 3661 1876 reddi-

389 1911 588 1984 singuli
614 1912 853 1981 patribus
881 1953 896 1978 ,
937 1912 1134 1982 quibus
1166 1913 1430 1967 matribus
1460 1912 1658 1967 fuerint
1693 1914 1983 1982 procreati,

388 2020 492 2076 qua
519 2005 570 2059 in
605 2005 718 2059 nati
750 2005 970 2074 regione
996 2047 1012 2072 ,
1042 2020 1145 2073 qua
1171 2015 1331 2075 gente
1351 2046 1366 2071 ,
1408 2020 1528 2075 qum
1559 2002 1779 2058 iecerint
1799 2047 1813 2071 ,
1863 2020 1989 2076 ege-

389 2100 519 2166 rint,
551 2099 894 2169 pertulerint,
923 2098 1198 2153 actitarint
1220 2107 1267 2165 δ,
1287 2113 1421 2169 quas
1452 2099 1504 2151 in
1537 2098 1699 2153 rebus
1726 2094 1989 2153 obeundis

386 2195 742 2251 adversorum
795 2195 1107 2258 senserint,
1155 2190 1676 2264 secundantiumque
1722 2192 1982 2247 fortunas.

389 2288 484 2346 Sin
515 2298 696 2344 autem
725 2288 963 2343 scientes
1000 2284 1168 2343 uteris
1197 2298 1319 2342 esse
1344 2292 1583 2360 gestatus
1607 2328 1620 2352 ,
1655 2297 1709 2342 et
1744 2285 1991 2357 frugibus

388 2399 487 2439 eos
516 2384 788 2439 victitasse
820 2381 1073 2449 terrenis,
1108 2380 1454 2436 nihilominus
1482 2390 1658 2435 tamen
1692 2379 1804 2436 nati
1834 2381 1989 2436 nobis

386 2476 625 2553 hominis
658 2476 945 2547 objectatis
984 2475 1188 2532 cultum
1222 2493 1236 2531 :
1268 2490 1359 2531 res
1385 2476 1544 2546 agitis
1573 2477 1704 2530 satis
1735 2476 1983 2545 injustas,

385 2580 444 2626 ut
469 2568 523 2625 id
556 2570 608 2625 in
637 2568 791 2623 nobis
817 2569 1161 2624 constituatis
1198 2582 1320 2624 esse
1356 2566 1662 2624 damnabile
1687 2611 1702 2634 ,
1748 2568 1892 2639 quod
1928 2576 1984 2624 ct

385 2665 486 2737 ipsi
513 2680 609 2721 vos
639 2662 894 2721 factitatis
924 2682 937 2719 :
965 2674 1059 2720 aut
1081 2705 1096 2731 ,
1119 2679 1240 2737 quae
1271 2664 1423 2719 vobis
1449 2660 1614 2719 licere
1644 2662 1981 2735 permittitis,

2093 1916 2172 1971 dit
2202 1936 2215 1972 :
2244 1917 2331 1987 qui
2353 1960 2366 1981 ,
2394 1916 2535 1988 quod
2568 1916 2887 1988 frugiferum
2920 1919 3093 1981 primo
3127 1929 3288 1987 atque
3327 1916 3554 1973 humano
3583 1933 3658 1988 ge-

2096 2010 2208 2063 neri
2234 2010 2499 2075 salulare,
2537 2010 2677 2065 Deus
2717 2012 3037 2065 monstravit
3063 2010 3188 2082 quid
3218 2013 3313 2079 sit,
3347 2011 3489 2082 quis,
3514 2026 3664 2081 quan-

2096 2115 2181 2159 tus
2200 2146 2216 2172 ,
2254 2115 2307 2159 et
2337 2106 2513 2174 qualis
2549 2125 2564 2161 :
2592 2107 2680 2175 qui
2714 2106 3005 2176 profundas
3033 2106 3151 2175 ejus
3174 2117 3340 2176 atque
3362 2106 3669 2161 inenarrabi-

2097 2197 2176 2252 les
2208 2196 2550 2263 altitudines,
2586 2208 2844 2269 quantum
2886 2209 3067 2252 nostra
3107 2199 3285 2268 quivit
3324 2198 3665 2263 mediocritas,

2097 2302 2290 2362 capere
2315 2301 2367 2346 et
2397 2292 2697 2362 intelligere
2726 2291 2967 2362 permisit
2992 2300 3045 2348 et
3070 2292 3251 2347 docuit
3278 2310 3292 2347 :
3319 2293 3430 2363 qui,
3454 2308 3553 2363 quo
3577 2306 3661 2345 au-

2094 2392 2230 2447 tore,
2263 2399 2368 2453 quo
2405 2393 2555 2453 patre
2579 2383 2810 2439 mundus
2836 2383 2937 2439 iste
2984 2385 3055 2438 sit
3077 2384 3406 2439 constitutus
3427 2393 3482 2439 et
3505 2381 3669 2437 condi-

2094 2488 2213 2539 tus,
2272 2477 2400 2533 iecit
2447 2477 2834 2549 benignissime
2888 2478 3013 2533 sciri
3048 2496 3062 2533 :
3093 2476 3183 2548 qui
3231 2477 3524 2532 nativitatis
3566 2476 3663 2546 ejus

2095 2571 2426 2640 esprompsit
2471 2584 2676 2640 genus,
2723 2576 2778 2624 et
2819 2570 3020 2625 nullius
3066 2568 3363 2640 aliquando
3393 2568 3668 2640 cognitione

2089 2672 2471 2734 prtesumptam
2501 2664 2778 2719 materiam
2799 2674 2821 2703 ε
2848 2662 3010 2719 illius.
3034 2661 3189 2720 Unde
3214 2664 3430 2735 ignibus
3456 2661 3576 2719 solis
3589 2677 3663 2731 ge-

1629 2770 2011 2835 LECTIONES
2048 2774 2463 2834 VARIANTES.

448 2900 474 2962 ξ
508 2898 635 2959 Quid
657 2900 700 2949 si
726 2912 783 2949 ac
808 2898 1106 2962 tolerarint?
1138 2897 1382 2962 Wopkens
1404 2895 1455 2947 in
1480 2896 1623 2949 Μίδα.

445 2957 477 3000 ³)
508 2952 890 3026 ᾗθοιιιοιθιιιιιω
931 2952 1080 3012 Male.
1133 2974 1227 3011 ms.

2159 2897 2183 2927 °
2220 2896 2441 2946 Materia.
2466 2892 2616 2946 Male.
2640 2893 2760 2946 Sub.

1738 3060 2307 3122 COMMENTARIUS.

456 3190 615 3252 Cuius
634 3192 708 3257 id,
731 3189 865 3261 quod
893 3189 986 3244 sibi
1015 3203 1311 3261 concessum
1329 3197 1420 3261 est.
1460 3185 1619 3261 Cuius
1648 3200 1742 3253 pro
1774 3185 1836 3261 de
1874 3202 1977 3255 qua
2003 3185 2048 3248 C
2081 3186 2357 3261 actitarint.
2398 3184 2503 3261 Sed
2547 3185 2669 3242 talis
2722 3184 2984 3241 orationis
3026 3184 3361 3242 abundantia
3407 3183 3661 3241 familiaris

388 3264 669 3320 Genitivus
705 3256 1004 3332 partitivus,
1034 3258 1546 3332 FrancooGallorum
1579 3257 1722 3310 dant.
1769 3256 1975 3332 Quen.

462 3334 651 3389 Nonne
674 3330 810 3388 istud
840 3333 1012 3388 livoris
1041 3342 1191 3398 atque
1215 3330 1448 3384 avaritia
1491 3346 1650 3400 genus
1679 3330 1793 3382 est?
1821 3330 1875 3382 Id
1905 3338 1989 3383 est

387 3409 659 3473 πλεονεξία.
708 3405 822 3459 Non
872 3405 1041 3472 potuit
1093 3418 1277 3457 vocem
1318 3414 1557 3473 grtecaui
1599 3400 1757 3473 latina
1791 3416 1894 3453 una
1936 3411 1990 3454 et

390 3471 603 3550 propria
637 3471 942 3544 exprimere
976 3495 989 3531 :
1018 3475 1217 3531 idcirco
1242 3473 1484 3544 pluribus
1509 3471 1835 3527 dictlonibus
1860 3487 1991 3526 usus

391 3560 492 3606 est.
529 3551 773 3606 Ηειιιιιιι.

465 3623 587 3677 Νοη
626 3620 925 3676 obtrectatio
972 3619 1208 3688 quaedam
1239 3618 1470 3688 sordens.
1520 3613 1762 3688 Proprie.
1807 3613 1986 3669 Gloss.

395 3694 724 3761 Obtrectatio,
778 3686 1076 3759 ζηλοτυτιία.
1114 3689 1381 3766 Δλοιδορῶσιξ
1439 3686 1666 3766 διαϐολὴ.
1696 3688 1992 3766 γᾳκοθέᾎεια.

392 3766 462 3821 Μ.
509 3758 736 3829 Tullius,
785 3758 941 3817 'rl‘usc.
976 3777 1029 3816 tv
1062 3761 1193 3816 1K5!
1224 3758 1484 3815 ωἰιωιίιιὲο
1522 3758 1793 3827 tegi-nudo.
1840 3760 1881 3810 si
1913 3774 1992 3822 ea,

391 3838 529 3909 quod
567 3837 903 3904 concupierit,
934 3836 1067 3889 alius
1118 3836 1363 3909 patiatur,
1396 3833 1506 3909 ipse
1535 3840 1727 3909 careat.
1755 3830 1994 3909 ‘Ubtrec-

393 3902 520 3963 latio
548 3902 809 3963 autemest
829 3923 907 3968 ea,
935 3924 1086 3975 quam
1111 3905 1332 3975 intelligi
1354 3902 1663 3973 zelotypiam
1686 3902 1818 3957 rata.
1842 3902 1996 3975 eugri-

395 3979 518 4034 tuda
560 3998 624 4035 ea:
661 3996 739 4038 eo.
772 3978 907 4049 quod
938 3972 1067 4032 alter
1114 3972 1312 4047 quoque
1340 3976 1567 4044 potiatur
1614 3990 1693 4039 eo,
1736 3973 1871 4042 quod
1911 3972 2000 4027 ille

393 4054 503 4123 ipse
528 4052 891 4121 concupiverit.
926 4051 1164 4105 lienam.

470 4116 703 4178 Aliarnni
748 4140 829 4177 res
859 4123 1050 4189 premi,
1081 4133 1128 4175 et
1158 4123 1212 4175 in
1242 4129 1533 4188 contempta
1561 4116 1851 4172 humilitate
1889 4116 2002 4169 calo

395 4199 523 4253 cari.
559 4195 771 4266 Virgil.,
800 4211 877 4249 XI.
902 4192 1075 4247 1En.:

520 4289 597 4341 Ne
614 4302 753 4339 cessa
777 4291 977 4339 turbare
1003 4294 1158 4350 metu,
1182 4289 1333 4348 atque
1358 4283 1757 4350 extollerevlres

522 4352 698 4403 Gentis
712 4354 791 4402 bis
817 4356 973 4411 vlctte,
1000 4345 1165 4401 contra
1194 4345 1426 4411 premere
1448 4354 1581 4396 arma
1609 4345 1786 4395 Latini.

399 4436 494 4491 llis
521 4444 700 4491 autem
733 4436 911 4489 verbis
938 4438 990 4488 in
1021 4438 1308 4505 contempta
1353 4430 1643 4505 humilitate
1681 4430 1874 4482 calcari
1908 4445 2003 4505 ex-

398 4509 583 4583 primit
623 4506 843 4583 verbum
868 4507 1134 4583 MGt-zectuu
1180 4500 1558 4583 rég‘rswoﬁadai.
1593 4500 1727 4583 Nam
1777 4504 2004 4583 fueratet):
2029 4522 2083 4583 D

399 4570 549 4703 ἒιιιτὲέί
580 4579 833 4640 πατεινός.
863 4579 954 4635 Sic
983 4578 1309 4647 contemptim
1344 4586 1602 4629 conterere
1627 4571 1755 4626 dicit
1782 4570 2003 4629 Plautus

400 4653 454 4703 in
523 4652 706 4703 tnuulo
733 4668 745 4701 :

400 4653 454 4704 in
477 4652 706 4705 PtBunlo
733 4668 745 4701 :

400 4742 502 4791 Sed
524 4750 689 4805 tamen
716 4741 1187 4805 quomodocumque,
1202 4753 1494 4804 quamquam
1518 4742 1671 4805 simus
1696 4740 2001 4805 pauperculi,

397 4805 486 4856 Est
502 4804 629 4854 domi
654 4802 785 4867 quad
800 4805 993 4855 edimus
1016 4802 1191 4855 tte—nos
1210 4802 1307 4855 tam
1331 4802 1669 4866 colutemptim
1693 4802 1939 4854 conteras.

1644 4888 1885 4944 HEIlALD.

473 4982 743 5039 XXXVII.
785 5012 859 5025 ——
891 4983 1012 5038 Non
1045 5001 1201 5036 unum
1250 4993 1296 5036 et
1335 4982 1538 5036 alium?
1575 4998 1675 5034 non
1713 4982 2005 5037 innumeros

401 5057 550 5110 alios.
588 5054 741 5111 Fulv.
774 5055 957 5112 Ursin.
979 5056 1107 5124 leg”
1128 5072 1250 5108 nunt
1277 5072 1435 5108 unum
1461 5065 1549 5108 aut
1569 5055 1750 5119 alium,
1782 5062 1838 5109 et
1861 5054 2005 5109 delet

404 5128 557 5183 alios.
588 5129 700 5182 Non
736 5129 895 5183 male.
926 5128 1130 5183 ORELL.

479 5219 672 5275 Earum
701 5222 893 5292 scripta
924 5220 1229 5289 percurrite,
1255 5230 1347 5273 etc.
1384 5215 1621 5292 llespicit
1645 5219 1910 5292 Arnobius
1939 5218 2009 5277 ad

405 5294 604 5363 scripta
657 5290 975 5360 Evlteineri,
1022 5304 1075 5346 et
1122 5302 1344 5357 eorum,
1397 5306 1532 5363 quos
1579 5290 1716 5346 infra
1767 5292 2008 5347 nominat

428 5364 502 5418 ib.
539 5380 609 5431 Iv,
643 5381 692 5419 c.
717 5365 808 5421 29.
833 5367 1038 5422 URELL.

481 5436 596 5501 Qua
634 5441 686 5490 in
726 5440 832 5491 nati
877 5440 1099 5506 regione.
1136 5435 1275 5490 Cave
1312 5435 1456 5504 legas
1500 5436 1665 5506 innati
1711 5451 1817 5490 una
1848 5451 2002 5491 voce.

406 5506 710 5579 IIchcnim
755 5505 1195 5579 praepositionum
1229 5506 1474 5578 trajectio
1517 5505 1797 5562 familiaris
1828 5510 2004 5562 Arno-

407 5577 516 5631 bio.
542 5576 746 5635 Οιιειι..

484 5648 611 5723 Qua:
655 5653 891 5723 fecerint,
925 5656 1153 5723 egerint;
1197 5651 1519 5723 pertulerint,
1550 5651 1832 5723 actitarint.
1862 5648 2005 5723 Can-

410 5720 697 5789 negitatch
724 5720 779 5777 in
810 5720 969 5778 Curis
995 5724 1250 5780 set-undis
1274 5722 1339 5777 ad
1372 5727 1585 5785 Aviau.,
1619 5722 1754 5789 Fab.
1788 5737 1842 5783 ll.
1871 5738 1920 5774 V-
1949 5722 2000 5786 θ.

410 5789 464 5844 in
495 5788 799 5868 [Miscellatu
833 5796 978 5868 (llis.
1007 5796 1166 5861 (Irit.,
1199 5792 1305 5868 vol.
1338 5812 1429 5860 vn,
1464 5811 1584 5865 pag.
1614 5794 1743 5868 200,
1790 5793 2002 5868 legend.

412 5864 598 5916 censet
632 5881 644 5916 :
674 5881 789 5933 qua:
830 5865 1057 5933 fecerint,
1106 5866 1315 5933 egerint,
1366 5883 1427 5920 ac
1464 5864 1793 5934 pertulerint,
1827 5864 2006 5920 deleto

2094 3258 2356 3311 Arnobio.
2389 3258 2591 3312 OneLL.

2167 3328 2455 3384 XXXVIII.
2500 3359 2573 3371 —
2604 3328 2713 3383 Sed
2765 3329 3103 3383 concedamus
3154 3330 3436 3394 interdum,
3487 3339 3668 3379 manum

2095 3402 2272 3454 vestris
2315 3402 2694 3464 Opinatianibus
2742 3400 2942 3455 dantes.
2998 3400 3268 3454 Interdum
3322 3415 3418 3470 pro
3463 3400 3659 3463 interim,

2095 3474 2302 3526 interea.
2337 3472 2410 3526 Ita
2439 3472 2538 3529 Sil.
2569 3473 2731 3539 Pun.,
2760 3489 2832 3537 Iv,
2856 3488 2937 3527 vs.
2974 3473 3100 3539 491,
3131 3473 3199 3527 de
3226 3472 3518 3527 Hannibale
3545 3488 3558 3524 :

2252 3563 2507 3613 Interdum
2525 3571 2663 3627 rapta
2689 3566 2859 3616 vicinis
2875 3565 3085 3615 saltibus
3107 3563 3217 3614 alno

2254 3627 2557 3678 Flumineam
2579 3624 2724 3685 texit,
2752 3640 2846 3691 qua
2873 3630 3155 3677 trausvehat
3176 3629 3389 3691 agmina,
3415 3624 3617 3677 CiaSSPm.

2098 3732 2170 3790 cf.
2206 3752 2282 3806 vt,
2316 3736 2406 3799 30,
2439 3737 2618 3806 ibique
2656 3735 3060 3791 Drakenborch.
3088 3735 3436 3806 Oudendorp.
3456 3735 3519 3806 in
3548 3732 3665 3800 Apu-

2103 3808 2192 3861 lei.
2233 3804 2475 3873 llletam.,
2523 3804 2618 3863 lib.
2662 3825 2736 3871 ιιι,
2790 3823 2910 3877 pag.
2959 3807 3060 3863 l7l
3103 3817 3160 3863 et
3201 3804 3248 3860 .l.
3300 3807 3389 3862 Fr.
3437 3805 3665 3877 Gronovio,

2102 3876 2242 3934 Obss
2289 3879 2354 3933 ad
2385 3880 2677 3945 scriptorcs
2705 3873 3126 3945 ecclesiasticos,
3158 3895 3280 3949 cap.
3314 3894 3450 3942 xm,
3492 3894 3537 3945 p.
3562 3873 3664 3949 366.

2104 3950 2256 4018 Quod
2293 3966 2471 4005 autem
2515 3951 2589 4004 ait
2637 3967 2843 4004 manum
2888 3952 3032 4013 dare,
3065 3960 3143 4005 est
3192 3946 3290 4018 pro
3341 3964 3512 4003 manus
3548 3946 3665 4018 dare,

2103 4014 2246 4090 quod
2275 4034 2356 4078 est
2386 4021 2653 4078 usitatius.
2684 4022 2814 4076 Nata
2846 4021 3048 4077 locutio
3078 4023 3144 4076 ah
3177 4014 3263 4081 iis.
3297 4022 3385 4089 qui
3418 4021 3573 4090 victas
3598 4014 3664 4068 [ιιι

2110 4088 2288 4149 tentur
2328 4111 2406 4159 se,
2435 4107 2490 4149 et
2534 4094 2825 4148 victoribus
2869 4109 3061 4148 manus
3100 4094 3413 4148 vinciendas
3441 4088 3664 4162 praebent.

2110 4166 2243 4221 Hinc
2275 4182 2371 4236 per
2397 4166 2767 4235 metaphoram
2796 4166 3117 4220 submittere
3146 4181 3206 4221 se
3233 4164 3665 4236 ιιιὶοιιῇιιγεθηιθιι-

2256 4240 2568 4364 νίειιιιιὶοίςὲἱζ
2586 4236 2741 4292 lateri
2784 4239 3032 4292 oratione
3074 4237 3317 4293 alterius.
3345 4235 3420 4291 Ita
3460 4235 3664 4292 Lucret.,

2129 4327 2141 4364 ι
2189 4353 2202 4365 .
2233 4326 2289 4365 ιι.
2326 4326 2405 4364 vs.
2542 4326 2615 4363 ..ε

2129 4326 2202 4365 ID.
2233 4326 2289 4375 II,
2326 4326 2405 4364 VS.
2432 4326 2572 4364 ιυέη
2601 4326 2615 4363 2

2703 4403 2758 4453 Si
2781 4403 2868 4453 tibi
2890 4415 3007 4453 vera
3030 4402 3244 4464 videtur,

2293 4466 2439 4517 Dede
2462 4477 2652 4517 manus.

2110 4568 2199 4627 ubi
2239 4566 2347 4627 vid.
2378 4570 2626 4626 Lambin.
2655 4569 2845 4625 Cicero
2874 4574 3004 4626 Las“
3030 4586 3080 4625 c.
3111 4570 3203 4626 ‘26.
3242 4570 3350 4625 Nec
3378 4568 3503 4623 enim
3537 4558 3664 4636 facil-

2110 4645 2226 4698 lime
2247 4645 2541 4716 agnoscitur
2565 4640 2880 4716 (adulator),
2904 4644 3093 4713 quippe
3112 4643 3197 4714 qui
3220 4649 3370 4716 etiam
3390 4628 3665 4716 ᾳᾴυριξξαξιάο

2108 4732 2242 4787 sirpe
2281 4709 2600 4788 assentetur,
2649 4724 2695 4769 et
2741 4709 2944 4788 litigare
2990 4709 3043 4768 se
3090 4709 3340 4788 simulam
3391 4709 3663 4788 blandiatur.

2109 4785 2261 4857 atque
2302 4786 2369 4839 ad
2414 4797 2693 4841 extremum
2732 4787 2815 4840 det
2846 4802 3050 4853 manus,
3081 4785 3315 4857 vincique
3362 4799 3413 4838 se
3453 4785 3662 4850 patiatur.

2110 4854 2331 4915 [locum
2362 4867 2415 4913 et
2442 4859 2646 4913 Onam"
3230 4854 3239 4857 ⁷
3444 4922 3454 4924 ι
3508 4919 3518 4924 ,
3626 4912 3637 4924 .

2182 4929 2433 4985 Dirorum
2484 4930 2731 4983 retulistis
2781 4925 2834 4982 in
2879 4929 3080 4983 caelum.
3134 4926 3231 4982 Ms.
3285 4942 3393 4997 reg.
3442 4919 3583 4997 habet
3621 4919 3663 4963 it!

2110 5020 2334 5057 censum.
2364 5005 2587 5058 fortasse
2604 4999 2815 5056 melius.
2839 4999 2929 5057 Sic
2954 5000 3088 5055 inira
3107 4999 3203 5055 lib.
3227 5015 3299 5066 ιν,
3317 4993 3366 5053 οῖ
3389 4997 3438 5052 l.
3459 4993 3659 5047 lienam.

2111 5085 2165 5129 et
2196 5076 2485 5131 Srcwecu.

2182 5130 2258 5199 Ab
2303 5144 2531 5215 det-aptis
2558 5158 2616 5198 ac
2643 5144 2819 5199 deviis.
2851 5141 3083 5214 Derupta
3114 5144 3229 5198 loco
3257 5159 3361 5198 non
3401 5132 3527 5215 aliud
3561 5130 3662 5215 sunt

2111 5235 2271 5289 quam
2316 5208 2630 5287 praecipitia.
2675 5215 2749 5271 lta
2798 5208 3105 5284 Lucretius,
3146 5231 3226 5289 vt.
3260 5215 3380 5270 538.
3422 5208 3478 5262 In
3507 5211 3661 5289 great-1'0

2111 5269 2287 5361 ᾔει-ξιξ
2318 5269 2363 5342 2i
2383 5269 3105 5361 rupet'sjderuptaquesaxa:
3140 5269 3423 5348 Msonsms,
3456 5269 3560 5348 pu'g.

2188 5360 2252 5415 Et
2301 5360 2492 5413 nullius
2539 5357 2814 5427 aliquando
2861 5361 3150 5428 cognitione
3194 5364 3538 5430 prtesutnptant
3569 5357 3660 5430 tua:

2115 5435 2294 5488 teriam
2349 5432 2509 5485 illius.
2573 5420 2789 5485 Materia
2851 5420 2987 5497 Dei,
3049 5432 3150 5485 huc
3195 5420 3294 5485 'est
3347 5425 3456 5495 ejus
3507 5420 3659 5497 natura

2111 5478 2451 5580 ξτνενμαῖική.
2482 5501 2750 5580 _Videtur_
2774 5514 2953 5580 autem
2972 5478 2987 5497 ’
3010 5498 3280 5580 Arnobius
3328 5478 3659 5580 τῷοίβίξἜξδξί

2114 5561 2273 5633 verba
2322 5561 2434 5630 Divi
2480 5574 2687 5629 Soteris
2723 5573 2846 5630 Joh.
2900 5588 2973 5641 IV,
3022 5587 3099 5627 vs.
3150 5571 3244 5639 24,
3286 5561 3654 5696 rationem“-

3343 5653 3484 5695 nELL.

3343 5653 3484 5695 IlI-ILL-

2187 5718 2385 5773 Fervar
2411 5718 2732 5772 adsciscitur.
2764 5716 2841 5772 lla
2871 5724 2960 5771 aut
2988 5714 3262 5770 arcessitur
3284 5709 3540 5781 legendum
3564 5704 3657 5781 t‘SSe

2114 5769 2215 5862 ῐινῖ)
2243 5769 2500 5862 illisve—itur:
2513 5769 2970 5862 Vqtiodfeditiones
2992 5769 3209 5862 imirent
3232 5830 3263 5862 ,_
3293 5769 3440 5839 ἀδεεῖ
3479 5769 3656 5831 Uudcn‘

2118 5852 2300 5933 dom,
2334 5860 2400 5917 ad
2429 5852 2641 5933 Apulei.
2671 5861 2794 5917 Met.
2825 5876 2898 5932 tv,
2927 5872 3049 5932 pag.
3073 5852 3199 5915 5l‘2.
3227 5852 3420 5916 OIELL.
