3878 6312
230 378 344 441 765

1588 378 1795 436 LIBER
1836 376 2113 437 PRIMUS.

3420 381 3528 439 766

231 503 411 561 nitalis
440 501 613 559 fervor
639 499 976 557 adsciscitur.
1024 497 1135 555 Cur
1155 498 1283 554 luna
1320 510 1538 568 semper
1564 497 1621 552 in
1657 504 1810 552 motu
1845 496 1899 557 Α
1922 509 2019 549 nos
2048 504 2271 563 sponte,
2300 507 2368 549 an
2390 508 2511 548 cum
2542 493 2673 563 ipsis
2704 499 2818 546 sata
2848 488 2919 547 sit
2946 498 3001 545 et
3023 500 3303 562 procreata
3340 495 3523 553 visce-

230 595 500 653 indemnis
541 593 777 650 creditur
809 590 1128 648 animalibus
1160 591 1339 649 causis
1384 589 1559 646 lucem
1604 603 1821 659 semper

232 698 396 760 atque
425 688 802 743 obscuritatem
833 700 1135 742 resumens.
1164 682 1487 739 Animallum
1519 683 1670 753 origo
1697 699 1816 752 qua:

229 781 340 849 sit,
370 780 605 837 rationes
632 794 764 850 quas
801 779 1033 834 habeant
1071 777 1299 833 semina.
1341 775 1471 846 Quis
1504 777 1679 846 ipsum
1720 772 1821 828 liti-

226 872 367 930 xerit
418 872 717 935 hominem,
766 872 888 943 quis
936 868 1276 934 inlormarit,
1330 868 1415 923 vel
1460 883 1529 924 ex
1579 868 1822 922 materize

227 983 335 1040 quo
359 981 557 1038 genere
587 964 1043 1021 constructionem
1073 964 1241 1034 ipsam
1267 962 1668 1019 coniirmaverit
1698 976 1822 1015 cor-

225 1073 443 1132 porum.
480 1057 616 1127 Quid
650 1056 709 1112 ﬁt
737 1070 946 1125 sensus,
978 1055 1106 1129 quid
1136 1055 1338 1121 anima,
1371 1052 1637 1109 advolarit
1662 1067 1729 1108 ne
1756 1051 1824 1106 ad

1926 586 2109 651 ribus;
2172 585 2362 640 mortis
2408 584 2678 655 particeps
2721 582 2918 654 degat,
2972 597 3041 637 an
3093 584 3511 644 immortalitatis

1925 677 2279 751 perpetuitate
2313 676 2509 733 donata
2536 679 2625 733 sit.
2658 677 2758 746 Qui
2788 688 2959 732 status
2990 692 3088 731 nos
3113 689 3360 747 maneat,
3392 697 3515 739 cum

1923 772 2199 828 dissolutis
2226 772 2517 827 abiecimus
2543 788 2573 826 a
2601 772 2882 826 membris.
2918 769 3170 827 Visnrine
3196 788 3295 829 nos
3320 774 3513 843 simus,

1923 881 1991 921 an
2023 865 2336 921 memoriam
2365 864 2563 919 nullam
2606 864 2773 919 nostri
2812 878 3005 918 sensus
3035 872 3089 918 et
3131 865 3528 924 recordationis

1925 959 2179 1015 habituri.
2230 958 2330 1028 Qtti
2355 957 2713 1028 arrogantiam
2762 956 3426 1028 constrinxitanoslram,
3477 970 3533 1016 et

1930 1053 2100 1107 elatas
2126 1050 2416 1122 supercilio
2441 1051 2680 1107 cervices
2703 1048 2917 1105 modum
2952 1047 3078 1110 fecit
3102 1064 3215 1105 suae
3243 1050 3528 1116 infirmita-

1467 1163 1855 1223 LECTIONES
1893 1164 2196 1227 VARIANT
2205 1164 2307 1232 ES:

288 1304 317 1341 ι
351 1289 671 1352 Constringit.
710 1284 828 1339 Sab.

1578 1404 2144 1464 COMMENTARIUS.

297 1523 406 1580 Cur
435 1525 558 1580 luna
595 1539 794 1594 semper
819 1524 874 1578 in
905 1529 1044 1578 motu
1072 1521 1326 1578 indMnis
1352 1521 1593 1584 creditur,
1624 1521 1827 1575 anima-

228 1598 358 1653 libus
386 1599 558 1652 causis
582 1597 747 1651 lucem
770 1611 967 1665 seraper
990 1605 1141 1665 atque
1163 1594 1519 1649 obscuritatem
1546 1610 1825 1649 resumens.

227 1669 301 1724 ita
333 1670 555 1737 plurimi
599 1668 859 1730 editores,
890 1678 1167 1739 praeeunte
1192 1666 1440 1722 Gelenio.
1480 1665 1616 1739 Cod.
1643 1680 1748 1719 ms.
1775 1674 1830 1719 et

229 1741 393 1815 editio
447 1739 699 1815 princeps
746 1737 968 1794 roma—ua
1017 1737 1216 1815 liabet;
1249 1754 1448 1806 semper
1470 1737 1545 1815 in
1586 1746 1723 1815 motu
1773 1752 1835 1790 ne
1862 1738 1909 1797 B
1938 1755 2096 1791 mare.
2128 1738 2203 1793 lla
2235 1739 2561 1810 Lactantius,
2585 1737 2662 1815 de
2687 1742 2878 1815 Otijlic.
2916 1737 3032 1811 Dei,
3054 1760 3156 1815 cap

228 1814 336 1881 quis
384 1807 650 1877 creditur,
694 1818 826 1873 etc.,
879 1825 1037 1881 quam
1088 1807 1372 1881 lectionem
1428 1808 1832 1881 vitiosissimam

228 1878 393 1938 variis
439 1883 618 1937 modis
647 1878 921 1937 tentarunt
961 1883 1307 1950 interpretes.
1340 1879 1535 1935 Stewen
1557 1878 1614 1933 h.
1646 1879 1754 1947 leg.
1781 1879 1835 1932 in

229 1965 384 2018 motu,
413 1954 472 2008 id
503 1964 598 2015 est,
623 1954 819 2025 inquies
845 1953 1094 2020 creditur,
1113 1964 1220 2025 etc.
1243 1950 1398 2025 ulv.
1425 1951 1837 2025 Urs-incidentiae

228 2027 361 2080 orbis
405 2025 663 2094 redditur,
690 2020 816 2077 'etc.
848 2025 1112 2094 Moiirsuis
1152 2022 1461 2094 ideis_novis
1490 2022 1736 2094 creditur,
1783 2020 1836 2075 id

227 2106 307 2152 est
337 2098 542 2166 formis,
579 2090 822 2167 faciebas.
862 2090 1054 2149 Editur
1082 2093 1253 2165 Lugd.
1284 2092 1428 2157 Bat.,
1454 2103 1624 2167 totum
1660 2092 1836 2167 locum

229 2169 303 2223 sic
331 2164 598 2239 reﬁngit':
632 2166 736 2221 Cur
784 2168 909 2220 luna
952 2164 1253 2239 sempeﬂin
1300 2166 1486 2218 mutuis
1533 2164 1737 2217 damnis
1775 2178 1839 2218 ac

229 2236 521 2305 crementis,
550 2239 862 2293 annualibus
888 2240 1077 2304 causis,
1112 2236 1190 2310 (id
1238 2246 1320 2291 est
1347 2248 1567 2306 propter
1611 2249 1834 2310 annum,

231 2311 294 2365 ad
338 2327 541 2365 annum
592 2310 1014 2379 conﬁciendum)
1060 2306 1222 2363 lucem
1276 2324 1494 2376 semper,
1553 2318 1656 2379 etc.
1707 2306 1838 2379 Qua:

232 2384 543 2437 emendatio
569 2394 751 2450 aptum
783 2376 1003 2451 quidem
1028 2394 1248 2435 sensum
1283 2381 1507 2446 pra-bet,
1541 2378 1634 2451 sed
1665 2376 1835 2451 audit:

231 2454 447 2508 cissima
489 2461 573 2508 est
611 2448 671 2508 et
716 2448 875 2506 nimis
919 2464 1124 2507 remota
1151 2467 1181 2505 a
1212 2452 1441 2506 lectione
1485 2449 1608 2504 eod.
1642 2462 1743 2503 ms.
1781 2448 1839 2504 Si

231 2525 353 2591 quid
367 2534 423 2580 et
443 2524 579 2580 mihi
597 2536 808 2579 tentare
829 2524 978 2587 licet,
996 2524 1246 2591 equidem
1267 2538 1362 2590 pro
1378 2522 1515 2574 idem
1532 2536 1597 2573 ne
1616 2522 1680 2579 is,
1704 2528 1837 2585 etc.,

231 2594 515 2666 legendum
539 2596 870 2665 coniecerim
887 2595 940 2648 in
958 2604 1031 2648 ter
1043 2595 1186 2666 denis
1202 2593 1394 2666 vicibus
1421 2591 1674 2654 redditur;
1686 2591 1739 2666 id
1756 2600 1840 2646 est

232 2660 562 2723 restituitur.
593 2660 910 2723 Si'inillimus
936 2667 1087 2720 locus
1109 2664 1244 2719 inira
1270 2665 1364 2718 lib.
1395 2678 1473 2728 vi,
1499 2677 1551 2717 c.
1578 2665 1664 2717 tt).
1691 2660 1841 2716 Luna

235 2756 433 2807 semper
462 2739 521 2792 in
547 2747 689 2793 metu
719 2747 814 2803 est,
856 2748 903 2791 et
932 2747 1009 2791 ter
1032 2738 1190 2791 denas
1230 2737 1386 2807 [acies
1414 2742 1479 2807 in
1526 2734 1842 2807 restitutione

232 2806 411 2881 accipit
453 2820 737 2865 menstrua.
768 2808 916 2863 Idem
946 2825 1008 2881 ne
1034 2810 1080 2862 is
1108 2817 1291 2881 natum
1335 2806 1547 2881 videtur
1574 2806 1841 2881 ab‘inscio

234 2876 452 2938 librario
479 2884 536 2936 in
575 2890 648 2936 ter
678 2881 822 2934 denis
848 2881 916 2934 ab
959 2879 1065 2933 alio
1105 2879 1364 2932 dictatum
1400 2878 1537 2930 male
1564 2876 1839 2931 audiente.

235 2951 479 3009 Ceterum
514 2965 572 3008 ut
600 2963 767 3006 totum
797 2952 942 3006 hunc
971 2951 1145 3006 locum
1167 2968 1196 3002 ιι
1219 2949 1403 3003 verbis
1426 2963 1441 3000 :
1466 2947 1617 3003 Unde
1640 2947 1841 3017 ignibus

233 3027 371 3092 solis,
400 3036 515 3080 etc.
548 3037 719 3092 usque
749 3022 817 3077 ad
858 3023 1023 3076 verba
1064 3023 1422 3076 obscuritatem
1448 3035 1710 3092 resumens
1740 3034 1840 3092 pu-

238 3090 695 3157 tem‘Glossem‘a,
726 3094 871 3165 quod
896 3109 928 3165 e
958 3094 1223 3165 margine,
1276 3092 1364 3165 ubi
1408 3091 1609 3165 sciolus
1648 3090 1844 3159 aliquis

237 3167 483 3223 librarios
505 3163 837 3236 quaestiones
857 3163 1111 3235 physicas
1137 3163 1523 3236 adscripserat,
1557 3164 1608 3214 in
1637 3170 1841 3216 textum

234 3238 470 3310 irrepsit,
524 3234 651 3292 facit
691 3234 958 3310 imprimis
992 3235 1311 3310 indicativus
1340 3234 1688 3310 adscit_ur.._...
1724 3235 1848 3287 red-

237 3305 370 3364 ditur
415 3311 603 3364 alieno
655 3309 777 3362 loco
824 3308 1049 3377 positus.
1101 3307 1234 3361 Nam
1286 3305 1704 3360 antecedentia;
1745 3321 1845 3374 quo

242 3392 379 3448 patre
406 3380 635 3436 mundus
664 3383 729 3434 sit
757 3382 1082 3438 constitutus,
1111 3392 1266 3448 neque
1293 3392 1355 3430 ac
1381 3377 1697 3445 sequentia;
1725 3378 1851 3448 Ani-

238 3446 437 3508 malium
465 3453 616 3523 origo
643 3468 758 3523 qua:
786 3452 871 3517 sit,
908 3451 1091 3519 procul
1130 3446 1296 3523 dubio
1321 3449 1721 3523 conjunctivmn
1749 3446 1848 3523 lla-

241 3524 419 3590 gitant.
467 3518 604 3591 Quin
645 3518 965 3593 sequuntur,
1011 3522 1319 3575 animalibus
1359 3522 1550 3583 causis,
1584 3519 1715 3572 ttiilti
1762 3518 1848 3593 vi-

242 3589 430 3650 dentur
459 3589 769 3650 sanissima.
808 3593 1003 3648 Verum
1030 3604 1249 3647 Sensum
1282 3607 1347 3646 ex
1374 3603 1523 3658 parte
1555 3607 1691 3642 unus
1719 3589 1850 3645 vidit

243 3666 513 3723 Stewech.
560 3667 821 3720 Animules
849 3680 1020 3719 causa:
1059 3673 1187 3718 sunt
1224 3678 1404 3717 causa:
1441 3662 1712 3727 animatas,
1749 3664 1848 3714 im-

241 3739 413 3804 pulsus
443 3738 530 3792 vis
564 3737 845 3804 cujusdam
875 3737 955 3789 vel
985 3745 1191 3790 natura:
1226 3733 1599 3802 intelligentia,
1631 3732 1846 3800 qualetn

238 3808 355 3872 soli,
385 3811 531 3864 lunae
560 3812 880 3874 (ueterisque
928 3808 1201 3861 sideribus
1244 3807 1605 3859 attribuerunt
1654 3806 1842 3858 Stoici.

239 3880 500 3945 Stulnmts,
546 3881 754 3949 Eclttg.,
784 3880 821 3933 l.
854 3896 891 3949 ι,
919 3893 970 3932 c.
1000 3877 1074 3949 36
1105 3896 1117 3931 τ
1149 3881 1310 3937 Ζήνων
1336 3878 1421 3931 τὸν
1445 3875 1580 3949 iam
1603 3897 1727 3949 φησι
1766 3881 1847 3931 καὶ

238 3955 320 4010 τήν
345 3942 555 4013 σελήιιην
588 3942 806 4007 καὶντῶν
843 3948 1001 4005 ἄλλων
1029 3947 1238 4024 ἄστρων
1281 3949 1498 4003 ἕκαστον
1536 3942 1654 4024 slva:
1680 3949 1847 4024 νοερὸν

239 4026 317 4099 ita!
354 4026 588 4099 φρόνιμρν
616 4026 701 4099 καὶ
744 4018 1167 4099 πύρινονζ-ῖιύρὸς
1193 4026 1505 4099 τςχιίιτικοῦ.
1534 4018 1842 4099 Λιιευιξιῇι..

239 4093 301 4147 de
343 4090 505 4150 Civil;
535 4097 653 4158 Dei,
702 4110 774 4160 Iv,
821 4090 908 4149 ll.
957 4090 1148 4146 Dicunt
1194 4090 1408 4161 (Stoici)
1457 4090 1629 4143 omnia
1674 4091 1844 4145 sidera

240 4176 401 4230 partes
428 4165 578 4221 lovis
608 4181 735 4229 esse,
779 4174 828 4219 et
866 4167 1038 4218 omnia
1069 4165 1232 4218 vivere
1256 4174 1406 4231 atque
1427 4161 1703 4214 rationales
1728 4164 1845 4216 ani-

240 4251 341 4290 mas
369 4238 575 4301 habere,
604 4247 649 4290 et
675 4238 791 4290 ideo
828 4237 937 4290 sine
960 4235 1306 4289 controversia
1332 4231 1469 4288 Deos
1504 4248 1631 4295 esse,
1654 4244 1707 4287 et
1733 4232 1837 4287 iiii-

239 4308 420 4375 primis
448 4309 566 4364 Jul.
608 4307 871 4362 Firmicus
912 4307 1164 4371 Mettius,
1196 4305 1291 4360 lib.
1326 4322 1361 4372 I,
1395 4322 1445 4358 c.
1479 4305 1513 4358 ὅ
1549 4307 1625 4373 (p.
1662 4305 1716 4371 7,
1749 4304 1837 4359 ed.

245 4376 534 4445 Prukner).
567 4378 769 4433 Habent
800 4380 934 4433 enim
969 4377 1131 4433 stella:
1159 4379 1425 4447 proprium
1453 4392 1677 4442 sensum,
1708 4378 1839 4430 divi-

241 4465 450 4520 namque
478 4451 828 4521 prudentiam,
862 4466 982 4502 nam
1002 4467 1132 4518 puro
1158 4450 1436 4502 divinitatis
1457 4449 1697 4501 animatte
1720 4465 1842 4502 con-

243 4533 403 4590 ceptu,
432 4539 633 4576 summa
661 4522 760 4586 illi,
789 4537 851 4575 ac
877 4523 1061 4575 rectori
1091 4521 1223 4585 Deo,
1255 4524 1342 4588 qui
1382 4521 1554 4573 omnia
1583 4530 1841 4587 perpetui?

242 4589 356 4661 legis
381 4594 717 4664 dispositione
741 4591 1046 4660 composuit,
1081 4592 1149 4645 ad
1193 4595 1427 4664 perennis
1474 4590 1840 4664 procreationis

243 4662 623 4735 custodiendum
670 4666 923 4729 ordinem,
970 4663 1375 4735 iufatigabilibus
1424 4662 1840 4717 consensionibus

245 4734 605 4806 obsequuntur.
651 4736 820 4802 Quam
865 4734 1189 4806 sententiain
1231 4734 1391 4789 etiam
1441 4736 1702 4804 primores
1742 4736 1841 4788 Pa-

246 4805 375 4859 trunt
402 4808 601 4872 secuti,
636 4819 695 4860 ut
742 4808 1016 4861 Arnobius
1046 4805 1147 4859 hoc
1176 4808 1295 4861 loco
1323 4817 1377 4861 et
1415 4808 1695 4874 Origenes,
1728 4808 1836 4876 qui,

247 4882 373 4931 teste
402 4879 729 4949 llieronymo
763 4879 931 4944 Epist.
957 4877 1021 4930 ad
1049 4878 1256 4931 avitum
1290 4878 1380 4938 59,
1413 4878 1535 4930 solis
1561 4887 1606 4930 et
1637 4877 1773 4931 (ante
1793 4890 1839 4931 et

244 4949 500 5003 stellarum
528 4951 729 5003 animas
754 4951 982 5019 agnovit,
1006 4965 1164 5019 neque
1183 4966 1240 5002 eo
1266 4958 1434 5001 tamen
1467 4959 1711 5019 tempme,
1738 4966 1838 5017 quo

248 5020 451 5093 mundus
479 5025 647 5093 [actus
676 5029 768 5086 est,
794 5018 921 5074 esse
963 5024 1197 5089 coepisse,
1229 5020 1319 5093 sed
1344 5029 1615 5090 auteqnant
1660 5018 1837 5075 lucens

248 5085 386 5168 illud,
418 5105 465 5147 et
479 5085 681 5168 'ardcns
717 5085 1215 5168 corpus__intrar_ent.
1250 5091 1348 5147 Hic
1387 5085 1602 5147 veteres
1645 5095 1835 5148 Astro-

248 5156 365 5229 IOgi,
396 5164 544 5221 verbi
569 5157 753 5228 causa,
783 5156 1056 5229 Manilius,
1087 5163 1339 5220 dixerunt
1370 5180 1383 5216 :

1143 5276 1344 5328 Conscia
1368 5276 1453 5327 fati

399 5340 572 5392 Sidera
588 5341 810 5393 diversos
826 5341 1076 5391 hominum
1103 5342 1338 5391 variantia
1362 5352 1520 5391 casus.

253 5462 542 5547 E.J.Lips.
579 5474 646 5529 de
688 5474 997 5547 Pbysiolog.
1038 5462 1226 5547 Stoic,
1272 5473 1452 5547 lib._n,
1477 5472 1695 5530 dissert.
1726 5472 1831 5544 M,

255 5534 427 5617 Opem,
541 5546 650 5602 955
676 5534 789 5616 sq;
805 5547 911 5601 vol.
932 5534 1005 5613 ιῖι,
1029 5546 1114 5601 ed.
1154 5534 1612 5617 vesalﬁmterntn
1638 5534 1833 5603 mirum

256 5611 334 5686 cui
367 5611 526 5672 videri
557 5611 746 5686 possit,
778 5634 875 5673 cur
900 5611 1170 5672 Arnobius
1204 5617 1255 5669 b.
1293 5616 1329 5669 l.
1358 5616 1627 5670 Christum
1656 5618 1723 5672 de
1748 5633 1835 5673 re-

258 5677 348 5760 !llls
376 5677 604 5760 physicis
627 5701 680 5743 et
709 5677 961 5744 meteoris
988 5690 1269 5744 docentem
1302 5689 1589 5742 induxerit.
1617 5689 1681 5744 At
1710 5688 1835 5745 fecit

258 5746 351 5828 illic
378 5746 531 5815 inore
570 5763 859 5815 multorum
910 5760 1165 5815 Ecclesiae
1203 5768 1443 5828 patrum,
1479 5761 1567 5825 qui
1595 5761 1831 5816 divinmn

261 5819 485 5902 §otereitt
519 5844 789 5902 tamquam
835 5832 1010 5887 omnis
1056 5819 1332 5901 sapientia:
1360 5819 1554 5886 divinae
1581 5848 1733 5902 astute
1771 5848 1835 5889 ac

264 5891 490 5959 humanae
535 5891 845 5976 magistrum
874 5891 1323 5974 repraesei'itantcs
1349 5904 1470 5960 talia
1492 5947 1507 5971 ,
1549 5904 1618 5962 de
1640 5891 1832 5974 quibus

1922 3455 2017 3506 .atl
2068 3454 2289 3509 Sallust.
2321 3457 2500 3520 C:ttil.,
2536 3472 2583 3511 c.
2632 3460 2721 3519 r50,

1928 1538 1999 1605 ne
2036 1522 2258 1605 verbum
2290 1523 2506 1605 quidem
2546 1525 2773 1594 dixerat,
2808 1524 2881 1597 illi
2912 1524 3237 1585 aftinxerunt
3261 1571 3278 1598 ,
3337 1531 3539 1605 qualia.

1932 1594 2091 1650 Plato
2119 1594 2348 1650 Socrati.
2386 1596 2590 1653 OssLL.

2010 1667 2146 1745 Quis
2164 1670 2477 1745 informant.
2515 1670 2971 1745 Inferniareidem
3004 1672 3144 1742 quod
3177 1673 3400 1743 simplex
3424 1673 3531 1745 foro

3194 1744 3228 1800 8
3262 1764 3274 1799 :
3308 1745 3411 1799 Eas
3435 1747 3536 1800 iai-

1940 1763 2096 1791 mure-
2128 1763 2203 1793 lla
2235 1763 2561 1810 laiﬂllilllllus,
2595 1763 2662 1796 ue
2687 1763 2878 1807 υιιιιιο.
2916 1763 3027 1811 υθι,
3054 1763 3156 1815 cap
3194 1763 3228 1800 δ
3262 1764 3274 1799 τ
3308 1763 3411 1799 nos
3435 1763 3531 1817 igt-

1940 1818 2212 1885 turaurcs.
2259 1851 2273 1864 .
2321 1852 2334 1865 .
2380 1851 2394 1863 .
2440 1854 2452 1867 .
2499 1813 2716 1885 ._noluit
2750 1808 2885 1867 Deus
2906 1817 3095 1885 artifex
3125 1816 3359 1871 mollibus
3381 1819 3531 1885 pelli-

1937 1882 2067 1936 culis
2106 1882 2386 1953 informare
2413 1925 2428 1949 ,
2485 1883 2572 1939 ubl
2609 1884 2729 1940 vide
2778 1882 3110 1941 Bitnemann.
3137 1904 3319 2013 ,Opag.
3374 1882 3535 1944 1165.

3204 1972 3357 2013 nunc.

3204 1972 3357 2014 BELL.

2012 2024 2416 2102 conﬁrmaverit.
2442 2027 2630 2102 _Fulv._
2655 2028 2882 2102 Ursinus
2909 2029 3066 2102 conj.
3095 2034 3486 2102 contui-owner“
3518 2074 3534 2100 ,

1940 2094 2202 2172 probante
2258 2095 2490 2153 Menrsio
2520 2108 2575 2154 et
2601 2099 2927 2155 Stewechio.
2969 2094 3073 2156 sed
3108 2094 3319 2168 [iraastat
3350 2094 3538 2172 con/ir;

1940 2182 2099 2221 mare.
2134 2166 2267 2221 Nam
2295 2172 2619 2241 conformare
2653 2189 2838 2241 corpus
2883 2182 3032 2228 recte
3060 2166 3273 2241 quidem
3305 2166 3497 2229 dicitur
3519 2219 3535 2243 ,

1942 2250 2266 2315 non‘a'utem
2300 2245 2720 2315 constructionem
2756 2244 2985 2312 corporis
3025 2244 3349 2315 conformare
3381 2287 3394 2308 ,
3442 2248 3538 2303 sed

1941 2311 2250 2384 conﬁrmare
2276 2353 2291 2375 ,
2322 2312 2426 2367 hoc
2454 2322 2538 2368 est
2576 2317 2720 2369 omni
2764 2311 3018 2384 exparte
3051 2311 3280 2382 tirmam,
3311 2316 3537 2373 solidam

1943 2382 2363 2458 redderecuuid
2387 2385 2527 2453 quod
2557 2382 2946 2458 conformavérit
2969 2403 3089 2441 cum
3117 2388 3437 2455 prmcedenti
3461 2391 3542 2443 in-

1942 2454 2238 2531 formaverit
2279 2454 2697 2531 ingratissimam
2757 2457 2999 2531 efﬁceret
3046 2454 3416 2531 tautologiam.
3475 2460 3542 2516 Et

1942 2524 2312 2593 omninodun
2354 2531 2469 2584 haec
2490 2528 2649 2582 verba
2696 2528 2994 2593 smpissime
3051 2524 3453 2585 eonl‘undnntnr
3483 2533 3536 2587 in

1942 2594 2068 2668 Mss.
2102 2592 2217 2650 Fid.
2252 2596 2451 2663 Gr:ev.,
2483 2600 2547 2653 ad
2573 2598 2686 2655 Cic.
2710 2598 2880 2668 Epist.
2906 2600 2971 2655 ad
3002 2598 3151 2655 Fam.
3188 2613 3228 2664 ι,
3257 2603 3309 2659 8.
3330 2600 3534 2659 anu.

2014 2665 2094 2720 An
2121 2684 2235 2721 cum
2256 2669 2396 2745 ipsis
2413 2680 2521 2725 sata
2542 2673 2604 2725 sit
2632 2665 2924 2740 visceribus,
2942 2671 2994 2727 id
3023 2682 3102 2728 est
3144 2688 3256 2727 cum
3277 2674 3387 2745 ipso
3416 2691 3532 2729 cor-

1944 2755 2086 2811 pare,
2111 2749 2170 2792 ut
2197 2754 2327 2811 εει-ι).
2359 2738 2563 2796 Οιιειιι.

2026 2808 2383 2865 νῖκαι-ιηεήοδ
2405 2816 2584 2869 simus.
2630 2853 2645 2868 .
2690 2856 2704 2870 .
2751 2851 2766 2867 .
2815 2857 2828 2869 .
2873 2856 2888 2870 .
2929 2831 2997 2869 an
3014 2817 3308 2871 memoriam
3334 2818 3537 2873 nullam

1945 2883 2107 2935 nostri
2156 2877 2334 2935 senstls
2380 2895 2428 2937 et
2476 2886 2840 2939 recordationis
2880 2886 3123 2941 habituri.
3150 2888 3224 2942 lla
3258 2888 3540 2945 leuendum

1944 2966 2066 3007 cum
2088 2954 2295 3025 editore
2323 2954 2491 3025 Lugd.
2519 2956 2635 3010 Bat.
2671 2974 2776 3011 non
2821 2959 3021 3011 victuri.
3054 2956 3183 3014 Nam
3215 2954 3374 3014 modo
3406 2961 3546 3016 dixit

1945 3024 2215 3102 Arnobius
2242 3041 2255 3081 :
2285 3024 2614 3102 unianima)
2637 3028 3036 3102 immortalitatis
3072 3033 3406 3102 perpetuitate
3447 3034 3541 3086 do-

1946 3105 2069 3169 nata
2108 3096 2194 3161 sit,
2242 3098 2383 3167 quod
2402 3096 2568 3169 'plane
2596 3099 2736 3154 idem
2765 3112 2940 3161 esset.
2975 3096 3114 3169 quod
3151 3096 3332 3156 victuri
3358 3105 3539 3159 simus.

1971 3166 2150 3242 Videre
2180 3166 2357 3223 autem
2378 3166 2574 3224 dicitur
2607 3188 2692 3240 ap.
2726 3171 2947 3226 Latinos
2973 3166 3040 3227 de
3064 3176 3207 3228 omni
3255 3188 3452 3242 sensu,
3489 3184 3544 3230 ut

1954 3238 2223 3313 signillcct
2270 3242 2489 3305 sentire,
2537 3238 2842 3313 cognoscere
2862 3286 2876 3309 ,
2920 3253 2977 3297 ιιι
3005 3262 3125 3299 cum
3153 3244 3365 3300 dicatur
3397 3266 3407 3299 :
3436 3238 3547 3302 vide

1953 3312 2260 3387 quietaque},
2289 3312 2405 3387 vide
2442 3314 2569 3379 quid
2602 3312 2743 3367 'oleat
2776 3356 2789 3379 ,
2823 3316 2949 3386 quid
2969 3316 3155 3387 sapiat,
3180 3332 3330 3386 quatit
3363 3316 3544 3372 (lin-um

1952 3383 2039 3436 sit.
2072 3382 2260 3437 \‘id.S.
2285 3382 2593 3452 Augustin,
2615 3382 2882 3453 Confess,
2916 3387 3005 3441 lib.
3030 3382 3087 3452 ἰ,
3113 3408 3158 3442 ι’.
3185 3382 3274 3450 35.
3308 3400 3359 3443 et
3381 3390 3544 3444 Clll'le

2758 3472 2876 3527 pag.
2899 3459 3025 3513 947.
3077 3456 3232 3515 Verte
3261 3463 3447 3531 igitur,
3482 3463 3544 3515 ob

1952 3526 2045 3601 mir
2081 3526 2236 3594 (naclt
2266 3529 2379 3601 dent
2413 3526 2575 3601 Tolle)
2605 3529 2734 3582 noch
2764 3526 3057 3601 'emp/inden
3087 3575 3101 3596 ,
3143 3532 3266 3585 oder
3280 3526 3355 3584 ὀὐ
3376 3533 3502 3585 alles
3526 3575 3541 3597 ,

1953 3593 2426 3674 Bewttssts_ryn_der
2472 3593 2824 3674 Euipﬁndung
2852 3593 2960 3674 und
2994 3593 3318 3674 Erinnerung
3353 3593 3543 3657 aus/io;

1951 3680 2040 3719 ren
2078 3671 2261 3722 werde.
2291 3668 2496 3725 anLL.
2530 3671 2725 3724 Vol-nm
2757 3668 2968 3742 quidem
3001 3683 3101 3739 est,
3133 3668 3345 3728 viden'ali
3381 3677 3543 3731 verba

1950 3742 2019 3791 ab
2040 3750 2233 3812 otnucs
2261 3755 2452 3794 sensus
2485 3742 2671 3795 referri
2702 3758 2860 3812 posse
2884 3785 2899 3809 ,
2930 3756 3190 3811 quatenus
3216 3746 3394 3799 omnis
3417 3760 3544 3800 sen-

1952 3809 2091 3865 satio
2131 3813 2603 3868 animadversione
2660 3809 2983 3869 continetur.
3032 3816 3179 3870 Multi
3218 3818 3283 3869 ιιι·
3339 3815 3435 3869 bno
3485 3830 3542 3871 re

1951 3895 2307 3960 mannertmt;
2360 3885 2521 3960 etiam
2556 3884 2780 3960 Ernesti
2827 3886 2891 3937 ad
2923 3887 3234 3960 Callimach.
3271 3884 3541 3960 llymn.in

1952 3953 2153 4021 Apoll.,
2182 3968 2325 4008 vers.
2356 3958 2413 4010 4-.
2461 3956 2566 4011 Sed
2591 3971 2709 4026 quas
2736 3958 2981 4026 esentpla
3015 3953 3333 4023 alii-runtur,
3366 3962 3537 4027 plera-

1948 4040 2054 4093 que
2081 4029 2259 4079 omnia
2290 4027 2554 4096 ejusmodi
2583 4038 2729 4090 sunt,
2759 4039 2814 4081 nt
2836 4030 3143 4097 adjunctuni
3168 4031 3395 4085 habeant
3421 4046 3540 4086 cer-

1949 4103 2060 4149 tum
2090 4111 2257 4166 genus
2286 4113 2563 4166 sensnmn,
2597 4114 2703 4168 quo
2732 4100 2957 4155 Verbmtn
2984 4100 3109 4155 illud
3142 4101 3373 4157 refertur
3395 4144 3408 4164 ,
3445 4118 3543 4158 nec

1946 4168 2118 4223 videre
2148 4168 2465 4240 simpliciter
2499 4170 2732 4238 ponitur.
2775 4170 2938 4240 Atqui
2971 4171 3252 4226 videndum
3277 4183 3388 4237 est,
3414 4190 3541 4229 num

1948 4242 2071 4314 talia
2101 4242 2436 4309 reperiantur
2475 4242 2754 4314 exempla,
2791 4244 2876 4298 ubi
2924 4244 3094 4296 videre
3134 4261 3239 4299 non
3288 4243 3421 4299 hanc
3450 4258 3543 4300 aut

1944 4310 2090 4383 illum
2121 4325 2373 4367 Sensuum
2405 4310 2756 4379 partem,'sed
2776 4356 2789 4378 ,
2837 4324 2893 4368 ut
2921 4314 3022 4369 hoc
3052 4314 3170 4370 loco
3189 4358 3203 4382 ,
3230 4315 3543 4383 simpliciter

1946 4382 2250 4457 universam
2273 4385 2539 4440 sentiendi
2569 4387 2674 4439 vim
2697 4388 3099 4457 complectatur.
3128 4382 3395 4442 Ocnsasa.

2020 4455 2202 4509 Elatas
2232 4458 2509 4524 supercilio
2533 4458 2770 4511 cervices.
2811 4455 3041 4512 Cervices
3074 4459 3251 4514 tollere
3277 4460 3539 4528 superbo-

1865 4558 1918 4619 D
1943 4541 2063 4582 rum
2095 4535 2220 4619 est;
2256 4537 2464 4619 contra,
2498 4531 2680 4619 qnirde
2702 4545 2759 4583 se
2791 4529 3031 4619 [Igillt‘S'le
3061 4533 3322 4619 seruiunt,
3358 4534 3542 4619 dicun-

1945 4607 2032 4652 tur
2061 4598 2204 4664 plani
2233 4609 2284 4652 et
2311 4602 2498 4668 planos
2518 4598 2583 4654 se
2602 4602 2799 4672 facere.
2823 4600 3077 4672 Cyprian.
3103 4601 3169 4655 de
3198 4602 3537 4659 Mortalitate:

1943 4672 2183 4725 cervicem
2206 4672 2377 4741 ﬂectat
2399 4672 2627 4742 superbi.
2662 4670 2929 4736 Lartaut.,
2954 4671 3045 4726 lib.
3076 4689 3128 4740 v,
3158 4691 3204 4728 c.
3237 4674 3308 4729 ’25
3341 4690 3354 4728 :
3394 4673 3540 4729 Idem

1943 4743 2076 4796 nihil
2115 4744 2327 4796 tumoris
2346 4752 2496 4812 atque
2520 4744 2805 4796 insolentia:
2825 4759 3005 4814 gerens
3036 4784 3050 4805 ,
3109 4762 3211 4799 non
3263 4746 3464 4800 extollit
3486 4763 3539 4801 se

1942 4815 2119 4878 altius,
2154 4830 2244 4867 nec
2268 4816 2416 4885 erigit
2447 4817 2722 4882 superbum
2750 4826 2925 4878 caput,
2954 4816 3043 4868 scd
3084 4816 3316 4885 placidus
3342 4828 3387 4870 et
3410 4833 3507 4871 con

1942 4902 2057 4939 cors
2083 4896 2128 4938 et
2157 4888 2316 4939 comis
2344 4896 2390 4940 et
2422 4887 2605 4955 planus
2634 4895 2727 4953 est,
2757 4892 2878 4957 quia
2903 4889 3245 4941 conditionem
3276 4906 3419 4942 suam
3448 4905 3541 4942 no-

1941 4960 2030 5011 vit.
2054 4958 2303 5033 Busan.
2317 4968 2371 5013 et
2387 4959 3195 5033 lIeuALo.—lil_eursinscorrigit
3211 4961 3540 5033 superciliuse

1941 5032 2181 5082 cervices.
2226 5031 2328 5084 Alii
2369 5044 2484 5101 cum
2535 5030 2811 5096 supercilio
2853 5032 3087 5097 cervices,
3128 5029 3282 5101 quod
3303 5029 3541 5086 defendit

1941 5101 2064 5155 Jan.
2101 5102 2275 5155 Dousa
2303 5101 2367 5156 ad
2407 5100 2601 5156 Catulli
2630 5101 2799 5157 carm:
2831 5116 3024 5165 LXVIII,
3055 5118 3135 5156 vs.
3167 5103 3221 5167 4,
3242 5114 3294 5155 ut
3323 5105 3392 5156 sit
3414 5118 3537 5156 sen-

1942 5188 2035 5227 SllS
2068 5189 2081 5224 :
2114 5182 2162 5225 et
2187 5174 2520 5243 supercilium
2548 5175 2737 5227 elatum.
2769 5185 2815 5226 et
2838 5176 3073 5228 cervices.
3108 5173 3175 5227 Et
3207 5176 3273 5226 ita
3319 5176 3535 5243 quidem

1941 5244 2228 5300 Petronius
2258 5262 2378 5317 cap.
2408 5260 2516 5310 XCI,
2549 5243 2577 5317 ᾗ
2611 5246 2662 5297 7.
2692 5244 2972 5314 Postquam
2999 5261 3051 5298 se
3076 5245 3238 5297 amari
3262 5246 3538 5309 sensit,su-

1942 5317 2213 5384 percilium
2261 5316 2418 5371 altius
2474 5316 2678 5372 sustulit
2694 5327 2789 5382 ;.ct
2821 5320 2934 5384 ipse
2961 5329 3147 5371 noSIer
3178 5317 3309 5369 inira
3339 5316 3431 5371 lib.
3460 5332 3493 5372 tt
3520 5360 3534 5382 ,

1938 5402 2058 5457 cap.
2083 5389 2173 5443 5t).
2201 5387 2530 5460 Philosophi,
2554 5391 2711 5460 quise
2736 5404 2842 5441 esse
2861 5388 2997 5460 solos
3013 5387 3413 5460 sapientissimos
3442 5406 3538 5441 au-

1939 5467 2159 5523 tumant,
2184 5469 2233 5514 et
2261 5461 2307 5513 vi
2333 5458 2487 5529 hujus
2509 5458 2729 5513 nominis
2756 5458 3087 5527 supercilium
3109 5458 3443 5513 sustulerunt.
3466 5459 3537 5515 At

1938 5533 2274 5600 supercilium
2304 5548 2517 5602 quoque
2547 5546 2640 5602 per
2687 5529 3055 5602 metaphoram
3105 5532 3154 5583 iu
3186 5547 3311 5602 gen.
3342 5532 3406 5585 de
3426 5530 3534 5585 fas-

1940 5610 2015 5668 tu,
2048 5600 2334 5673 superbia,
2358 5600 2686 5673 arrogantia.
2705 5600 2979 5669 Juvenal.,
3003 5611 3107 5657 sat.
3139 5600 3209 5666 6,
3225 5617 3366 5658 vers.
3394 5605 3531 5659 167:

2064 5695 2188 5745 Mala
2211 5695 2529 5755 Venusinam,
2553 5705 2697 5756 quam
2723 5703 2793 5751 te,
2812 5693 3040 5745 Cornelia
3067 5703 3225 5756 mater

2063 5759 2387 5808 Gracchorum
2407 5794 2420 5816 ,
2448 5758 2487 5806 si
2511 5754 2619 5806 enin
2645 5759 2832 5818 magnis
2857 5756 3116 5807 virtutibus
3139 5754 3287 5808 affers

2064 5821 2261 5871 Grande
2287 5819 2607 5883 supercilium
2625 5855 2638 5880 ,
2666 5826 2718 5868 et
2740 5830 2975 5870 numeras
2996 5822 3046 5870 in
3068 5819 3185 5872 dote
3210 5821 3501 5885 triumphor.

1937 5903 2121 5976 Itaque
2148 5905 2221 5959 nil
2250 5903 2585 5959 mutandum.
2612 5901 2815 5958 Οιιιιιι..
