3878 6312
299 288 400 344 791

1445 282 1723 341 ARNOBII
1763 280 2130 340 ADVERSUS
2171 281 2443 340 GENTES

3496 288 3615 345 79Ξ

290 403 395 473 giis
424 422 438 459 :
472 405 788 475 permittant
816 402 908 458 uni
930 417 999 459 ex
1028 402 1228 474 popqu
1260 400 1312 457 in
1344 399 1584 457 ofﬁcium
1618 400 1894 457 sermonis
1920 409 1971 473 Α
1997 400 2066 456 ab
2095 399 2300 466 intima,
2335 400 2481 458 Deus
2507 401 2575 458 ab
2603 403 2889 477 incognitis
2913 405 3129 477 regnis,
3172 414 3227 463 et
3261 405 3331 462 ab
3358 408 3613 463 omnium

294 496 455 552 dandi
482 512 574 553 ora
602 495 960 552 coarticulare
992 504 1259 551 mutorum
1279 538 1294 562 ,
1318 495 1608 551 surdorum
1627 493 1898 551 auriculas

296 602 563 653 reserare,
595 588 711 642 sine
738 587 1028 642 luminibus
1070 587 1366 657 procreatis
1404 587 1686 641 oculorum
1719 585 1900 642 redin—

300 689 515 748 tegrare
545 688 786 739 naturas.
820 688 874 734 et
902 684 952 733 in
998 679 1245 749 frigentia
1273 681 1400 734 olim
1429 679 1671 734 membra
1708 693 1900 734 sensus

296 772 612 842 ultimasque
644 772 925 828 reducere.
962 775 1096 837 Aut,
1129 774 1172 828 si
1204 772 1370 829 ardua
1405 789 1493 830 res
1525 774 1626 829 ista
1653 782 1769 840 est,
1800 790 1898 829 ne-

299 878 404 931 que
420 864 539 918 aliis
561 865 874 934 permittere
889 864 1071 920 talium
1090 876 1318 933 posmnt
1337 881 1558 936 operum
1584 874 1898 937 potestates,

303 955 407 1024 ipsi
457 956 688 1023 faciant,
743 968 799 1012 et
841 973 964 1012 cum
1004 959 1116 1012 Suis
1163 958 1355 1013 [ilibus
1387 959 1614 1024 faciant,
1645 958 1901 1029 quidquid

303 1047 535 1104 malefici
573 1050 840 1120 grumiuis
882 1052 1154 1107 nutricant
1180 1061 1446 1107 terrarum
1477 1053 1628 1108 sinus
1644 1051 1902 1124 quidquid

303 1142 498 1195 virimn
549 1144 790 1199 continet
839 1142 1044 1199 fremor
1089 1145 1180 1200 ille
1235 1147 1564 1212 verborum,
1618 1157 1779 1216 atque
1809 1145 1905 1201 ad-

300 1234 503 1305 juncta:
572 1240 875 1293 carminum
933 1241 1324 1303 necessitates,
1386 1256 1491 1294 non
1560 1239 1901 1307 invidemus,

307 1330 601 1398 adjiciam,
666 1348 772 1387 non
844 1331 1257 1401 interdicimus,
1306 1334 1582 1404 Culltgultt.
1652 1333 1904 1404 Experiri

306 1422 438 1479 libet
469 1435 523 1478 et
552 1440 973 1494 recOgnoscere,
1008 1444 1074 1482 an
1106 1445 1229 1484 cum
1262 1433 1373 1484 suis
1393 1427 1612 1484 efficere
1639 1428 1745 1484 diis
1774 1443 1901 1499 pos.

307 1517 450 1582 sint,
482 1519 624 1587 quod
673 1522 740 1576 ab
771 1523 989 1578 rusticis
1013 1522 1353 1591 christianis,
1379 1522 1718 1595 jussiouibus
1747 1521 1903 1580 facti-

308 1618 476 1665 tntum
504 1623 589 1666 est
620 1612 797 1670 nmlis.

381 1702 509 1759 Llll.
542 1704 789 1762 Desistite
808 1749 824 1771 ,
855 1722 890 1762 o
918 1709 1122 1785 nescii,
1174 1710 1229 1764 in
1272 1709 1558 1766 maledicta
1585 1720 1908 1767 convertere

2002 493 2245 564 principe
2290 493 2435 550 Deus
2480 497 2773 569 sospitator
2815 507 2900 554 est
2944 499 3141 555 missus
3174 517 3369 571 :quem
3423 516 3617 573 neque

2002 585 2082 641 sol
2111 585 2247 656 ipse,
2281 602 2457 657 neque
2479 588 2605 651 ulla,
2629 590 2675 646 si
2700 591 2964 654 sentiunt,
2987 591 3188 658 sidera,
3212 610 3317 651 non
3338 604 3613 661 rectores,

2002 694 2110 734 non
2138 680 2412 751 principes
2458 682 2675 750 tnundi,
2713 699 2821 739 non
2863 683 3098 756 denique
3126 685 3202 741 dii
3231 686 3440 758 magni,
3475 696 3613 752 aut,

2001 772 2091 842 qui
2120 770 2385 843 ﬁngentes
2412 788 2472 830 se
2496 775 2632 830 deos
2676 791 2848 846 genus
2886 792 3051 834 omne
3098 778 3402 834 mortalium
3445 780 3621 835 terri-

2006 876 2149 931 tant.
2202 867 2345 923 unde
2391 878 2483 923 aut
2527 870 2619 940 qui
2669 868 2859 935 fuerit,
2896 879 3187 939 potuerunt
3216 880 3492 928 noscere‘l
3521 871 3619 929 vel

2005 962 2288 1033 suspicari.
2337 960 2404 1016 Et
2450 962 2666 1017 merito.
2704 962 2915 1018 Exutus
2960 972 3015 1018 at
3063 978 3329 1035 corpore,
3371 963 3522 1036 quod
3556 964 3623 1021 in

2007 1055 2199 1126 exigua
2230 1053 2312 1109 sui
2343 1052 2762 1110 circumferebat
2806 1064 2991 1126 parte,
3045 1066 3325 1128 postquam
3351 1056 3524 1111 videri
3551 1069 3622 1111 se

2008 1162 2199 1218 passus
2220 1158 2337 1213 est,
2370 1149 2526 1217 cujus
2552 1155 2698 1203 esset
2739 1156 2832 1202 aut
2876 1146 3257 1218 magnitudinis
3304 1146 3458 1214 sciri,
3506 1161 3620 1202 uo-

2009 1239 2173 1294 vitate
2204 1253 2381 1294 rerutn
2412 1239 2669 1294 exterrita
2699 1240 2949 1295 universa
2976 1238 3158 1295 mundi
3185 1247 3311 1294 sunt
3335 1238 3620 1294 elementa

2011 1334 2255 1395 turbata.
2291 1332 2451 1388 tellus
2479 1343 2623 1387 mota
2665 1332 3032 1399 contremuit,
3061 1346 3211 1387 mare
3243 1329 3485 1387 lunditus
3519 1346 3620 1387 re-

2008 1426 2186 1484 fusum
2238 1438 2357 1493 est,
2401 1443 2497 1484 aer
2541 1427 2719 1501 globis
2769 1427 3040 1483 involutus
3091 1435 3175 1481 est
3225 1427 3619 1491 tenebrarum,

2010 1525 2201 1597 igneus
2246 1522 2394 1579 orbis
2438 1523 2571 1579 solis
2616 1523 2885 1593 tepefacta
2926 1519 3125 1576 ardore
3170 1519 3424 1590 deriguit.
3465 1517 3622 1588 Quid

2011 1619 2157 1672 enim
2188 1618 2424 1672 restabat
2456 1626 2512 1670 ut
2540 1615 2727 1681 heret,
2761 1623 3048 1685 postquam
3074 1612 3214 1669 Deus
3241 1623 3327 1667 est
3352 1611 3622 1683 cognitus

2013 1714 2092 1779 is,
2138 1711 2229 1782 qui
2274 1724 2397 1766 esse
2433 1708 2752 1780 jamdudum
2798 1723 2937 1765 unus
2980 1706 3382 1780 judicabatnre
3419 1703 3623 1761 nobis?

308 1810 400 1851 res
430 1805 639 1863 tantas,
691 1798 827 1855 nihil
876 1802 925 1855 ei
969 1804 1211 1858 nocitura
1258 1805 1350 1875 qui
1396 1803 1556 1871 fecit,
1613 1805 1908 1875 periculum
1938 1820 1986 1882 Β
2083 1803 2219 1862 LIV.
2253 1804 2359 1862 Sed
2389 1820 2496 1860 non
2524 1802 2749 1861 creditis
2775 1811 2929 1873 gesta
2959 1803 3098 1856 haec.
3131 1799 3239 1856 Sed
3271 1799 3365 1870 qui
3392 1813 3456 1854 ea
3481 1813 3625 1854 con-

309 1887 537 1943 allatura
569 1890 665 1946 sed
694 1892 845 1949 vobis
875 1909 892 1949 :
918 1895 1247 1964 periculum,
1280 1897 1498 1968 inquam
1524 1939 1539 1961 ,
1573 1912 1681 1952 non
1716 1912 1911 1967 parvu-

306 1982 449 2046 lum,
494 1983 591 2038 sed
620 1983 673 2038 in
706 1987 869 2041 rebus
899 1988 1146 2055 eximiis,
1180 1988 1276 2045 sed
1308 1992 1359 2045 in
1389 1989 1680 2062 principuis
1706 1989 1912 2045 consti-

312 2082 508 2129 tutum.
540 2075 817 2146 Siquidem
850 2095 936 2135 res
960 2081 1136 2136 anima
1170 2082 1402 2150 pretiosa
1433 2091 1551 2148 est,
1585 2098 1686 2138 nec
1714 2082 1833 2151 ipso
1854 2096 1915 2139 se

311 2164 519 2222 homini
563 2169 856 2242 quidquam
902 2183 1080 2243 potest
1118 2173 1336 2231 charius
1364 2175 1615 2231 inveniri.
1644 2174 1825 2243 Nihil,
1857 2185 1917 2230 ut

315 2262 545 2330 remini,
598 2267 901 2338 magicum.
953 2268 1083 2323 nihil
1128 2271 1441 2337 humanum,
1478 2271 1911 2342 prmstigiosum,

314 2366 405 2408 aut
431 2355 719 2411 subdolum
740 2400 756 2425 ,
786 2359 916 2414 nihil
948 2359 1149 2416 fraudis
1177 2362 1389 2418 delituit
1414 2364 1464 2418 in
1488 2362 1739 2431 Christo,
1770 2364 1915 2419 deri-

222 2516 241 2529 .
313 2447 486 2503 dentis
520 2451 644 2506 licet
689 2469 753 2509 ex
785 2470 935 2512 more
963 2469 1122 2528 atque
1155 2458 1206 2511 in
1238 2458 1520 2515 lasciviam
1546 2459 1919 2515 dissolvamini

312 2545 721 2604 cachinnorum.
759 2550 899 2607 Deus
948 2552 1040 2608 ille
1084 2552 1338 2609 sublimis
1387 2553 1514 2620 luit,
1567 2541 1709 2610 Deus
1738 2554 1924 2610 radice

2013 1899 2204 1970 spicati
2231 1907 2357 1953 sunt
2388 1898 2540 1963 fieri,
2591 1903 2648 1952 et
2684 1894 2786 1951 sub
2828 1892 3001 1949 oculis
3038 1893 3152 1947 suis
3191 1891 3446 1947 viderunt
3489 1892 3622 1960 agi,

2016 2002 2183 2050 testes
2208 1993 2433 2063 optimi,
2470 1990 2872 2061 certissimique
2897 1997 3151 2054 autores,
3183 1996 3239 2042 et
3267 1984 3627 2042 crediderunt

2019 2087 2134 2142 haec
2162 2086 2304 2158 ipsi,
2352 2094 2409 2141 et
2455 2082 2725 2141 credenda
2753 2081 2990 2154 posteris
3017 2079 3177 2137 nobis
3209 2078 3354 2135 haud
3380 2077 3630 2135 exilibus

2017 2194 2138 2237 cum
2163 2178 2646 2251 approbationibus
2677 2175 3039 2232 tradiderunt.
3072 2174 3305 2244 Quinam
3338 2172 3424 2228 isti
3453 2182 3626 2233 sunt,

2021 2270 2252 2327 fortasse
2303 2270 2590 2341 quaeritis?
2649 2267 2892 2330 Gentes,
2938 2266 3151 2337 populi,
3220 2265 3501 2332 nationes,
3573 2273 3633 2319 et

2022 2364 2359 2421 iucredulum
2390 2361 2520 2418 illud
2542 2377 2712 2433 genus
2737 2361 3032 2416 humanum
3054 2348 3072 2415 Ξ
3094 2358 3238 2430 quod
3260 2398 3275 2423 ,
3304 2358 3409 2413 nisi
3438 2367 3631 2429 aperta

2022 2473 2111 2515 res
2136 2466 2302 2523 esset,
2333 2465 2390 2512 et
2419 2456 2540 2511 luce
2570 2455 2683 2521 ipsa
2707 2496 2722 2521 ,
2759 2451 3214 2525 quemadmodum
3245 2451 3464 2517 dicitur,
3511 2450 3630 2505 cla-

2025 2555 2158 2619 rior,
2211 2564 2505 2622 numquam
2556 2548 2720 2606 rebus
2764 2547 3074 2620 hujusmodi
3122 2545 3464 2604 credulitatis
3517 2560 3635 2601 sua:

1564 2668 1950 2727 LECTlONES
1987 2664 2400 2725 VARIANTES.

393 2786 420 2817 ⁸
452 2787 627 2840 Nosse.
674 2800 760 2840 ms.

1720 2890 2283 2950 COMMENTARIUS.

396 3014 705 3094 lno/ficium
749 3013 999 3094 sermonis
1046 3010 1573 3094 dandi._Sermonem
1620 3012 1745 3094 dare
1791 3011 1921 3094 dicit
1948 3031 1993 3094 ρ
2031 3027 2151 3094 πλε..
2183 3011 2354 3094 Antea
2403 3009 2679 3082 legebatur
2726 3007 2857 3063 nihil
2909 3006 3141 3078 fraudis,
3186 3006 3317 3062 nihil
3361 3007 3538 3064 delicti
3579 3009 3634 3063 in

317 3081 591 3142 Arnobius
637 3087 909 3140 locutione
958 3099 1103 3146 rara,
1156 3082 1250 3138 sed
1298 3098 1404 3137 non
1456 3083 1772 3153 impropria.
1803 3081 1921 3139 Non

317 3173 457 3229 opus
496 3173 626 3227 ergo
668 3168 746 3211 est
794 3155 1118 3229 rescribere.
1159 3155 1215 3208 in
1262 3154 1482 3229 o/ﬁcium
1520 3154 1919 3229 sermocinandi.

392 3225 686 3286 Sardorum
739 3228 1005 3282 auriculas
1030 3242 1278 3280 reserare.
1332 3225 1520 3279 I'Ztlitor
1576 3225 1748 3293 Lugd.
1804 3225 1921 3279 Bat.

320 3302 471 3357 dedit
492 3312 740 3360 returare.
792 3299 843 3353 id
874 3307 958 3355 est
980 3299 1218 3360 aperire.
1251 3295 1553 3367 recludere.
1587 3296 1739 3367 0pp._
1776 3296 1927 3350 obtu-

318 3391 456 3429 rare.
493 3372 614 3426 vide
641 3370 895 3430 Nonium,
923 3370 1025 3423 hoc
1048 3369 1234 3422 verbo.
1260 3367 1437 3436 Quod,
1463 3366 1509 3421 si
1531 3365 1689 3421 modo
1711 3365 1927 3424 Codicis

321 3444 429 3499 fide
461 3446 744 3505 niteretur,
771 3442 1016 3511 apprime
1041 3439 1358 3494 conveniret
1399 3439 1656 3511 Arnohio,
1678 3440 1928 3510 antiquo-

321 3533 440 3571 rum
469 3524 525 3571 et
550 3509 920 3570 absolctnrum
955 3511 1486 3580 verborum‘aucupi.
1509 3509 1712 3565 Onam"

402 3586 425 3640 Ι
433 3602 519 3652 pse
549 3588 740 3657 faciant
759 3628 773 3650 ,
800 3595 847 3640 et
890 3600 1023 3657 cum
1046 3584 1169 3657 suis
1198 3582 1380 3657 ritibus
1426 3583 1650 3657 faciant,
1679 3581 1930 3657 quidquid

323 3653 834 3729 nmlc/ici'graminis,
858 3667 953 3709 etc.
980 3655 1244 3729 Meursius
1263 3653 1407 3729 delet
1429 3655 1694 3729 posterius
1712 3655 1929 3729 faciant.

322 3729 389 3785 N.
420 3723 691 3788 Ileins'ius.
719 3729 1029 3785 Adversar,
1058 3727 1151 3780 lib.
1183 3740 1241 3791 tt,
1265 3740 1316 3781 c.
1340 3725 1398 3789 9,
1422 3741 1541 3793 pag.
1566 3723 1691 3793 272,
1716 3727 1926 3795 legend.

325 3812 511 3857 censi-t
532 3819 543 3853 :
566 3809 613 3855 et
635 3816 747 3853 cum
765 3800 871 3853 suis
900 3798 1079 3853 ritibus
1098 3806 1306 3854 acuant.
1327 3796 1596 3866 quidquid.
1618 3809 1749 3861 etc.,
1773 3808 1931 3852 acute

324 3874 576 3944 quidem;
619 3871 711 3927 sed
754 3871 832 3944 nil
884 3869 1219 3944 mutandum.
1268 3867 1463 3944 Verba_
1495 3869 1637 3922 enim
1683 3870 1932 3944 quidquid

326 3938 551 4011 malefici
598 3943 845 4014 graminis
866 3985 879 4003 ,
908 3951 1012 3997 etc.
1038 3983 1053 4004 ,
1086 3940 1356 4014 pertinent
1400 3938 1465 3992 ad
1490 3954 1748 4014 sequens
1788 3940 1931 4014 adiit

324 4010 911 4083 ciuat’.....'colligant,
952 4022 1007 4068 et
1051 4011 1301 4083 quidem.
1334 4020 1393 4064 ut
1433 4010 1561 4064 mihi
1604 4012 1833 4073 videtur,
1862 4011 1930 4067 ad

327 4089 616 4158 po~terius.
648 4086 778 4140 Nam
810 4088 1083 4158 fremerent
1113 4084 1384 4137 verborum
1422 4083 1663 4154 colligere
1700 4084 1805 4139 dici
1842 4086 1930 4139 vix

327 4171 532 4230 posset.
567 4161 766 4214 ()nsLL.

405 4231 622 4285 Fremor
656 4232 742 4285 ille
768 4228 1056 4283 verborum.
1086 4225 1385 4281 Fremorem
1406 4228 1670 4281 verbOrum
1694 4227 1933 4297 appellat

328 4304 546 4373 proprie
575 4302 866 4373 Arnobius,
891 4299 1033 4373 quod
1064 4315 1293 4373 murmur
1312 4300 1933 4373 magicumetsusurrum

326 4368 583 4445 magicum
614 4372 725 4425 alii.
759 4368 1051 4434 Stridorem
1075 4371 1330 4442 magicum
1359 4368 1492 4424 dicit
1512 4368 1778 4438 Tibullus,
1807 4385 1844 4435 ι,
1872 4371 1929 4436 2,

329 4459 412 4500 vs.
446 4444 515 4498 47
544 4460 558 4497 :

517 4554 625 4604 Jam
648 4556 747 4606 ciet
770 4552 986 4605 infernas
1017 4554 1210 4615 magico
1233 4552 1446 4603 stridore
1464 4559 1709 4603 catervas.

333 4659 556 4729 Nempe,
584 4658 708 4727 quia
740 4658 942 4727 magica
974 4658 1059 4711 illa
1091 4657 1329 4729 carmina
1360 4656 1659 4729 breviuset
1687 4654 1927 4729 concita-

334 4731 441 4801 tius
473 4726 921 4801 proferebantur,
960 4728 1561 4801 smnmisqueAtantttnr
1582 4726 1769 4779 labris.
1801 4726 1931 4801 Inde

331 4812 385 4876 et
416 4796 588 4856 Grieci
616 4800 887 4876 direximus,
910 4800 1256 4874 ψιθυρισμούς
1294 4799 1501 4876 dirum.
1524 4796 1924 4876 Hennae—Cf.

329 4872 532 4929 Suvaro
560 4867 863 4936 :ttI'SiIl'Ott”
894 4867 1058 4926 cut'm'.
1094 4867 1149 4936 tl',
1186 4886 1263 4922 vs.
1294 4868 1386 4932 86,
1417 4884 1533 4937 pag-
1569 4867 1658 4922 12.
1686 4867 1887 4924 Οίιειι.

407 4942 529 4997 Νοη
559 4943 911 4996 interdicimus
934 4984 947 5003 ,
976 4942 1242 5010 colligant.
1273 4940 1444 4995 Nullis
1476 4953 1571 5008 pro
1598 4941 1823 5007 imperio
1851 4941 1932 4993 in-

332 5015 644 5069 terdicimus.
691 5014 869 5068 Malim
915 5015 1077 5081 igitur
1112 5013 1493 5070 intercedimus,
1523 5012 1573 5062 id
1611 5022 1715 5077 est,
1745 5010 1931 5081 prohi-

330 5085 546 5147 bemus.
567 5101 673 5155 quo
694 5090 860 5140 verbo
892 5090 1055 5138 untur
1076 5081 1341 5155 Arnobius
1367 5091 1423 5135 et
1450 5082 1572 5136 alibi
1603 5098 1708 5134 nun
1738 5082 1925 5137 semel.

334 5154 679 5211 Translat’um
718 5172 747 5211 a
789 5156 1151 5211 Trihunornut
1183 5162 1238 5207 et
1267 5154 1492 5206 aliorum
1525 5154 1928 5208 interceSSioni-

332 5227 456 5295 bus,
494 5244 722 5298 quorum
769 5224 1213 5283 intercedentium
1244 5238 1348 5278 vox
1373 5233 1489 5279 erat
1526 5222 1651 5279 Veto
1680 5232 1771 5279 aut
1799 5222 1933 5279 Pro-

334 5299 502 5353 hibeo.
543 5298 788 5355 HERALD.

408 5370 812 5442 Recognoscere.
833 5366 1103 5442 Meursius
1113 5366 1262 5442 conj.
1282 5383 1308 5422 e
1324 5382 1377 5421 re
1391 5366 1929 5442 cognoscereQasLL.

408 5435 645 5495 Llll.'—-
696 5442 764 5497 Ut
809 5440 991 5495 rentiui
1061 5435 1263 5492 Remini
1304 5435 1537 5495 restituit
1570 5437 1674 5492 Th.
1733 5436 1933 5494 Canter

332 5510 459 5566 Var.
493 5513 664 5578 Lect.,
701 5515 793 5568 lib.
817 5528 876 5578 ll,
908 5529 957 5566 c.
979 5511 1067 5575 l7,
1094 5520 1247 5565 antea
1271 5510 1474 5563 memini
1487 5509 1696 5565 vitiose.
1724 5509 1927 5565 ORELL.

404 5584 671 5648 Siquidem
711 5601 791 5638 res
838 5584 1013 5637 anima
1057 5582 1276 5648 pretiosa
1314 5591 1421 5646 est,
1451 5596 1543 5635 nec
1583 5581 1698 5649 ipso
1745 5597 1798 5634 se
1839 5582 1934 5634 ho-

329 5654 477 5724 mini,
496 5668 598 5709 etc.
642 5654 931 5722 Meursius,
967 5655 1128 5724 p.35.
1178 5652 1459 5722 legendum
1499 5653 1804 5723 suspicatur
1843 5668 1934 5707 nec

326 5722 440 5792 ipsa
461 5726 649 5780 scilicet
676 5727 888 5788 homini,
915 5722 1020 5779 etc.
1049 5729 1250 5779 UBELL.

396 5792 549 5850 Nihil
593 5799 793 5869 fraudis
837 5796 1036 5853 delituit
1075 5796 1130 5851 in
1174 5795 1403 5854 Christo.
1452 5794 1528 5856 lta
1571 5793 1837 5865 Hcraldq'
1864 5809 1933 5853 ex

2026 3081 2251 3139 Christo.
2276 3081 2479 3140 Osann.

2101 3154 2265 3225 Atque
2298 3155 2350 3208 in
2390 3154 2653 3208 lasciviam
2696 3151 3046 3225 dissolvamini
3072 3151 3465 3225 cachinnorum.
3492 3149 3637 3225 Pru-

2029 3223 2246 3302 dentius
2268 3230 2389 3302 περὶ
2419 3228 2720 3302 casam»;
2754 3223 2859 3302 Gur
2889 3234 2943 3302 tu
2971 3232 3171 3302 sacrate
3217 3239 3308 3302 per
3351 3224 3638 3302 cachinnos

2028 3297 2259 3351 solveris.
2307 3292 2592 3352 Petronius
2620 3314 2635 3352 :
2663 3295 2847 3350 Stabat
2893 3296 3027 3349 inter
3069 3296 3176 3349 htec
3227 3292 3381 3349 Giton
3403 3337 3417 3357 ,
3451 3306 3501 3350 et
3529 3295 3638 3351 risu

2030 3367 2339 3423 dissolvebat
2378 3369 2469 3423 ilia
2507 3385 2621 3424 sua.
2654 3367 2897 3423 ELIENE.
2924 3366 3028 3421 Pro
3053 3375 3205 3431 atque
3222 3365 3499 3423 Ieursius
3523 3383 3637 3422 ma-

2032 3440 2144 3493 vult
2170 3456 2312 3509 atque
2340 3439 2498 3495 male.
2533 3440 2738 3496 Osann.

2109 3510 2246 3565 Deus
2290 3511 2465 3566 radice
2505 3513 2568 3565 ab
2611 3513 2811 3565 intima.
2839 3509 2893 3565 Id
2923 3518 3009 3564 est
3043 3510 3190 3564 omni
3229 3518 3415 3578 parte,
3448 3510 3636 3566 intima

2034 3596 2129 3637 sua
2165 3584 2214 3635 vi
2262 3599 2325 3638 ac
2372 3593 2557 3637 natura
2593 3583 2752 3642 Deus.
2788 3596 2950 3652 purus
2990 3593 3148 3651 putus
3177 3581 3339 3648 Deus,
3366 3599 3505 3652 gon:
3534 3584 3639 3638 und

2034 3654 2294 3709 durchaus
2321 3654 2463 3719 Gott,
2492 3654 2613 3708 Gott
2651 3654 2784 3709 nach
2826 3654 2992 3707 seiner
3030 3653 3288 3708 iunersten
3338 3652 3535 3709 Natur.
3580 3654 3637 3710 lu

2035 3739 2154 3794 seq.
2193 3741 2289 3794 pro
2314 3728 2377 3781 ab
2404 3726 2677 3796 incognitis
2715 3726 2884 3795 regnis
2926 3723 3196 3780 Stewech.
3227 3725 3434 3780 mavult
3459 3726 3640 3783 incon-

2035 3796 2157 3851 ditis
2187 3797 2238 3850 id
2270 3807 2353 3852 est
2377 3798 2613 3852 aeternis.
2640 3796 2841 3852 ORELL.

2114 3867 2177 3921 Et
2217 3870 2414 3922 merito.
2463 3867 2662 3923 Exutus
2708 3879 2761 3921 at
2799 3884 3036 3934 corpore,
3064 3876 3171 3924 etc.
3202 3866 3280 3922 lla
3325 3868 3640 3926 felicissime

2037 3939 2346 3996 emendavit
2374 3950 2429 3994 et
2458 3939 2701 3994 distinxit
2731 3940 2902 3995 locum
2926 3939 3100 3994 editor
3123 3938 3291 4009 Lugd.
3315 3940 3440 3995 Bat.
3464 3942 3636 3997 Antea

2038 4020 2153 4066 erat
2179 4022 2226 4065 et
2255 4012 2433 4066 merito
2461 4021 2645 4066 exutus
2667 4028 2697 4064 a
2727 4026 2960 4076 corpore,
2988 4010 3129 4075 (ιιιηά
3162 4021 3308 4065 recte
3330 4010 3641 4068 «deridebat

2039 4081 2429 4153 Stewechium,
2447 4085 2597 4152 quasi
2615 4085 2806 4137 merito
2822 4097 2916 4147 pro
2933 4090 2959 4136 ι
2979 4081 3107 4136 hrist
3119 4097 3179 4153 us
3196 4093 3389 4137 exutus
3406 4098 3638 4153 corpore

2039 4152 2143 4209 hoc
2183 4165 2265 4208 est
2295 4164 2538 4209 mortuus
2584 4155 2673 4209 sit.
2704 4153 2888 4224 Itaque
2914 4152 3235 4225 conjicicbat
3265 4152 3561 4225 legendum
3586 4167 3639 4209 at

2038 4227 2249 4281 emerito
2281 4225 2419 4297 (hoc
2444 4236 2546 4283 est.
2578 4226 2682 4280 vita
2716 4222 2934 4297 functo)
2961 4234 3141 4279 exutas
3179 4241 3212 4297 a
3252 4222 3490 4297 corpore.
3534 4226 3637 4283 Sed

2040 4297 2187 4351 mulo
2215 4295 2408 4352 melior
2453 4296 2663 4351 videtur
2707 4295 2955 4352 SalinaSii
3000 4295 3326 4351 emendatio.
3363 4295 3432 4351 Et
3458 4299 3638 4353 merito

2040 4368 2161 4449 scil.
2177 4385 2299 4424 cum
2325 4367 2751 4449 przecedentibus
2765 4366 3213 4449 jungendumhoc
3226 4384 3392 4449 sensu
3416 4387 3430 4423 :
3452 4368 3638 4424 Merito

1960 4429 2014 4490 Ι)
2040 4438 2189 4494 illam
2216 4429 2612 4494 nou'uoverunt.
2646 4429 2830 4494 Mirari
2860 4429 2962 4493 non
2990 4440 3124 4502 licet,
3156 4441 3199 4493 si
3228 4439 3379 4495 illum
3409 4456 3516 4494 non
3547 4457 3636 4494 no-

2033 4521 2231 4565 verunt.
2266 4510 2362 4567 Est
2392 4511 2455 4567 ist
2481 4510 2773 4578 naturlich,
2800 4509 2920 4566 dass
2955 4511 3030 4566 sie
3064 4511 3180 4639 Ηυξ)
3200 4513 3339 4566 nicht
3386 4509 3634 4569 kanntcn.

3183 4599 3337 4639 nunc.

3183 4599 3318 4639 RELL
3326 4626 3337 4637 .

2106 4652 2389 4741 gostquam
2414 4653 2574 4741 uideri
2596 4670 2650 4707 se
2671 4669 2851 4741 passus
2875 4662 2968 4717 est,
2994 4654 3143 4725 cujus
3167 4665 3410 4741 essetaut
3437 4657 3638 4741 magni-

2035 4725 2227 4779 tudinis
2256 4726 2396 4798 sciri.
2430 4726 2601 4780 Locus
2631 4725 2954 4798 mendosus,
2986 4740 3147 4798 quem
3179 4725 3383 4798 duplici
3411 4725 3634 4798 conjec-

2036 4806 2154 4850 tura
2183 4797 2466 4852 restituere.
2495 4806 2721 4852 conatur
2746 4795 2879 4850 Adr.
2911 4794 3165 4850 Bebntius
3191 4797 3242 4850 in
3274 4794 3631 4866 Apophoret..

2035 4868 2131 4923 lib.
2163 4883 2241 4934 ut,
2272 4882 2323 4922 c.
2355 4866 2409 4929 8,
2442 4867 2735 4923 nimirum:
2771 4876 3039 4937 postquam
3068 4867 3230 4921 uideri
3254 4883 3309 4922 se
3333 4885 3521 4932 passus
3541 4881 3632 4936 est,

2034 4939 2148 5011 quis
2169 4949 2317 5003 esset,
2345 4949 2431 4992 aut
2459 4939 2608 5006 cuius
2630 4939 3016 5009 magnitudinis,
3039 4941 3204 5011 verbo
3224 4940 3344 4994 sciri
3361 4949 3632 5011 tatuquam

2036 5009 2219 5081 inepto
2247 5012 2572 5080 glossemate
2596 5018 2891 5078 expuncto,
2921 5019 3014 5063 aut
3036 5009 3108 5065 ita
3139 5026 3152 5063 :
3186 5022 3458 5080 postquam
3478 5009 3636 5067 uideri

2034 5097 2090 5136 se
2117 5098 2301 5150 passus
2334 5090 2426 5145 est,
2452 5083 2562 5149 quis
2587 5090 2748 5147 esset,
2773 5090 2862 5135 aut
2886 5082 3036 5152 cujus
3077 5082 3450 5152 magnitudinis
3492 5083 3633 5151 sciri,

2037 5166 2136 5222 pro
2162 5163 2250 5206 aut
2275 5152 2416 5228 sciri,
2442 5153 2591 5228 cujus
2616 5165 2742 5207 esset
2772 5151 3171 5224 magnitudinis.
3194 5151 3460 5224 Equidem
3494 5158 3636 5228 prio-

2035 5239 2149 5279 rem
2184 5224 2431 5292 prmfern.
2455 5223 2661 5280 ORELL.

2109 5294 2245 5350 LIV.
2300 5323 2373 5337 -—
2418 5294 2652 5370 Quinam
2704 5296 2789 5351 isti
2822 5305 2968 5370 sunt
3000 5338 3016 5360 ,
3076 5298 3298 5369 fortasse
3350 5299 3636 5370 quwritis?

2038 5365 2240 5429 Gentes,
2274 5375 2379 5422 etc.
2412 5367 2642 5423 Semitas
2674 5382 2794 5422 sum
2821 5368 2875 5423 in
2905 5368 2990 5424 his
3010 5365 3443 5437 et'sequentilius
3462 5371 3633 5426 inter-

2037 5439 2385 5508 punctiunem
2418 5437 2634 5512 Meursii
2665 5450 2718 5494 et
2757 5440 2810 5512 in
2850 5440 3202 5510 sequentibus
3243 5441 3365 5512 lego
3398 5458 3632 5498 commo-

2037 5512 2183 5564 daret
2215 5524 2312 5579 pro
2337 5510 2738 5565 commodarent.
2763 5509 2968 5566 Onsnn.

2111 5579 2408 5652 Numquam
2441 5580 2591 5637 rebus
2620 5583 2888 5652 eiusmodi
2920 5581 3238 5638 credulitatis
3263 5599 3373 5639 suae
3401 5600 3633 5640 commo-

2035 5656 2180 5724 daret
2220 5669 2511 5724 assensum.
2559 5651 2673 5708 Afri
2733 5663 2957 5708 tttuutur
3004 5658 3304 5724 saepissime
3355 5657 3633 5724 prasterito

2035 5721 2368 5798 imperfecto
2416 5739 2514 5798 p_ro
2580 5721 3145 5798 plusquamperfecto,
3216 5737 3274 5782 ut
3338 5721 3634 5798 loquuntur

2033 5795 2394 5867 grammatici.
2426 5794 2585 5853 Extat
2615 5795 2732 5853 base
2770 5797 3010 5871 ἐναλλαγή
3051 5798 3197 5871 apud
3236 5794 3541 5856 Arnobium
3577 5809 3632 5856 et
