3878 6312
373 282 482 340 807

1507 274 1784 333 ABNOBII
1823 272 2192 334 ADVERSUS
2219 271 2490 337 GENTES

3581 276 3688 332 808

371 391 564 459 Deum,
595 389 778 454 vultis.
809 389 976 445 immo
1010 388 1182 445 solum
1222 388 1268 445 si
1307 388 1465 446 liceat
1491 388 1789 445 belluarum
1819 405 1970 461 agre-
2000 393 2047 451 Α
2077 391 2207 445 retis
2246 405 2368 446 esse
2397 387 2783 454 certissimum,
2819 402 2925 443 non
2954 401 3142 445 verum
3163 429 3179 454 ,
3223 389 3366 458 quod
3407 391 3686 447 immunes

371 484 532 538 Stium
583 483 689 538 ritu
745 481 984 537 cruentis
1038 482 1223 536 oribus
1278 481 1572 548 mandere,
1622 481 1965 536 comminutis

373 589 496 630 cum
523 575 734 631 ossibus
759 584 1119 630 transvorare.
1153 573 1457 641 Quodnam,
1489 588 1693 644 qnzeso,
1719 574 1788 628 ob
1810 573 1969 628 meti-

371 676 482 724 tttm
529 668 726 734 dicite,
761 668 912 738 cujus
955 667 1027 723 ob
1071 668 1274 738 peccati
1317 667 1574 739 culpam?
1620 667 1747 738 quid
1794 667 1863 721 ab
1903 682 1970 722 eo

373 761 723 818 commissum
747 771 851 829 est,
880 761 1021 833 quod
1055 771 1298 817 tenorem
1326 760 1621 816 inﬂet-teret
1653 760 1806 824 recti,
1835 770 1891 815 et
1918 760 1970 814 in

369 853 490 909 odia
518 868 615 908 vos
643 869 834 925 aspera
880 854 1158 910 furialibus
1205 854 1436 910 stimulis
1475 853 1805 908 concitaret?
1835 853 1972 919 Quia

368 947 666 1002 animarum
697 957 998 1002 vestrarum
1031 946 1311 1002 custodem
1342 961 1399 1000 se
1430 945 1651 1000 missum
1682 945 1800 1000 solo
1828 944 1970 1000 iudi-

371 1039 511 1094 cavit
531 1038 600 1093 ab
620 1054 782 1110 rege:
812 1040 933 1108 quia
957 1039 1108 1093 vobis
1134 1037 1593 1093 immortalitatem
1623 1036 1784 1101 ferre,
1809 1052 1969 1107 quant

367 1147 466 1188 vos
497 1131 693 1188 habere
718 1130 987 1187 confiditis
1014 1131 1265 1186 humanis
1296 1145 1588 1202 paucorum
1612 1131 1969 1187 assem-ratio-

369 1225 527 1280 nibus
555 1223 738 1280 suasi?
767 1223 924 1292 Quod
967 1224 1012 1278 si
1061 1235 1205 1279 esset
1252 1224 1392 1294 apud
1441 1238 1537 1277 vos
1581 1234 1787 1279 certum
1834 1221 1970 1276 falsa

369 1317 519 1373 illum
563 1317 782 1384 dicere,
823 1332 950 1387 spes
992 1319 1152 1372 etiam
1199 1317 1516 1372 vanissimas
1563 1316 1844 1387 polliceri,
1879 1331 1979 1372 nec

369 1411 449 1466 sic
479 1410 634 1466 video
673 1410 838 1466 fuisse
867 1425 1086 1466 causam
1107 1451 1121 1476 ,
1153 1424 1250 1466 cur
1289 1426 1413 1465 eum
1451 1409 1720 1465 deberetis
1761 1408 1977 1474 odisse,

371 1515 469 1556 cur
513 1501 694 1557 hostili
736 1500 1206 1557 animadversione
1233 1501 1492 1557 damnare
1517 1544 1531 1565 ,
1563 1501 1727 1556 immo
1747 1544 1761 1564 ,
1792 1501 1836 1556 si
1863 1502 1982 1556 ani-

371 1611 494 1651 mus
517 1595 669 1650 vobis
697 1596 934 1651 clemens
965 1593 1153 1650 fuisset
1174 1636 1188 1659 ,
1220 1605 1277 1651 et
1319 1594 1463 1648 mitis
1489 1635 1504 1661 ,
1537 1594 1618 1648 vel
1664 1602 1885 1665 propter
1928 1593 1980 1648 id

372 1673 549 1743 solum
577 1704 700 1745 eum
732 1687 1004 1744 deberetis
1029 1687 1318 1759 amplecti,
1350 1686 1492 1759 quod
1533 1687 1788 1758 optabilia
1829 1687 1983 1742 vobis

2067 498 2162 538 vos
2194 481 2309 537 fore
2350 481 2418 536 ab
2467 490 2574 534 tam
2630 481 2930 537 innumeris
2975 481 3349 538 vexationibus
3386 499 3684 554 corporum

2071 587 2244 643 usque
2287 571 2352 626 ad
2397 573 2618 627 ultimos
2668 571 2804 628 lines
2857 571 3152 643 sponderet
3203 573 3414 630 aetatis?
3462 585 3518 629 et
3567 575 3689 632 licet

2073 664 2322 735 ambigua
2381 679 2470 719 res
2516 671 2680 731 esset,
2735 665 3150 720 committeretis
3204 680 3299 720 vos
3351 674 3561 730 tamen,
3594 681 3689 723 nec

2074 759 2346 830 potionem
2404 759 2732 830 incognitam
2795 757 3117 814 dubitaretis
3170 758 3389 815 haurire
3445 775 3553 831 spe
3607 775 3689 816 sa-

2076 854 2201 908 lutis
2232 853 2531 923 proposita,
2577 861 2740 922 atque
2782 868 2971 909 amore
3010 854 3398 910 incolumitatis
3457 854 3688 911 incensi.

2075 946 2290 1009 Eluxit,
2322 957 2484 1016 atque
2515 947 2767 1017 apparuit
2797 947 3044 1003 Christus
3082 947 3160 1002 rei
3191 947 3442 1002 maximae
3472 949 3690 1003 nuntia-

2077 1050 2184 1105 tor,
2213 1040 2516 1111 auspicium
2547 1039 2778 1096 faustum
2811 1051 3063 1112 portans,
3096 1050 3152 1097 et
3179 1042 3514 1111 praeconium
3547 1042 3689 1097 salu-

2079 1145 2194 1190 tare
2217 1135 2584 1190 credentibus.
2625 1134 2883 1203 Quaenam
2911 1144 2996 1191 est
3037 1137 3137 1190 ista
3168 1135 3465 1190 crudelitas
3485 1177 3501 1201 ,
3536 1134 3689 1190 inhu-

2083 1227 2424 1298 manitasque
2453 1238 2620 1292 tanta,
2648 1229 2968 1299 quittimmo,
3003 1237 3060 1284 ut
3087 1229 3267 1285 verius
3295 1229 3515 1301 loquar,
3545 1229 3690 1284 fasti-

2086 1317 2298 1374 diosum
2329 1319 2697 1390 supercilium,
2729 1320 3089 1376 nuntiatorem
3118 1321 3357 1376 muneris
3387 1329 3444 1377 et
3468 1320 3693 1392 portito-

2081 1427 2196 1469 rem
2253 1413 2418 1478 tauti,
2470 1428 2576 1468 non
2626 1421 2833 1468 tantum
2883 1413 3166 1468 verborum
3217 1413 3694 1469 maledictiOnibus

2082 1505 2358 1572 scindere,
2402 1522 2587 1560 verum
2634 1506 2794 1561 etiam
2845 1505 2988 1562 bello
3033 1505 3181 1578 gravi
3225 1515 3388 1576 atque
3439 1505 3694 1562 omnibus

2084 1597 2339 1669 persequi
2373 1599 2598 1653 telorum
2633 1597 2988 1654 etl‘usionibus
3015 1607 3070 1654 et
3099 1599 3308 1654 ruinis?
3330 1597 3446 1654 Non
3483 1599 3696 1670 placent

2084 1709 2148 1749 ea
2179 1709 2299 1763 qua:
2323 1693 2472 1759 dicit,
2491 1703 2690 1750 etcum
2713 1693 3103 1749 offensionibus
3129 1693 3422 1749 audiuntur
3447 1709 3479 1748 a
3511 1694 3695 1750 vobis?

374 1780 670 1852 sponderet
697 1789 751 1837 et
780 1797 1038 1853 prospera
1070 1799 1083 1836 :
1116 1780 1258 1852 quod
1289 1781 1550 1836 bonarum
1582 1790 1728 1836 esset
1760 1781 1980 1835 nuntius
2009 1781 2057 1842 B
2086 1802 2184 1859 pro
2225 1787 2445 1843 ludicris
2483 1802 2545 1841 ea
2584 1787 3054 1843 vaticinationibus
3084 1795 3413 1859 computate.
3444 1785 3697 1843 Stolitlis-

373 1891 555 1932 rerum
589 1892 603 1930 :
637 1876 778 1946 quod
828 1891 889 1932 ea
941 1876 1294 1944 praedicaret,
1327 1891 1446 1946 quze
1493 1875 1695 1930 nullius
1739 1875 1977 1930 animum

374 1967 635 2024 laederent
651 1988 661 2021 :
679 1967 970 2024 securioris
987 1979 1012 2006 ε
1029 1969 1269 2039 quinimo
1287 1969 1678 2040 expectationis
1709 1968 1977 2040 impleret.

447 2061 609 2118 LXV.
642 2064 686 2118 0
718 2061 1029 2133 ingratum},
1055 2071 1109 2118 et
1148 2062 1366 2132 impium
1400 2062 1695 2116 smculum!
1729 2077 1760 2114 ο
1793 2062 1842 2115 in
1868 2061 1979 2130 pri-

377 2166 556 2212 vatam
586 2157 879 2228 perniciem
911 2153 1210 2212 incredibili
1244 2155 1479 2227 pectoris
1500 2155 1860 2211 obstinatione
1889 2169 1981 2226 pa-

378 2250 586 2306 ratum!
622 2250 676 2305 Si
706 2249 902 2320 aliquis
928 2249 992 2304 ad
1021 2265 1116 2327 vos
1147 2251 1387 2305 medicus
1410 2265 1475 2304 ex
1497 2249 1782 2304 summotis
1805 2249 1980 2304 venis-

378 2351 463 2398 set
487 2352 542 2397 et
564 2359 856 2414 numquam
875 2343 1027 2398 vobis
1045 2343 1357 2415 regionibus
1374 2342 1625 2413 cognitis,
1643 2341 1980 2397 medicamen

379 2434 644 2506 pollicens
673 2435 806 2502 tale,
833 2434 978 2507 quod
1017 2452 1046 2488 a
1090 2435 1283 2490 vestris
1308 2435 1628 2505 corporibus
1656 2435 1835 2490 omnia
1863 2451 1982 2491 om-

380 2526 509 2582 nino
551 2525 857 2598 prohiberet
903 2528 1211 2584 morborum
1253 2537 1306 2583 et
1341 2527 1706 2584 valetudinum
1736 2544 1933 2599 genera
1965 2545 1980 2583 ε

381 2637 489 2679 non
547 2622 792 2678 certatim
847 2637 1037 2679 omnes
1090 2625 1486 2680 accurreretis?
1537 2639 1641 2680 non
1709 2623 1984 2680 blanditiis

380 2716 631 2774 omnibus
673 2726 836 2787 atque
875 2717 1173 2775 honoribus
1219 2719 1385 2774 lotum
1420 2719 1702 2774 familiaria
1734 2721 1979 2790 suscipe-

382 2808 512 2869 retis
540 2809 594 2867 in
625 2810 860 2868 moenia?
887 2827 994 2869 non
1026 2813 1159 2869 illud
1200 2814 1573 2871 medicaminis
1614 2829 1782 2886 genus
1825 2823 1975 2884 opta-

2084 1881 2250 1935 simas
2286 1895 2374 1935 res
2415 1880 2669 1951 loquitur,
2701 1889 2757 1936 et
2797 1880 2938 1937 fatua
2982 1880 3122 1935 dona
3175 1879 3480 1951 promittit?
3525 1879 3693 1936 ridete

2085 1984 2141 2028 ut
2188 1973 2459 2043 sapientes
2499 1989 2596 2029 vos
2621 1973 2744 2036 viri.
2773 1982 2829 2030 et
2855 1974 2908 2029 in
2935 1973 3048 2029 suis
3075 1973 3356 2029 erroribus
3388 1973 3692 2028 fatuitatem

2083 2067 2373 2136 relinquite
2411 2065 2667 2122 volutari.
2712 2066 2971 2134 Quaenam
3001 2075 3086 2122 est
3112 2066 3229 2122 haec
3259 2067 3474 2129 feritas,
3512 2076 3574 2121 ut
3614 2081 3694 2122 re-

2086 2169 2330 2230 petamus
2373 2174 2493 2229 qua:
2547 2158 2692 2214 dicta
2741 2167 2868 2213 sunt
2909 2158 3146 2228 saepius,
3195 2174 3316 2229 quae
3360 2158 3539 2214 libido
3589 2168 3692 2213 tam

2086 2251 2348 2317 carnifex,
2378 2251 2706 2322 inexpiabile
2737 2252 2936 2308 bellum
2964 2252 3208 2308 indicere
3237 2251 3368 2307 nihil
3400 2251 3472 2308 de
3500 2261 3556 2309 te
3584 2267 3692 2308 me-

2085 2345 2233 2400 rito?
2269 2344 2574 2400 Dilacerare
2601 2345 2648 2400 si
2678 2344 2858 2412 detur,
2889 2359 3012 2400 eum
3041 2344 3180 2400 velle
3207 2359 3304 2415 per
3331 2345 3570 2411 viscera,
3600 2344 3687 2415 qui

2086 2456 2193 2496 non
2240 2439 2402 2494 modo
2431 2438 2638 2494 nullum
2666 2438 2911 2494 intulerit
2938 2438 3137 2494 malum
3170 2439 3336 2506 nulli,
3367 2439 3465 2496 sed
3495 2454 3695 2511 :equa-

2084 2535 2210 2590 liter
2244 2533 2512 2604 benignus
2553 2531 2804 2588 hostibus
2845 2532 3048 2596 dicere,
3081 2530 3334 2602 quidnam
3376 2532 3462 2588 his
3506 2532 3693 2588 salutis

2087 2627 2200 2683 Deo
2232 2634 2540 2696 portaretur
2567 2641 2597 2680 a
2629 2623 2873 2696 principe
2899 2642 2912 2679 :
2945 2623 3074 2694 quid
3106 2633 3251 2680 esset
3273 2623 3417 2680 facto
3448 2638 3611 2694 opus,
3641 2630 3694 2678 ut

2086 2719 2361 2776 interitum
2391 2717 2658 2790 lugerent,
2675 2729 2729 2774 et
2751 2717 3209 2773 immortalitatem
3231 2728 3692 2789 consequerentur

2087 2813 2358 2885 ignotam?
2396 2811 2640 2883 Cumque
2694 2810 2903 2867 novitas
2929 2824 3143 2877 rerum,
3177 2819 3232 2866 et
3279 2809 3520 2866 inaudita
3568 2824 3689 2880 pro-

1599 2927 1888 2985 LECTION
1898 2929 1978 2986 ES
2016 2928 2437 2985 VARIANTES.

450 3043 477 3072 ιι
512 3041 820 3092 Securiores.
845 3055 936 3093 ms.

450 3104 477 3145 ι)
513 3107 636 3157 Hazc
659 3117 767 3156 cum
782 3101 863 3168 iis,
883 3117 993 3171 qua:
1017 3105 1204 3157 duabus
1220 3101 1332 3157 aliis
1347 3111 1611 3170 sequuntur
1623 3104 1835 3170 paginis,
1858 3105 1986 3155 Cau-

2015 3042 2060 3105 C
2089 3046 2224 3105 teras
2244 3039 2490 3093 transtulit
2536 3043 2602 3105 ad
2625 3039 2819 3093 initium
2839 3039 2952 3093 libri
2987 3042 3050 3092 II.
3078 3045 3235 3105 Quam
3277 3039 3692 3104 transpositioncm

2095 3104 2298 3156 damnat
2321 3105 2488 3157 Sabaei
2518 3104 2664 3156 editio
2687 3111 2733 3157 et
2749 3119 2862 3168 ms.,
2887 3111 2940 3158 ut
2961 3103 3258 3158 Stewcchius
3274 3112 3453 3158 monet.

1745 3274 2310 3335 COMMENTARIUS.

460 3392 716 3522 Crueu:_iIs)
747 3394 934 3452 oribus
978 3394 1254 3452 mandere.
1290 3395 1573 3471 Proprium
1597 3396 1844 3452 verbum.
1877 3394 1985 3451 Lu-

460 3477 611 3522 eltus.
662 3484 676 3522 ι
723 3509 735 3521 .
769 3483 818 3522 ιν
853 3483 871 3522 :

389 3477 611 3534 Crelius,
644 3477 735 3522 ιιι).
769 3483 818 3522 ιν
853 3483 871 3522 :

481 3583 545 3634 Et
560 3585 698 3647 quasi
726 3583 980 3645 pantherae
1005 3595 1167 3647 morsu
1188 3583 1405 3646 saevique
1430 3582 1591 3647 leonis

484 3643 792 3706 Mandautur,
817 3647 1007 3710 magnis
1029 3643 1335 3696 clamoribus"
1346 3646 1510 3695 omnia
1546 3643 1814 3710 complent,

389 3727 596 3786 Ennius
631 3748 643 3785 :

482 3843 706 3896 Vulturis
727 3844 778 3894 in
797 3843 946 3909 sylvis
967 3845 1204 3895 miserum
1227 3843 1495 3894 mandebat
1511 3844 1796 3954 hemoﬁtem.

1691 3921 1796 3954 ειιΑι

1691 3921 1842 3954 ειιΑιι)
1851 3944 1861 3954 .

463 4036 624 4094 LXV.
655 4068 729 4079 —
760 4037 1028 4092 Paratum.
1055 4037 1128 4092 lta
1161 4036 1417 4101 Salmas.,
1444 4034 1498 4089 in
1526 4033 1614 4089 ed.
1640 4032 1812 4104 Lugd.
1845 4030 1986 4098 Bat.,

388 4107 497 4182 Ms.
522 4111 790 4182 privatum.
825 4109 976 4166 Fulv.
1013 4108 1193 4166 Ursin.
1214 4106 1696 4182 pronum._01tt:t_.t..

462 4175 849 4237 committentis
876 4199 961 4236 vos
987 4191 1174 4237 tamen.
1210 4175 1429 4250 Propria
1477 4179 1705 4250 locutio.
1733 4175 1870 4250 Inl’ra
1893 4175 1985 4230 lib.

389 4270 447 4310 ιι.
482 4252 840 4325 ίΕςήιιιάίηεδ
881 4269 1153 4325 corporum
1185 4249 1495 4325 medicorum
1529 4249 1838 4325 committitis
1873 4264 1982 4301 nta-

391 4320 659 4380 ttibusz.
694 4325 922 4384 Gellius.
961 4324 1052 4380 lib.
1083 4341 1123 4389 ι,
1155 4339 1206 4379 c.
1256 4324 1366 4378 15:
1406 4321 1583 4391 Itaque
1628 4320 1840 4386 auditis,
1883 4335 1987 4391 non

389 4395 691 4450 auscultatis
713 4406 970 4464 tamquam
1009 4389 1648 4465 pharmacopolam'Nam
1685 4393 1796 4464 ejus
1839 4389 1988 4444 verba

391 4466 687 4532 audiuntur,
713 4483 885 4522 verum
922 4467 968 4521 ei
1005 4483 1148 4521 nemo
1174 4483 1226 4520 se
1251 4465 1514 4519 committit
1536 4479 1693 4560 ,lqum
1731 4477 1865 4532 wger
1895 4470 1986 4514 est.
2017 4499 2071 4560 D
2096 4472 2290 4560 [errant
2328 4478 2374 4521 et
2408 4465 2596 4560 ruins:
2622 4475 2670 4520 et

1647 4550 1676 4587 ιι
1791 4572 1804 4586 .

466 4612 662 4668 Etuxit.
699 4610 1008 4678 Eleganter,
1038 4609 1208 4664 instar
1234 4607 1467 4663 ﬂamma:
1490 4535 1669 4678 suilling
1682 4549 1989 4678 [eli'ltfttnpen-

391 4685 479 4740 tis.
511 4683 646 4738 Vide
674 4675 857 4736 Barth.
895 4679 1148 4762 Advers.,
1181 4680 1274 4734 lib.
1307 4694 1396 4742 Vl,
1430 4693 1552 4800 cap.
1583 4676 1638 4742 5,
1672 4691 1727 4747 p.
1756 4675 1882 4731 265.
1914 4676 1989 4730 lla

392 4764 448 4800 nt
473 4755 793 4800 ultu-exsere.
823 4751 1040 4800 Gratius
1065 4751 1349 4800 Cvneget.-
1381 4764 1460 4800 vs.
1559 4766 1571 4800 :

392 4764 448 4812 et
473 4755 793 4810 relucessere.
823 4751 1040 4808 Gratius
1065 4751 1349 4822 Cyneget.,
1381 4764 1460 4803 vs.

579 4868 709 4918 Hinc
725 4880 873 4919 omne
896 4865 1134 4916 auxilium
1157 4867 1289 4925 vitae,
1311 4869 1480 4913 rectus
1497 4873 1597 4925 que
1616 4861 1805 4912 reluxit

468 4995 536 5049 Et
561 4930 881 5060 (.‘(igii‘dianq
924 4991 991 5046 de
1028 4991 1312 5046 consulatu
1358 4987 1710 5054 Stilichonis,
1760 4986 1854 5042 lib.
1902 5001 1989 5055 tu,

393 5081 447 5125 ς’
474 5065 562 5122 64.
705 5135 816 5197 Hic,
839 5133 1062 5197 Stilicho,
1103 5133 1296 5183 cunctis
1318 5133 1512 5197 inopina
1539 5129 1740 5193 reluxit,

545 5198 621 5250 'l'e
641 5193 848 5258 victore,
875 5196 1024 5248 salus.
1222 5257 1229 5258 ί
1384 5193 1414 5258 ξ
1467 5193 1647 5258 Oriens.

465 5254 970 5326 'Iultumanitas'qua:
1016 5268 1178 5313 tanta.
1213 5257 1287 5313 Ita
1333 5256 1509 5312 editor
1552 5254 1720 5326 Lugd.
1763 5255 1879 5310 Bal.
1925 5271 1990 5310 ex

395 5333 778 5391 emendatione
831 5331 1069 5388 Meursii.
1121 5329 1227 5385 Alii
1277 5329 1776 5454 :inltumgnitasque
1827 5335 1988 5381 tanta.

1550 5415 1702 5454 RELL.

1550 5415 1702 5454 RELL.

472 5474 832 5532 Nttntiatorem
859 5475 1080 5530 muneris
1107 5481 1153 5528 et
1182 5473 1481 5540 portitorem
1515 5473 1663 5523 tanti.
1699 5469 1841 5538 Ergo
1867 5485 1991 5538 por-

393 5549 514 5603 titor
555 5548 662 5614 iam
694 5564 761 5601 eo
795 5563 913 5602 aevo
943 5547 1008 5601 ad
1041 5546 1141 5600 hoc
1185 5543 1512 5613 exemplum.
1556 5541 1645 5596 Sic
1686 5540 1993 5596 tabellarius

395 5620 666 5690 portitores
711 5620 998 5690 litterarum
1037 5615 1276 5690 appella_t
1418 5614 1814 5690 Hieronymus.
1857 5625 1995 5690 quos

397 5681 534 5761 alibi
554 5688 755 5761 baiulos
779 5691 929 5746 dicit.
961 5681 1154 5761 Papias
1178 5704 1208 5761 f_
1225 5684 1466 5761 Bajulus,
1489 5681 1735 5761 portitor,
1760 5681 1991 5761 gerulus,

400 5752 1141 5816 rtutritor'.Ht:uALn.—Conf.
1178 5752 1388 5818 Barth.
1425 5753 1733 5819 Adversar.,
1760 5752 1850 5807 lib.
1879 5767 1989 5817 Llll,

400 5841 523 5901 cap.
555 5831 590 5886 8
617 5873 630 5898 ,
662 5848 782 5906 pag.
806 5830 949 5889 2592
973 5872 986 5899 ,
1019 5839 1074 5887 et
1100 5871 1112 5900 ,
1143 5829 1232 5901 qui
1261 5843 1326 5885 ex
1360 5826 1678 5893 recentioris
1719 5823 1994 5881 latinitatis

2093 3395 2447 3462 scriptoribus
2478 3394 2675 3450 nubem
2705 3394 3080 3462 exemplorum
3103 3393 3271 3459 citat,
3301 3394 3597 3456 Savaron.,
3629 3389 3691 3446 ad

2094 3466 2310 3532 Sidon.,
2344 3467 2437 3521 lib.
2461 3483 2532 3531 vr,
2563 3466 2724 3537 epist.
2753 3466 2955 3537 4,7pag.
2980 3464 3112 3524 590.
3135 3474 3190 3520 et
3218 3463 3268 3520 J.
3297 3464 3688 3537 Fr._Gronnv.,

2094 3539 2253 3594 Obss.
2282 3581 2297 3602 ,
2328 3538 2423 3593 lib.
2457 3555 2513 3592 ιιι
2539 3580 2554 3601 ,
2599 3535 2720 3608 cap.
2762 3536 2854 3591 20.
2889 3535 3082 3591 Munus
3108 3547 3288 3591 autem
3317 3579 3332 3599 ,
3379 3535 3448 3591 de
3475 3551 3588 3605 quo
3617 3535 3694 3589 hic

2095 3610 2330 3738 mengn,
2371 3617 2457 3666 est
2486 3609 2672 3664 salutis
2705 3608 3030 3679 praeconium
3057 3617 3112 3664 et
3151 3608 3395 3663 veritatis
3436 3608 3692 3678 praedica-

2096 3692 2190 3737 tto.
2268 3697 2424 3736 nELL.

2096 3683 2190 3737 tio.
2221 3683 2424 3737 OBELL.

2168 3753 2376 3808 Ruim's.
2407 3751 2710 3822 Scriverius
2741 3749 2976 3807 malebat
3001 3751 3164 3805 runis.
3198 3749 3413 3822 (Rana,
3434 3765 3504 3813 te.
3527 3762 3692 3818 genus

2092 3825 2204 3892 teli,
2241 3824 2374 3880 Vide
2403 3825 2549 3880 Fest.
2582 3821 2603 3896 )
2633 3837 2735 3880 nec
2761 3823 2905 3878 male
2927 3863 2944 3890 ,
2971 3821 3247 3894 quomodo
3279 3822 3484 3878 Ennius
3514 3823 3688 3878 dixit:

2248 3983 2440 4034 Hastati
2465 3989 2706 4048 spargunt
2732 3982 2914 4042 hastas,
2940 3979 2995 4031 fit
3013 3979 3211 4032 ferreus
3233 3981 3410 4033 imber.

2094 4110 2200 4167 Sed
2235 4109 2430 4166 Cicero
2467 4108 2718 4164 similiter
2760 4107 2972 4163 locutus
2997 4147 3018 4179 ν,
3066 4105 3162 4179 lib.
3194 4122 3284 4172 ιιι,
3316 4106 3386 4163 de
3427 4105 3688 4179 Legibus:

2095 4181 2251 4237 Caius
2274 4197 2390 4236 vero
2415 4179 2679 4235 Gracchus
2707 4179 2869 4232 ruinis
2899 4189 2944 4232 et
2968 4178 3030 4232 iis
3058 4177 3193 4246 ﬁcis,
3218 4196 3347 4249 quas
3374 4180 3486 4249 ipse
3502 4177 3554 4234 se
3577 4197 3692 4250 pro-

2089 4256 2274 4326 jecisse
2313 4254 2365 4306 in
2402 4253 2572 4321 forum
2601 4251 2732 4306 dixit
2756 4293 2770 4315 ,
2796 4250 2993 4326 quibus
3029 4249 3443 4320 digladiaretttur
3486 4249 3621 4326 inter
3647 4267 3692 4306 sc

2095 4322 2228 4380 cives
2246 4367 2261 4389 ,
2308 4341 2478 4380 nonne
2503 4322 3028 4394 omnem_reipublicte
3052 4332 3242 4394 statum
3273 4325 3620 4394 permutavit;
3644 4331 3692 4378 et

2098 4397 2304 4453 Seneca
2327 4439 2341 4461 ,
2371 4397 2531 4466 epist.
2560 4410 2616 4448 Ix
2644 4412 2656 4448 :
2685 4392 2894 4458 Quanto
2922 4393 3004 4466 hic
3032 4392 3316 4466 mirabilior
3341 4394 3449 4458 vir,
3489 4397 3578 4465 qui
3610 4410 3692 4464 per

2699 4467 2843 4520 ianes
2873 4465 3066 4518 illtesus
3095 4475 3142 4518 et
3169 4465 3422 4518 indemnis
3457 4467 3690 4520 evaserit.

2150 4485 2290 4522 rrum
2328 4482 2374 4521 et
2416 4483 2594 4521 ruinas
2622 4482 2670 4520 et
2699 4483 2715 4518 t
2757 4482 2843 4519 nes
2873 4482 3066 4518 tttazsus
3095 4482 3142 4518 et
3169 4482 3422 4518 tnaemms
3457 4482 3690 4520 evaserit.

2150 4555 2304 4594 suus.
2332 4580 2347 4604 ,
2383 4482 3106 4610 pag,757.—I(iuinte_itaquo
3144 4535 3197 4590 h.
3232 4535 3269 4590 Ι.
3299 4545 3425 4591 sunt
3453 4537 3692 4607 lapides,

2094 4607 2781 4665 mdilicinrum'dirutorum
2812 4607 3024 4662 rudera.
3055 4607 3260 4663 Οιιειιη

2171 4682 2273 4749 Qui
2341 4698 2442 4735 non
2511 4681 2662 4735 ntodo
2732 4679 2934 4733 nullum
2987 4679 3218 4732 intulerit
3284 4680 3478 4733 malum
3545 4680 3692 4734 nulli.

2094 4752 2358 4808 Meursius
2385 4756 2586 4808 mavult
2617 4769 2630 4805 :
2661 4749 2777 4805 ulli.
2806 4752 2872 4804 At
2894 4749 3124 4818 duplicis
3153 4751 3454 4821 negationis
3481 4767 3588 4806 non
3619 4750 3692 4804 af-

2096 4824 2383 4886 ﬁrmautis,
2411 4824 2505 4880 sed
2531 4822 2907 4878 vehementius
2934 4822 3181 4892 negantis
3211 4837 3362 4876 more
3381 4821 3690 4879 Graecorum

2093 4897 2246 4966 plura
2271 4897 2513 4966 exempla
2539 4894 2696 4966 all'ert
2720 4891 3034 4966 Vecltnerns
3057 4893 3108 4946 in
3138 4891 3498 4959 Hellenolex.,
3535 4893 3688 4960 0.35,

2095 4965 2216 5039 pag.
2253 4967 2375 5039 581,
2409 4965 2497 5021 ed.
2532 4965 2848 5039 Heusinger.
2871 4965 3088 5039 ΔΟιιιμςιλι.

2169 5036 2275 5094 Sed
2297 5039 2564 5107 wqualiter
2590 5038 2834 5107 benignus
2861 5036 3094 5107 hostibus
3111 5036 3298 5102 dicere,
3327 5046 3430 5091 etc.
3465 5037 3590 5092 Hmc
3616 5045 3693 5092 est

2094 5109 2231 5165 Cod.
2254 5106 2361 5163 ms.
2385 5109 2542 5164 lectio
2574 5106 2776 5162 temere
2803 5115 3002 5160 mutata
3019 5122 3049 5160 a
3067 5106 3292 5162 Gelenin
3318 5119 3370 5163 et
3392 5107 3688 5164 F.Ursino:

2095 5182 2185 5236 sed
2214 5180 2474 5244 aequaliter
2496 5181 2741 5250 benignus
2771 5179 3002 5232 omnibus
3029 5179 3296 5242 docuerit;
3321 5182 3588 5250 teqttaliter
3613 5180 3686 5233 be-

2097 5255 2282 5325 nignus
2304 5253 2422 5307 scil.
2445 5249 2901 5325 fueritLBeuignus
2923 5250 3092 5304 dicere
3113 5249 3412 5307 Graecismo
3439 5252 3689 5322 frequen-

2097 5321 2610 5400 tissittto._1rpa_i3g_ré
2636 5321 2814 5400 mea.
2845 5321 3029 5400 Itaque
3052 5337 3322 5400 nonAopus
3345 5335 3457 5400 est,
3490 5321 3552 5378 ut
3577 5337 3689 5379 cum

2095 5396 2304 5451 editore
2324 5393 2492 5465 Ln'gd.
2521 5395 2634 5448 Bat.
2669 5393 2903 5463 legamus
2921 5394 3129 5447 diceret.
3157 5395 3212 5449 Si
3232 5393 3359 5464 quid
3377 5406 3558 5449 autem
3584 5411 3691 5449 tnu-

2096 5466 2339 5528 tandutn,
2375 5465 2586 5521 mallem
2630 5465 2835 5530 tt'ixerit,
2872 5465 2991 5534 quia
3014 5465 3292 5534 praecessit
3316 5467 3581 5528 intulerit,
3612 5466 3689 5519 ινα-Ι

2097 5552 2219 5592 cum
2260 5534 2569 5593 Stewec'hio
2601 5536 2667 5590 ad
2710 5536 2800 5590 lib.
2837 5552 2871 5590 tt
2899 5579 2911 5596 .
2941 5553 3061 5605 cap.
3098 5537 3121 5590 ιι
3146 5582 3158 5605 ,
3209 5538 3442 5591 edixerit.
3485 5537 3690 5593 Glossze

2096 5607 2321 5664 Membr.
2374 5608 2804 5679 edicit—totum
2847 5608 2972 5661 dicit
3017 5607 3094 5662 vel
3146 5615 3286 5679 foras
3335 5610 3510 5673 dicit;
3565 5607 3691 5663 unde

2097 5680 2338 5736 edictum.
2367 5678 2551 5750 Neque
2574 5681 2798 5735 hostibus
2825 5678 3218 5735 mutandutnin
3250 5679 3506 5735 omnibus.
3536 5680 3687 5736 Vide-

2099 5761 2188 5807 tur
2215 5752 2334 5808 scil.
2370 5749 2672 5821 respexisse
2716 5751 2987 5806 Arnobius
3014 5751 3080 5806 ad
3113 5751 3277 5808 verba
3318 5751 3407 5806 illa
3452 5752 3512 5805 Ι).
3545 5749 3688 5806 Pauli

2097 5823 2163 5879 ad
2191 5823 2426 5893 (301055.,
2455 5839 2490 5878 I.
2520 5838 2600 5880 vs.
2624 5822 2689 5878 21
2725 5839 2737 5877 :
2763 5825 2856 5878 Καὶ
2878 5821 3013 5900 ὑμᾶς
3043 5846 3166 5882 ποτε
3189 5821 3338 5887 ὄντας
3361 5824 3687 5905 ἀπηλλοτριω-
