3878 6312
250 324 257 331 .
273 274 387 335 809

1603 284 1807 343 LIBER
1846 286 2230 349 SECUNDUS.

3488 304 3595 364 810

273 388 467 445 missio
494 388 821 448 audientium
850 392 1128 452 turbarent
1152 402 1382 464 mentes,
1410 405 1467 454 et
1492 397 1868 456 credulitatem
1896 409 1950 469 Α
1973 416 2094 459 esse
2125 419 2249 476 spes
2278 419 2404 462 suas
2423 447 2439 474 ,
2467 421 2601 478 quas
2621 406 2939 480 jamdudum
2985 423 3307 485 acceperant
3348 417 3417 474 de
3460 421 3582 475 nni-

272 482 521 540 l'acerent
545 486 795 543 haesitare
824 504 837 543 :
871 489 1131 546 virtutum
1156 492 1397 547 omnium
1419 493 1692 559 dominus,
1717 505 1878 566 atque

271 577 447 648 ipsius
494 582 682 639 mortis
725 586 996 641 extinctor
1051 584 1325 643 hominem
1372 602 1526 643 suum
1578 588 1882 660 permiserit

270 668 540 743 interﬁci,
568 682 628 732 ut
654 691 723 733 ex
749 678 910 736 rebus
935 680 1391 752 consequentibus
1420 681 1623 738 scirent
1662 683 1713 737 in
1764 690 1881 739 tuto

1987 511 2195 553 marum
2221 498 2422 565 salute,
2458 515 2559 558 nec
2598 501 2895 573 periculum
2944 507 3134 563 mortis
3176 510 3283 566 alia
3320 528 3380 569 se
3421 529 3582 584 posse

1989 591 2199 649 ratione
2220 593 2406 649 vitare.

1656 800 2218 861 COMMENTARIUS.

270 907 566 993 [timuiitai
580 911 805 993 δχθρᾳρς
820 921 883 993 τῇ
903 911 1097 993 διᾳνοίᾳ
1114 915 1160 970 ἐν
1173 924 1279 993 rei;
1299 914 1467 992 ἔργοις
1482 924 1590 979 τοῖς
1605 924 1871 993 πονηροῖς,

268 984 385 1067 auiti
427 978 482 1067 δέ
510 978 915 1067 exiguam.»
943 989 995 1041 iv
1020 978 1095 1061 τῷ
1137 978 1347 1067 adulari
1365 978 1460 1067 τεῇς
1489 978 1678 1067 cupito;
1711 978 1875 1067 sitiret")

268 1047 362 1134 δισζ
387 1058 481 1134 τοῦ
515 1056 750 1134 θρὰ-του,
793 1047 1135 1134 nupera-ridae
1161 1047 1297 1133 ὑμᾶς
1527 1047 1609 1117 uiti
1632 1047 1877 1134 ἆμὼμους

270 1126 363 1177 καὶ
386 1124 721 1198 ἀνεγκλήτους
747 1124 1057 1186 tetrarcham»
1080 1124 1262 1188 αὐτὸῡ.
1290 1124 1496 1189 υιύζιι..

2055 916 2523 1002 Hominem‘su'unt.
2561 919 2626 1002 ΜΔ
2642 927 2726 975 est
2754 920 3069 1002 hominem,
3113 943 3272 1002 quem
3304 930 3586 1002 induerat,

1984 989 2514 1065 assumpseratNide
2541 1000 2700 1065 notas
2723 993 2788 1047 ad
2819 1010 2941 1065 cap.
2976 996 3065 1053 6‘2.
3099 989 3303 1058 ORELL.

2061 1058 2145 1115 Ex
2169 1058 2319 1117 rebus
2354 1063 2795 1134 consequentibus.
2819 1058 2988 1125 ld'est
3021 1074 3424 1199 rtgurrcctionc
3471 1091 3588 1135 sua.

3102 1159 3247 1199 nam.
3366 1174 3371 1179 -

3102 1159 3247 1201 RELL-

1199 1417 1686 1530 LIBER
1758 1327 2623 1534 SECUNDUS.

1683 1680 2185 1713 mm—

1664 1827 1875 1884 moex
1910 1793 2238 1887 curritur.

263 2007 349 2065 Ab
371 2008 586 2065 ethnicis
610 2009 821 2079 inquirit
847 2010 1101 2066 Arnobius
1119 2026 1214 2065 cur
1234 2010 1439 2065 demum
1456 2008 1720 2066 Christum
1749 2008 1870 2064 nul-
1896 2010 1946 2070 B
2045 2026 2223 2066 munes
2253 2020 2399 2066 erant
2427 2029 2544 2068 cum
2580 2015 3007 2087 philosophorum
3040 2024 3326 2095 coryphteis
3354 2026 3417 2082 de
3442 2027 3552 2083 Deo
3570 2071 3587 2097 ,

346 2104 451 2160 lius
476 2105 532 2160 in
559 2112 645 2162 eas
672 2107 865 2179 peccati
889 2122 1033 2162 reum
1057 2106 1132 2160 ita
1158 2105 1390 2172 oderint,
1434 2114 1489 2160 ut
1521 2103 1602 2160 vel
1631 2104 1744 2176 ejus
1772 2119 1871 2158 no-

344 2198 482 2255 mine
500 2199 679 2255 audito
708 2201 789 2255 ira
815 2200 1049 2271 protinus
1072 2202 1449 2256 excandescant
1491 2218 1507 2255 :
1538 2200 1628 2270 qui
1669 2211 1840 2253 tamen
1859 2238 1874 2264 ,

357 2292 513 2347 etiam
538 2293 584 2349 si
609 2294 694 2348 cui
713 2293 953 2349 credatur
971 2294 1160 2365 dignus
1181 2310 1284 2348 non
1302 2301 1449 2356 esset,
1487 2308 1545 2348 eo
1566 2292 1749 2348 saltem
1775 2307 1879 2346 non

342 2385 703 2455 aspernandus
723 2396 853 2453 erat,
885 2386 1024 2457 quod
1055 2387 1254 2441 cunctis
1270 2386 1407 2440 viam
1435 2386 1504 2440 ad
1522 2385 1705 2441 caelum
1727 2401 1878 2439 mon-

348 2479 552 2535 stravit.
1657 2478 1790 2551 Cap.
1820 2479 1878 2537 1.

270 2570 517 2627 Occurrit
533 2581 713 2629 auctor
738 2574 1011 2647 gentilibus
1025 2575 1455 2643 respondentibus
1470 2617 1486 2643 ,
1505 2590 1705 2630 summo
1731 2574 1880 2629 illum

341 2665 464 2720 odio
506 2682 561 2721 se
598 2677 869 2738 propterea
910 2669 1181 2740 prosequi,
1228 2671 1354 2741 quia
1399 2685 1602 2724 omnem
1664 2669 1878 2724 deorum

348 2760 547 2815 cultum
570 2762 769 2818 evertit.
1578 2762 1710 2835 Cap.
1733 2763 1788 2831 ‘2,
1819 2764 1872 2821 5.

276 2853 518 2911 Ostendit
545 2857 773 2912 ethnicos
800 2874 1012 2929 prorsus
1040 2860 1293 2915 immerito
1322 2860 1513 2915 Christi
1534 2860 1685 2914 dictis
1714 2876 1877 2931 prop.-

354 2958 494 3004 terea
528 2966 629 3005 non
675 2951 903 3020 credere,
935 2954 1072 3023 quod
1100 2970 1180 3019 ea,
1216 2969 1332 3022 qua:
1362 2954 1653 3025 pollicetur,
1687 2968 1742 3007 se
1766 2968 1878 3007 um-

343 3057 500 3111 quam
513 3041 683 3114 reipsa
697 3042 935 3098 daturum
956 3060 1050 3099 nos
1061 3060 1163 3099 non
1180 3044 1521 3101 convincit.Si
1536 3044 1739 3116 quidem
1755 3044 1877 3115 plu-

344 3135 481 3188 rima
504 3144 786 3206 suppetunt
820 3153 995 3191 eorum
1023 3153 1139 3209 quae
1164 3136 1397 3194 Christus
1422 3137 1656 3210 promisit
1679 3179 1695 3205 ,
1727 3137 1873 3192 haud

334 3231 559 3285 .omnino
608 3231 804 3286 incerta
859 3249 1029 3288 rerum
1083 3245 1388 3306 argumenta
1447 3251 1460 3290 :
1503 3249 1618 3305 quae
1673 3233 1879 3305 quidem

342 3339 504 3393 quum
527 3323 582 3377 in
607 3332 848 3395 promptu
877 3325 1003 3393 sint,
1032 3325 1095 3380 de
1122 3325 1345 3380 aliorum
1367 3342 1565 3397 quoque
1584 3325 1646 3380 ab
1671 3342 1731 3381 eo
1752 3342 1874 3398 pro-

356 3418 631 3473 missorum
649 3429 828 3474 eventu
853 3419 1123 3495 dubitandi
1149 3419 1296 3475 nulla
1318 3420 1452 3475 ratio
1472 3428 1567 3475 est.
1587 3419 1716 3491 Cap.
1740 3420 1794 3485 4,
1813 3421 1869 3477 5.
1900 3400 1947 3464 Ο

273 3510 617 3568 Ethnicorum
634 3513 945 3584 jactantiam
991 3511 1251 3580 retundit,
1283 3513 1471 3584 quippe
1511 3514 1599 3585 qui
1642 3528 1696 3568 se
1735 3512 1875 3568 solos

346 3604 607 3675 sapientia
636 3614 682 3659 et
707 3606 920 3660 scientia
950 3615 1159 3667 ornatos
1211 3606 1590 3677 gloriarentur,
1661 3615 1871 3662 caeteros

352 3711 506 3763 vero,
537 3698 625 3768 qui
653 3713 745 3769 per
774 3707 935 3753 totum
965 3708 1215 3754 terrarum
1257 3697 1430 3753 orbent
1453 3697 1657 3755 Christo
1688 3716 1874 3755 nomen

236 3792 251 3805 ’
345 3787 647 3855 dederunt,
692 3806 879 3861 magno
905 3790 1057 3845 etiam
1082 3790 1287 3862 ingenio
1316 3791 1563 3863 praeditos
1583 3832 1599 3857 ,
1632 3791 1836 3848 obtusos
1854 3838 1869 3861 ,

345 3881 547 3937 hebetes
573 3898 634 3937 ac
664 3882 837 3953 fatuos
864 3883 1237 3940 existimarent.
1561 3881 1692 3955 Cap.
1725 3884 1778 3951 6,
1815 3884 1869 3939 7.

274 3973 448 4031 Nulla
477 3976 637 4049 igitur
656 3978 856 4031 ratione
877 3976 997 4031 aliis
1019 3993 1121 4032 non
1146 3977 1395 4033 doctiores
1423 3978 1612 4033 ethnici
1636 3978 1875 4035 christia-

342 4085 437 4123 nos
471 4069 642 4124 divino
668 4069 914 4141 magistro
942 4086 1035 4124 suo
1065 4070 1323 4126 credentes
1346 4071 1723 4141 vituperabant.
1749 4070 1878 4127 Sine

345 4164 539 4236 praevia
567 4180 786 4236 namque
809 4164 913 4234 fide
942 4165 1142 4220 nullum
1171 4168 1403 4239 profecto
1432 4167 1690 4238 negotium
1710 4167 1875 4222 susci-

342 4259 500 4329 pitur.
522 4256 966 4332 Ipsimetgentlles
981 4261 1307 4331 opinionibus
1343 4260 1610 4317 credebant
1642 4263 1871 4332 philoso-

343 4353 562 4422 phorum
580 4393 596 4417 ,
629 4352 717 4424 qui
744 4353 808 4407 de
834 4353 1015 4423 primis
1043 4363 1210 4409 tamen
1235 4369 1405 4408 rerum
1435 4354 1702 4424 principiis
1731 4354 1876 4409 aliis-

341 4464 442 4519 que
468 4442 533 4502 de
575 4448 724 4504 rebus
754 4447 888 4502 nihil
933 4448 1055 4503 certi
1110 4447 1466 4520 exploratique
1496 4448 1768 4518 proferunt
1814 4463 1875 4501 ac

343 4557 545 4611 semper
572 4542 704 4594 inter
728 4557 782 4596 se
811 4539 1188 4612 dt'gladiantur.
1323 4528 1331 4535 ’
1445 4540 1574 4611 Cap.
1607 4540 1662 4604 8,
1692 4542 1749 4606 υ,
1780 4539 1870 4594 10.

272 4630 409 4688 Inde
435 4630 633 4703 colligit
654 4631 911 4687 Arnobius
935 4632 1130 4704 aequius
1155 4648 1265 4688 esse
1293 4633 1499 4688 credere
1526 4631 1753 4699 Christo,
1784 4632 1875 4703 qui

346 4728 504 4782 tantis
543 4727 807 4782 miraculis
847 4726 1138 4782 doctrinam
1190 4743 1339 4781 suam
1386 4727 1664 4794 stabilivit,
1715 4744 1873 4800 quant

2053 2104 2116 2159 de
2139 2122 2415 2175 corporunt
2456 2111 2827 2167 resurrectione
2876 2113 2939 2168 de
2966 2115 3130 2172 salute
3164 2119 3486 2187 animatum,
3534 2134 3581 2177 et

2055 2198 2247 2269 futuris
2291 2199 2570 2270 intpiornm
2596 2204 2762 2272 poenis
2792 2207 3091 2274 sententiae,
3135 2212 3365 2280 quamvis
3412 2213 3476 2268 ab
3507 2215 3588 2270 his
3620 2286 3623 2289 ὗ

2049 2290 2201 2344 aliter
2225 2302 2376 2360 atque
2398 2308 2429 2345 a
2464 2289 2773 2349 Christianis
2801 2297 3142 2367 explicentur.
3209 2299 3338 2371 Cap.
3376 2303 3465 2369 15,
3497 2305 3585 2361 14.

1979 2379 2119 2437 Hinc
2163 2384 2485 2439 occasionem
2532 2396 2704 2457 captat
2745 2388 3000 2445 Arnobius
3048 2391 3397 2464 edisserendi,
3432 2397 3584 2468 cujus

2050 2487 2255 2532 natura:
2275 2477 2341 2532 sit
2363 2477 2763 2545 animamostra,
2795 2499 2896 2553 quo
2927 2499 2990 2538 ex
3015 2488 3158 2554 fonte
3183 2487 3396 2556 prodeat
3425 2499 3471 2542 et
3496 2505 3591 2543 cur

2050 2575 2206 2630 variis
2234 2573 2502 2642 affectibus
2543 2587 2592 2632 et
2620 2579 2753 2634 vitiis
2792 2581 2883 2649 ﬁat
2927 2582 3168 2638 obnoxia.
3218 2583 3353 2640 Illos
3404 2586 3589 2642 deinde

2050 2666 2243 2737 refutat
2266 2710 2283 2736 ,
2309 2668 2397 2737 qui
2423 2680 2650 2725 nostram
2678 2672 2907 2728 anintam
2950 2675 3181 2746 ejusdem
3207 2694 3323 2731 cum
3351 2676 3460 2734 Deo
3482 2680 3583 2733 im-

2049 2760 2378 2816 mortalitatis
2426 2773 2473 2817 et
2516 2772 2716 2820 natura?
2757 2768 3060 2840 participem
3105 2750 3211 2824 esse
3277 2773 3586 2841 pronuntia-

2055 2852 2198 2908 bant.
3098 2862 3229 2933 Cap.
3253 2864 3340 2931 M,
3377 2866 3466 2931 15,
3494 2866 3582 2922 16.

1976 2946 2043 3002 At
2071 2947 2245 3004 divina
2276 2960 2382 3016 est,
2416 2951 2738 3024 inquiebant,
2772 2955 2948 3010 aninta
2978 2957 3201 3011 hominis
3225 3000 3238 3023 ,
3268 2962 3356 3028 qui
3373 2962 3576 3015 ratione

2051 3043 2248 3097 caneris
2278 3052 2483 3113 praestat
2509 3045 2835 3100 animalibus.
2872 3046 3077 3118 Optime
3101 3048 3343 3119 quidem,
3376 3051 3583 3121 reponit

2049 3138 2302 3194 Arnobius
2324 3181 2339 3205 ,
2367 3139 2413 3194 si
2439 3139 2591 3195 homo
2615 3141 2714 3195 hac
2750 3158 2845 3196 sua
2867 3143 3071 3197 ratione
3100 3144 3222 3198 bene
3242 3161 3443 3214 semper
3469 3154 3581 3200 ute-

2048 3240 2204 3286 retur.
2230 3231 2426 3286 Deinde
2447 3234 2712 3289 nonnullis
2726 3251 2999 3291 occurrens
3021 3237 3279 3292 instantiis
3307 3238 3444 3310 vulgi
3466 3240 3582 3308 opi-

2050 3324 2278 3379 nationes
2317 3325 2378 3379 de
2419 3326 2607 3382 animle
2653 3326 2891 3382 humana:
2938 3331 3237 3398 priestantia
3265 3315 3473 3401 exponit
3520 3348 3581 3385 ac

2053 3416 2225 3472 diluit.
3196 3422 3324 3492 Cap.
3364 3424 3453 3489 t7,
3482 3424 3570 3492 t8,

1981 3507 2159 3580 Pergit
2181 3526 2333 3580 porro
2363 3511 2739 3581 demonstrare,
2786 3513 3037 3569 humanas
3064 3515 3262 3570 animas
3303 3533 3464 3587 neque
3493 3519 3580 3571 di-

2052 3603 2194 3656 vinas
2244 3620 2353 3659 esse
2397 3621 2559 3675 neque
2596 3606 2824 3660 omnium
2873 3608 3083 3660 scicntia
3105 3608 3332 3662 eruditas
3354 3609 3407 3663 in
3441 3609 3579 3665 hunc

2051 3696 2298 3751 mundum
2325 3713 2353 3750 e
2381 3697 2507 3752 caelo
2534 3697 2803 3753 advolasse
2822 3740 2837 3764 ,
2867 3709 3020 3769 atque
3047 3700 3167 3754 inde
3205 3702 3306 3754 ruit
3334 3702 3581 3773 placitum

2047 3786 2182 3843 illud
2204 3787 2548 3858 quorumdam
2590 3788 3047 3861 philosophorum,
3086 3808 3186 3862 quo
3213 3809 3271 3846 ea
3295 3809 3409 3861 qua:
3429 3796 3584 3850 disci-

2050 3896 2164 3934 mus
2190 3880 2600 3936 reminiscentias
2627 3898 2736 3936 esse
2761 3885 3103 3938 somniabant.
3323 3886 3453 3958 Cap.
3490 3887 3578 3944 19.

1980 3971 2048 4027 Et
2076 3974 2208 4028 hanc
2235 3974 2438 4045 quidem
2466 3975 2890 4045 conjectationem
2915 3976 3101 4046 falsam
3132 3994 3239 4034 esse
3268 3981 3386 4041 aliis
3407 3981 3579 4037 adhuc

2049 4069 2307 4122 rationum
2334 4070 2603 4124 montentis
2629 4070 2810 4124 evincit
2840 4087 2851 4124 :
2882 4072 3132 4140 imprimis
3160 4088 3277 4125 vero
3309 4074 3576 4143 proposita

2048 4162 2318 4234 hypothesi
2344 4164 2508 4237 pueri,
2525 4163 2576 4216 in
2591 4162 2932 4218 desertissima
2949 4174 2995 4217 et
3015 4164 3272 4219 inaccessa
3296 4165 3577 4220 solitudine

2047 4256 2154 4310 nati
2173 4265 2321 4326 atque
2351 4255 2537 4311 ibidem
2566 4272 2766 4311 summo
2796 4257 2849 4310 in
2875 4257 3080 4311 silentio
3125 4274 3157 4311 a
3206 4267 3348 4311 muta
3375 4259 3571 4315 nutrice

2045 4349 2269 4405 educati.
3204 4351 3334 4422 Cap.
3361 4352 3452 4420 20,
3480 4353 3543 4410 2|
3561 4395 3575 4410 .

1979 4443 2117 4498 Ilinc
2136 4443 2392 4499 evidenter
2412 4444 2707 4513 concludit,
2753 4446 3034 4500 humanam
3061 4447 3291 4501 animam
3334 4449 3388 4503 in
3419 4465 3572 4504 mun-

2048 4536 2171 4591 dunt
2192 4552 2294 4591 non
2321 4537 2515 4591 venisse
2533 4537 2761 4591 omnium
2786 4538 3001 4593 scientia
3028 4539 3354 4593 instructam.

3193 4630 3323 4705 Cap.
3355 4635 3447 4703 22,
3478 4636 3569 4694 25.

1978 4721 2182 4778 Exinde
2205 4722 2463 4778 Arnobius
2492 4723 2807 4778 contrarium
2839 4721 3082 4780 Platonis
3109 4737 3467 4797 argumentum
3510 4745 3575 4783 ea:

344 4818 668 4892 philosophis
705 4818 1077 4890 quantumlibet
1103 4818 1165 4873 ob
1196 4835 1395 4873 morum
1424 4819 1769 4891 integritatem
1792 4829 1872 4875 ato
1901 4801 1957 4861 Ῑ)
2055 4832 2213 4888 puero
2240 4815 2305 4870 de
2346 4816 2573 4871 numeris
2602 4815 2914 4887 interrogato
2947 4817 3156 4886 petitum
3187 4817 3468 4874 luculenter
3490 4819 3573 4873 di-

343 4931 440 4986 que
483 4914 795 4982 sapientiam
843 4913 1158 4979 laudandis,
1201 4913 1291 4984 qui
1315 4912 1447 4967 nihil
1487 4912 1566 4966 vel
1608 4913 1877 4967 minimum

343 5009 469 5077 quid
496 5009 578 5062 his
603 5008 771 5063 simile
795 5024 1039 5079 umquam
1065 5014 1363 5078 potuerunt.
1616 5003 1751 5075 Cap.
1782 5007 1871 5062 11.

271 5104 344 5164 Et
370 5115 506 5160 certe
546 5104 592 5159 si
634 5102 872 5158 Christus
901 5102 1142 5155 humanis
1171 5110 1369 5156 tantum
1412 5100 1732 5173 argumentis
1756 5116 1877 5156 usus

344 5197 553 5267 fuisset,
582 5212 729 5252 nemo
754 5196 801 5250 ei
820 5195 978 5262 ﬁdem
1005 5194 1355 5261 adhibuisset,
1382 5210 1538 5263 quam
1566 5205 1737 5249 tamen
1768 5193 1876 5264 ple-

343 5292 488 5362 rique
513 5288 641 5345 dare
665 5289 831 5344 coacti
851 5298 969 5345 sunt
991 5287 1052 5343 ob
1079 5288 1218 5343 edita
1243 5287 1307 5342 ab
1334 5287 1449 5358 ipso
1478 5288 1691 5358 ejusque
1717 5286 1874 5342 disci-

347 5385 485 5457 pulis
514 5384 803 5448 miracula;
834 5382 971 5439 edita
993 5424 1007 5446 ,
1031 5383 1241 5453 inquam
1262 5423 1279 5446 ,
1307 5382 1494 5452 ubique
1513 5381 1567 5435 in
1598 5380 1805 5436 Oriente
1829 5390 1876 5435 et

348 5477 628 5535 Occidente
656 5487 704 5533 et
741 5478 1066 5551 potissimum
1098 5476 1279 5531 Romae
1298 5517 1314 5543 ,
1345 5475 1431 5531 ubi
1478 5475 1663 5533 Simon
1695 5493 1875 5548 magus

344 5588 377 5628 a
403 5571 563 5628 Petro
589 5588 655 5627 ea:
693 5571 899 5627 sublimi
926 5586 1027 5627 tere
1055 5570 1109 5625 in
1136 5579 1327 5625 terram
1364 5569 1594 5637 deiectus
1637 5569 1876 5642 perhibe-

348 5674 450 5720 tur.
1625 5661 1752 5732 Cap.
1783 5661 1868 5716 12.

276 5757 416 5826 Quid
467 5757 661 5825 plura?
708 5755 833 5813 Non
873 5756 1108 5813 vexanda
1139 5765 1308 5825 certe,
1336 5755 1425 5812 sed
1451 5756 1565 5812 ideo
1609 5756 1877 5811 laudanda

344 5859 454 5907 erat
483 5849 545 5905 ab
573 5849 787 5905 ethnicis
819 5848 1213 5904 christianoram
1248 5848 1412 5919 fides,
1448 5848 1570 5920 quia
1592 5848 1695 5904 illis
1731 5863 1875 5903 com-

852 5943 1129 6005 Pnnon.
1163 5941 1240 6004 V.

2051 4910 2167 4965 luit.
3194 4908 3323 4980 Cap.
3353 4911 3445 4976 24,
3475 4911 3569 4969 25.

1983 5002 2174 5059 Eorum
2198 5003 2531 5075 objectionem
2573 5003 2839 5068 dissolvit,
2872 5004 2959 5074 qui
2996 5004 3169 5057 dicunt
3198 5004 3424 5057 animam
3443 5046 3458 5073 ,
3485 5006 3573 5060 ubi

2050 5097 2257 5166 corpori
2302 5096 2652 5166 conjungitur,
2712 5096 2942 5165 priorum
3013 5094 3240 5148 oblivisci
3290 5106 3479 5163 atque,
3523 5106 3579 5151 ut

2046 5190 2224 5259 aiunt,
2257 5205 2323 5245 ea:
2339 5189 2490 5244 docta
2512 5188 2896 5244 elementariam
2923 5188 3055 5255 fieri.
3192 5186 3324 5255 Cap.
3356 5187 3449 5256 26,
3477 5188 3568 5243 27.

1981 5281 2129 5339 Idem
2159 5291 2514 5355 argumentum
2546 5290 2842 5352 pertractat.
3314 5280 3444 5350 Cap.
3476 5281 3570 5338 28.

1982 5374 2069 5431 Ea:
2092 5375 2366 5446 disputatis
2402 5374 2596 5446 colligit
2624 5383 2804 5428 auctor
2828 5372 3080 5426 hominem
3129 5372 3462 5443 proletarium
3515 5393 3576 5431 ac

2054 5488 2263 5543 prorsus
2287 5470 2491 5542 inapem
2517 5468 2685 5524 ordini
2708 5468 2873 5540 primo
2900 5469 2953 5520 h.
2992 5483 3038 5520 e.
3075 5466 3246 5521 divino
3273 5484 3373 5522 non
3409 5470 3574 5525 ascri-

2051 5564 2270 5619 bendum
2310 5580 2404 5618 nec
2459 5562 2505 5617 ei
2558 5561 2788 5617 eamdem
2816 5570 2971 5630 atque
2998 5558 3106 5614 Deo
3133 5561 3574 5618 immortalitatem

2056 5656 2399 5712 tribuendam.
3205 5652 3335 5723 Cap.
3362 5652 3454 5720 29,
3483 5655 3576 5711 50.

1988 5750 2186 5806 Eadem
2214 5750 2412 5805 ratione
2436 5748 2701 5819 impugnat
2739 5744 2993 5801 Arnobius
3025 5746 3335 5801 contrariam
3362 5746 3578 5817 Epicuri

2058 5843 2380 5913 Opinionem,
2431 5841 2518 5911 qui
2568 5838 2795 5894 animum
2837 5839 3115 5892 humanam
3165 5840 3430 5895 mortalem
3478 5858 3584 5896 esse

2941 5931 3020 5993 9.6
