3970 6312
388 310 490 369 8H

1529 272 1815 367 Annona
1842 307 2209 370 ADVERSUS
2238 310 2516 370 causes

3578 318 3689 376 8l2

458 426 733 502 garriebat.
759 424 956 481 Deinde
982 424 1159 480 statuit
1185 432 1365 479 auctor
1392 433 1584 493 noster,
1617 426 1845 480 animam
1875 442 1978 480 me-
2008 427 2061 489 Α
2155 437 2371 497 seratur,
2419 427 2555 500 quod
2611 425 2674 482 ab
2724 426 2829 484 alio
2868 426 3041 485 statim
3096 429 3290 486 destrui
3315 446 3418 487 non
3484 434 3688 503 possit?

459 522 560 577 dia:
599 519 868 591 cujusdam
893 518 1161 573 mortalem
1202 517 1336 573 inter
1380 526 1426 573 et
1470 517 1697 573 divinam
1746 529 1984 574 naturam

460 630 568 670 esse
589 612 904 669 substantiae.
1551 609 1682 680 Cap.
1717 610 1788 667 50
1802 641 1873 651 —
1890 611 1982 667 54.

387 709 705 766 [astantibus
752 723 867 762 vero
915 707 1129 761 ethnicis
1149 747 1163 771 ,
1193 722 1293 775 quo
1325 715 1475 777 pacto
1532 705 1840 760 immortalis
1870 705 1985 775 fieri

457 802 615 872 possit
644 800 853 867 anima,
899 800 943 854 si
990 801 1169 855 media:
1212 800 1353 854 illius
1383 798 1645 870 qualitatis
1692 800 1796 864 sit,
1852 800 1982 872 facit

452 895 577 949 satis
605 892 879 947 Arnobius.
1605 890 1732 964 Cap.
1764 893 1855 963 55,
1889 893 1980 950 56.

383 984 583 1042 Deinde
612 987 837 1043 animam
866 997 1093 1043 nostram
1122 1003 1154 1040 a
1182 996 1441 1058 postrema
1465 987 1690 1056 quadam
1736 996 1985 1058 potestate

455 1082 614 1152 fuisse
641 1081 845 1153 quidem
877 1092 1101 1137 creatam
1121 1123 1136 1150 ,
1173 1083 1263 1135 sed
1291 1097 1453 1150 neque
1482 1082 1670 1136 divina:
1700 1080 1861 1152 prolis
1890 1098 1981 1137 ne-

450 1189 549 1243 que
575 1174 759 1228 summi
792 1171 887 1227 Dei
935 1175 1101 1242 ﬁliam
1146 1190 1252 1228 esse
1294 1174 1626 1228 demonstrat.
1656 1173 1767 1228 Nec
1790 1179 1983 1243 patitur

449 1278 630 1323 auctor
657 1269 754 1322 sibi
782 1268 967 1339 objici,
998 1268 1245 1322 mundum
1278 1269 1388 1323 sine
1409 1270 1616 1323 homine
1653 1285 1762 1324 esse
1786 1270 1979 1339 imper-

454 1365 674 1433 fectum;
698 1362 925 1434 adeoque
964 1362 1129 1417 Deum
1167 1364 1572 1439 uniuscujusque
1595 1365 1823 1425 animant
1848 1382 1909 1424 ex
1929 1382 1983 1421 se

451 1456 566 1526 ipso
586 1455 813 1529 genitam
838 1456 892 1510 in
922 1455 1201 1511 humanum
1232 1470 1418 1529 corpus
1448 1457 1663 1515 misisse.

1479 1546 1610 1619 Cap.
1643 1550 1733 1616 56,
1763 1550 1853 1617 '57,
1885 1549 1975 1605 58.

377 1640 559 1716 Longa
606 1654 777 1698 autem
806 1643 1104 1698 inductione
1133 1653 1347 1697 conatur
1376 1643 1638 1698 ostendere
1658 1685 1673 1709 ,
1721 1644 1979 1702 hominem

444 1754 547 1791 non
575 1736 646 1790 ad
664 1738 1023 1807 perfectionem
1046 1738 1242 1803 mundi,
1272 1736 1359 1806 qui
1384 1737 1585 1807 quidem
1613 1738 1723 1791 sine
1748 1738 1841 1792 illo
1868 1755 1977 1793 esse

442 1838 677 1900 poterat,
733 1829 823 1884 sed
868 1831 933 1883 ad
968 1830 1220 1899 privatam
1265 1831 1525 1897 ipsiusmet
1565 1830 1786 1885 hominis
1821 1831 1964 1885 utili-
2004 1824 2045 1882 Β

444 1932 597 1976 tatem
627 1938 733 1977 esse
755 1932 1000 1977 creatum.
1034 1922 1199 1993 Atque
1224 1939 1288 1977 ea:
1320 1920 1398 1976 his
1424 1924 1719 1991 concludit,
1745 1924 1974 1978 divinant

441 2030 546 2069 non
569 2032 676 2071 esse
703 2017 930 2072 animum
947 2058 961 2084 ,
989 2032 1107 2088 qute
1134 2018 1461 2087 postmodum
1483 2018 1534 2072 in
1557 2034 1741 2089 corpus
1762 2020 1973 2090 aliquod

434 2124 464 2162 a
490 2107 595 2161 Deo
627 2109 781 2162 missa
811 2110 985 2179 fuerit.
1508 2109 1640 2182 Cap.
1675 2112 1744 2169 '59
1779 2143 1847 2152 —
1876 2115 1967 2195 45.

366 2205 431 2260 At
456 2222 581 2273 sua,
613 2207 883 2276 inquiunt,
938 2207 1223 2274 uoluntate,
1275 2225 1378 2262 non
1423 2207 1518 2263 Dei
1557 2210 1709 2281 jussu
1739 2211 1870 2264 venit
1915 2210 1971 2266 in

436 2301 700 2353 mundum.
736 2299 831 2354 Cui
858 2300 1065 2370 quidem
1093 2301 1353 2356 instantiae
1382 2303 1607 2357 occurrit
1635 2303 1908 2358 Arnobius.

1518 2394 1646 2464 Cap.
1677 2394 1748 2449 44
1775 2425 1848 2435 ——-
1871 2393 1965 2450 16.

368 2483 630 2557 Urgebant
654 2485 842 2542 ethnici
870 2526 884 2549 ,
939 2486 1073 2539 unde
1098 2486 1255 2557 igitur
1284 2486 1458 2540 anima
1487 2489 1755 2558 progenita
1786 2489 1850 2541 sit
1878 2498 1967 2541 aut

436 2578 641 2648 prolata
670 2577 1000 2647 inquirentes.
1036 2576 1232 2642 Quibus
1256 2579 1528 2647 respondet
1558 2579 1816 2633 Arnobius
1836 2620 1851 2645 ,
1895 2579 1934 2634 il
1944 2607 1966 2625 -

433 2670 525 2724 lud
550 2671 770 2749 primunt
798 2670 942 2725 nobis
969 2686 1077 2725 esse
1100 2680 1437 2741 compertum,
1456 2672 1602 2726 illam
1624 2689 1715 2727 nec
1735 2673 1963 2727 divinant

431 2779 522 2818 nec
555 2763 651 2818 Dei
692 2781 805 2819 esse
833 2766 1125 2836 progeniem
1152 2782 1171 2821 :
1199 2766 1330 2821 nihil
1359 2767 1494 2820 enint
1544 2785 1575 2820 a
1622 2766 1732 2822 Deo
1762 2784 1961 2824 summo

431 2856 542 2927 fieri
592 2873 829 2928 umquam
862 2859 1109 2927 potuisse,
1144 2859 1243 2912 nisi
1288 2858 1520 2914 onmibus
1548 2863 1772 2914 numeris
1802 2862 1957 2915 abso-

434 2948 619 3004 lutum.
652 2948 853 3005 Deinde
898 2951 1107 3018 subdit,
1152 2951 1286 3006 illud
1316 2970 1409 3007 nos
1449 2964 1587 3008 certo
1614 2971 1919 3026 cognoscere
1940 2996 1955 3021 ,

429 3041 658 3096 homines
702 3041 834 3097 nihil
859 3059 965 3097 esse
1006 3044 1151 3098 aliud
1178 3046 1276 3099 nisi
1305 3047 1507 3101 animus
1534 3049 1739 3118 corpori
1768 3050 1959 3120 alliga-

429 3142 538 3199 tas,
567 3149 684 3203 qute
708 3136 845 3189 omni
872 3135 1109 3191 vitiorum
1136 3153 1315 3208 genere
1350 3152 1771 3210 corrumpuntur.

1577 3232 1705 3303 Cap.
1737 3234 1827 3301 47,
1859 3236 1948 3291 48.
1980 3215 2025 3278 C

355 3316 491 3373 Sunt
516 3319 720 3389 quidem
752 3321 992 3375 nonnulli
1037 3323 1246 3392 optimis
1288 3324 1515 3379 moribus
1564 3341 1578 3378 :
1628 3335 1681 3379 at
1728 3327 1782 3380 hi
1830 3344 1954 3383 sane

423 3412 719 3482 paucissimi
745 3423 884 3467 sunt.
915 3412 1199 3487 Ecquinant
1234 3433 1349 3472 vero
1389 3420 1599 3490 perfecti
1630 3429 1746 3475 sunt
1771 3420 1943 3477 homi-

423 3507 553 3561 nes?
584 3505 707 3562 Non
732 3509 891 3579 igitur
915 3509 1086 3564 diuina
1115 3521 1188 3566 est
1211 3513 1389 3567 anima
1416 3516 1660 3570 humana.

1578 3607 1705 3679 Cap.
1736 3609 1828 3677 49,
1857 3611 1946 3667 50.

350 3688 533 3760 Neque
558 3707 675 3747 vero
705 3702 775 3746 est
800 3694 937 3763 quod
966 3695 1166 3750 rideant
1197 3698 1414 3763 ethnici,
1447 3700 1492 3754 si
1530 3718 1772 3772 negemus
1800 3704 1946 3759 nobis

419 3800 528 3838 esse
551 3795 865 3855 contpertum
884 3827 898 3853 ,
944 3803 1044 3857 quo
1072 3789 1225 3844 modo
1252 3790 1347 3844 illa
1392 3793 1459 3846 sit
1499 3803 1691 3848 creata.
1728 3796 1789 3852 Si
1815 3798 1949 3851 enim

419 3886 552 3931 recte
578 3894 610 3930 a
644 3876 860 3933 Platone
899 3890 1149 3935 assertum
1196 3893 1413 3953 putant,
1459 3885 1576 3941 illas
1602 3904 1705 3942 non
1757 3905 1788 3942 a
1840 3890 1948 3946 Deo

420 3973 651 4043 summa},
686 3974 779 4027 sed
803 3992 833 4027 a
856 3976 1138 4032 minoribus
1164 3979 1465 4049 quibusdam
1492 3986 1821 4054 potestatibus
1841 4005 1950 4046 esse

418 4074 617 4120 creatas
650 4083 662 4119 :
694 4083 787 4121 cur
812 4069 956 4123 nobis
985 4086 1085 4125 non
1113 4072 1281 4126 licebit
1305 4075 1445 4145 ipsus
1473 4093 1581 4132 esse
1610 4081 1792 4137 medice
1817 4101 1947 4153 qua-

407 4157 567 4214 [italis
611 4161 761 4233 longe
789 4167 975 4218 certius
1005 4182 1261 4236 asserere,
1308 4186 1421 4241 qua:
1452 4181 1620 4229 tanten
1653 4193 1684 4229 a
1716 4178 1824 4234 Deo
1852 4182 1947 4235 int-

415 4259 727 4313 mortalitate
757 4261 1055 4315 donentur?
1445 4268 1572 4341 Cap.
1606 4273 1697 4340 Si,
1728 4275 1818 4344 5‘2,
1851 4279 1941 4333 55.

347 4347 528 4420 Neque
553 4351 774 4418 dixeris,
807 4355 935 4409 nihil
985 4358 1189 4427 penitus
1218 4360 1326 4414 sine
1369 4361 1465 4417 Dei
1508 4367 1765 4423 uoluntate
1791 4372 1940 4440 fieri,

413 4460 575 4515 neque
603 4446 756 4499 etiam
798 4450 1050 4505 curiosius
1076 4453 1308 4522 inquiras
1327 4496 1341 4520 ,
1364 4458 1503 4512 unde
1528 4461 1665 4515 mala
1706 4464 1943 4520 oriantur

410 4547 457 4590 et
482 4554 572 4590 cur
598 4554 656 4591 ea
700 4537 841 4594 Deus
884 4544 1163 4611 permittat.
1212 4545 1326 4600 Hoc
1368 4566 1523 4605 unum
1555 4569 1647 4623 pro
1679 4565 1814 4610 certo
1845 4557 1939 4612 ha-

413 4629 661 4698 bendum,
696 4631 827 4685 nihil
853 4651 884 4687 a
914 4649 1029 4688 vero
1071 4635 1181 4691 Deo
1225 4639 1337 4707 fieri
1365 4642 1557 4698 malum
1579 4687 1591 4709 ,
1625 4647 1861 4702 vitiosum
1891 4661 1936 4704 et

413 4721 623 4775 noxium
670 4723 905 4794 quodque
957 4728 1190 4782 onmibus
1243 4746 1346 4785 non
1396 4734 1462 4787 sit
1514 4736 1742 4792 salutare
1788 4750 1937 4811 atque

412 4813 598 4867 amoris
619 4814 988 4883 plenissimum.
1559 4824 1689 4899 Cap.
1720 4830 1810 4896 Si,
1837 4833 1930 4889 55.

338 4904 549 4962 Nemini
579 4923 695 4962 vero
723 4909 854 4963 mira
884 4911 1044 4966 videri
1072 4913 1217 4968 debet
1247 4927 1422 4970 nostra
1450 4918 1512 4971 de
1540 4929 1612 4974 tot
1639 4922 1757 4979 aliis
1782 4925 1933 4982 rebus

405 5003 679 5074 ignoratio.
718 5003 846 5068 Quis
891 5006 1025 5060 enim
1073 5009 1232 5062 nescit
1290 5019 1458 5066 tantas
1506 5031 1612 5072 esse
1663 5018 1928 5077 hominum

403 5095 468 5150 de
493 5112 548 5151 re
573 5096 796 5167 qualibet
833 5100 1212 5168 contentiones,
1245 5112 1299 5158 ut
1331 5105 1463 5161 nihil
1493 5123 1525 5162 a
1552 5125 1807 5183 quoquam
1833 5133 1921 5171 as-

3254 526 3385 598 Cap.
3463 528 3556 595 56,
3591 529 3683 586 57.

2090 619 2333 686 Quamvis
2372 639 2493 695 ergo
2538 623 2836 695 ignorarent
2883 620 3198 690 Christiani,
3242 638 3274 676 a
3316 639 3418 697 quo
3462 632 3512 678 et
3551 623 3689 679 unde

2156 726 2326 770 creata
2352 718 2417 772 sit
2446 718 2619 771 anima
2648 717 2872 771 humana
2898 732 2917 771 :
2943 715 3075 771 nihil
3117 716 3239 771 inde
3288 716 3535 771 adversus
3564 715 3689 772 illos

2156 811 2360 881 efﬁcere
2398 820 2631 881 poterant
2682 810 2908 878 ethnici,
2962 810 3146 883 quibus
3175 812 3335 865 multo
3382 812 3539 884 plura
3569 820 3688 866 sunt

2156 905 2494 976 incomperta.
2946 954 2961 963 .
3256 903 3385 975 Cap.
3465 906 3558 970 58,
3592 905 3684 961 59.

2086 997 2239 1054 ﬂecte
2265 1001 2435 1071 itaque
2460 999 2695 1056 Christus
2716 1043 2729 1066 ,
2753 1015 2901 1056 verus
2930 999 3073 1055 Deus
3090 1042 3106 1067 ,
3138 1002 3232 1055 sub
3261 1000 3484 1055 hominis
3515 1003 3688 1072 forma

2158 1091 2358 1149 locutus
2398 1094 2550 1167 jubet
2596 1112 2722 1163 nos,
2769 1094 2964 1150 relictis
3003 1095 3241 1157 omnibus
3282 1096 3685 1167 quaestionibus,

2153 1188 2222 1240 ad
2250 1205 2420 1242 rerum
2450 1189 2805 1243 universarum
2832 1189 3109 1244 Dominum
3136 1199 3242 1244 tota
3269 1200 3435 1245 mente
3477 1190 3689 1253 attolli;

2152 1280 2241 1350 qui
2270 1282 2471 1336 tametsi
2500 1282 2863 1352 comprehendi
2900 1290 3118 1353 nequeat
3141 1322 3157 1347 ,
3190 1282 3368 1337 nullus
3390 1291 3562 1336 tamen
3584 1281 3687 1337 nisi

2151 1389 2323 1433 amens
2353 1374 2502 1433 illunt
2546 1375 2714 1437 solum
2762 1391 2873 1429 esse
2921 1373 3088 1429 Deum
3140 1374 3370 1446 ambigit.
3431 1373 3689 1430 Ethnicos

2150 1465 2328 1537 igitur,
2359 1466 2447 1538 qui
2476 1483 2591 1523 sunt
2636 1482 2740 1523 non
2782 1477 3099 1539 agnoscunt,
3150 1476 3356 1522 manent
3400 1468 3523 1521 stevi
3566 1475 3689 1538 post

2152 1567 2362 1613 mortem
2390 1543 2668 1614 cruciatus.
3169 1559 3302 1630 Cap.
3343 1559 3430 1625 60,
3464 1559 3555 1627 61,
3585 1560 3684 1616 62.

2082 1650 2394 1722 Urgentibus
2448 1652 2694 1717 ethnicis,
2744 1652 2870 1722 quid
2914 1668 3035 1723 ergo
3070 1660 3241 1705 actum
3285 1652 3351 1706 sit
3397 1651 3463 1705 de
3503 1666 3686 1706 eorum

2149 1747 2418 1801 animabus
2438 1787 2453 1814 ,
2496 1748 2584 1816 qui
2612 1757 2730 1802 ante
2758 1745 2951 1802 Christi
2990 1748 3261 1801 adventum
3302 1746 3493 1800 mortui
3521 1756 3642 1800 sunt
3663 1789 3683 1816 ,

2145 1848 2194 1893 et
2234 1856 2323 1894 cur
2366 1857 2539 1895 omnes
2577 1841 2764 1895 anima:
2809 1858 2909 1895 non
2953 1844 3055 1895 sint
3101 1838 3287 1911 a’quali
3330 1841 3685 1908 muniﬁcentia

2148 1934 2354 1989 donata:
2384 1953 2402 1991 :
2432 1938 2701 2006 respondet
2733 1938 2954 2007 primunt
2987 1938 3242 1992 Arnobius
3261 1980 3276 2005 ,
3306 1939 3574 2010 aequaliter
3623 1939 3685 1993 in

2152 2042 2327 2081 omnes
2359 2028 2534 2082 divina
2560 2027 2797 2098 beniﬁcia
2829 2029 2990 2100 fuisse
3016 2026 3244 2097 diﬂ'usa;
3276 2030 3478 2097 deinde,
3503 2046 3685 2084 omnes

2146 2117 2313 2173 Deum
2354 2122 2614 2190 wqualiter
2653 2137 2834 2177 uocare
2875 2122 3208 2195 omnibusque
3245 2124 3314 2177 ad
3360 2141 3414 2178 se
3441 2123 3684 2178 veniendi

2144 2222 2444 2284 potestatem
2496 2216 2705 2286 fecisse,
2758 2217 2848 2272 sed
2892 2216 3026 2273 nulli
3069 2219 3418 2274 necessitatem
3466 2218 3679 2285 afferre.

3284 2312 3415 2378 Cap.
3459 2313 3551 2379 63,
3579 2312 3677 2368 64.

2072 2397 2265 2461 Docet.
2298 2418 2388 2455 cur
2417 2399 2556 2457 Deus
2598 2420 2699 2459 non
2734 2405 2939 2475 faciat,
2972 2415 3030 2461 ut
3076 2407 3222 2462 inuiti
3248 2407 3479 2460 homines
3510 2408 3679 2476 ipsius

2139 2496 2346 2551 credant
2375 2499 2672 2566 promissis;
2698 2500 2902 2565 deinde,
2935 2500 3071 2570 quod
3100 2501 3200 2555 soli
3222 2499 3503 2555 Christiani
3524 2500 3677 2555 salu-

2138 2578 2235 2643 ten't
2267 2601 2641 2658 consequantur
2690 2608 2785 2663 ope
2811 2593 2999 2648 Christi
3051 2605 3203 2666 atque
3244 2595 3464 2666 auxilio,
3513 2595 3603 2648 cui
3638 2610 3679 2649 ct

2139 2682 2248 2738 Deo
2279 2694 2425 2755 patre
2462 2685 2682 2754 facultas
2702 2686 2801 2739 ista
2833 2702 3093 2742 concessa.
3411 2688 3542 2758 Cap.
3575 2689 3669 2745 65.

2063 2774 2277 2830 Transit
2304 2778 2372 2831 ad
2397 2789 2609 2832 veterem
2640 2780 2955 2834 ethnicorum
2982 2768 3372 2850 querimoniam,
3418 2798 3521 2853 qua
3568 2798 3671 2837 no-

2132 2870 2316 2925 rellam
2347 2888 2454 2926 esse
2488 2872 2819 2927 christianum
2846 2872 3143 2945 religionem
3170 2883 3320 2946 atque
3345 2876 3586 2945 antiquos
3621 2876 3674 2933 et

2132 2964 2327 3035 patrios
2352 2965 2484 3019 ritus
2510 2966 2564 3019 in
2594 2966 2841 3022 barbaros
2863 2982 2923 3020 ac
2952 2969 3250 3037 peregrinos
3278 2986 3380 3023 non
3416 2986 3525 3024 esse
3553 2988 3668 3025 mu-

2132 3057 2317 3112 tandos
2356 3059 2765 3129 expostulabant.
3151 3062 3279 3134 Cap.
3328 3063 3419 3129 66,
3446 3064 3537 3128 67,
3570 3064 3662 3120 68.

2061 3146 2280 3204 Tametsi
2311 3149 2589 3205 christiana
2615 3151 2795 3223 religio
2832 3168 3004 3208 recens
3033 3161 3161 3208 esset
3187 3155 3452 3221 instituta,
3496 3170 3669 3212 nonne

2128 3260 2209 3299 res
2263 3261 2435 3299 omnes
2490 3246 2758 3314 humanas,
2818 3263 2987 3300 nonne
3041 3249 3096 3302 in
3149 3248 3359 3319 primis,
3411 3248 3492 3303 vel
3534 3250 3667 3319 ipsis

2130 3338 2405 3406 fatentibus
2467 3338 2717 3407 ethnicis,
2775 3354 2951 3394 eorum
3004 3337 3095 3394 Dii
3165 3355 3275 3396 esse
3346 3353 3610 3412 cceperunt
3639 3341 3667 3397 Ρ

3272 3432 3402 3506 Cap.
3443 3435 3534 3500 69,
3570 3434 3661 3490 70.

2058 3524 2121 3581 Si
2163 3542 2282 3598 ergo
2329 3535 2445 3581 ante
2490 3527 2890 3600 quadringentos
2933 3545 3096 3583 annos
3138 3525 3435 3584 Christiana
3478 3530 3664 3601 religio

2129 3634 2229 3672 non
2269 3629 2409 3684 erat,
2458 3637 2618 3690 neque
2664 3622 2816 3676 etiam
2863 3630 2984 3675 ante
3033 3622 3135 3676 duo
3192 3637 3446 3677 annorum
3497 3623 3665 3678 millia

2127 3712 2298 3767 nullos
2349 3712 2469 3765 deos
2517 3730 2636 3768 suos
2694 3715 2855 3787 fuisse
2897 3731 3083 3787 negare
3132 3732 3235 3770 non
3291 3725 3549 3786 poterant.
3594 3715 3663 3771 At

2126 3805 2329 3860 demum
2369 3807 2633 3877 religionis
2671 3808 2948 3863 auctoritas
2975 3826 3078 3863 non
3128 3818 3201 3864 est
3246 3819 3478 3880 tempore
3518 3810 3662 3864 cesti-

2126 3900 2316 3953 mando
2334 3940 2349 3965 ,
2379 3902 2467 3955 sed
2492 3903 2717 3957 numine.
3408 3902 3537 3974 (.ap.
3566 3903 3660 3959 7i.

2057 3994 2401 4066 Objectionem
2452 3996 2598 4050 illam
2650 3998 2889 4067 deinceps
2943 3999 3181 4071 infringit
3235 3998 3526 4065 Arnobius,
3555 4015 3663 4069 qua

2124 4087 2309 4142 ethnici
2361 4089 2729 4158 obtendebant,
2777 4108 2950 4146 eorum
3002 4093 3298 4164 religionem
3330 4098 3492 4148 multo
3520 4102 3663 4147 uetu-

2120 4184 2324 4239 stiorcm
2352 4185 2635 4240 christiana
2652 4203 2760 4241 esse
2780 4188 3007 4256 adeoque
3024 4189 3288 4243 veriorem.
3312 4185 3441 4258 Cap.
3463 4185 3656 4251 72,73.

2050 4282 2346 4353 Respondet
2386 4284 2767 4354 postulantibus
2798 4284 2925 4353 ipsis
2952 4284 3208 4350 ethnicis,
3251 4300 3345 4339 cur
3392 4295 3497 4337 tam
3542 4299 3660 4338 sero

2118 4375 2353 4431 Christus
2377 4394 2408 4431 a
2439 4376 2546 4432 Dco
2574 4378 2757 4433 missus
2781 4379 2952 4449 fuerit.
3286 4375 3419 4450 Cap.
3445 4378 3537 4443 74,
3557 4378 3656 4434 75.

2049 4467 2190 4523 Satis
2218 4470 2396 4525 iisdem
2425 4471 2549 4540 facit
2592 4470 2962 4540 inquirentibus
2987 4513 3002 4538 ,
3045 4487 3138 4525 cur
3167 4470 3336 4539 Deus,
3380 4473 3465 4525 cui
3500 4470 3659 4526 Chri-

2116 4564 2587 4631 stianiseruiebant,
2607 4566 2835 4634 patiatur
2862 4565 2981 4621 illos
3003 4568 3141 4619 omni
3169 4566 3577 4636 persecutionum
3590 4582 3659 4621 ac

2119 4674 2383 4728 ptenarunt
2408 4676 2589 4730 genere
2614 4660 2787 4714 vexari
2819 4669 2864 4715 et
2890 4660 3133 4732 opprimi.
3152 4658 3282 4730 Cap.
3306 4659 3393 4726 76,
3436 4661 3525 4728 77,
3558 4661 3653 4719 78.

2111 4839 2150 4895 l.
2185 4840 2296 4897 Hoc
2322 4840 2375 4896 in
2407 4842 2526 4897 loco
2557 4842 2715 4897 tribui
2740 4840 2785 4897 si
2809 4842 2916 4898 ulla
2948 4842 3179 4899 facultas
3207 4852 3425 4915 posset,
3449 4845 3656 4903 vellem

2033 4950 2154 4990 cum
2189 4936 2270 4991 his
2298 4937 2569 5005 omnibus,
2598 4936 2792 5007 quibus
2823 4952 3021 4993 nomen
3052 4938 3282 4995 invisum
3311 4948 3396 4996 est
3422 4937 3653 5011 Christi,

2032 5031 2100 5085 ul)
2128 5030 2367 5084 instituta
2404 5029 2772 5100 principaliter
2801 5030 3119 5088 defensione
3164 5030 3487 5090 diverticulo
3516 5051 3657 5105 pau-

2029 5123 2195 5195 lisper
2218 5123 2378 5189 facto,
2414 5124 2537 5179 talia
2563 5123 2730 5180 verba
2762 5125 3011 5183 miscere.
3045 5125 3099 5182 Si
3123 5126 3322 5183 nullam
3347 5143 3472 5186 esse
3494 5129 3657 5187 ducie

1682 5251 2245 5322 COMMENTARIUS.

399 5392 558 5471 I._—
723 5396 916 5471 nullam
965 5415 1072 5456 esse
1144 5402 1328 5458 ducitis
1393 5411 1750 5466 contumeliam
1814 5433 1922 5471 res-

326 5467 550 5535 pondere
600 5468 797 5546 aliquid
845 5473 1197 5546 interrogatos.
1249 5475 1433 5546 Neque
1477 5482 1620 5535 enim
1654 5486 1783 5539 Satis
1824 5467 1921 5543 lio-

328 5548 538 5627 tgestnm
586 5540 1138 5627 videtursnperia'res
1180 5556 1231 5601 et
1275 5540 1522 5627 tloininos
1564 5540 1913 5627 interrogare.

327 5605 604 5687 Salvianus
628 5653 651 5687 ,_
694 5613 852 5687 epist.
899 5605 955 5667 in
990 5632 1002 5668 :
1034 5615 1281 5672 Parentes
1309 5605 1916 5687 cltarissimi;ﬁliai-(ient;

324 5683 768 5763 tlteverendissimi,
819 5686 1124 5763 interrogari
1192 5707 1280 5763 vos
1348 5683 1665 5763 quaesumus,
1744 5683 1910 5756 liceat;

326 5748 521 5832 Contra
555 5754 769 5832 superbi
819 5766 871 5811 et
920 5748 1059 5812 iusin
1094 5761 1283 5832 tumidi
1316 5748 1912 5829 cunctanter

324 5825 542 5877 omnino
597 5825 840 5881 solebant
894 5831 1239 5899 respondere.
1299 5834 1491 5892 Cicero
1541 5840 1607 5893 ad
1665 5825 1909 5916 ﬂebat;

2027 5421 2253 5525 Elin“:
2260 5425 2474 5525 1Appi-st:
2527 5427 2594 5525 1-6
2626 5428 2774 5525 :JQui
2819 5431 3007 5525 istftittc
3057 5435 3310 5525 veniunt,
3348 5439 3651 5525 superbiam

2027 5503 2192 5575 tuam_
2223 5509 2496 5575 accusant,
2532 5502 2672 5575 quod
2715 5513 2930 5573 negent.
2980 5516 3028 5558 te
3071 5502 3518 5575 percunctantibus
3560 5529 3650 5568 re-

2025 5568 2294 5633 spondere.
2334 5569 2499 5635 Idem,
2530 5573 2718 5633 'l‘..sc..
2754 5568 2796 5635 ιζ
2825 5590 2874 5629 c.
2906 5576 2940 5630 8
2969 5593 2983 5630 :
3018 5568 3089 5632 Μ’.

3121 5577 3261 5667 Quid
3275 5580 3370 5667 {si
3477 5599 3647 5667 roga-

2023 5652 2136 5725 v‘ero
2153 5638 2368 5725 aliquid,
2396 5659 2563 5725 nonne
2584 5647 2909 5725 respondebis
2923 5647 3018 5700 ?—
3034 5650 3097 5703 A.
3112 5638 3413 5725 Superbum
3434 5655 3487 5707 id
3512 5638 3646 5725 giti-

2020 5708 2133 5763 detn
2161 5708 2291 5767 esset
2320 5713 2450 5768 :sed
2496 5716 2601 5771 nisi
2644 5708 2771 5787 quid
2821 5734 3022 5797 necesse
3049 5722 3174 5788 erit,
3203 5708 3351 5797 male
3376 5741 3439 5779 ne
3462 5708 3641 5797 roges.

2950 5790 3190 5849 Hanno.
3226 5802 3281 5850 et
3311 5790 3560 5853 Bumasti.

3634 5838 3645 5874 Δ
