3970 6312
336 282 441 337 8:25

1482 274 1763 333 ARNOBII
1802 274 2174 336 ADVERSUS
2211 271 2489 332 CENTES

3543 276 3646 332 82L

337 414 489 465 nare,
516 397 697 463 dicite,
730 410 764 451 o
796 394 1006 462 festivi,
1037 403 1091 448 et
1135 407 1349 449 meraco
1388 393 1668 463 sapientiae
1701 392 1851 449 tincti
1885 401 1941 449 et
1966 400 2019 460 Α
2044 392 2255 448 vidistis
2298 392 2665 464 inspectione,
2712 403 2767 450 et
2810 393 3059 450 manibus
3100 403 3324 450 tractata
3357 394 3649 450 tenuistis?

342 494 511 547 saturi
547 501 706 563 potu,
736 501 889 546 estne
916 488 1095 560 operis
1124 487 1177 543 in
1206 488 1315 542 vita
1353 487 1690 558 negotiosum
1722 486 1936 559 aliquod

339 594 502 656 atque
527 593 804 639 actuosum
833 596 1025 652 genus,
1059 581 1201 652 quod
1235 596 1340 636 non
1364 580 1472 636 ﬁde
1516 590 1790 650 praeeunte
1816 595 1939 636 sus-

344 679 566 750 cipiant,
590 685 825 741 sumant,
849 685 1011 745 atque
1035 673 1416 745 aggrediantur
1440 674 1683 729 actores?
1707 672 1943 745 Peregri-

341 770 568 838 namini,
600 769 864 840 navigatis
890 785 903 821 :
939 782 1045 823 non
1076 768 1296 823 dotnum
1329 781 1424 822 vos
1451 766 1734 822 credentes
1761 781 1945 836 perac-

345 864 417 918 tis
440 861 890 933 negotiationibus
910 860 1277 916 rcmeaturos?
1294 869 1492 916 terram
1514 859 1657 914 ferro
1676 858 1942 927 scinditis,

344 966 505 1027 atque
527 955 759 1026 oppletis
782 955 1050 1011 seminum
1077 955 1340 1009 varietate
1366 972 1378 1007 :
1411 967 1515 1007 non
1543 953 1829 1007 credentes
1850 966 1946 1006 vos

346 1050 554 1119 frugem
587 1056 936 1119 percepturos
961 1062 1084 1103 esse
1113 1046 1319 1101 vicibus
1348 1046 1724 1117 tcmporariis?
1754 1045 1945 1115 conju-

344 1142 484 1213 galia
514 1141 782 1212 copulatis
818 1139 1131 1196 consortia:
1168 1154 1271 1193 non
1304 1137 1477 1193 futura
1505 1153 1628 1194 esse
1665 1137 1948 1195 credentes

347 1244 517 1299 casta,
551 1244 603 1289 et
633 1233 861 1288 ofﬁciosi
894 1231 1111 1289 hederis
1140 1232 1191 1286 in
1222 1232 1480 1287 maritos?
1507 1232 1797 1287 liberorum
1830 1247 1948 1288 sus-

347 1330 524 1400 cipitis
551 1330 754 1398 prolem
783 1348 794 1382 :
827 1345 935 1383 non
964 1328 1270 1383 incolumen
1296 1328 1583 1384 credentes
1614 1326 1749 1394 fore,
1778 1338 1831 1383 et
1853 1343 1950 1398 per

345 1423 548 1493 gradus
590 1422 766 1476 :ctatis
811 1430 1089 1477 venturam
1122 1422 1414 1478 senectutis
1443 1421 1510 1476 ad
1553 1421 1763 1477 metas?
1792 1421 1947 1493 :cgri-

349 1516 566 1571 tudines
605 1532 890 1587 corporum
934 1515 1265 1571 medicorum
1296 1515 1632 1571 committitis
1659 1516 1906 1571 manibus
1934 1533 1948 1569 :

350 1628 458 1666 non
506 1610 791 1665 credentes
820 1610 1039 1663 morbos
1079 1625 1234 1679 posse
1273 1609 1511 1679 mitigata
1554 1611 1846 1681 asperitate
1877 1610 1952 1665 le-

351 1702 492 1758 niri?
522 1702 663 1759 bella
705 1717 827 1757 cum
860 1701 1103 1757 hostibus
1147 1702 1333 1771 geritis
1364 1720 1376 1757 :
1414 1718 1520 1758 non
1550 1703 1829 1758 victoriam
1855 1714 1953 1759 vos

2045 486 2234 544 Nonne
2258 498 2493 543 vestrum
2522 487 2845 559 quicumque
2889 497 2972 543 est
2994 529 3010 554 ,
3060 487 3187 545 huic
3211 531 3226 556 ,
3262 488 3346 544 vel
3373 488 3454 543 illi
3480 486 3652 544 credit

2045 583 2252 638 auctori
2275 592 2300 620 ει
2325 583 2348 637 ?
2378 598 2486 638 non
2515 582 2661 655 quod
2690 582 2791 637 sibi
2822 584 3154 653 persuaserit
3180 584 3300 656 quis
3327 598 3519 639 verum
3547 581 3650 639 dici

2046 676 2114 730 ab
2139 675 2331 740 altero,
2364 675 2509 732 velut
2552 675 2783 745 quadam
2825 675 2950 732 ﬁdei
2995 677 3377 748 aetipulatione
3407 675 3651 731 tutaturi

2047 767 2149 836 Qui
2176 777 2492 824 cunctorum
2516 769 2780 837 originem
2813 783 2934 824 esse
2955 768 3087 824 dicit
3107 769 3282 840 ignem
3317 777 3411 823 aut
3434 782 3650 839 aquam,

2050 875 2157 914 non
2184 858 2394 916 'l‘haleti
2434 869 2528 915 aut
2553 858 2824 916 Heraclito
2853 860 3062 917 credit?
3090 861 3181 932 qui
3218 875 3437 917 causam
3465 860 3520 916 in
3553 875 3652 915 nu-

2049 953 2214 1009 meris
2244 954 2418 1025 ponit,
2452 969 2556 1009 uon
2604 953 2922 1026 Pythagorae
2953 955 3159 1023 Samio,
3205 971 3310 1011 non
3357 952 3657 1027 Archytae?

2050 1048 2141 1119 qui
2173 1051 2409 1103 animum
2432 1048 2644 1117 dividit,
2671 1058 2727 1105 et
2751 1048 3413 1120 incorporalesconstituit
3432 1050 3655 1114 fortnas,

2052 1160 2160 1199 non
2186 1144 2395 1200 Platoni
2420 1144 2737 1201 Socratico?
2764 1145 2854 1216 qui
2882 1146 3127 1215 quintum
3155 1145 3485 1200 elementum
3513 1142 3658 1213 prin-

2052 1236 2313 1306 cipalibus
2339 1236 2572 1308 applicat
2597 1237 2799 1302 causis,
2824 1251 2929 1291 non
2957 1238 3235 1293 Aristoteli
3266 1235 3658 1307 Peripatetico-

2055 1343 2176 1383 rum
2223 1330 2396 1399 patri‘!
2425 1330 2513 1400 qui
2555 1328 2733 1399 ignem
2779 1329 3016 1383 minatur
3061 1327 3263 1402 mundo
3284 1325 3337 1394 ι’,
3369 1338 3424 1382 et
3453 1324 3661 1382 venerit

2054 1436 2177 1476 cum
2210 1430 2445 1491 tempus,
2478 1435 2750 1489 arsurum,
2779 1436 2885 1476 non
2917 1421 3176 1488 Panmtio,
3209 1420 3541 1492 Chrysippo,
3565 1417 3664 1474 Ze-

2056 1514 2219 1570 noni?
2248 1515 2340 1586 qui
2371 1514 2661 1571 individuis
2687 1514 3003 1585 corporibus
3048 1513 3277 1570 mundos
3322 1528 3539 1583 semper
3579 1510 3660 1567 fa-

2060 1608 2304 1666 bricatur
2332 1619 2388 1666 et
2411 1611 2660 1678 destruit,
2691 1626 2796 1666 non
2823 1609 3081 1682 Epicuro,
3110 1610 3439 1676 Democrito,
3468 1607 3663 1664 Metro-

2058 1700 2239 1756 doro?
2283 1702 2373 1772 qui
2405 1702 2538 1757 nihil
2571 1702 2641 1758 ab
2670 1702 2891 1758 homine
2919 1701 3325 1772 comprehendi,
3355 1709 3517 1770 atque
3544 1714 3661 1755 om-

351 1794 639 1851 credentcs
661 1794 969 1866 prtuliorum
1001 1794 1436 1851 successionihus
1463 1795 1766 1852 relaturos?
1792 1811 1956 1853 vene-
1984 1809 2032 1870 Β
2062 1796 2147 1851 nia
2192 1797 2354 1852 caecis
2402 1796 2827 1854 obscuritatibus
2856 1797 3126 1863 involuta,
3175 1811 3285 1851 non
3317 1793 3661 1861 Archesilao,

354 1888 551 1944 ramini
582 1889 743 1957 deos,
773 1898 826 1944 et
853 1888 1031 1943 colitis
1057 1905 1069 1944 :
1104 1904 1210 1944 non
1237 1887 1525 1945 credentes
1555 1889 1677 1945 illos
1706 1904 1862 1958 esse,
1898 1900 1954 1946 et

351 1982 612 2053 prapitias
657 1996 818 2038 aures
864 1981 1060 2037 vestris
1103 1981 1587 2053 supplicationibus
1640 1997 1953 2040 accommo-

354 2074 485 2130 dare
507 2074 531 2129 ?

425 2166 521 2223 IX.
555 2167 692 2235 Quid
735 2167 823 2222 illa
868 2167 935 2223 de
967 2168 1127 2223 rebus
1157 2168 1224 2223 ab
1257 2169 1489 2224 humana
1531 2170 1841 2242 cognitione
1868 2185 1957 2226 se-

354 2261 570 2333 positis,
603 2276 724 2332 quae
755 2260 1098 2318 conscribitis
1130 2261 1253 2332 ipsi,
1285 2278 1406 2334 qua:
1437 2262 1710 2329 lectitatis,
1754 2264 1963 2319 oculata

2056 1888 2358 1946 Carneadi?
2389 1906 2496 1948 non
2527 1892 2687 1946 alicui
2715 1892 2948 1964 denique
2990 1890 3297 1947 Academia:
3325 1889 3547 1955 veteris,
3576 1903 3661 1943 re-

2059 1982 2425 2055 centiorisque
2457 1994 2479 2022 ο
2511 1982 2703 2039 cultori
2725 1983 2748 2037 ?

2134 2076 2204 2131 Χ.
2236 2075 2344 2147 Ipsi
2370 2076 2603 2148 denique
2629 2076 2900 2148 principes
2921 2118 2938 2145 ,
2982 2085 3040 2132 et
3080 2074 3458 2147 praedictarum
3487 2083 3666 2145 patres

2065 2178 2334 2226 sectarum
2364 2171 2415 2234 ά,
2447 2185 2628 2227 nonne
2649 2172 2762 2242 ipsa
2805 2186 2869 2227 ea
2888 2185 3012 2242 qua:
3056 2171 3270 2237 dicunt,
3311 2170 3425 2225 suis
3465 2168 3667 2225 credita

2065 2264 2462 2335 suspicionibus
2519 2264 2749 2322 dicunt?
2804 2263 2949 2322 Vidit
3007 2264 3152 2321 enim
3206 2261 3515 2320 Heraclitus
3581 2276 3669 2319 res

1571 2379 1953 2438 LECTIONES
1989 2380 2079 2438 VA
2089 2380 2407 2438 RIANTES.

419 2503 446 2531 ⁸
493 2500 759 2551 Autoribus
799 2504 895 2551 Ms.

415 2560 447 2601 δ
488 2563 612 2627 Igne
632 2564 843 2614 minatur
866 2563 1095 2613 mundum
1131 2562 1271 2613 Fulr.

2130 2497 2154 2526 ⁸⁵
2212 2497 2857 2550 Recentiorisverswwoclt.

2140 2564 2169 2604 d
2212 2563 2583 2615 Sententiarum
2605 2561 2726 2613 Sub.

1746 2673 2308 2742 COMMENTARIUS.

431 2818 743 2874 Lauciuare.
766 2817 960 2888 Supra,
992 2818 1083 2872 lib.
1114 2833 1152 2881 ι,
1179 2831 1228 2872 c.
1259 2815 1329 2872 56
1359 2833 1373 2872 :
1407 2816 1535 2872 Issis
1561 2818 1713 2888 furva
1745 2833 1961 2874 merens

359 2891 612 2961 perditum
645 2891 829 2958 ﬁlium,
864 2902 911 2944 et
947 2890 1275 2961 membratim
1295 2889 1573 2961 conjugem
1618 2890 1957 2945 (uncinatum.

365 2961 497 3017 Vide
522 2962 592 3016 de
619 2964 720 3016 hoc
743 2962 910 3016 verbo
935 2960 1074 3032 (quo
1101 2961 1181 3014 usi
1208 2960 1371 3015 etiam
1400 2960 1646 3015 Catullus
1672 2970 1726 3015 et
1755 2961 1961 3017 Sallus-

365 3032 506 3105 tius)
537 3034 831 3105 Stewech.,
866 3033 918 3086 in
950 3032 1160 3103 Apulei.
1193 3032 1407 3087 Metam.
1460 3048 1533 3098 tv,
1566 3047 1683 3102 pag.
1714 3032 1843 3101 298,
1872 3033 1960 3089 ed.

363 3104 710 3173 Oudendorp.
752 3104 955 3159 Οιιειι..

439 3175 647 3229 Meraco
672 3176 939 3246 sapientia:
986 3176 1148 3229 tincti.
1185 3174 1449 3228 Mororum
1497 3174 1704 3231 scilicet
1757 3175 1959 3232 vinum.

364 3248 454 3304 Sic
480 3246 667 3302 Horat.
693 3263 749 3314 ιι,
783 3247 941 3317 epist.
974 3262 1031 3312 ll,
1069 3262 1210 3301 vers.
1243 3247 1346 3301 157
1377 3264 1391 3301 :

489 3359 695 3425 Expulit
715 3359 937 3411 elleboro
960 3362 1201 3422 morbum,
1223 3360 1477 3424 bilemque
1502 3374 1717 3411 meraco.

367 3470 599 3539 Nouum,
632 3486 683 3539 p.
711 3471 913 3525 55.8.—
933 3470 984 3525 Μ
993 3487 1188 3535 eracus,
1208 3488 1259 3534 a,
1288 3487 1395 3534 um,
1419 3471 1637 3542 antique
1660 3486 1756 3540 pro
1778 3487 1968 3535 merus,

370 3560 546 3614 purus.
603 3542 733 3598 Vide
768 3542 1188 3614 Laurcmberg.,
1248 3543 1569 3613 Auliqttar.,
1627 3544 1730 3598 hoc
1780 3543 1962 3599 verbo.

1474 3615 1677 3669 υιιειι..

443 3687 763 3755 Suscipiunt,
797 3698 999 3741 sumant
1031 3698 1182 3756 atque
1213 3685 1580 3757 aggrediantur
1606 3686 1837 3739 actores?
1868 3685 1969 3740 Pe-

370 3760 724 3830 regrinamini.
762 3759 833 3811 Ita
864 3761 1124 3813 Meursius
1164 3768 1218 3812 et
1259 3759 1436 3812 editor
1479 3757 1651 3827 Lugd.
1684 3757 1799 3812 Bal.
1843 3759 1965 3814 eod.

370 3845 471 3885 tus.
504 3832 887 3902 aggrediuntur:
915 3834 990 3884 An
1012 3831 1158 3883 terris
1181 3831 1597 3899 peregrinamini.
1630 3830 1932 3902 Scriverius
1950 3871 1965 3895 ,

370 3917 458 3971 ap.
483 3900 705 3967 Meurs.,
732 3904 783 3955 in
806 3903 1048 3972 Append.
1065 3922 1094 3953 α
1117 3902 1285 3954 choris
1309 3900 1725 3972 prrcgrinamini.
1752 3901 1965 3956 llerahl.

370 3975 675 4042 suspicatur
729 3973 1011 4043 legendum
1048 3990 1060 4026 :
1094 3974 1172 4026 Au
1226 3983 1409 4025 temere
1465 3973 1858 4042 pcregrinmnini
1904 3987 1970 4028 ex

372 4044 647 4098 simillimo
695 4044 813 4097 loco
856 4044 1073 4098 Eusebii
1120 4044 1409 4112 Pra-parat.
1458 4044 1728 4112 evangel..
1764 4045 1854 4099 lib.
1912 4060 1972 4099 ιε

371 4119 459 4171 Καὶ
486 4116 607 4171 πλεῖ
635 4137 713 4192 τις
741 4112 884 4192 αξθις
934 4120 1003 4177 εἰς
1033 4114 1229 4192 sicinio-1.
1259 4114 1359 4171 οὐδ’
1385 4112 1532 4192 ἄλλην
1576 4116 1976 4192 προϐεϐλημένος

371 4197 463 4264 fit;
492 4184 1065 4264 σωτῃρίαὶἅγκνρᾳνώ
1093 4189 1240 4261 μόνην
1274 4192 1362 4247 τήν
1407 4184 1696 4249 eiecta-vui
1720 4193 1807 4247 τὴν
1836 4184 1978 4261 ’ἀγαο

374 4260 460 4318 θήν
491 4258 684 4315 omne.
735 4258 882 4314 Fulv.
912 4258 1102 4315 Ursin.
1124 4262 1248 4325 legit
1274 4260 1773 4327 ......suspiciumus,
1798 4258 1973 4313 sunia-

373 4345 489 4383 mus
525 4341 677 4401 atque
702 4331 1109 4400 aggrediamur?
1138 4330 1218 4384 Au
1245 4332 1412 4393 terris,
1446 4343 1551 4383 etc.
1611 4330 1714 4385 Sed
1750 4328 1977 4398 prmfero

375 4400 626 4455 omnibus
657 4401 760 4456 illis
787 4403 1110 4471 coojecturis
1133 4401 1568 4456 et‘oendatiottem
1592 4401 1858 4456 Salmasii.
1894 4402 1974 4456 An

376 4487 475 4543 pro
499 4484 697 4526 actores
726 4472 1009 4543 legendum
1029 4476 1100 4529 sit
1125 4484 1380 4537 auctores,
1401 4473 1644 4527 dubitare
1656 4488 1722 4543 se
1745 4473 1979 4527 ailirmat

375 4540 568 4599 Wasse
608 4544 673 4599 ad
726 4540 970 4613 sallust.,
1018 4546 1160 4610 Cat.,
1218 4560 1297 4611 ιιι,
1352 4561 1404 4614 p.
1458 4542 1700 4638 Μλ-σίιξ-
1746 4543 1972 4599 llaverc.
2005 4578 2059 4638 D

1530 4615 1732 4670 OnsLL.

451 4684 760 4759 coniugalia
796 4690 1070 4744 consortia.
1117 4689 1428 4759 Eleganter.
1480 4685 1694 4755 Nuptiae
1721 4686 1854 4759 enim
1899 4685 1982 4759 (ut

376 4755 713 4814 Modestinus
765 4760 836 4815 ait
878 4760 1003 4831 Leg.
1052 4777 1066 4813 I
1117 4755 1314 4830 Digest.
1360 4759 1429 4813 de
1477 4759 1583 4813 ritu
1630 4755 1976 4831 nuptiarum)

376 4832 667 4901 conjunctio
697 4833 853 4886 maris
880 4845 927 4886 et
956 4830 1178 4900 fwmiua!
1197 4873 1212 4896 ,
1242 4842 1285 4886 et
1316 4831 1628 4886 consortium
1653 4830 1817 4901 omnis
1842 4830 1978 4895 vitae,

378 4903 537 4956 divini
565 4913 613 4956 et
645 4904 857 4957 humani
894 4905 1029 4972 juris
1067 4904 1480 4957 communicatio.
1525 4900 1747 4973 Dionys.
1782 4900 1979 4968 llalic.,

372 4973 468 5027 lib.
500 4990 566 5061 lt,'
593 4975 776 5043 Atttiq.
808 4975 992 5061 Rom"
1035 4991 1085 5043 p.
1121 4975 1229 5061 95h:
1252 4983 1471 5030 Γυναῖκα
1494 4978 1716 5061 γαμετήν
1742 4973 1981 5061 κατάτνὸ-

377 5066 507 5117 μους
547 5047 716 5122 ἱεροὺς
743 5040 1296 5122 -συνελθοῦσὰνηάνδρὶ,
1320 5040 1571 5101 κοινωνόν’
1588 5045 1823 5101 ἁπάντων
1856 5040 1983 5101 εἶναι

377 5118 663 5195 xpunctae»
692 5139 746 5195 τε
776 5124 863 5195 θεαὶ
886 5119 1054 5195 ἱερῶν.
1083 5118 1327 5195 ELuI-iutt.

457 5187 545 5242 IX.
591 5218 660 5228 —-
702 5189 803 5257 Qui
845 5187 1143 5261 cunctorum
1190 5188 1438 5261 originem
1485 5205 1592 5261 esse
1630 5188 1752 5242 dicit
1775 5187 1981 5261 ignem,

381 5268 469 5331 aut
493 5277 702 5331 aquam,
738 5278 839 5314 non
868 5260 1088 5324 T/taleti,
1122 5270 1228 5316 etc.
1258 5258 1339 5331 ille
1367 5259 1450 5315 Itis
1478 5260 1708 5315 diversis
1733 5258 1980 5329 philoso-

300 5394 301 5403 χ
382 5329 613 5403 phorum
636 5332 1050 5403 opinationibus
1078 5330 1291 5387 videndi
1318 5332 1468 5386 Sext.
1500 5331 1756 5402 Empiric.
1791 5332 1982 5403 adver-

379 5418 472 5476 sus
505 5401 959 5476 Mathematicos.
1004 5421 1055 5472 p.
1081 5404 1213 5476 A50i
1255 5413 1309 5457 et
1348 5403 1465 5476 505
1495 5401 1701 5476 (cd.H.
1736 5401 1975 5476 Steplt.).

381 5473 711 5536 Chalcidius.
734 5476 787 5528 iu
814 5474 1053 5531 Platonis
1079 5474 1377 5540 Timaeum;
1412 5473 1560 5543 Diog.
1586 5473 1792 5541 Laert.,
1818 5474 1911 5528 Ιιιι.
1937 5490 1979 5540 ι,

385 5543 708 5600 Tertullian.
731 5547 993 5602 adversus
1023 5546 1306 5609 Marcium;
1335 5546 1608 5605 Lactant..
1642 5546 1798 5610 lost.,
1825 5544 1916 5599 lib.
1943 5561 1978 5612 ι,

382 5630 503 5688 (ζει),
548 5619 615 5685 5;
662 5616 924 5673 Minucius
956 5618 1111 5673 Felix
1142 5618 1353 5685 0ctav.,
1395 5632 1514 5688 cap.
1547 5617 1650 5681 i9;
1678 5616 1980 5683 Plutarch.,

385 5686 454 5761 de
480 5687 670 5761 Plat-it.
706 5690 1172 5761 philos0phorum,
1218 5690 1307 5745 lib.
1356 5705 1402 5761 ις
1434 5686 1572 5753 Cic.,
1601 5689 1694 5761 lib.
1726 5704 1810 5761 iv.
1846 5690 1984 5761 Aca-

386 5757 531 5833 deoi.
558 5757 785 5827 Quam”
822 5757 998 5827 lib.'n,
1029 5777 1148 5833 cap.
1183 5761 1274 5828 57,
1305 5772 1365 5833 et
1386 5760 1460 5816 ibi
1491 5760 1671 5817 Davis.
1699 5760 1977 5833 Eusebius,

386 5827 455 5884 de
484 5828 890 5901 l’rmparatione
937 5827 1270 5904 evangelica,
1314 5832 1408 5890 lib.
1456 5847 1496 5904 ι,
1526 5846 1648 5906 cap.
1692 5832 1747 5900 5,
1792 5831 1884 5888 lib.
1924 5846 1980 5898 ν,

2067 2835 2188 2890 cap.
2234 2820 2322 2877 15.
2360 2817 2610 2890 Hermias
2652 2816 2706 2870 in
2738 2815 2988 2890 irrisione
3016 2814 3467 2890 philosophorum
3489 2812 3664 2884 genti-

2068 2884 2233 2957 Ιίιιιης
2277 2890 2474 2948 Justiti.
2523 2889 2747 2961 Martyr,
2790 2889 2844 2943 itt
2891 2887 3270 2961 cohortatione
3308 2885 3375 2940 ad
3427 2884 3668 2961 Graecos.

2070 2979 2123 3034 p.
2157 2965 2191 3018 5
2221 2956 2281 3019 et
2325 2964 2378 3019 5.
2412 2956 2740 3034 Theodorct.
2786 2967 2973 3034 contra
3005 2956 3259 3034 Grmcos,
3295 2973 3464 3034 serui.
3498 2972 3573 3034 tv,
3605 2956 3670 3009 dc

2070 3030 2292 3108 materia
2311 3044 2386 3108 _et
2434 3033 2653 3088 mundo.
2685 3031 2969 3088 Nemesius
2993 3032 3342 3108 περὶφύσεως
3375 3030 3668 3106 ἀνθρώπου,

2069 3123 2188 3177 cap.
2221 3107 2276 3162 5.
2310 3105 2553 3161 Ecusnu.

2145 3171 2247 3248 Qui
2286 3195 2495 3231 causam
2528 3179 2579 3231 in
2618 3175 2843 3248 numeris
2887 3174 3049 3248 ponit,
3082 3190 3184 3228 non
3210 3171 3544 3248 ﬂgtliagorte
3570 3172 3671 3248 Sa:

1996 3256 2041 3318 Ο
2075 3243 2195 3308 mia.
2225 3267 2325 3305 non
2356 3250 2612 3320 Archyta.
2642 3245 2758 3302 Cic.
2789 3243 3072 3320 Acadetn.,
3107 3262 3165 3320 tt,
3363 3243 3672 3320 Pythagorei

2075 3340 2140 3379 ea:
2169 3322 2391 3377 numeris
2434 3315 3000 3375 et'matliematicorum
3026 3317 3186 3388 initiis
3218 3315 3429 3388 (idest,
3466 3315 3673 3385 punctis

2075 3404 2130 3449 et
2160 3392 2340 3463 lineis)
2380 3392 2638 3462 proficisci
2666 3391 2843 3445 volunt
2872 3390 3066 3444 omnia.
3103 3387 3205 3444 Ubi
3231 3386 3357 3443 vide
3386 3403 3524 3458 quos
3566 3388 3674 3443 lau-

2073 3467 2167 3521 dat
2195 3466 2370 3519 Davis.
2398 3463 2604 3519 OBELL.

2148 3538 2251 3603 Qui
2276 3537 2505 3590 animam
2525 3534 2727 3588 dividit.
2783 3532 3005 3588 Scilicet
3031 3532 3082 3586 in
3114 3530 3434 3603 rationalem
3462 3540 3518 3603 et
3547 3531 3676 3585 irra-

2076 3601 2354 3664 tionalcm.
2409 3606 2786 3661 Thoodorctns
2844 3607 3056 3673 (Serm.
3109 3619 3161 3664 ν,
3212 3603 3281 3656 de
3330 3601 3450 3657 Nat.
3506 3602 3672 3661 hom"

2074 3691 2206 3735 tom.
2246 3697 2317 3747 Iv,
2353 3678 2800 3750 ιι.5οῑὸ);]1λάτων
2828 3682 2909 3732 καὶ
2944 3676 3243 3750 linear/opai
3270 3676 3329 3729 τὸ
3369 3675 3677 3750 psaltriae-1

2073 3756 2231 3814 αὐτῆς
2276 3743 2535 3825 ἅφθᾳρτοί
2570 3746 2709 3825 circa,
2744 3749 2965 3825 paup-ros
2998 3747 3051 3803 δὲ
3087 3743 3152 3825 ’τᾷ
3198 3743 3425 3825 ἅλοσγοιᾶ.⁸
3446 3743 3677 3825 Notium,

2076 3771 2231 3814 αυτῄς
2276 3771 2402 3824 uoca
2437 3773 2522 3806 τον
2570 3771 2709 3816 ειναι,
2750 3771 2965 3825 φυαρτον
2998 3771 3051 3803 οε
3094 3771 3152 3803 το
3198 3771 3396 3818 αλογον.
3446 3771 3677 3811 “unum,

2076 3840 2131 3895 p.
2148 3826 2276 3881 550.
2296 3771 2642 3879 -Ιίιιιιιιιιιιι
2659 3821 2708 3895 in
2724 3821 2859 3895 ditas
2880 3829 3079 3889 partes,
3096 3819 3309 3895 alterum
3324 3818 3542 3895 rationis
3562 3835 3680 3888 par-

2079 3888 2306 3966 ticipem,
2350 3897 2578 3966 alterum
2607 3893 3140 3966 rationis_experteu_t._
3172 3889 3305 3966 \iide
3346 3888 3462 3966 Cfc.
3494 3889 3678 3966 '_l_‘usc.,

2079 3960 2224 4034 disp.
2261 3984 2316 4028 tt.
2358 3982 2478 4036 cap.
2518 3963 2612 4028 20,
2644 3973 2698 4018 et
2726 3963 2797 4017 ibi
2830 3962 3005 4036 Davis.
3030 3962 3143 4036 AAlii
3187 3960 3448 4036 Platonici
3480 3960 3673 4036 divise

2083 4049 2209 4094 runt
2253 4040 2303 4093 in
2353 4033 2463 4093 tres
2514 4044 2712 4107 partes,
2763 4034 3234 4107 rutiongbilitatem,
3280 4033 3605 4107 irascentium
3635 4042 3678 4083 rt

2083 4111 2392 4180 cupidinem.
2438 4103 2560 4164 Vid.
2601 4107 2784 4175 Apul.,
2815 4107 2891 4180 de
2930 4105 3105 4158 llahit.
3138 4103 3407 4180 doctrinae
3448 4103 3677 4180 Platon.,

2084 4175 2176 4235 lili.
2211 4200 2267 4243 ιι.
2302 4200 2353 4251 p.
2387 4183 2476 4243 H.
2501 4182 2587 4237 ed.
2621 4178 2892 4244 lilmcnh.,
2919 4187 2973 4233 et
3002 4190 3137 4248 quos
3163 4176 3344 4229 laudat
3378 4175 3583 4241 Davis.,
3616 4178 3679 4227 ad

2081 4252 2195 4309 Cic.
2221 4254 2408 4318 ’l‘use.,
2442 4270 2481 4316 ι,
2513 4253 2600 4307 10.
2624 4252 2826 4304 (lusu.

2157 4325 2259 4392 Qui
2294 4327 2525 4395 quintum
2553 4319 3270 4395 elementumprincipalibus
3295 4317 3530 4395 applicat
3555 4334 3679 4371 cuu-

2080 4391 2598 4465 sis,iuon'Aristoteli.
2619 4404 2724 4449 etc.
2739 4393 3103 4464 Ἐντελεχείαν,
3124 4391 3330 4446 scilicet
3353 4391 3501 4465 quasi
3518 4406 3682 4465 quam-

2082 4459 2203 4523 dam
2229 4473 2577 4523 continuatam
2606 4466 2875 4519 motionem
2898 4459 3258 4527 et'pereuuem,
3292 4471 3349 4515 ut
3372 4463 3518 4527 extil.
3543 4459 3678 4524 Cic.,

2084 4540 2246 4597 'l‘usc.
2289 4557 2325 4598 I.
2360 4542 2450 4603 10,
2486 4538 2574 4592 ubi
2608 4536 2716 4591 vid.
2749 4534 3025 4591 Camerar.
3052 4547 3106 4588 et
3135 4534 3311 4587 Davis.
3343 4530 3429 4587 Ci.
3464 4532 3679 4588 Ernest.

2084 4610 2257 4673 Clav..
2286 4610 2400 4666 Cic.
2433 4620 2487 4665 et
2520 4608 2839 4664 Tertulliani.
2869 4606 2936 4661 de
2961 4607 3172 4672 Anima,
3199 4618 3321 4672 cap.
3357 4604 3447 4660 50.
3476 4606 3679 4660 Onus.

2158 4682 2261 4752 Qui
2317 4684 2485 4754 ignem
2540 4683 2765 4754 minatur
2816 4677 3032 4754 mundo.
3056 4717 3068 4729 .
3099 4716 3147 4754 ε.
3179 4717 3194 4732 .
3248 4692 3350 4754 non
3407 4674 3679 4754 Panaetio,

2082 4747 2373 4826 Chrysippi)
2411 4752 2629 4807 Zenoni.
2669 4750 2801 4826 Vide
2829 4748 2969 4815 Cie.,
3001 4750 3069 4804 de
3104 4747 3224 4803 Nat.
3257 4747 3436 4826 deor”
3475 4764 3535 4809 tt.
3581 4747 3680 4826 «i9;

2083 4818 2441 4891 Theodoret.,
2473 4836 2661 4879 contra
2693 4820 2936 4885 Gr:eeos,
2966 4835 3146 4875 sermo
3174 4836 3227 4883 v,
3255 4818 3323 4873 de
3349 4819 3553 4891 Natura
3586 4821 3680 4874 ho-

2085 4898 2278 4965 minis;
2310 4890 2509 4955 Justiti.
2543 4896 2793 4967 Martyr.,
2825 4892 3053 4965 Apolog.
3087 4908 3156 4956 ιι,
3192 4890 3679 5018 ρι’(ὸηῖῗὶἰειίθιιίε.

3315 4978 3471 5018 ιιιςιι..

2166 5058 2815 5143 Archesilao.nEd._isugd.
2848 5058 2991 5125 Bat.,
3021 5053 3502 5143 drfltesilw.i3tilnf.
3532 5054 3679 5112 Grot.

2090 5137 2157 5194 ad
2188 5137 2445 5193 Marcion.
2474 5133 2706 5210 Capell.,
2732 5127 2829 5186 lib.
2858 5146 2919 5195 tt,
2956 5147 3008 5210 p_.
3035 5128 3125 5184 46.
3160 5127 3258 5210 Hic
3285 5138 3374 5210 est
3398 5127 3493 5184 ille
3529 5143 3683 5210 quem

2089 5210 2409 5279 ignorantiae
2451 5198 2767 5286 magistrum
2797 5198 2967 5286 vocat
2980 5200 3291 5286 Lactantius
3309 5209 3383 5286 oet
3407 5198 3683 5286 quemHCio

2089 5221 2409 5279 ignorantum
2451 5222 2535 5261 ma
2576 5221 2767 5260 tStrum
2797 5221 2955 5257 vocat
2980 5221 3291 5256 humanitus
3328 5221 3383 5253 et
3407 5221 3570 5270 quem
3598 5221 3683 5254 ων

2086 5296 2214 5336 cero
2264 5294 2480 5335 omnem
2533 5221 2773 5332 Igmditus
2821 5273 3221 5346 philosophiam
3274 5270 3349 5326 ait
3403 5272 3685 5327 susmlissc

2086 5352 2405 5408 ἀκαταληψία
2429 5365 2544 5404 sua.
2576 5348 2778 5406 OBBLL.

2082 5354 2405 5428 ἀκαταληψίᾳ
2429 5365 2544 5404 sua.
2576 5354 2778 5406 OBBLL.

2155 5444 2226 5500 Χ.
2271 5473 2341 5485 —-
2384 5441 2499 5512 Ipsi
2569 5442 2784 5510 denique
2842 5438 3118 5512 principes.
3192 5433 3331 5512 Cod.
3393 5450 3498 5491 ms.
3572 5434 3686 5512 ipsi

2087 5518 2284 5579 demus,
2321 5507 2461 5569 unde
2502 5507 2720 5568 iieraltl.
2768 5514 2818 5567 in
2843 5507 3020 5567 Curis
3053 5507 3307 5565 secundis
3343 5518 3533 5564 contra
3568 5507 3682 5565 Sal-

2088 5604 2222 5644 mas.
2254 5588 2359 5659 leg.
2382 5587 2525 5655 conj.
2559 5585 2673 5657 Ipsi
2702 5585 2904 5639 demum
2932 5584 3136 5638 Οιιειι..

2160 5682 2348 5736 Nonne
2384 5682 2499 5751 ipsa
2545 5697 2624 5736 ea.
2669 5679 2745 5751 Ita
2774 5678 3049 5751 Gelenius.
3080 5674 3263 5751 Editio
3306 5675 3462 5730 Rom.
3500 5672 3684 5730 Nouus

2084 5756 2224 5828 apud
2253 5770 2334 5823 ea,
2356 5746 2486 5819 et'c.;
2530 5751 2671 5809 unde
2702 5750 2964 5809 Meursius
2990 5750 3115 5806 fecit
3142 5746 3328 5876 Nouge
3356 5757 3444 5800 aut
3472 5764 3554 5818 ea,
3578 5757 3678 5804 etc.

3313 5835 3469 5875 nunc.
