  <div class='ocr_page' id='page_1' title='image "/cluster/home/n/w/nwhite01/storage/ocr_20150623/5/hvd.32044015466758/420.png"; bbox 0 0 3970 6312; ppageno 0'>
   <div class='ocr_carea' id='block_1_1' title="bbox 179 346 289 403">
    <p class='ocr_par' dir='ltr' id='par_1_1' title="bbox 179 346 289 403">
     <span class='ocr_line' id='line_1_1' title="bbox 179 346 289 403; baseline 0 0"><span class='ocrx_word' id='word_1_1' title='bbox 179 346 289 403; x_wconf 75' lang='grc' dir='ltr'><strong>8ξό</strong></span> 
     </span>
    </p>
   </div>
   <div class='ocr_carea' id='block_1_2' title="bbox 1463 334 2090 397">
    <p class='ocr_par' dir='ltr' id='par_1_2' title="bbox 1463 334 2090 397">
     <span class='ocr_line' id='line_1_2' title="bbox 1463 334 2090 397; baseline -0.01 0"><span class='ocrx_word' id='word_1_2' title='bbox 1463 338 1667 397; x_wconf 72' lang='lat' dir='ltr'><strong>LIBER</strong></span> <span class='ocrx_word' id='word_1_3' title='bbox 1710 334 2090 396; x_wconf 77' lang='lat' dir='ltr'><strong>SECUNDUS.</strong></span> 
     </span>
    </p>
   </div>
   <div class='ocr_carea' id='block_1_3' title="bbox 3380 294 3499 387">
    <p class='ocr_par' dir='ltr' id='par_1_3' title="bbox 3380 294 3499 387">
     <span class='ocr_line' id='line_1_3' title="bbox 3380 294 3499 387; baseline -0.017 0"><span class='ocrx_word' id='word_1_4' title='bbox 3380 294 3499 387; x_wconf 60' lang='grc' dir='ltr'><strong>θεά</strong></span> 
     </span>
    </p>
   </div>
   <div class='ocr_carea' id='block_1_4' title="bbox 176 443 3487 537">
    <p class='ocr_par' dir='ltr' id='par_1_4' title="bbox 176 443 3487 537">
     <span class='ocr_line' id='line_1_4' title="bbox 176 443 3487 537; baseline -0.005 -16"><span class='ocrx_word' id='word_1_5' title='bbox 176 464 378 537; x_wconf 88' lang='lat' dir='ltr'><strong>ignium</strong></span> <span class='ocrx_word' id='word_1_6' title='bbox 420 461 864 521; x_wconf 77' lang='lat' dir='ltr'><strong>conversionibus</strong></span> <span class='ocrx_word' id='word_1_7' title='bbox 907 443 1067 518; x_wconf 82' lang='lat' dir='ltr'><strong>ﬁeri?</strong></span> <span class='ocrx_word' id='word_1_8' title='bbox 1113 456 1466 517; x_wconf 90' lang='lat' dir='ltr'><strong>concretione</strong></span> <span class='ocrx_word' id='word_1_9' title='bbox 1511 469 1772 528; x_wconf 86' lang='lat' dir='ltr'><strong>aquarum</strong></span> <span class='ocrx_word' id='word_1_10' title='bbox 1802 461 1854 520; x_wconf 78' lang='grc' dir='ltr'>Α</span> <span class='ocrx_word' id='word_1_11' title='bbox 1881 453 2037 509; x_wconf 93' lang='lat' dir='ltr'><strong>nobis</strong></span> <span class='ocrx_word' id='word_1_12' title='bbox 2064 462 2120 510; x_wconf 92' lang='lat' dir='ltr'><strong>et</strong></span> <span class='ocrx_word' id='word_1_13' title='bbox 2148 451 2301 509; x_wconf 80' lang='lat' dir='ltr'><strong>vobis</strong></span> <span class='ocrx_word' id='word_1_14' title='bbox 2330 465 2495 508; x_wconf 86' lang='lat' dir='ltr'><strong>unum</strong></span> <span class='ocrx_word' id='word_1_15' title='bbox 2527 460 2582 508; x_wconf 93' lang='lat' dir='ltr'><strong>et</strong></span> <span class='ocrx_word' id='word_1_16' title='bbox 2610 449 2819 508; x_wconf 86' lang='lat' dir='ltr'><strong>socium</strong></span> <span class='ocrx_word' id='word_1_17' title='bbox 2848 448 3076 506; x_wconf 83' lang='lat' dir='ltr'><strong>credere</strong></span> <span class='ocrx_word' id='word_1_18' title='bbox 3105 465 3118 510; x_wconf 86' lang='lat'><strong>:</strong></span> <span class='ocrx_word' id='word_1_19' title='bbox 3154 446 3310 504; x_wconf 87' lang='lat' dir='ltr'><strong>vobis</strong></span> <span class='ocrx_word' id='word_1_20' title='bbox 3347 448 3487 505; x_wconf 84' lang='lat' dir='ltr'><strong>veli-</strong></span> 
     </span>
    </p>
   </div>
   <div class='ocr_carea' id='block_1_5' title="bbox 175 546 1774 629">
    <p class='ocr_par' dir='ltr' id='par_1_5' title="bbox 175 546 1774 629">
     <span class='ocr_line' id='line_1_5' title="bbox 175 546 1774 629; baseline -0.007 -16"><span class='ocrx_word' id='word_1_21' title='bbox 175 555 412 613; x_wconf 81' lang='lat' dir='ltr'><strong>Thalcs?</strong></span> <span class='ocrx_word' id='word_1_22' title='bbox 440 555 773 629; x_wconf 78' lang='lat' dir='ltr'><strong>Pythagoras</strong></span> <span class='ocrx_word' id='word_1_23' title='bbox 800 569 1027 609; x_wconf 90' lang='lat' dir='ltr'><strong>numero</strong></span> <span class='ocrx_word' id='word_1_24' title='bbox 1050 552 1236 618; x_wconf 74' lang='lat' dir='ltr'><strong>exire?</strong></span> <span class='ocrx_word' id='word_1_25' title='bbox 1267 551 1633 621; x_wconf 84' lang='lat' dir='ltr'><strong>incorporales</strong></span> <span class='ocrx_word' id='word_1_26' title='bbox 1662 546 1774 603; x_wconf 86' lang='lat' dir='ltr'><strong>for-</strong></span> 
     </span>
    </p>
   </div>
   <div class='ocr_carea' id='block_1_6' title="bbox 176 640 1778 706">
    <p class='ocr_par' dir='ltr' id='par_1_6' title="bbox 176 640 1778 706">
     <span class='ocr_line' id='line_1_6' title="bbox 176 640 1778 706; baseline -0.007 0"><span class='ocrx_word' id='word_1_27' title='bbox 176 665 294 706; x_wconf 92' lang='lat' dir='ltr'><strong>mas</strong></span> <span class='ocrx_word' id='word_1_28' title='bbox 321 648 516 706; x_wconf 86' lang='lat' dir='ltr'><strong>Plato?</strong></span> <span class='ocrx_word' id='word_1_29' title='bbox 546 646 942 703; x_wconf 78' lang='lat' dir='ltr'><strong>individuorum</strong></span> <span class='ocrx_word' id='word_1_30' title='bbox 976 645 1312 702; x_wconf 88' lang='lat' dir='ltr'><strong>Democritus</strong></span> <span class='ocrx_word' id='word_1_31' title='bbox 1353 640 1778 699; x_wconf 85' lang='lat' dir='ltr'><strong>concursiones?</strong></span> 
     </span>
    </p>
   </div>
   <div class='ocr_carea' id='block_1_7' title="bbox 175 739 1773 814">
    <p class='ocr_par' dir='ltr' id='par_1_7' title="bbox 175 739 1773 814">
     <span class='ocr_line' id='line_1_7' title="bbox 175 739 1773 814; baseline -0.004 -15"><span class='ocrx_word' id='word_1_32' title='bbox 175 753 270 799; x_wconf 87' lang='lat' dir='ltr'><strong>aut</strong></span> <span class='ocrx_word' id='word_1_33' title='bbox 298 744 395 805; x_wconf 87' lang='lat' dir='ltr'><strong>illi.</strong></span> <span class='ocrx_word' id='word_1_34' title='bbox 427 743 519 814; x_wconf 87' lang='lat' dir='ltr'><strong>qui</strong></span> <span class='ocrx_word' id='word_1_35' title='bbox 549 752 828 798; x_wconf 86' lang='lat' dir='ltr'><strong>autumant</strong></span> <span class='ocrx_word' id='word_1_36' title='bbox 876 741 1006 796; x_wconf 86' lang='lat' dir='ltr'><strong>nihil</strong></span> <span class='ocrx_word' id='word_1_37' title='bbox 1057 755 1216 813; x_wconf 86' lang='lat' dir='ltr'><strong>posse</strong></span> <span class='ocrx_word' id='word_1_38' title='bbox 1263 739 1485 794; x_wconf 87' lang='lat' dir='ltr'><strong>omnino</strong></span> <span class='ocrx_word' id='word_1_39' title='bbox 1528 750 1773 807; x_wconf 89' lang='lat' dir='ltr'><strong>compre-</strong></span> 
     </span>
    </p>
   </div>
   <div class='ocr_carea' id='block_1_8' title="bbox 176 830 1772 905">
    <p class='ocr_par' dir='ltr' id='par_1_8' title="bbox 176 830 1772 905">
     <span class='ocr_line' id='line_1_8' title="bbox 176 830 1772 905; baseline -0.006 -14"><span class='ocrx_word' id='word_1_40' title='bbox 176 835 363 905; x_wconf 86' lang='lat' dir='ltr'><strong>hendi,</strong></span> <span class='ocrx_word' id='word_1_41' title='bbox 394 852 463 891; x_wconf 89' lang='lat' dir='ltr'><strong>an</strong></span> <span class='ocrx_word' id='word_1_42' title='bbox 493 836 560 891; x_wconf 86' lang='lat' dir='ltr'><strong>sit</strong></span> <span class='ocrx_word' id='word_1_43' title='bbox 589 850 774 891; x_wconf 90' lang='lat' dir='ltr'><strong>verum</strong></span> <span class='ocrx_word' id='word_1_44' title='bbox 795 835 937 905; x_wconf 90' lang='lat' dir='ltr'><strong>quod</strong></span> <span class='ocrx_word' id='word_1_45' title='bbox 969 835 1174 900; x_wconf 81' lang='lat' dir='ltr'><strong>dicunt,</strong></span> <span class='ocrx_word' id='word_1_46' title='bbox 1204 833 1382 888; x_wconf 88' lang='lat' dir='ltr'><strong>sciunt</strong></span> <span class='ocrx_word' id='word_1_47' title='bbox 1409 848 1421 884; x_wconf 93' lang='lat'>:</span> <span class='ocrx_word' id='word_1_48' title='bbox 1454 839 1546 885; x_wconf 91' lang='lat' dir='ltr'><strong>aut</strong></span> <span class='ocrx_word' id='word_1_49' title='bbox 1572 830 1772 899; x_wconf 90' lang='lat' dir='ltr'><strong>ipsum,</strong></span> 
     </span>
    </p>
   </div>
   <div class='ocr_carea' id='block_1_9' title="bbox 173 921 1777 1003">
    <p class='ocr_par' dir='ltr' id='par_1_9' title="bbox 173 921 1777 1003">
     <span class='ocr_line' id='line_1_9' title="bbox 173 921 1777 1003; baseline -0.006 -18"><span class='ocrx_word' id='word_1_50' title='bbox 173 931 319 1003; x_wconf 86' lang='lat' dir='ltr'><strong>quod</strong></span> <span class='ocrx_word' id='word_1_51' title='bbox 346 929 610 985; x_wconf 80' lang='lat' dir='ltr'><strong>deﬁniunt</strong></span> <span class='ocrx_word' id='word_1_52' title='bbox 636 971 651 995; x_wconf 97' lang='lat'><strong>,</strong></span> <span class='ocrx_word' id='word_1_53' title='bbox 694 927 942 984; x_wconf 82' lang='lat' dir='ltr'><strong>veritatis</strong></span> <span class='ocrx_word' id='word_1_54' title='bbox 979 942 1100 983; x_wconf 82' lang='lat' dir='ltr'><strong>esse</strong></span> <span class='ocrx_word' id='word_1_55' title='bbox 1132 926 1435 996; x_wconf 81' lang='lat' dir='ltr'><strong>intelligunt</strong></span> <span class='ocrx_word' id='word_1_56' title='bbox 1465 921 1777 995; x_wconf 90' lang='lat' dir='ltr'><strong>pronuntia-</strong></span> 
     </span>
    </p>
   </div>
   <div class='ocr_carea' id='block_1_10' title="bbox 173 1018 1771 1095">
    <p class='ocr_par' dir='ltr' id='par_1_10' title="bbox 173 1018 1771 1095">
     <span class='ocr_line' id='line_1_10' title="bbox 173 1018 1771 1095; baseline -0.006 -15"><span class='ocrx_word' id='word_1_57' title='bbox 173 1024 328 1080; x_wconf 90' lang='lat' dir='ltr'><strong>tum?</strong></span> <span class='ocrx_word' id='word_1_58' title='bbox 355 1023 490 1080; x_wconf 84' lang='lat' dir='ltr'><strong>Cum</strong></span> <span class='ocrx_word' id='word_1_59' title='bbox 522 1023 685 1095; x_wconf 87' lang='lat' dir='ltr'><strong>igitur</strong></span> <span class='ocrx_word' id='word_1_60' title='bbox 712 1021 977 1093; x_wconf 85' lang='lat' dir='ltr'><strong>comperti</strong></span> <span class='ocrx_word' id='word_1_61' title='bbox 1023 1021 1157 1076; x_wconf 86' lang='lat' dir='ltr'><strong>nihil</strong></span> <span class='ocrx_word' id='word_1_62' title='bbox 1190 1021 1428 1076; x_wconf 89' lang='lat' dir='ltr'><strong>habeatis</strong></span> <span class='ocrx_word' id='word_1_63' title='bbox 1456 1030 1510 1075; x_wconf 90' lang='lat' dir='ltr'><strong>et</strong></span> <span class='ocrx_word' id='word_1_64' title='bbox 1550 1018 1771 1089; x_wconf 79' lang='lat' dir='ltr'><strong>cogniti,</strong></span> 
     </span>
    </p>
   </div>
   <div class='ocr_carea' id='block_1_11' title="bbox 171 1110 1777 1188">
    <p class='ocr_par' dir='ltr' id='par_1_11' title="bbox 171 1110 1777 1188">
     <span class='ocr_line' id='line_1_11' title="bbox 171 1110 1777 1188; baseline -0.006 -14"><span class='ocrx_word' id='word_1_65' title='bbox 171 1116 460 1188; x_wconf 71' lang='lat' dir='ltr'><strong>omnaque</strong></span> <span class='ocrx_word' id='word_1_66' title='bbox 488 1116 598 1179; x_wconf 90' lang='lat' dir='ltr'><strong>illa,</strong></span> <span class='ocrx_word' id='word_1_67' title='bbox 622 1130 743 1187; x_wconf 70' lang='lat' dir='ltr'><strong>qua:</strong></span> <span class='ocrx_word' id='word_1_68' title='bbox 771 1115 1029 1180; x_wconf 80' lang='lat' dir='ltr'><strong>scribitis,</strong></span> <span class='ocrx_word' id='word_1_69' title='bbox 1054 1125 1108 1170; x_wconf 91' lang='lat' dir='ltr'><strong>et</strong></span> <span class='ocrx_word' id='word_1_70' title='bbox 1138 1113 1398 1170; x_wconf 91' lang='lat' dir='ltr'><strong>librorum</strong></span> <span class='ocrx_word' id='word_1_71' title='bbox 1425 1110 1777 1182; x_wconf 87' lang='lat' dir='ltr'><strong>comprehen-</strong></span> 
     </span>
    </p>
   </div>
   <div class='ocr_carea' id='block_1_12' title="bbox 171 1206 1772 1276">
    <p class='ocr_par' dir='ltr' id='par_1_12' title="bbox 171 1206 1772 1276">
     <span class='ocr_line' id='line_1_12' title="bbox 171 1206 1772 1276; baseline -0.005 -9"><span class='ocrx_word' id='word_1_72' title='bbox 171 1210 299 1267; x_wconf 84' lang='lat' dir='ltr'><strong>ditis</strong></span> <span class='ocrx_word' id='word_1_73' title='bbox 325 1211 579 1276; x_wconf 84' lang='lat' dir='ltr'><strong>millibus,</strong></span> <span class='ocrx_word' id='word_1_74' title='bbox 609 1209 931 1266; x_wconf 89' lang='lat' dir='ltr'><strong>credulitate</strong></span> <span class='ocrx_word' id='word_1_75' title='bbox 968 1209 1293 1263; x_wconf 88' lang='lat' dir='ltr'><strong>asseveratis</strong></span> <span class='ocrx_word' id='word_1_76' title='bbox 1317 1206 1451 1261; x_wconf 92' lang='lat' dir='ltr'><strong>duce</strong></span> <span class='ocrx_word' id='word_1_77' title='bbox 1479 1222 1493 1259; x_wconf 91' lang='lat'><strong>:</strong></span> <span class='ocrx_word' id='word_1_78' title='bbox 1522 1218 1772 1276; x_wconf 78' lang='lat' dir='ltr'><strong>quamam</strong></span> 
     </span>
    </p>
   </div>
   <div class='ocr_carea' id='block_1_13' title="bbox 171 1297 1773 1377">
    <p class='ocr_par' dir='ltr' id='par_1_13' title="bbox 171 1297 1773 1377">
     <span class='ocr_line' id='line_1_13' title="bbox 171 1297 1773 1377; baseline -0.004 -18"><span class='ocrx_word' id='word_1_79' title='bbox 171 1303 289 1377; x_wconf 64' lang='lat' dir='ltr'><strong>haec</strong></span> <span class='ocrx_word' id='word_1_80' title='bbox 314 1313 399 1359; x_wconf 89' lang='lat' dir='ltr'><strong>est</strong></span> <span class='ocrx_word' id='word_1_81' title='bbox 423 1303 682 1374; x_wconf 88' lang='lat' dir='ltr'><strong>judicatio</strong></span> <span class='ocrx_word' id='word_1_82' title='bbox 714 1312 818 1357; x_wconf 86' lang='lat' dir='ltr'><strong>tant</strong></span> <span class='ocrx_word' id='word_1_83' title='bbox 850 1302 1076 1372; x_wconf 88' lang='lat' dir='ltr'><strong>injusta,</strong></span> <span class='ocrx_word' id='word_1_84' title='bbox 1124 1311 1180 1355; x_wconf 92' lang='lat' dir='ltr'><strong>ut</strong></span> <span class='ocrx_word' id='word_1_85' title='bbox 1211 1310 1449 1355; x_wconf 89' lang='lat' dir='ltr'><strong>nostram</strong></span> <span class='ocrx_word' id='word_1_86' title='bbox 1481 1297 1773 1354; x_wconf 87' lang='lat' dir='ltr'><strong>derideatis</strong></span> 
     </span>
    </p>
   </div>
   <div class='ocr_carea' id='block_1_14' title="bbox 170 1390 1769 1469">
    <p class='ocr_par' dir='ltr' id='par_1_14' title="bbox 170 1390 1769 1469">
     <span class='ocr_line' id='line_1_14' title="bbox 170 1390 1769 1469; baseline -0.005 -16"><span class='ocrx_word' id='word_1_87' title='bbox 170 1397 358 1467; x_wconf 81' lang='lat' dir='ltr'><strong>ﬁdem,</strong></span> <span class='ocrx_word' id='word_1_88' title='bbox 387 1411 676 1469; x_wconf 80' lang='lat' dir='ltr'><strong>quam-vos</strong></span> <span class='ocrx_word' id='word_1_89' title='bbox 707 1395 908 1452; x_wconf 86' lang='lat' dir='ltr'><strong>habere</strong></span> <span class='ocrx_word' id='word_1_90' title='bbox 937 1394 1250 1465; x_wconf 87' lang='lat' dir='ltr'><strong>conspicitis</strong></span> <span class='ocrx_word' id='word_1_91' title='bbox 1281 1403 1463 1448; x_wconf 87' lang='lat' dir='ltr'><strong>nostra</strong></span> <span class='ocrx_word' id='word_1_92' title='bbox 1492 1393 1543 1446; x_wconf 93' lang='lat' dir='ltr'><strong>in</strong></span> <span class='ocrx_word' id='word_1_93' title='bbox 1572 1390 1769 1447; x_wconf 91' lang='lat' dir='ltr'><strong>credu-</strong></span> 
     </span>
    </p>
   </div>
   <div class='ocr_carea' id='block_1_15' title="bbox 168 1483 1771 1558">
    <p class='ocr_par' dir='ltr' id='par_1_15' title="bbox 168 1483 1771 1558">
     <span class='ocr_line' id='line_1_15' title="bbox 168 1483 1771 1558; baseline -0.005 -12"><span class='ocrx_word' id='word_1_94' title='bbox 168 1490 324 1547; x_wconf 87' lang='lat' dir='ltr'><strong>litate</strong></span> <span class='ocrx_word' id='word_1_95' title='bbox 344 1488 731 1545; x_wconf 83' lang='lat' dir='ltr'><strong>communem?</strong></span> <span class='ocrx_word' id='word_1_96' title='bbox 756 1488 861 1544; x_wconf 88' lang='lat' dir='ltr'><strong>Sed</strong></span> <span class='ocrx_word' id='word_1_97' title='bbox 886 1487 1222 1558; x_wconf 90' lang='lat' dir='ltr'><strong>sapientibus</strong></span> <span class='ocrx_word' id='word_1_98' title='bbox 1244 1501 1339 1540; x_wconf 87' lang='lat' dir='ltr'><strong>vos</strong></span> <span class='ocrx_word' id='word_1_99' title='bbox 1365 1484 1494 1540; x_wconf 89' lang='lat' dir='ltr'><strong>viris</strong></span> <span class='ocrx_word' id='word_1_100' title='bbox 1519 1483 1771 1539; x_wconf 88' lang='lat' dir='ltr'><strong>oumibus</strong></span> 
     </span>
    </p>
   </div>
   <div class='ocr_carea' id='block_1_16' title="bbox 173 1576 1772 1654">
    <p class='ocr_par' dir='ltr' id='par_1_16' title="bbox 173 1576 1772 1654">
     <span class='ocr_line' id='line_1_16' title="bbox 173 1576 1772 1654; baseline -0.006 -13"><span class='ocrx_word' id='word_1_101' title='bbox 173 1585 457 1641; x_wconf 83' lang='lat' dir='ltr'><strong>instructis</strong></span> <span class='ocrx_word' id='word_1_102' title='bbox 491 1583 899 1654; x_wconf 88' lang='lat' dir='ltr'><strong>disciplinarum</strong></span> <span class='ocrx_word' id='word_1_103' title='bbox 946 1579 1232 1653; x_wconf 76' lang='lat' dir='ltr'><strong>generibus</strong></span> <span class='ocrx_word' id='word_1_104' title='bbox 1270 1576 1531 1635; x_wconf 84' lang='lat' dir='ltr'><strong>creditis?</strong></span> <span class='ocrx_word' id='word_1_105' title='bbox 1577 1591 1772 1647; x_wconf 86' lang='lat' dir='ltr'><strong>nempe</strong></span> 
     </span>
    </p>
   </div>
   <div class='ocr_carea' id='block_1_17' title="bbox 167 1670 1768 1750">
    <p class='ocr_par' dir='ltr' id='par_1_17' title="bbox 167 1670 1768 1750">
     <span class='ocr_line' id='line_1_17' title="bbox 167 1670 1768 1750; baseline -0.007 -16"><span class='ocrx_word' id='word_1_106' title='bbox 167 1677 294 1747; x_wconf 87' lang='lat' dir='ltr'><strong>illis,</strong></span> <span class='ocrx_word' id='word_1_107' title='bbox 329 1679 422 1750; x_wconf 89' lang='lat' dir='ltr'><strong>qui</strong></span> <span class='ocrx_word' id='word_1_108' title='bbox 464 1677 595 1733; x_wconf 88' lang='lat' dir='ltr'><strong>nihil</strong></span> <span class='ocrx_word' id='word_1_109' title='bbox 642 1678 902 1739; x_wconf 85' lang='lat' dir='ltr'><strong>sciscunt,</strong></span> <span class='ocrx_word' id='word_1_110' title='bbox 932 1688 1033 1730; x_wconf 90' lang='lat' dir='ltr'><strong>nec</strong></span> <span class='ocrx_word' id='word_1_111' title='bbox 1065 1674 1412 1745; x_wconf 88' lang='lat' dir='ltr'><strong>pronuntiant</strong></span> <span class='ocrx_word' id='word_1_112' title='bbox 1441 1685 1645 1737; x_wconf 90' lang='lat' dir='ltr'><strong>unum;</strong></span> <span class='ocrx_word' id='word_1_113' title='bbox 1678 1670 1768 1740; x_wconf 90' lang='lat' dir='ltr'><strong>qui</strong></span> 
     </span>
    </p>
   </div>
   <div class='ocr_carea' id='block_1_18' title="bbox 163 1767 1767 1843">
    <p class='ocr_par' dir='ltr' id='par_1_18' title="bbox 163 1767 1767 1843">
     <span class='ocr_line' id='line_1_18' title="bbox 163 1767 1767 1843; baseline -0.004 -15"><span class='ocrx_word' id='word_1_114' title='bbox 163 1787 263 1843; x_wconf 91' lang='lat' dir='ltr'><strong>pro</strong></span> <span class='ocrx_word' id='word_1_115' title='bbox 311 1773 427 1827; x_wconf 87' lang='lat' dir='ltr'><strong>suis</strong></span> <span class='ocrx_word' id='word_1_116' title='bbox 470 1772 757 1827; x_wconf 87' lang='lat' dir='ltr'><strong>sententiis</strong></span> <span class='ocrx_word' id='word_1_117' title='bbox 789 1770 932 1826; x_wconf 88' lang='lat' dir='ltr'><strong>bella</strong></span> <span class='ocrx_word' id='word_1_118' title='bbox 971 1782 1095 1824; x_wconf 90' lang='lat' dir='ltr'><strong>cum</strong></span> <span class='ocrx_word' id='word_1_119' title='bbox 1138 1767 1547 1823; x_wconf 82' lang='lat' dir='ltr'><strong>adversantibus</strong></span> <span class='ocrx_word' id='word_1_120' title='bbox 1573 1779 1767 1821; x_wconf 89' lang='lat' dir='ltr'><strong>conse-</strong></span> 
     </span>
    </p>
   </div>
   <div class='ocr_carea' id='block_1_19' title="bbox 1880 542 3483 617">
    <p class='ocr_par' dir='ltr' id='par_1_19' title="bbox 1880 542 3483 617">
     <span class='ocr_line' id='line_1_19' title="bbox 1880 542 3483 617; baseline -0.004 -14"><span class='ocrx_word' id='word_1_121' title='bbox 1880 548 1948 603; x_wconf 90' lang='lat' dir='ltr'><strong>tis</strong></span> <span class='ocrx_word' id='word_1_122' title='bbox 1978 546 2125 612; x_wconf 88' lang='lat' dir='ltr'><strong>dari,</strong></span> <span class='ocrx_word' id='word_1_123' title='bbox 2159 544 2303 617; x_wconf 89' lang='lat' dir='ltr'><strong>quod</strong></span> <span class='ocrx_word' id='word_1_124' title='bbox 2334 545 2408 601; x_wconf 89' lang='lat' dir='ltr'><strong>ita</strong></span> <span class='ocrx_word' id='word_1_125' title='bbox 2438 543 2636 600; x_wconf 88' lang='lat' dir='ltr'><strong>abillis</strong></span> <span class='ocrx_word' id='word_1_126' title='bbox 2663 543 2907 611; x_wconf 87' lang='lat' dir='ltr'><strong>dicatur,</strong></span> <span class='ocrx_word' id='word_1_127' title='bbox 2949 542 3233 615; x_wconf 88' lang='lat' dir='ltr'><strong>accipere;</strong></span> <span class='ocrx_word' id='word_1_128' title='bbox 3261 556 3359 597; x_wconf 93' lang='lat' dir='ltr'><strong>vos</strong></span> <span class='ocrx_word' id='word_1_129' title='bbox 3385 555 3483 608; x_wconf 84' lang='lat' dir='ltr'><strong>ea,</strong></span> 
     </span>
    </p>
   </div>
   <div class='ocr_carea' id='block_1_20' title="bbox 1877 634 3485 711">
    <p class='ocr_par' dir='ltr' id='par_1_20' title="bbox 1877 634 3485 711">
     <span class='ocr_line' id='line_1_20' title="bbox 1877 634 3485 711; baseline -0.001 -18"><span class='ocrx_word' id='word_1_130' title='bbox 1877 655 1998 711; x_wconf 80' lang='lat' dir='ltr'><strong>quae</strong></span> <span class='ocrx_word' id='word_1_131' title='bbox 2031 638 2380 709; x_wconf 88' lang='lat' dir='ltr'><strong>proferuntur</strong></span> <span class='ocrx_word' id='word_1_132' title='bbox 2416 653 2445 693; x_wconf 92' lang='lat' dir='ltr'><strong>a</strong></span> <span class='ocrx_word' id='word_1_133' title='bbox 2484 636 2724 705; x_wconf 87' lang='lat' dir='ltr'><strong>Christo,</strong></span> <span class='ocrx_word' id='word_1_134' title='bbox 2754 635 2947 693; x_wconf 90' lang='lat' dir='ltr'><strong>audire</strong></span> <span class='ocrx_word' id='word_1_135' title='bbox 2975 646 3031 692; x_wconf 93' lang='lat' dir='ltr'><strong>et</strong></span> <span class='ocrx_word' id='word_1_136' title='bbox 3059 643 3308 707; x_wconf 89' lang='lat' dir='ltr'><strong>spectare</strong></span> <span class='ocrx_word' id='word_1_137' title='bbox 3337 634 3485 691; x_wconf 90' lang='lat' dir='ltr'><strong>noli-</strong></span> 
     </span>
    </p>
   </div>
   <div class='ocr_carea' id='block_1_21' title="bbox 1878 724 3483 804">
    <p class='ocr_par' dir='ltr' id='par_1_21' title="bbox 1878 724 3483 804">
     <span class='ocr_line' id='line_1_21' title="bbox 1878 724 3483 804; baseline -0.001 -16"><span class='ocrx_word' id='word_1_138' title='bbox 1878 734 1981 789; x_wconf 91' lang='lat' dir='ltr'><strong>tis?</strong></span> <span class='ocrx_word' id='word_1_139' title='bbox 2011 734 2173 804; x_wconf 79' lang='lat' dir='ltr'><strong>Atqui</strong></span> <span class='ocrx_word' id='word_1_140' title='bbox 2204 735 2247 789; x_wconf 90' lang='lat' dir='ltr'><strong>si</strong></span> <span class='ocrx_word' id='word_1_141' title='bbox 2279 748 2471 789; x_wconf 83' lang='lat' dir='ltr'><strong>causas</strong></span> <span class='ocrx_word' id='word_1_142' title='bbox 2510 724 2726 800; x_wconf 84' lang='lat' dir='ltr'><strong>causis,</strong></span> <span class='ocrx_word' id='word_1_143' title='bbox 2758 742 2943 804; x_wconf 80' lang='lat' dir='ltr'><strong>partes</strong></span> <span class='ocrx_word' id='word_1_144' title='bbox 2970 732 3211 804; x_wconf 90' lang='lat' dir='ltr'><strong>partibus</strong></span> <span class='ocrx_word' id='word_1_145' title='bbox 3245 729 3483 787; x_wconf 87' lang='lat' dir='ltr'><strong>volueri-</strong></span> 
     </span>
    </p>
   </div>
   <div class='ocr_carea' id='block_1_22' title="bbox 1876 823 3480 898">
    <p class='ocr_par' dir='ltr' id='par_1_22' title="bbox 1876 823 3480 898">
     <span class='ocr_line' id='line_1_22' title="bbox 1876 823 3480 898; baseline -0.001 -18"><span class='ocrx_word' id='word_1_146' title='bbox 1876 843 1996 881; x_wconf 91' lang='lat' dir='ltr'><strong>mus</strong></span> <span class='ocrx_word' id='word_1_147' title='bbox 2020 842 2236 897; x_wconf 65' lang='lat' dir='ltr'><strong>aequare</strong></span> <span class='ocrx_word' id='word_1_148' title='bbox 2266 845 2279 881; x_wconf 88' lang='lat'><strong>:</strong></span> <span class='ocrx_word' id='word_1_149' title='bbox 2312 825 2484 898; x_wconf 88' lang='lat' dir='ltr'><strong>magis</strong></span> <span class='ocrx_word' id='word_1_150' title='bbox 2514 840 2614 881; x_wconf 93' lang='lat' dir='ltr'><strong>nos</strong></span> <span class='ocrx_word' id='word_1_151' title='bbox 2644 824 2887 880; x_wconf 90' lang='lat' dir='ltr'><strong>valemus</strong></span> <span class='ocrx_word' id='word_1_152' title='bbox 2917 824 3211 881; x_wconf 86' lang='lat' dir='ltr'><strong>ostendere</strong></span> <span class='ocrx_word' id='word_1_153' title='bbox 3253 823 3381 895; x_wconf 90' lang='lat' dir='ltr'><strong>quid</strong></span> <span class='ocrx_word' id='word_1_154' title='bbox 3424 824 3480 880; x_wconf 90' lang='lat' dir='ltr'><strong>in</strong></span> 
     </span>
    </p>
   </div>
   <div class='ocr_carea' id='block_1_23' title="bbox 1875 914 3484 993">
    <p class='ocr_par' dir='ltr' id='par_1_23' title="bbox 1875 914 3484 993">
     <span class='ocr_line' id='line_1_23' title="bbox 1875 914 3484 993; baseline -0.001 -16"><span class='ocrx_word' id='word_1_155' title='bbox 1875 920 2094 977; x_wconf 86' lang='lat' dir='ltr'><strong>Christo</strong></span> <span class='ocrx_word' id='word_1_156' title='bbox 2125 920 2386 977; x_wconf 81' lang='lat' dir='ltr'><strong>fuerimus</strong></span> <span class='ocrx_word' id='word_1_157' title='bbox 2425 922 2634 985; x_wconf 88' lang='lat' dir='ltr'><strong>secuti,</strong></span> <span class='ocrx_word' id='word_1_158' title='bbox 2678 936 2839 991; x_wconf 88' lang='lat' dir='ltr'><strong>quam</strong></span> <span class='ocrx_word' id='word_1_159' title='bbox 2893 922 2947 975; x_wconf 93' lang='lat' dir='ltr'><strong>in</strong></span> <span class='ocrx_word' id='word_1_160' title='bbox 2990 914 3325 992; x_wconf 77' lang='lat' dir='ltr'><strong>philosophis</strong></span> <span class='ocrx_word' id='word_1_161' title='bbox 3351 920 3484 993; x_wconf 91' lang='lat' dir='ltr'><strong>quid</strong></span> 
     </span>
    </p>
   </div>
   <div class='ocr_carea' id='block_1_24' title="bbox 1878 1013 3481 1085">
    <p class='ocr_par' dir='ltr' id='par_1_24' title="bbox 1878 1013 3481 1085">
     <span class='ocr_line' id='line_1_24' title="bbox 1878 1013 3481 1085; baseline 0.002 -18"><span class='ocrx_word' id='word_1_162' title='bbox 1878 1028 1994 1068; x_wconf 86' lang='lat' dir='ltr'><strong>vos.</strong></span> <span class='ocrx_word' id='word_1_163' title='bbox 2026 1014 2103 1069; x_wconf 83' lang='lat' dir='ltr'><strong>Ac</strong></span> <span class='ocrx_word' id='word_1_164' title='bbox 2132 1027 2231 1069; x_wconf 90' lang='lat' dir='ltr'><strong>nos</strong></span> <span class='ocrx_word' id='word_1_165' title='bbox 2258 1013 2472 1085; x_wconf 89' lang='lat' dir='ltr'><strong>quidem</strong></span> <span class='ocrx_word' id='word_1_166' title='bbox 2505 1015 2556 1069; x_wconf 89' lang='lat' dir='ltr'><strong>in</strong></span> <span class='ocrx_word' id='word_1_167' title='bbox 2585 1014 2676 1068; x_wconf 91' lang='lat' dir='ltr'><strong>illo</strong></span> <span class='ocrx_word' id='word_1_168' title='bbox 2706 1014 2878 1069; x_wconf 85' lang='lat' dir='ltr'><strong>secuti</strong></span> <span class='ocrx_word' id='word_1_169' title='bbox 2910 1013 3027 1069; x_wconf 81' lang='lat' dir='ltr'><strong>ha-c</strong></span> <span class='ocrx_word' id='word_1_170' title='bbox 3052 1028 3240 1069; x_wconf 88' lang='lat' dir='ltr'><strong>sumus</strong></span> <span class='ocrx_word' id='word_1_171' title='bbox 3267 1030 3282 1067; x_wconf 91' lang='lat'><strong>:</strong></span> <span class='ocrx_word' id='word_1_172' title='bbox 3312 1027 3481 1085; x_wconf 85' lang='lat' dir='ltr'><strong>opera</strong></span> 
     </span>
    </p>
   </div>
   <div class='ocr_carea' id='block_1_25' title="bbox 1876 1107 3482 1181">
    <p class='ocr_par' dir='ltr' id='par_1_25' title="bbox 1876 1107 3482 1181">
     <span class='ocr_line' id='line_1_25' title="bbox 1876 1107 3482 1181; baseline 0.001 -17"><span class='ocrx_word' id='word_1_173' title='bbox 1876 1107 1966 1164; x_wconf 90' lang='lat' dir='ltr'><strong>illa</strong></span> <span class='ocrx_word' id='word_1_174' title='bbox 2003 1108 2307 1179; x_wconf 79' lang='lat' dir='ltr'><strong>magniﬁca,</strong></span> <span class='ocrx_word' id='word_1_175' title='bbox 2336 1110 2849 1180; x_wconf 78' lang='lat' dir='ltr'><strong>potentissimusque</strong></span> <span class='ocrx_word' id='word_1_176' title='bbox 2873 1107 3120 1173; x_wconf 87' lang='lat' dir='ltr'><strong>virtutes,</strong></span> <span class='ocrx_word' id='word_1_177' title='bbox 3153 1124 3290 1181; x_wconf 89' lang='lat' dir='ltr'><strong>quas</strong></span> <span class='ocrx_word' id='word_1_178' title='bbox 3317 1108 3482 1165; x_wconf 89' lang='lat' dir='ltr'><strong>variis</strong></span> 
     </span>
    </p>
   </div>
   <div class='ocr_carea' id='block_1_26' title="bbox 1875 1199 3481 1273">
    <p class='ocr_par' dir='ltr' id='par_1_26' title="bbox 1875 1199 3481 1273">
     <span class='ocr_line' id='line_1_26' title="bbox 1875 1199 3481 1273; baseline 0 -16"><span class='ocrx_word' id='word_1_179' title='bbox 1875 1201 2047 1258; x_wconf 87' lang='lat' dir='ltr'><strong>edidit</strong></span> <span class='ocrx_word' id='word_1_180' title='bbox 2071 1202 2424 1273; x_wconf 78' lang='lat' dir='ltr'><strong>exhibuitque</strong></span> <span class='ocrx_word' id='word_1_181' title='bbox 2452 1201 2745 1268; x_wconf 83' lang='lat' dir='ltr'><strong>miraculis,</strong></span> <span class='ocrx_word' id='word_1_182' title='bbox 2777 1199 2971 1271; x_wconf 86' lang='lat' dir='ltr'><strong>quibus</strong></span> <span class='ocrx_word' id='word_1_183' title='bbox 2999 1202 3174 1271; x_wconf 88' lang='lat' dir='ltr'><strong>quivis</strong></span> <span class='ocrx_word' id='word_1_184' title='bbox 3200 1210 3383 1273; x_wconf 88' lang='lat' dir='ltr'><strong>posset</strong></span> <span class='ocrx_word' id='word_1_185' title='bbox 3410 1200 3481 1257; x_wconf 85' lang='lat' dir='ltr'><strong>ad</strong></span> 
     </span>
    </p>
   </div>
   <div class='ocr_carea' id='block_1_27' title="bbox 1875 1294 3479 1366">
    <p class='ocr_par' dir='ltr' id='par_1_27' title="bbox 1875 1294 3479 1366">
     <span class='ocr_line' id='line_1_27' title="bbox 1875 1294 3479 1366; baseline -0.001 -13"><span class='ocrx_word' id='word_1_186' title='bbox 1875 1296 2255 1353; x_wconf 85' lang='lat' dir='ltr'><strong>necessitatem</strong></span> <span class='ocrx_word' id='word_1_187' title='bbox 2297 1295 2636 1352; x_wconf 89' lang='lat' dir='ltr'><strong>credulitatis</strong></span> <span class='ocrx_word' id='word_1_188' title='bbox 2675 1294 2905 1361; x_wconf 88' lang='lat' dir='ltr'><strong>adduci,</strong></span> <span class='ocrx_word' id='word_1_189' title='bbox 2946 1305 3000 1351; x_wconf 92' lang='lat' dir='ltr'><strong>et</strong></span> <span class='ocrx_word' id='word_1_190' title='bbox 3022 1295 3270 1366; x_wconf 85' lang='lat' dir='ltr'><strong>judicare</strong></span> <span class='ocrx_word' id='word_1_191' title='bbox 3298 1294 3479 1352; x_wconf 80' lang='lat' dir='ltr'><strong>ﬁdeli-</strong></span> 
     </span>
    </p>
   </div>
   <div class='ocr_carea' id='block_1_28' title="bbox 1876 1388 3469 1461">
    <p class='ocr_par' dir='ltr' id='par_1_28' title="bbox 1876 1388 3469 1461">
     <span class='ocr_line' id='line_1_28' title="bbox 1876 1388 3469 1461; baseline -0.003 -13"><span class='ocrx_word' id='word_1_192' title='bbox 1876 1401 1977 1460; x_wconf 88' lang='lat' dir='ltr'><strong>ter,</strong></span> <span class='ocrx_word' id='word_1_193' title='bbox 2005 1408 2112 1447; x_wconf 90' lang='lat' dir='ltr'><strong>non</strong></span> <span class='ocrx_word' id='word_1_194' title='bbox 2140 1406 2261 1447; x_wconf 88' lang='lat' dir='ltr'><strong>esse</strong></span> <span class='ocrx_word' id='word_1_195' title='bbox 2290 1406 2409 1461; x_wconf 77' lang='lat' dir='ltr'><strong>qua:</strong></span> <span class='ocrx_word' id='word_1_196' title='bbox 2439 1391 2631 1446; x_wconf 85' lang='lat' dir='ltr'><strong>tierent</strong></span> <span class='ocrx_word' id='word_1_197' title='bbox 2661 1389 2919 1455; x_wconf 83' lang='lat' dir='ltr'><strong>hominis,</strong></span> <span class='ocrx_word' id='word_1_198' title='bbox 2948 1389 3043 1445; x_wconf 89' lang='lat' dir='ltr'><strong>sed</strong></span> <span class='ocrx_word' id='word_1_199' title='bbox 3074 1388 3269 1445; x_wconf 66' lang='lat' dir='ltr'><strong>divinae</strong></span> <span class='ocrx_word' id='word_1_200' title='bbox 3294 1388 3469 1445; x_wconf 85' lang='lat' dir='ltr'><strong>alicu-</strong></span> 
     </span>
    </p>
   </div>
   <div class='ocr_carea' id='block_1_29' title="bbox 1869 1482 3480 1559">
    <p class='ocr_par' dir='ltr' id='par_1_29' title="bbox 1869 1482 3480 1559">
     <span class='ocr_line' id='line_1_29' title="bbox 1869 1482 3480 1559; baseline -0.001 -16"><span class='ocrx_word' id='word_1_201' title='bbox 1869 1488 1960 1559; x_wconf 87' lang='lat' dir='ltr'><strong>jus</strong></span> <span class='ocrx_word' id='word_1_202' title='bbox 2011 1496 2173 1558; x_wconf 88' lang='lat' dir='ltr'><strong>atque</strong></span> <span class='ocrx_word' id='word_1_203' title='bbox 2219 1486 2507 1557; x_wconf 76' lang='lat' dir='ltr'><strong>incognitae</strong></span> <span class='ocrx_word' id='word_1_204' title='bbox 2558 1485 2863 1558; x_wconf 86' lang='lat' dir='ltr'><strong>potestatis.</strong></span> <span class='ocrx_word' id='word_1_205' title='bbox 2898 1483 3011 1540; x_wconf 80' lang='lat' dir='ltr'><strong>Vos</strong></span> <span class='ocrx_word' id='word_1_206' title='bbox 3040 1484 3093 1540; x_wconf 89' lang='lat' dir='ltr'><strong>in</strong></span> <span class='ocrx_word' id='word_1_207' title='bbox 3142 1482 3480 1555; x_wconf 87' lang='lat' dir='ltr'><strong>philosophis</strong></span> 
     </span>
    </p>
   </div>
   <div class='ocr_carea' id='block_1_30' title="bbox 1874 1577 3478 1650">
    <p class='ocr_par' dir='ltr' id='par_1_30' title="bbox 1874 1577 3478 1650">
     <span class='ocr_line' id='line_1_30' title="bbox 1874 1577 3478 1650; baseline -0.001 -14"><span class='ocrx_word' id='word_1_208' title='bbox 1874 1582 2106 1636; x_wconf 83' lang='lat' dir='ltr'><strong>virtutes</strong></span> <span class='ocrx_word' id='word_1_209' title='bbox 2134 1580 2303 1635; x_wconf 81' lang='lat' dir='ltr'><strong>secuti</strong></span> <span class='ocrx_word' id='word_1_210' title='bbox 2330 1593 2463 1650; x_wconf 89' lang='lat' dir='ltr'><strong>quas</strong></span> <span class='ocrx_word' id='word_1_211' title='bbox 2488 1582 2640 1644; x_wconf 89' lang='lat' dir='ltr'><strong>estis,</strong></span> <span class='ocrx_word' id='word_1_212' title='bbox 2667 1589 2725 1634; x_wconf 92' lang='lat' dir='ltr'><strong>ut</strong></span> <span class='ocrx_word' id='word_1_213' title='bbox 2754 1577 2923 1649; x_wconf 87' lang='lat' dir='ltr'><strong>magis</strong></span> <span class='ocrx_word' id='word_1_214' title='bbox 2945 1593 3039 1634; x_wconf 92' lang='lat' dir='ltr'><strong>vos</strong></span> <span class='ocrx_word' id='word_1_215' title='bbox 3067 1578 3172 1634; x_wconf 90' lang='lat' dir='ltr'><strong>illis</strong></span> <span class='ocrx_word' id='word_1_216' title='bbox 3193 1594 3352 1649; x_wconf 90' lang='lat' dir='ltr'><strong>quam</strong></span> <span class='ocrx_word' id='word_1_217' title='bbox 3376 1591 3478 1635; x_wconf 92' lang='lat' dir='ltr'><strong>nos</strong></span> 
     </span>
    </p>
   </div>
   <div class='ocr_carea' id='block_1_31' title="bbox 1871 1671 3483 1745">
    <p class='ocr_par' dir='ltr' id='par_1_31' title="bbox 1871 1671 3483 1745">
     <span class='ocr_line' id='line_1_31' title="bbox 1871 1671 3483 1745; baseline -0.001 -14"><span class='ocrx_word' id='word_1_218' title='bbox 1871 1674 2089 1731; x_wconf 88' lang='lat' dir='ltr'><strong>Christo</strong></span> <span class='ocrx_word' id='word_1_219' title='bbox 2127 1673 2425 1745; x_wconf 86' lang='lat' dir='ltr'><strong>oportuerit</strong></span> <span class='ocrx_word' id='word_1_220' title='bbox 2465 1673 2722 1729; x_wconf 80' lang='lat' dir='ltr'><strong>credere?</strong></span> <span class='ocrx_word' id='word_1_221' title='bbox 2759 1673 3091 1740; x_wconf 83' lang='lat' dir='ltr'><strong>Quisnamne</strong></span> <span class='ocrx_word' id='word_1_222' title='bbox 3124 1671 3338 1729; x_wconf 79' lang='lat' dir='ltr'><strong>illorum</strong></span> <span class='ocrx_word' id='word_1_223' title='bbox 3383 1671 3483 1729; x_wconf 88' lang='lat' dir='ltr'><strong>ali-</strong></span> 
     </span>
    </p>
   </div>
   <div class='ocr_carea' id='block_1_32' title="bbox 1872 1767 3473 1841">
    <p class='ocr_par' dir='ltr' id='par_1_32' title="bbox 1872 1767 3473 1841">
     <span class='ocr_line' id='line_1_32' title="bbox 1872 1767 3473 1841; baseline -0.001 -18"><span class='ocrx_word' id='word_1_224' title='bbox 1872 1768 2085 1841; x_wconf 92' lang='lat' dir='ltr'><strong>quando</strong></span> <span class='ocrx_word' id='word_1_225' title='bbox 2109 1769 2272 1824; x_wconf 85' lang='lat' dir='ltr'><strong>verbo</strong></span> <span class='ocrx_word' id='word_1_226' title='bbox 2296 1783 2403 1823; x_wconf 92' lang='lat' dir='ltr'><strong>uno</strong></span> <span class='ocrx_word' id='word_1_227' title='bbox 2427 1769 2621 1839; x_wconf 90' lang='lat' dir='ltr'><strong>potuit,</strong></span> <span class='ocrx_word' id='word_1_228' title='bbox 2649 1777 2741 1823; x_wconf 89' lang='lat' dir='ltr'><strong>aut</strong></span> <span class='ocrx_word' id='word_1_229' title='bbox 2764 1767 2922 1823; x_wconf 92' lang='lat' dir='ltr'><strong>unius</strong></span> <span class='ocrx_word' id='word_1_230' title='bbox 2951 1767 3157 1839; x_wconf 91' lang='lat' dir='ltr'><strong>imperii</strong></span> <span class='ocrx_word' id='word_1_231' title='bbox 3181 1767 3428 1838; x_wconf 87' lang='lat' dir='ltr'><strong>jussione</strong></span> <span class='ocrx_word' id='word_1_232' title='bbox 3458 1785 3473 1822; x_wconf 91' lang='lat'><strong>:</strong></span> 
     </span>
    </p>
   </div>
   <div class='ocr_carea' id='block_1_33' title="bbox 165 1857 3478 1936">
    <p class='ocr_par' dir='ltr' id='par_1_33' title="bbox 165 1857 3478 1936">
     <span class='ocr_line' id='line_1_33' title="bbox 165 1857 3478 1936; baseline -0.002 -15"><span class='ocrx_word' id='word_1_233' title='bbox 165 1874 335 1930; x_wconf 88' lang='lat' dir='ltr'><strong>runt,</strong></span> <span class='ocrx_word' id='word_1_234' title='bbox 369 1874 425 1920; x_wconf 91' lang='lat' dir='ltr'><strong>et</strong></span> <span class='ocrx_word' id='word_1_235' title='bbox 454 1863 754 1936; x_wconf 85' lang='lat' dir='ltr'><strong>pervicacia</strong></span> <span class='ocrx_word' id='word_1_236' title='bbox 780 1876 999 1933; x_wconf 87' lang='lat' dir='ltr'><strong>semper</strong></span> <span class='ocrx_word' id='word_1_237' title='bbox 1025 1860 1390 1930; x_wconf 79' lang='lat' dir='ltr'><strong>digladiantur</strong></span> <span class='ocrx_word' id='word_1_238' title='bbox 1419 1858 1635 1924; x_wconf 64' lang='lat' dir='ltr'><strong>b0$liii;</strong></span> <span class='ocrx_word' id='word_1_239' title='bbox 1668 1857 1759 1929; x_wconf 89' lang='lat' dir='ltr'><strong>qui</strong></span> <span class='ocrx_word' id='word_1_240' title='bbox 1795 1866 1843 1927; x_wconf 83' lang='grc' dir='ltr'><strong>Β</strong></span> <span class='ocrx_word' id='word_1_241' title='bbox 1871 1878 1976 1917; x_wconf 92' lang='lat' dir='ltr'><strong>non</strong></span> <span class='ocrx_word' id='word_1_242' title='bbox 2031 1862 2207 1917; x_wconf 90' lang='lat' dir='ltr'><strong>dicam</strong></span> <span class='ocrx_word' id='word_1_243' title='bbox 2265 1862 2429 1916; x_wconf 90' lang='lat' dir='ltr'><strong>maris</strong></span> <span class='ocrx_word' id='word_1_244' title='bbox 2484 1860 2753 1927; x_wconf 85' lang='lat' dir='ltr'><strong>insanias,</strong></span> <span class='ocrx_word' id='word_1_245' title='bbox 2810 1870 2904 1915; x_wconf 92' lang='lat' dir='ltr'><strong>aut</strong></span> <span class='ocrx_word' id='word_1_246' title='bbox 2962 1870 3338 1929; x_wconf 79' lang='lat' dir='ltr'><strong>tempestatum</strong></span> <span class='ocrx_word' id='word_1_247' title='bbox 3392 1861 3478 1915; x_wconf 82' lang='lat' dir='ltr'><strong>fu-</strong></span> 
     </span>
    </p>
   </div>
   <div class='ocr_carea' id='block_1_34' title="bbox 163 1951 1766 2021">
    <p class='ocr_par' dir='ltr' id='par_1_34' title="bbox 163 1951 1766 2021">
     <span class='ocr_line' id='line_1_34' title="bbox 163 1951 1766 2021; baseline -0.006 -8"><span class='ocrx_word' id='word_1_248' title='bbox 163 1972 286 2013; x_wconf 90' lang='lat' dir='ltr'><strong>cum</strong></span> <span class='ocrx_word' id='word_1_249' title='bbox 317 1957 456 2012; x_wconf 92' lang='lat' dir='ltr'><strong>alter</strong></span> <span class='ocrx_word' id='word_1_250' title='bbox 478 1956 700 2012; x_wconf 88' lang='lat' dir='ltr'><strong>alterius</strong></span> <span class='ocrx_word' id='word_1_251' title='bbox 730 1954 1074 2021; x_wconf 74' lang='lat' dir='ltr'><strong>labefactant,</strong></span> <span class='ocrx_word' id='word_1_252' title='bbox 1100 1951 1409 2018; x_wconf 87' lang='lat' dir='ltr'><strong>destruunt,</strong></span> <span class='ocrx_word' id='word_1_253' title='bbox 1433 1952 1766 2006; x_wconf 81' lang='lat' dir='ltr'><strong>convellunt-</strong></span> 
     </span>
    </p>
   </div>
   <div class='ocr_carea' id='block_1_35' title="bbox 161 2044 1765 2121">
    <p class='ocr_par' dir='ltr' id='par_1_35' title="bbox 161 2044 1765 2121">
     <span class='ocr_line' id='line_1_35' title="bbox 161 2044 1765 2121; baseline -0.003 -17"><span class='ocrx_word' id='word_1_254' title='bbox 161 2064 267 2121; x_wconf 90' lang='lat' dir='ltr'><strong>que</strong></span> <span class='ocrx_word' id='word_1_255' title='bbox 295 2048 535 2114; x_wconf 84' lang='lat' dir='ltr'><strong>decreta,</strong></span> <span class='ocrx_word' id='word_1_256' title='bbox 570 2056 761 2105; x_wconf 89' lang='lat' dir='ltr'><strong>cuncta</strong></span> <span class='ocrx_word' id='word_1_257' title='bbox 792 2048 996 2104; x_wconf 89' lang='lat' dir='ltr'><strong>incerta</strong></span> <span class='ocrx_word' id='word_1_258' title='bbox 1037 2046 1302 2110; x_wconf 87' lang='lat' dir='ltr'><strong>fecerunt,</strong></span> <span class='ocrx_word' id='word_1_259' title='bbox 1336 2061 1437 2102; x_wconf 90' lang='lat' dir='ltr'><strong>nec</strong></span> <span class='ocrx_word' id='word_1_260' title='bbox 1471 2060 1630 2117; x_wconf 87' lang='lat' dir='ltr'><strong>posse</strong></span> <span class='ocrx_word' id='word_1_261' title='bbox 1660 2044 1765 2100; x_wconf 88' lang='lat' dir='ltr'><strong>ali-</strong></span> 
     </span>
    </p>
   </div>
   <div class='ocr_carea' id='block_1_36' title="bbox 161 2140 1476 2213">
    <p class='ocr_par' dir='ltr' id='par_1_36' title="bbox 161 2140 1476 2213">
     <span class='ocr_line' id='line_1_36' title="bbox 161 2140 1476 2213; baseline -0.002 -18"><span class='ocrx_word' id='word_1_262' title='bbox 161 2140 289 2213; x_wconf 82' lang='lat' dir='ltr'><strong>quid</strong></span> <span class='ocrx_word' id='word_1_263' title='bbox 320 2142 446 2197; x_wconf 88' lang='lat' dir='ltr'><strong>sciri</strong></span> <span class='ocrx_word' id='word_1_264' title='bbox 473 2156 543 2197; x_wconf 78' lang='lat' dir='ltr'><strong>ex</strong></span> <span class='ocrx_word' id='word_1_265' title='bbox 579 2142 692 2211; x_wconf 89' lang='lat' dir='ltr'><strong>ipsa</strong></span> <span class='ocrx_word' id='word_1_266' title='bbox 719 2141 1061 2197; x_wconf 87' lang='lat' dir='ltr'><strong>dissensione</strong></span> <span class='ocrx_word' id='word_1_267' title='bbox 1087 2148 1476 2197; x_wconf 86' lang='lat' dir='ltr'><strong>monstrarunt.</strong></span> 
     </span>
    </p>
   </div>
   <div class='ocr_carea' id='block_1_37' title="bbox 229 2231 1759 2303">
    <p class='ocr_par' dir='ltr' id='par_1_37' title="bbox 229 2231 1759 2303">
     <span class='ocr_line' id='line_1_37' title="bbox 229 2231 1759 2303; baseline -0.001 -15"><span class='ocrx_word' id='word_1_268' title='bbox 229 2231 327 2288; x_wconf 82' lang='lat' dir='ltr'><strong>XI.</strong></span> <span class='ocrx_word' id='word_1_269' title='bbox 360 2232 467 2289; x_wconf 89' lang='lat' dir='ltr'><strong>Sed</strong></span> <span class='ocrx_word' id='word_1_270' title='bbox 511 2233 748 2288; x_wconf 79' lang='lat' dir='ltr'><strong>ofﬁciant</strong></span> <span class='ocrx_word' id='word_1_271' title='bbox 776 2232 896 2289; x_wconf 56' lang='lat' dir='ltr'><strong>haec</strong></span> <span class='ocrx_word' id='word_1_272' title='bbox 930 2232 1101 2298; x_wconf 90' lang='lat' dir='ltr'><strong>nihil,</strong></span> <span class='ocrx_word' id='word_1_273' title='bbox 1154 2232 1394 2303; x_wconf 87' lang='lat' dir='ltr'><strong>nihilque</strong></span> <span class='ocrx_word' id='word_1_274' title='bbox 1424 2231 1759 2303; x_wconf 88' lang='lat' dir='ltr'><strong>impediant;</strong></span> 
     </span>
    </p>
   </div>
   <div class='ocr_carea' id='block_1_38' title="bbox 158 2327 1766 2400">
    <p class='ocr_par' dir='ltr' id='par_1_38' title="bbox 158 2327 1766 2400">
     <span class='ocr_line' id='line_1_38' title="bbox 158 2327 1766 2400; baseline 0 -17"><span class='ocrx_word' id='word_1_275' title='bbox 158 2327 458 2399; x_wconf 87' lang='lat' dir='ltr'><strong>plurimum</strong></span> <span class='ocrx_word' id='word_1_276' title='bbox 485 2341 595 2400; x_wconf 91' lang='lat' dir='ltr'><strong>quo</strong></span> <span class='ocrx_word' id='word_1_277' title='bbox 624 2328 805 2384; x_wconf 90' lang='lat' dir='ltr'><strong>minus</strong></span> <span class='ocrx_word' id='word_1_278' title='bbox 850 2328 930 2384; x_wconf 89' lang='lat' dir='ltr'><strong>eis</strong></span> <span class='ocrx_word' id='word_1_279' title='bbox 974 2327 1201 2385; x_wconf 89' lang='lat' dir='ltr'><strong>credere</strong></span> <span class='ocrx_word' id='word_1_280' title='bbox 1249 2337 1412 2399; x_wconf 89' lang='lat' dir='ltr'><strong>atque</strong></span> <span class='ocrx_word' id='word_1_281' title='bbox 1458 2327 1766 2384; x_wconf 83' lang='lat' dir='ltr'><strong>auscultare</strong></span> 
     </span>
    </p>
   </div>
   <div class='ocr_carea' id='block_1_39' title="bbox 159 2420 1765 2495">
    <p class='ocr_par' dir='ltr' id='par_1_39' title="bbox 159 2420 1765 2495">
     <span class='ocr_line' id='line_1_39' title="bbox 159 2420 1765 2495; baseline 0.001 -18"><span class='ocrx_word' id='word_1_282' title='bbox 159 2420 431 2478; x_wconf 83' lang='lat' dir='ltr'><strong>debeatis.</strong></span> <span class='ocrx_word' id='word_1_283' title='bbox 466 2423 532 2478; x_wconf 87' lang='lat' dir='ltr'><strong>Et</strong></span> <span class='ocrx_word' id='word_1_284' title='bbox 560 2422 686 2491; x_wconf 87' lang='lat' dir='ltr'><strong>quid</strong></span> <span class='ocrx_word' id='word_1_285' title='bbox 718 2432 837 2492; x_wconf 90' lang='lat' dir='ltr'><strong>est,</strong></span> <span class='ocrx_word' id='word_1_286' title='bbox 890 2422 1033 2495; x_wconf 91' lang='lat' dir='ltr'><strong>quod</strong></span> <span class='ocrx_word' id='word_1_287' title='bbox 1087 2422 1140 2479; x_wconf 93' lang='lat' dir='ltr'><strong>in</strong></span> <span class='ocrx_word' id='word_1_288' title='bbox 1188 2422 1288 2480; x_wconf 92' lang='lat' dir='ltr'><strong>hac</strong></span> <span class='ocrx_word' id='word_1_289' title='bbox 1335 2433 1517 2494; x_wconf 86' lang='lat' dir='ltr'><strong>parte,</strong></span> <span class='ocrx_word' id='word_1_290' title='bbox 1550 2432 1641 2480; x_wconf 91' lang='lat' dir='ltr'><strong>aut</strong></span> <span class='ocrx_word' id='word_1_291' title='bbox 1667 2436 1765 2479; x_wconf 84' lang='lat' dir='ltr'><strong>vos</strong></span> 
     </span>
    </p>
   </div>
   <div class='ocr_carea' id='block_1_40' title="bbox 160 2514 1761 2586">
    <p class='ocr_par' dir='ltr' id='par_1_40' title="bbox 160 2514 1761 2586">
     <span class='ocr_line' id='line_1_40' title="bbox 160 2514 1761 2586; baseline 0.002 -17"><span class='ocrx_word' id='word_1_292' title='bbox 160 2514 456 2585; x_wconf 87' lang='lat' dir='ltr'><strong>plurimum</strong></span> <span class='ocrx_word' id='word_1_293' title='bbox 500 2514 743 2572; x_wconf 85' lang='lat' dir='ltr'><strong>habeatis</strong></span> <span class='ocrx_word' id='word_1_294' title='bbox 768 2558 782 2582; x_wconf 91' lang='lat'><strong>,</strong></span> <span class='ocrx_word' id='word_1_295' title='bbox 824 2526 916 2571; x_wconf 88' lang='lat' dir='ltr'><strong>aut</strong></span> <span class='ocrx_word' id='word_1_296' title='bbox 955 2531 1055 2572; x_wconf 89' lang='lat' dir='ltr'><strong>nos</strong></span> <span class='ocrx_word' id='word_1_297' title='bbox 1105 2517 1325 2574; x_wconf 75' lang='lat' dir='ltr'><strong>minus?</strong></span> <span class='ocrx_word' id='word_1_298' title='bbox 1360 2516 1472 2572; x_wconf 83' lang='lat' dir='ltr'><strong>Vos</strong></span> <span class='ocrx_word' id='word_1_299' title='bbox 1510 2516 1761 2586; x_wconf 90' lang='lat' dir='ltr'><strong>Platoni,</strong></span> 
     </span>
    </p>
   </div>
   <div class='ocr_carea' id='block_1_41' title="bbox 156 2606 1762 2679">
    <p class='ocr_par' dir='ltr' id='par_1_41' title="bbox 156 2606 1762 2679">
     <span class='ocr_line' id='line_1_41' title="bbox 156 2606 1762 2679; baseline 0.004 -15"><span class='ocrx_word' id='word_1_300' title='bbox 156 2623 251 2664; x_wconf 89' lang='lat' dir='ltr'><strong>vos</strong></span> <span class='ocrx_word' id='word_1_301' title='bbox 274 2606 519 2678; x_wconf 87' lang='lat' dir='ltr'><strong>Cronio,</strong></span> <span class='ocrx_word' id='word_1_302' title='bbox 552 2626 650 2667; x_wconf 86' lang='lat' dir='ltr'><strong>vos</strong></span> <span class='ocrx_word' id='word_1_303' title='bbox 676 2609 975 2678; x_wconf 88' lang='lat' dir='ltr'><strong>Numenio,</strong></span> <span class='ocrx_word' id='word_1_304' title='bbox 1009 2613 1093 2667; x_wconf 86' lang='lat' dir='ltr'><strong>vel</strong></span> <span class='ocrx_word' id='word_1_305' title='bbox 1121 2610 1206 2665; x_wconf 90' lang='lat' dir='ltr'><strong>cui</strong></span> <span class='ocrx_word' id='word_1_306' title='bbox 1253 2611 1472 2667; x_wconf 88' lang='lat' dir='ltr'><strong>libuerit</strong></span> <span class='ocrx_word' id='word_1_307' title='bbox 1500 2613 1762 2679; x_wconf 87' lang='lat' dir='ltr'><strong>creditis:</strong></span> 
     </span>
    </p>
   </div>
   <div class='ocr_carea' id='block_1_42' title="bbox 157 2702 1767 2777">
    <p class='ocr_par' dir='ltr' id='par_1_42' title="bbox 157 2702 1767 2777">
     <span class='ocr_line' id='line_1_42' title="bbox 157 2702 1767 2777; baseline 0.004 -20"><span class='ocrx_word' id='word_1_308' title='bbox 157 2715 259 2757; x_wconf 88' lang='lat' dir='ltr'><strong>nos</strong></span> <span class='ocrx_word' id='word_1_309' title='bbox 279 2704 583 2771; x_wconf 86' lang='lat' dir='ltr'><strong>credimus,</strong></span> <span class='ocrx_word' id='word_1_310' title='bbox 608 2712 665 2759; x_wconf 93' lang='lat' dir='ltr'><strong>et</strong></span> <span class='ocrx_word' id='word_1_311' title='bbox 688 2704 1084 2773; x_wconf 82' lang='lat' dir='ltr'><strong>acquiescimus</strong></span> <span class='ocrx_word' id='word_1_312' title='bbox 1102 2702 1340 2760; x_wconf 90' lang='lat' dir='ltr'><strong>Christo.</strong></span> <span class='ocrx_word' id='word_1_313' title='bbox 1361 2703 1622 2777; x_wconf 88' lang='lat' dir='ltr'><strong>iniquitas</strong></span> <span class='ocrx_word' id='word_1_314' title='bbox 1650 2705 1767 2763; x_wconf 68' lang='lat' dir='ltr'><strong>haec</strong></span> 
     </span>
    </p>
   </div>
   <div class='ocr_carea' id='block_1_43' title="bbox 156 2798 1767 2875">
    <p class='ocr_par' dir='ltr' id='par_1_43' title="bbox 156 2798 1767 2875">
     <span class='ocr_line' id='line_1_43' title="bbox 156 2798 1767 2875; baseline 0.006 -25"><span class='ocrx_word' id='word_1_315' title='bbox 156 2804 363 2868; x_wconf 87' lang='lat' dir='ltr'><strong>quanta</strong></span> <span class='ocrx_word' id='word_1_316' title='bbox 385 2806 490 2868; x_wconf 87' lang='lat' dir='ltr'><strong>est,</strong></span> <span class='ocrx_word' id='word_1_317' title='bbox 518 2807 574 2854; x_wconf 94' lang='lat' dir='ltr'><strong>ut</strong></span> <span class='ocrx_word' id='word_1_318' title='bbox 603 2813 728 2855; x_wconf 91' lang='lat' dir='ltr'><strong>cum</strong></span> <span class='ocrx_word' id='word_1_319' title='bbox 758 2798 972 2872; x_wconf 88' lang='lat' dir='ltr'><strong>utrique</strong></span> <span class='ocrx_word' id='word_1_320' title='bbox 998 2798 1310 2855; x_wconf 90' lang='lat' dir='ltr'><strong>auctoribus</strong></span> <span class='ocrx_word' id='word_1_321' title='bbox 1335 2809 1565 2870; x_wconf 87' lang='lat' dir='ltr'><strong>stemus,</strong></span> <span class='ocrx_word' id='word_1_322' title='bbox 1589 2804 1767 2875; x_wconf 82' lang='lat' dir='ltr'><strong>sitque</strong></span> 
     </span>
    </p>
   </div>
   <div class='ocr_carea' id='block_1_44' title="bbox 1869 1954 3475 2027">
    <p class='ocr_par' dir='ltr' id='par_1_44' title="bbox 1869 1954 3475 2027">
     <span class='ocr_line' id='line_1_44' title="bbox 1869 1954 3475 2027; baseline -0.001 -15"><span class='ocrx_word' id='word_1_323' title='bbox 1869 1971 2024 2013; x_wconf 88' lang='lat' dir='ltr'><strong>rores</strong></span> <span class='ocrx_word' id='word_1_324' title='bbox 2062 1954 2378 2027; x_wconf 89' lang='lat' dir='ltr'><strong>prohibere,</strong></span> <span class='ocrx_word' id='word_1_325' title='bbox 2411 1970 2762 2025; x_wconf 87' lang='lat' dir='ltr'><strong>compescere</strong></span> <span class='ocrx_word' id='word_1_326' title='bbox 2797 1973 2809 2009; x_wconf 90' lang='lat'><strong>:</strong></span> <span class='ocrx_word' id='word_1_327' title='bbox 2840 1970 2947 2010; x_wconf 91' lang='lat' dir='ltr'><strong>non</strong></span> <span class='ocrx_word' id='word_1_328' title='bbox 2984 1954 3144 2010; x_wconf 62' lang='lat' dir='ltr'><strong>caecis</strong></span> <span class='ocrx_word' id='word_1_329' title='bbox 3187 1954 3475 2012; x_wconf 88' lang='lat' dir='ltr'><strong>restituere</strong></span> 
     </span>
    </p>
   </div>
   <div class='ocr_carea' id='block_1_45' title="bbox 1870 2048 3473 2108">
    <p class='ocr_par' dir='ltr' id='par_1_45' title="bbox 1870 2048 3473 2108">
     <span class='ocr_line' id='line_1_45' title="bbox 1870 2048 3473 2108; baseline -0.002 -1"><span class='ocrx_word' id='word_1_330' title='bbox 1870 2051 2070 2108; x_wconf 89' lang='lat' dir='ltr'><strong>lumina</strong></span> <span class='ocrx_word' id='word_1_331' title='bbox 2101 2059 2193 2106; x_wconf 91' lang='lat' dir='ltr'><strong>aut</strong></span> <span class='ocrx_word' id='word_1_332' title='bbox 2222 2051 2338 2107; x_wconf 90' lang='lat' dir='ltr'><strong>sine</strong></span> <span class='ocrx_word' id='word_1_333' title='bbox 2368 2050 2662 2107; x_wconf 90' lang='lat' dir='ltr'><strong>luminibus</strong></span> <span class='ocrx_word' id='word_1_334' title='bbox 2694 2050 2833 2105; x_wconf 87' lang='lat' dir='ltr'><strong>natis</strong></span> <span class='ocrx_word' id='word_1_335' title='bbox 2860 2048 2991 2105; x_wconf 91' lang='lat' dir='ltr'><strong>dare</strong></span> <span class='ocrx_word' id='word_1_336' title='bbox 3023 2068 3035 2105; x_wconf 92' lang='lat'>:</span> <span class='ocrx_word' id='word_1_337' title='bbox 3067 2064 3175 2105; x_wconf 90' lang='lat' dir='ltr'><strong>non</strong></span> <span class='ocrx_word' id='word_1_338' title='bbox 3212 2048 3281 2105; x_wconf 91' lang='lat' dir='ltr'><strong>ad</strong></span> <span class='ocrx_word' id='word_1_339' title='bbox 3311 2049 3473 2104; x_wconf 91' lang='lat' dir='ltr'><strong>vitam</strong></span> 
     </span>
    </p>
   </div>
   <div class='ocr_carea' id='block_1_46' title="bbox 1869 2143 3529 2215">
    <p class='ocr_par' dir='ltr' id='par_1_46' title="bbox 1869 2143 3529 2215">
     <span class='ocr_line' id='line_1_46' title="bbox 1869 2143 3529 2215; baseline -0.001 -13"><span class='ocrx_word' id='word_1_340' title='bbox 1869 2161 2126 2205; x_wconf 86' lang='lat' dir='ltr'><strong>revocare</strong></span> <span class='ocrx_word' id='word_1_341' title='bbox 2155 2145 2439 2202; x_wconf 79' lang='lat' dir='ltr'><strong>defunctos</strong></span> <span class='ocrx_word' id='word_1_342' title='bbox 2476 2162 2489 2200; x_wconf 93' lang='lat'><strong>:</strong></span> <span class='ocrx_word' id='word_1_343' title='bbox 2520 2159 2627 2201; x_wconf 93' lang='lat' dir='ltr'><strong>non</strong></span> <span class='ocrx_word' id='word_1_344' title='bbox 2669 2158 2907 2200; x_wconf 89' lang='lat' dir='ltr'><strong>annosas</strong></span> <span class='ocrx_word' id='word_1_345' title='bbox 2935 2143 3238 2201; x_wconf 88' lang='lat' dir='ltr'><strong>dissolvere</strong></span> <span class='ocrx_word' id='word_1_346' title='bbox 3264 2143 3475 2215; x_wconf 80' lang='lat' dir='ltr'><strong>passio-</strong></span> <span class='ocrx_word' id='word_1_347' title='bbox 3522 2179 3529 2185; x_wconf 92' lang='lat'><strong><em>-</em></strong></span> 
     </span>
    </p>
   </div>
   <div class='ocr_carea' id='block_1_47' title="bbox 1870 2238 3475 2311">
    <p class='ocr_par' dir='ltr' id='par_1_47' title="bbox 1870 2238 3475 2311">
     <span class='ocr_line' id='line_1_47' title="bbox 1870 2238 3475 2311; baseline -0.001 -16"><span class='ocrx_word' id='word_1_348' title='bbox 1870 2255 1967 2297; x_wconf 88' lang='lat' dir='ltr'><strong>nes</strong></span> <span class='ocrx_word' id='word_1_349' title='bbox 1993 2258 2007 2294; x_wconf 88' lang='lat'>:</span> <span class='ocrx_word' id='word_1_350' title='bbox 2039 2238 2137 2296; x_wconf 89' lang='lat' dir='ltr'><strong>sed</strong></span> <span class='ocrx_word' id='word_1_351' title='bbox 2166 2239 2309 2311; x_wconf 91' lang='lat' dir='ltr'><strong>quod</strong></span> <span class='ocrx_word' id='word_1_352' title='bbox 2340 2238 2670 2294; x_wconf 87' lang='lat' dir='ltr'><strong>levissimum</strong></span> <span class='ocrx_word' id='word_1_353' title='bbox 2712 2238 2884 2295; x_wconf 92' lang='lat' dir='ltr'><strong>multo</strong></span> <span class='ocrx_word' id='word_1_354' title='bbox 2910 2248 3023 2305; x_wconf 90' lang='lat' dir='ltr'><strong>est,</strong></span> <span class='ocrx_word' id='word_1_355' title='bbox 3057 2238 3432 2295; x_wconf 88' lang='lat' dir='ltr'><strong>fervunculum</strong></span> <span class='ocrx_word' id='word_1_356' title='bbox 3453 2281 3475 2310; x_wconf 90' lang='lat'><strong>,</strong></span> 
     </span>
    </p>
   </div>
   <div class='ocr_carea' id='block_1_48' title="bbox 1870 2333 3474 2406">
    <p class='ocr_par' dir='ltr' id='par_1_48' title="bbox 1870 2333 3474 2406">
     <span class='ocr_line' id='line_1_48' title="bbox 1870 2333 3474 2406; baseline -0.001 -14"><span class='ocrx_word' id='word_1_357' title='bbox 1870 2336 2106 2392; x_wconf 85' lang='lat' dir='ltr'><strong>scabiem</strong></span> <span class='ocrx_word' id='word_1_358' title='bbox 2127 2377 2144 2402; x_wconf 93' lang='lat'><strong>,</strong></span> <span class='ocrx_word' id='word_1_359' title='bbox 2184 2343 2276 2390; x_wconf 92' lang='lat' dir='ltr'><strong>aut</strong></span> <span class='ocrx_word' id='word_1_360' title='bbox 2306 2333 2659 2391; x_wconf 68' lang='lat' dir='ltr'><strong>inhaerentem</strong></span> <span class='ocrx_word' id='word_1_361' title='bbox 2688 2334 2957 2406; x_wconf 89' lang='lat' dir='ltr'><strong>spinulam</strong></span> <span class='ocrx_word' id='word_1_362' title='bbox 2986 2335 3126 2392; x_wconf 90' lang='lat' dir='ltr'><strong>callo</strong></span> <span class='ocrx_word' id='word_1_363' title='bbox 3169 2351 3273 2392; x_wconf 90' lang='lat' dir='ltr'><strong>una</strong></span> <span class='ocrx_word' id='word_1_364' title='bbox 3304 2335 3474 2391; x_wconf 87' lang='lat' dir='ltr'><strong>inter-</strong></span> 
     </span>
    </p>
   </div>
   <div class='ocr_carea' id='block_1_49' title="bbox 1870 2427 3472 2501">
    <p class='ocr_par' dir='ltr' id='par_1_49' title="bbox 1870 2427 3472 2501">
     <span class='ocr_line' id='line_1_49' title="bbox 1870 2427 3472 2501; baseline 0.001 -16"><span class='ocrx_word' id='word_1_365' title='bbox 1870 2428 2107 2486; x_wconf 88' lang='lat' dir='ltr'><strong>dictione</strong></span> <span class='ocrx_word' id='word_1_366' title='bbox 2134 2429 2361 2485; x_wconf 88' lang='lat' dir='ltr'><strong>sanare?</strong></span> <span class='ocrx_word' id='word_1_367' title='bbox 2390 2427 2506 2485; x_wconf 84' lang='lat' dir='ltr'><strong>Non</strong></span> <span class='ocrx_word' id='word_1_368' title='bbox 2536 2445 2646 2501; x_wconf 94' lang='lat' dir='ltr'><strong>quo</strong></span> <span class='ocrx_word' id='word_1_369' title='bbox 2676 2428 2799 2485; x_wconf 93' lang='lat' dir='ltr'><strong>illos</strong></span> <span class='ocrx_word' id='word_1_370' title='bbox 2825 2444 3107 2501; x_wconf 75' lang='lat' dir='ltr'><strong>negemus,</strong></span> <span class='ocrx_word' id='word_1_371' title='bbox 3140 2438 3234 2486; x_wconf 88' lang='lat' dir='ltr'><strong>aut</strong></span> <span class='ocrx_word' id='word_1_372' title='bbox 3260 2444 3472 2486; x_wconf 90' lang='lat' dir='ltr'><strong>morum</strong></span> 
     </span>
    </p>
   </div>
   <div class='ocr_carea' id='block_1_50' title="bbox 1872 2520 3477 2594">
    <p class='ocr_par' dir='ltr' id='par_1_50' title="bbox 1872 2520 3477 2594">
     <span class='ocr_line' id='line_1_50' title="bbox 1872 2520 3477 2594; baseline 0.001 -17"><span class='ocrx_word' id='word_1_373' title='bbox 1872 2522 2177 2594; x_wconf 83' lang='lat' dir='ltr'><strong>integritate</strong></span> <span class='ocrx_word' id='word_1_374' title='bbox 2220 2520 2515 2577; x_wconf 88' lang='lat' dir='ltr'><strong>laudabiles</strong></span> <span class='ocrx_word' id='word_1_375' title='bbox 2536 2562 2553 2590; x_wconf 94' lang='lat'><strong>,</strong></span> <span class='ocrx_word' id='word_1_376' title='bbox 2581 2530 2676 2578; x_wconf 91' lang='lat' dir='ltr'><strong>aut</strong></span> <span class='ocrx_word' id='word_1_377' title='bbox 2718 2537 2825 2577; x_wconf 93' lang='lat' dir='ltr'><strong>non</strong></span> <span class='ocrx_word' id='word_1_378' title='bbox 2857 2522 3004 2577; x_wconf 92' lang='lat' dir='ltr'><strong>omni</strong></span> <span class='ocrx_word' id='word_1_379' title='bbox 3043 2536 3245 2593; x_wconf 89' lang='lat' dir='ltr'><strong>genere</strong></span> <span class='ocrx_word' id='word_1_380' title='bbox 3271 2520 3477 2579; x_wconf 90' lang='lat' dir='ltr'><strong>studio-</strong></span> 
     </span>
    </p>
   </div>
   <div class='ocr_carea' id='block_1_51' title="bbox 1873 2611 3476 2683">
    <p class='ocr_par' dir='ltr' id='par_1_51' title="bbox 1873 2611 3476 2683">
     <span class='ocr_line' id='line_1_51' title="bbox 1873 2611 3476 2683; baseline 0.001 -14"><span class='ocrx_word' id='word_1_381' title='bbox 1873 2628 1991 2669; x_wconf 88' lang='lat' dir='ltr'><strong>rum</strong></span> <span class='ocrx_word' id='word_1_382' title='bbox 2023 2621 2077 2670; x_wconf 90' lang='lat' dir='ltr'><strong>et</strong></span> <span class='ocrx_word' id='word_1_383' title='bbox 2104 2611 2511 2683; x_wconf 86' lang='lat' dir='ltr'><strong>disciplinarum</strong></span> <span class='ocrx_word' id='word_1_384' title='bbox 2543 2613 2746 2683; x_wconf 89' lang='lat' dir='ltr'><strong>peritos</strong></span> <span class='ocrx_word' id='word_1_385' title='bbox 2784 2627 2798 2666; x_wconf 91' lang='lat'>:</span> <span class='ocrx_word' id='word_1_386' title='bbox 2832 2628 2954 2669; x_wconf 90' lang='lat' dir='ltr'><strong>nam</strong></span> <span class='ocrx_word' id='word_1_387' title='bbox 2983 2623 3037 2670; x_wconf 94' lang='lat' dir='ltr'><strong>et</strong></span> <span class='ocrx_word' id='word_1_388' title='bbox 3069 2614 3247 2670; x_wconf 84' lang='lat' dir='ltr'><strong>verbis</strong></span> <span class='ocrx_word' id='word_1_389' title='bbox 3273 2629 3369 2671; x_wconf 91' lang='lat' dir='ltr'><strong>eos</strong></span> <span class='ocrx_word' id='word_1_390' title='bbox 3395 2614 3476 2671; x_wconf 92' lang='lat' dir='ltr'><strong>lu-</strong></span> 
     </span>
    </p>
   </div>
   <div class='ocr_carea' id='block_1_52' title="bbox 1873 2706 3478 2779">
    <p class='ocr_par' dir='ltr' id='par_1_52' title="bbox 1873 2706 3478 2779">
     <span class='ocr_line' id='line_1_52' title="bbox 1873 2706 3478 2779; baseline 0.001 -15"><span class='ocrx_word' id='word_1_391' title='bbox 1873 2708 2264 2765; x_wconf 88' lang='lat' dir='ltr'><strong>culentissimis</strong></span> <span class='ocrx_word' id='word_1_392' title='bbox 2292 2707 2495 2763; x_wconf 84' lang='lat' dir='ltr'><strong>scimus</strong></span> <span class='ocrx_word' id='word_1_393' title='bbox 2523 2706 2668 2779; x_wconf 90' lang='lat' dir='ltr'><strong>loqui</strong></span> <span class='ocrx_word' id='word_1_394' title='bbox 2700 2717 2755 2763; x_wconf 92' lang='lat' dir='ltr'><strong>et</strong></span> <span class='ocrx_word' id='word_1_395' title='bbox 2799 2707 3278 2778; x_wconf 87' lang='lat' dir='ltr'><strong>compositionibus</strong></span> <span class='ocrx_word' id='word_1_396' title='bbox 3307 2707 3478 2765; x_wconf 84' lang='lat' dir='ltr'><strong>liuere</strong></span> 
     </span>
    </p>
   </div>
   <div class='ocr_carea' id='block_1_53' title="bbox 1874 2799 3475 2875">
    <p class='ocr_par' dir='ltr' id='par_1_53' title="bbox 1874 2799 3475 2875">
     <span class='ocr_line' id='line_1_53' title="bbox 1874 2799 3475 2875; baseline 0 -17"><span class='ocrx_word' id='word_1_397' title='bbox 1874 2801 2159 2874; x_wconf 87' lang='lat' dir='ltr'><strong>levigatis;</strong></span> <span class='ocrx_word' id='word_1_398' title='bbox 2191 2799 2519 2858; x_wconf 90' lang='lat' dir='ltr'><strong>concludere</strong></span> <span class='ocrx_word' id='word_1_399' title='bbox 2565 2800 2879 2858; x_wconf 89' lang='lat' dir='ltr'><strong>acutissime</strong></span> <span class='ocrx_word' id='word_1_400' title='bbox 2918 2801 3300 2875; x_wconf 87' lang='lat' dir='ltr'><strong>syllogismos;</strong></span> <span class='ocrx_word' id='word_1_401' title='bbox 3331 2801 3475 2859; x_wconf 86' lang='lat' dir='ltr'><strong>ordi-</strong></span> 
     </span>
    </p>
   </div>
   <div class='ocr_carea' id='block_1_54' title="bbox 1519 2962 2081 3024">
    <p class='ocr_par' dir='ltr' id='par_1_54' title="bbox 1519 2962 2081 3024">
     <span class='ocr_line' id='line_1_54' title="bbox 1519 2962 2081 3024; baseline 0.007 -4"><span class='ocrx_word' id='word_1_402' title='bbox 1519 2962 2081 3024; x_wconf 74' lang='lat' dir='ltr'><strong>COMMENTARIUS.</strong></span> 
     </span>
    </p>
   </div>
   <div class='ocr_carea' id='block_1_55' title="bbox 229 3102 3479 3181">
    <p class='ocr_par' dir='ltr' id='par_1_55' title="bbox 229 3102 3479 3181">
     <span class='ocr_line' id='line_1_55' title="bbox 229 3102 3479 3181; baseline 0.002 -22"><span class='ocrx_word' id='word_1_403' title='bbox 229 3104 567 3181; x_wconf 76' lang='lat' dir='ltr'><strong>Pythagoras</strong></span> <span class='ocrx_word' id='word_1_404' title='bbox 596 3120 806 3181; x_wconf 81' lang='lat' dir='ltr'><strong>numero</strong></span> <span class='ocrx_word' id='word_1_405' title='bbox 836 3104 993 3181; x_wconf 80' lang='lat' dir='ltr'><strong>e_.rire_.</strong></span> <span class='ocrx_word' id='word_1_406' title='bbox 1026 3102 1226 3181; x_wconf 66' lang='lat' dir='ltr'><strong>Recepi</strong></span> <span class='ocrx_word' id='word_1_407' title='bbox 1262 3104 1552 3181; x_wconf 76' lang='lat' dir='ltr'><strong>intextum</strong></span> <span class='ocrx_word' id='word_1_408' title='bbox 1586 3120 1771 3181; x_wconf 81' lang='lat' dir='ltr'><strong>emen-</strong></span> <span class='ocrx_word' id='word_1_409' title='bbox 1797 3107 1841 3171; x_wconf 87' lang='lat' dir='ltr'><strong>C</strong></span> <span class='ocrx_word' id='word_1_410' title='bbox 1877 3115 2027 3181; x_wconf 73' lang='lat' dir='ltr'><strong>tctus</strong></span> <span class='ocrx_word' id='word_1_411' title='bbox 2067 3107 2174 3179; x_wconf 90' lang='lat' dir='ltr'><strong>leg.</strong></span> <span class='ocrx_word' id='word_1_412' title='bbox 2204 3116 2391 3181; x_wconf 77' lang='lat' dir='ltr'><strong>censet</strong></span> <span class='ocrx_word' id='word_1_413' title='bbox 2424 3106 2812 3181; x_wconf 74' lang='lat' dir='ltr'><strong>Protomosive</strong></span> <span class='ocrx_word' id='word_1_414' title='bbox 2854 3107 3158 3181; x_wconf 77' lang='lat' dir='ltr'><strong>Prothoum,</strong></span> <span class='ocrx_word' id='word_1_415' title='bbox 3184 3108 3340 3181; x_wconf 88' lang='lat' dir='ltr'><strong>cujus</strong></span> <span class='ocrx_word' id='word_1_416' title='bbox 3367 3124 3479 3165; x_wconf 80' lang='lat' dir='ltr'><strong>me-</strong></span> 
     </span>
    </p>
   </div>
   <div class='ocr_carea' id='block_1_56' title="bbox 157 3175 1769 3246">
    <p class='ocr_par' dir='ltr' id='par_1_56' title="bbox 157 3175 1769 3246">
     <span class='ocr_line' id='line_1_56' title="bbox 157 3175 1769 3246; baseline 0 -14"><span class='ocrx_word' id='word_1_417' title='bbox 157 3175 437 3233; x_wconf 54' lang='lat' dir='ltr'><strong>datitinem</strong></span> <span class='ocrx_word' id='word_1_418' title='bbox 485 3178 799 3246; x_wconf 73' lang='lat' dir='ltr'><strong>palmarium</strong></span> <span class='ocrx_word' id='word_1_419' title='bbox 843 3176 894 3232; x_wconf 82' lang='lat' dir='ltr'><strong>J.</strong></span> <span class='ocrx_word' id='word_1_420' title='bbox 947 3175 1039 3231; x_wconf 87' lang='lat' dir='ltr'><strong>Fr.</strong></span> <span class='ocrx_word' id='word_1_421' title='bbox 1091 3175 1351 3232; x_wconf 85' lang='lat' dir='ltr'><strong>Gronovii</strong></span> <span class='ocrx_word' id='word_1_422' title='bbox 1398 3178 1661 3243; x_wconf 83' lang='lat' dir='ltr'><strong>prolatam</strong></span> <span class='ocrx_word' id='word_1_423' title='bbox 1717 3178 1769 3232; x_wconf 90' lang='lat' dir='ltr'><strong>in</strong></span> 
     </span>
    </p>
   </div>
   <div class='ocr_carea' id='block_1_57' title="bbox 157 3247 1773 3323">
    <p class='ocr_par' dir='ltr' id='par_1_57' title="bbox 157 3247 1773 3323">
     <span class='ocr_line' id='line_1_57' title="bbox 157 3247 1773 3323; baseline -0.002 -17"><span class='ocrx_word' id='word_1_424' title='bbox 157 3249 408 3323; x_wconf 84' lang='lat' dir='ltr'><strong>Epistola</strong></span> <span class='ocrx_word' id='word_1_425' title='bbox 456 3250 523 3304; x_wconf 90' lang='lat' dir='ltr'><strong>ad</strong></span> <span class='ocrx_word' id='word_1_426' title='bbox 568 3249 827 3323; x_wconf 51' lang='lat' dir='ltr'><strong>Salmas,</strong></span> <span class='ocrx_word' id='word_1_427' title='bbox 872 3247 1000 3323; x_wconf 71' lang='lat'><strong>289,</strong></span> <span class='ocrx_word' id='word_1_428' title='bbox 1044 3247 1097 3323; x_wconf 79' lang='lat' dir='ltr'><strong>in</strong></span> <span class='ocrx_word' id='word_1_429' title='bbox 1152 3248 1370 3323; x_wconf 68' lang='lat' dir='ltr'><strong>Sylloge</strong></span> <span class='ocrx_word' id='word_1_430' title='bbox 1416 3248 1588 3323; x_wconf 77' lang='lat' dir='ltr'><strong>Epist.</strong></span> <span class='ocrx_word' id='word_1_431' title='bbox 1635 3249 1773 3304; x_wconf 87' lang='lat' dir='ltr'><strong>Bur-</strong></span> 
     </span>
    </p>
   </div>
   <div class='ocr_carea' id='block_1_58' title="bbox 156 3319 1772 3391">
    <p class='ocr_par' dir='ltr' id='par_1_58' title="bbox 156 3319 1772 3391">
     <span class='ocr_line' id='line_1_58' title="bbox 156 3319 1772 3391; baseline -0.001 -13"><span class='ocrx_word' id='word_1_432' title='bbox 156 3319 372 3385; x_wconf 65' lang='lat' dir='ltr'><strong>niann.,</strong></span> <span class='ocrx_word' id='word_1_433' title='bbox 400 3331 532 3375; x_wconf 87' lang='lat' dir='ltr'><strong>tom.</strong></span> <span class='ocrx_word' id='word_1_434' title='bbox 552 3336 611 3385; x_wconf 88' lang='grc' dir='ltr'>ιι,</span> <span class='ocrx_word' id='word_1_435' title='bbox 641 3336 695 3390; x_wconf 92' lang='lat' dir='ltr'><strong>p.</strong></span> <span class='ocrx_word' id='word_1_436' title='bbox 725 3320 850 3375; x_wconf 66' lang='lat'><strong>5&#39;29.</strong></span> <span class='ocrx_word' id='word_1_437' title='bbox 881 3320 1055 3375; x_wconf 84' lang='lat' dir='ltr'><strong>Antea</strong></span> <span class='ocrx_word' id='word_1_438' title='bbox 1082 3319 1368 3390; x_wconf 83' lang='lat' dir='ltr'><strong>legebatur</strong></span> <span class='ocrx_word' id='word_1_439' title='bbox 1393 3339 1400 3350; x_wconf 92' lang='grc'><strong>·</strong></span> <span class='ocrx_word' id='word_1_440' title='bbox 1441 3319 1772 3391; x_wconf 79' lang='lat' dir='ltr'><strong>Pythagoras</strong></span> 
     </span>
    </p>
   </div>
   <div class='ocr_carea' id='block_1_59' title="bbox 155 3391 1769 3463">
    <p class='ocr_par' dir='ltr' id='par_1_59' title="bbox 155 3391 1769 3463">
     <span class='ocr_line' id='line_1_59' title="bbox 155 3391 1769 3463; baseline 0 -14"><span class='ocrx_word' id='word_1_441' title='bbox 155 3410 405 3449; x_wconf 86' lang='lat' dir='ltr'><strong>numeros</strong></span> <span class='ocrx_word' id='word_1_442' title='bbox 432 3393 575 3447; x_wconf 76' lang='lat' dir='ltr'><strong>sciuit</strong></span> <span class='ocrx_word' id='word_1_443' title='bbox 596 3394 622 3447; x_wconf 88' lang='lat'><strong>?</strong></span> <span class='ocrx_word' id='word_1_444' title='bbox 650 3391 795 3463; x_wconf 88' lang='lat' dir='ltr'><strong>quod</strong></span> <span class='ocrx_word' id='word_1_445' title='bbox 828 3392 1213 3457; x_wconf 81' lang='lat' dir='ltr'><strong>falsissimum;</strong></span> <span class='ocrx_word' id='word_1_446' title='bbox 1242 3393 1465 3447; x_wconf 85' lang='lat' dir='ltr'><strong>omnino</strong></span> <span class='ocrx_word' id='word_1_447' title='bbox 1493 3394 1638 3447; x_wconf 90' lang='lat' dir='ltr'><strong>enim</strong></span> <span class='ocrx_word' id='word_1_448' title='bbox 1668 3398 1769 3449; x_wconf 87' lang='lat' dir='ltr'><strong>nu-</strong></span> 
     </span>
    </p>
   </div>
   <div class='ocr_carea' id='block_1_60' title="bbox 156 3463 1772 3534">
    <p class='ocr_par' dir='ltr' id='par_1_60' title="bbox 156 3463 1772 3534">
     <span class='ocr_line' id='line_1_60' title="bbox 156 3463 1772 3534; baseline -0.001 -12"><span class='ocrx_word' id='word_1_449' title='bbox 156 3480 345 3522; x_wconf 88' lang='lat' dir='ltr'><strong>meros</strong></span> <span class='ocrx_word' id='word_1_450' title='bbox 370 3465 577 3520; x_wconf 88' lang='lat' dir='ltr'><strong>sciebat</strong></span> <span class='ocrx_word' id='word_1_451' title='bbox 601 3463 958 3534; x_wconf 84' lang='lat' dir='ltr'><strong>Pythagoras,</strong></span> <span class='ocrx_word' id='word_1_452' title='bbox 978 3463 1070 3518; x_wconf 90' lang='lat' dir='ltr'><strong>sed</strong></span> <span class='ocrx_word' id='word_1_453' title='bbox 1092 3479 1197 3518; x_wconf 91' lang='lat' dir='ltr'><strong>non</strong></span> <span class='ocrx_word' id='word_1_454' title='bbox 1217 3466 1439 3519; x_wconf 82' lang='lat' dir='ltr'><strong>numeris</strong></span> <span class='ocrx_word' id='word_1_455' title='bbox 1458 3465 1599 3519; x_wconf 73' lang='lat' dir='ltr'><strong>exire</strong></span> <span class='ocrx_word' id='word_1_456' title='bbox 1621 3482 1772 3521; x_wconf 89' lang='lat' dir='ltr'><strong>mun-</strong></span> 
     </span>
    </p>
   </div>
   <div class='ocr_carea' id='block_1_61' title="bbox 157 3534 1771 3594">
    <p class='ocr_par' dir='ltr' id='par_1_61' title="bbox 157 3534 1771 3594">
     <span class='ocr_line' id='line_1_61' title="bbox 157 3534 1771 3594; baseline -0.001 -1"><span class='ocrx_word' id='word_1_457' title='bbox 157 3539 301 3593; x_wconf 85' lang='lat' dir='ltr'><strong>dum.</strong></span> <span class='ocrx_word' id='word_1_458' title='bbox 335 3536 580 3591; x_wconf 85' lang='lat' dir='ltr'><strong>Herald.:</strong></span> <span class='ocrx_word' id='word_1_459' title='bbox 610 3552 850 3590; x_wconf 85' lang='lat' dir='ltr'><strong>numeros</strong></span> <span class='ocrx_word' id='word_1_460' title='bbox 871 3537 1026 3590; x_wconf 87' lang='lat' dir='ltr'><strong>coire.</strong></span> <span class='ocrx_word' id='word_1_461' title='bbox 1057 3534 1323 3590; x_wconf 80' lang='lat' dir='ltr'><strong>Meursius</strong></span> <span class='ocrx_word' id='word_1_462' title='bbox 1347 3554 1362 3590; x_wconf 89' lang='lat'><strong>:</strong></span> <span class='ocrx_word' id='word_1_463' title='bbox 1390 3553 1630 3591; x_wconf 84' lang='lat' dir='ltr'><strong>numeros</strong></span> <span class='ocrx_word' id='word_1_464' title='bbox 1650 3539 1771 3594; x_wconf 84' lang='lat' dir='ltr'><strong>scit-</strong></span> 
     </span>
    </p>
   </div>
   <div class='ocr_carea' id='block_1_62' title="bbox 156 3607 1769 3678">
    <p class='ocr_par' dir='ltr' id='par_1_62' title="bbox 156 3607 1769 3678">
     <span class='ocr_line' id='line_1_62' title="bbox 156 3607 1769 3678; baseline -0.001 -13"><span class='ocrx_word' id='word_1_465' title='bbox 156 3610 254 3665; x_wconf 79' lang='lat' dir='ltr'><strong>ae?</strong></span> <span class='ocrx_word' id='word_1_466' title='bbox 302 3608 407 3665; x_wconf 78' lang='lat' dir='ltr'><strong>Ed.</strong></span> <span class='ocrx_word' id='word_1_467' title='bbox 455 3607 624 3678; x_wconf 82' lang='lat' dir='ltr'><strong>Lugd.</strong></span> <span class='ocrx_word' id='word_1_468' title='bbox 673 3607 812 3663; x_wconf 86' lang='lat' dir='ltr'><strong>Bat.:</strong></span> <span class='ocrx_word' id='word_1_469' title='bbox 858 3622 1099 3661; x_wconf 82' lang='lat' dir='ltr'><strong>numeros</strong></span> <span class='ocrx_word' id='word_1_470' title='bbox 1138 3607 1230 3662; x_wconf 87' lang='lat' dir='ltr'><strong>ire.</strong></span> <span class='ocrx_word' id='word_1_471' title='bbox 1261 3607 1367 3664; x_wconf 91' lang='lat' dir='ltr'><strong>Sed</strong></span> <span class='ocrx_word' id='word_1_472' title='bbox 1397 3608 1553 3663; x_wconf 92' lang='lat' dir='ltr'><strong>unice</strong></span> <span class='ocrx_word' id='word_1_473' title='bbox 1582 3624 1769 3665; x_wconf 82' lang='lat' dir='ltr'><strong>verum</strong></span> 
     </span>
    </p>
   </div>
   <div class='ocr_carea' id='block_1_63' title="bbox 156 3678 1044 3737">
    <p class='ocr_par' dir='ltr' id='par_1_63' title="bbox 156 3678 1044 3737">
     <span class='ocr_line' id='line_1_63' title="bbox 156 3678 1044 3737; baseline -0.006 0"><span class='ocrx_word' id='word_1_474' title='bbox 156 3696 376 3737; x_wconf 82' lang='lat' dir='ltr'><strong>numero</strong></span> <span class='ocrx_word' id='word_1_475' title='bbox 405 3679 553 3735; x_wconf 71' lang='lat' dir='ltr'><strong>exire</strong></span> <span class='ocrx_word' id='word_1_476' title='bbox 567 3680 685 3736; x_wconf 86' lang='lat' dir='ltr'><strong>scil.</strong></span> <span class='ocrx_word' id='word_1_477' title='bbox 710 3694 812 3733; x_wconf 87' lang='lat' dir='ltr'><strong>res.</strong></span> <span class='ocrx_word' id='word_1_478' title='bbox 841 3678 1044 3735; x_wconf 73' lang='lat' dir='ltr'><strong>Olli-21.1..</strong></span> 
     </span>
    </p>
   </div>
   <div class='ocr_carea' id='block_1_64' title="bbox 226 3750 1762 3823">
    <p class='ocr_par' dir='ltr' id='par_1_64' title="bbox 226 3750 1762 3823">
     <span class='ocr_line' id='line_1_64' title="bbox 226 3750 1762 3823; baseline 0 -16"><span class='ocrx_word' id='word_1_479' title='bbox 226 3753 436 3807; x_wconf 82' lang='lat' dir='ltr'><strong>Nostra</strong></span> <span class='ocrx_word' id='word_1_480' title='bbox 485 3757 539 3805; x_wconf 88' lang='lat' dir='ltr'><strong>in</strong></span> <span class='ocrx_word' id='word_1_481' title='bbox 588 3750 897 3807; x_wconf 77' lang='lat' dir='ltr'><strong>credulitate</strong></span> <span class='ocrx_word' id='word_1_482' title='bbox 945 3767 1280 3806; x_wconf 76' lang='lat' dir='ltr'><strong>communem.</strong></span> <span class='ocrx_word' id='word_1_483' title='bbox 1322 3750 1603 3823; x_wconf 83' lang='lat' dir='ltr'><strong>Stewech.</strong></span> <span class='ocrx_word' id='word_1_484' title='bbox 1659 3752 1762 3823; x_wconf 87' lang='lat' dir='ltr'><strong>leg.</strong></span> 
     </span>
    </p>
   </div>
   <div class='ocr_carea' id='block_1_65' title="bbox 155 3822 1768 3890">
    <p class='ocr_par' dir='ltr' id='par_1_65' title="bbox 155 3822 1768 3890">
     <span class='ocr_line' id='line_1_65' title="bbox 155 3822 1768 3890; baseline -0.002 -8"><span class='ocrx_word' id='word_1_485' title='bbox 155 3835 383 3889; x_wconf 84' lang='lat' dir='ltr'><strong>censet;</strong></span> <span class='ocrx_word' id='word_1_486' title='bbox 415 3834 592 3877; x_wconf 80' lang='lat' dir='ltr'><strong>nostra</strong></span> <span class='ocrx_word' id='word_1_487' title='bbox 617 3839 732 3876; x_wconf 85' lang='lat' dir='ltr'><strong>cum</strong></span> <span class='ocrx_word' id='word_1_488' title='bbox 762 3823 1083 3877; x_wconf 75' lang='lat' dir='ltr'><strong>credulitate.</strong></span> <span class='ocrx_word' id='word_1_489' title='bbox 1113 3824 1217 3878; x_wconf 85' lang='lat' dir='ltr'><strong>Sed</strong></span> <span class='ocrx_word' id='word_1_490' title='bbox 1249 3822 1406 3879; x_wconf 87' lang='lat' dir='ltr'><strong>valdc</strong></span> <span class='ocrx_word' id='word_1_491' title='bbox 1441 3823 1611 3890; x_wconf 87' lang='lat' dir='ltr'><strong>placet</strong></span> <span class='ocrx_word' id='word_1_492' title='bbox 1639 3822 1768 3879; x_wconf 76' lang='lat' dir='ltr'><strong>con-</strong></span> 
     </span>
    </p>
   </div>
   <div class='ocr_carea' id='block_1_66' title="bbox 151 3892 1767 3967">
    <p class='ocr_par' dir='ltr' id='par_1_66' title="bbox 151 3892 1767 3967">
     <span class='ocr_line' id='line_1_66' title="bbox 151 3892 1767 3967; baseline -0.002 -13"><span class='ocrx_word' id='word_1_493' title='bbox 151 3898 369 3967; x_wconf 83' lang='lat' dir='ltr'><strong>jecmra</strong></span> <span class='ocrx_word' id='word_1_494' title='bbox 416 3894 630 3967; x_wconf 82' lang='lat' dir='ltr'><strong>Hcraldi</strong></span> <span class='ocrx_word' id='word_1_495' title='bbox 674 3895 724 3948; x_wconf 91' lang='lat' dir='ltr'><strong>in</strong></span> <span class='ocrx_word' id='word_1_496' title='bbox 756 3892 912 3949; x_wconf 90' lang='lat' dir='ltr'><strong>Curis</strong></span> <span class='ocrx_word' id='word_1_497' title='bbox 954 3894 1207 3949; x_wconf 88' lang='lat' dir='ltr'><strong>secundis</strong></span> <span class='ocrx_word' id='word_1_498' title='bbox 1248 3894 1476 3961; x_wconf 79' lang='lat' dir='ltr'><strong>legentis</strong></span> <span class='ocrx_word' id='word_1_499' title='bbox 1507 3905 1671 3967; x_wconf 69' lang='lat' dir='ltr'><strong>vestra</strong></span> <span class='ocrx_word' id='word_1_500' title='bbox 1715 3897 1767 3951; x_wconf 86' lang='lat' dir='ltr'><strong>in</strong></span> 
     </span>
    </p>
   </div>
   <div class='ocr_carea' id='block_1_67' title="bbox 157 3965 1768 4032">
    <p class='ocr_par' dir='ltr' id='par_1_67' title="bbox 157 3965 1768 4032">
     <span class='ocr_line' id='line_1_67' title="bbox 157 3965 1768 4032; baseline 0 -8"><span class='ocrx_word' id='word_1_501' title='bbox 157 3965 495 4032; x_wconf 69' lang='lat' dir='ltr'><strong>credulitate,</strong></span> <span class='ocrx_word' id='word_1_502' title='bbox 532 3966 583 4021; x_wconf 89' lang='lat' dir='ltr'><strong>id</strong></span> <span class='ocrx_word' id='word_1_503' title='bbox 623 3977 707 4021; x_wconf 88' lang='lat' dir='ltr'><strong>est</strong></span> <span class='ocrx_word' id='word_1_504' title='bbox 736 3983 857 4020; x_wconf 85' lang='lat' dir='ltr'><strong>cum</strong></span> <span class='ocrx_word' id='word_1_505' title='bbox 904 3968 1081 4020; x_wconf 85' lang='lat' dir='ltr'><strong>omnia</strong></span> <span class='ocrx_word' id='word_1_506' title='bbox 1118 3967 1207 4021; x_wconf 91' lang='lat' dir='ltr'><strong>illa</strong></span> <span class='ocrx_word' id='word_1_507' title='bbox 1254 3966 1525 4032; x_wconf 85' lang='lat' dir='ltr'><strong>credatis,</strong></span> <span class='ocrx_word' id='word_1_508' title='bbox 1558 3965 1768 4023; x_wconf 87' lang='lat' dir='ltr'><strong>habetis</strong></span> 
     </span>
    </p>
   </div>
   <div class='ocr_carea' id='block_1_68' title="bbox 156 4038 1261 4096">
    <p class='ocr_par' dir='ltr' id='par_1_68' title="bbox 156 4038 1261 4096">
     <span class='ocr_line' id='line_1_68' title="bbox 156 4038 1261 4096; baseline -0.005 0"><span class='ocrx_word' id='word_1_509' title='bbox 156 4040 319 4096; x_wconf 83' lang='lat' dir='ltr'><strong>ﬁdem</strong></span> <span class='ocrx_word' id='word_1_510' title='bbox 353 4053 699 4095; x_wconf 89' lang='lat' dir='ltr'><strong>communem</strong></span> <span class='ocrx_word' id='word_1_511' title='bbox 732 4038 1012 4092; x_wconf 70' lang='lat' dir='ltr'><strong>nobiscum</strong></span> <span class='ocrx_word' id='word_1_512' title='bbox 1058 4038 1261 4094; x_wconf 73' lang='grc' dir='ltr'>Οιιειι..</span> 
     </span>
    </p>
   </div>
   <div class='ocr_carea' id='block_1_69' title="bbox 224 4109 1761 4181">
    <p class='ocr_par' dir='ltr' id='par_1_69' title="bbox 224 4109 1761 4181">
     <span class='ocr_line' id='line_1_69' title="bbox 224 4109 1761 4181; baseline -0.001 -14"><span class='ocrx_word' id='word_1_513' title='bbox 224 4111 325 4168; x_wconf 76' lang='lat' dir='ltr'><strong>XI.</strong></span> <span class='ocrx_word' id='word_1_514' title='bbox 354 4111 552 4166; x_wconf 84' lang='lat' dir='ltr'><strong>-—Sed</strong></span> <span class='ocrx_word' id='word_1_515' title='bbox 597 4110 818 4181; x_wconf 66' lang='lat' dir='ltr'><strong>oﬂiciant</strong></span> <span class='ocrx_word' id='word_1_516' title='bbox 868 4109 975 4164; x_wconf 69' lang='lat' dir='ltr'><strong>ha’c</strong></span> <span class='ocrx_word' id='word_1_517' title='bbox 1018 4111 1150 4164; x_wconf 88' lang='lat' dir='ltr'><strong>nihil</strong></span> <span class='ocrx_word' id='word_1_518' title='bbox 1186 4110 1414 4179; x_wconf 79' lang='lat' dir='ltr'><strong>nihilque</strong></span> <span class='ocrx_word' id='word_1_519' title='bbox 1460 4111 1761 4181; x_wconf 82' lang='lat' dir='ltr'><strong>impediant.</strong></span> 
     </span>
    </p>
   </div>
   <div class='ocr_carea' id='block_1_70' title="bbox 156 4181 1766 4239">
    <p class='ocr_par' dir='ltr' id='par_1_70' title="bbox 156 4181 1766 4239">
     <span class='ocr_line' id='line_1_70' title="bbox 156 4181 1766 4239; baseline -0.001 0"><span class='ocrx_word' id='word_1_520' title='bbox 156 4182 284 4239; x_wconf 69' lang='lat' dir='ltr'><strong>Ha&#39;c</strong></span> <span class='ocrx_word' id='word_1_521' title='bbox 341 4191 427 4238; x_wconf 87' lang='lat' dir='ltr'><strong>est</strong></span> <span class='ocrx_word' id='word_1_522' title='bbox 470 4182 780 4236; x_wconf 79' lang='lat' dir='ltr'><strong>emendatio</strong></span> <span class='ocrx_word' id='word_1_523' title='bbox 834 4182 1114 4235; x_wconf 78' lang='lat' dir='ltr'><strong>verissima</strong></span> <span class='ocrx_word' id='word_1_524' title='bbox 1170 4181 1258 4237; x_wconf 83' lang='lat' dir='ltr'><strong>Jo.</strong></span> <span class='ocrx_word' id='word_1_525' title='bbox 1302 4181 1518 4235; x_wconf 84' lang='lat' dir='ltr'><strong>Metttsii</strong></span> <span class='ocrx_word' id='word_1_526' title='bbox 1574 4186 1766 4237; x_wconf 84' lang='lat' dir='ltr'><strong>merito</strong></span> 
     </span>
    </p>
   </div>
   <div class='ocr_carea' id='block_1_71' title="bbox 155 4252 1764 4319">
    <p class='ocr_par' dir='ltr' id='par_1_71' title="bbox 155 4252 1764 4319">
     <span class='ocr_line' id='line_1_71' title="bbox 155 4252 1764 4319; baseline 0 -10"><span class='ocrx_word' id='word_1_527' title='bbox 155 4256 223 4311; x_wconf 90' lang='lat' dir='ltr'><strong>ab</strong></span> <span class='ocrx_word' id='word_1_528' title='bbox 265 4254 485 4311; x_wconf 87' lang='lat' dir='ltr'><strong>editore</strong></span> <span class='ocrx_word' id='word_1_529' title='bbox 516 4253 683 4318; x_wconf 70' lang='lat' dir='ltr'><strong>Lugd.</strong></span> <span class='ocrx_word' id='word_1_530' title='bbox 741 4253 858 4307; x_wconf 71' lang='lat' dir='ltr'><strong>Bat.</strong></span> <span class='ocrx_word' id='word_1_531' title='bbox 921 4254 972 4306; x_wconf 91' lang='lat' dir='ltr'><strong>in</strong></span> <span class='ocrx_word' id='word_1_532' title='bbox 1035 4262 1240 4309; x_wconf 71' lang='lat' dir='ltr'><strong>testum</strong></span> <span class='ocrx_word' id='word_1_533' title='bbox 1297 4263 1532 4319; x_wconf 82' lang='lat' dir='ltr'><strong>recepta.</strong></span> <span class='ocrx_word' id='word_1_534' title='bbox 1582 4252 1764 4310; x_wconf 85' lang='lat' dir='ltr'><strong>Codex</strong></span> 
     </span>
    </p>
   </div>
   <div class='ocr_carea' id='block_1_72' title="bbox 156 4325 1766 4396">
    <p class='ocr_par' dir='ltr' id='par_1_72' title="bbox 156 4325 1766 4396">
     <span class='ocr_line' id='line_1_72' title="bbox 156 4325 1766 4396; baseline -0.001 -14"><span class='ocrx_word' id='word_1_535' title='bbox 156 4342 256 4382; x_wconf 88' lang='lat' dir='ltr'><strong>ms.</strong></span> <span class='ocrx_word' id='word_1_536' title='bbox 284 4326 450 4382; x_wconf 85' lang='lat' dir='ltr'><strong>habet</strong></span> <span class='ocrx_word' id='word_1_537' title='bbox 476 4343 490 4380; x_wconf 91' lang='lat'><strong>:</strong></span> <span class='ocrx_word' id='word_1_538' title='bbox 518 4325 623 4379; x_wconf 79' lang='lat' dir='ltr'><strong>Sed</strong></span> <span class='ocrx_word' id='word_1_539' title='bbox 645 4325 858 4396; x_wconf 74' lang='lat' dir='ltr'><strong>r/[iciant</strong></span> <span class='ocrx_word' id='word_1_540' title='bbox 876 4325 983 4396; x_wconf 52' lang='lat' dir='ltr'><strong>haec</strong></span> <span class='ocrx_word' id='word_1_541' title='bbox 1007 4326 1233 4394; x_wconf 84' lang='lat' dir='ltr'><strong>nihilque</strong></span> <span class='ocrx_word' id='word_1_542' title='bbox 1252 4325 1551 4393; x_wconf 81' lang='lat' dir='ltr'><strong>impediant,</strong></span> <span class='ocrx_word' id='word_1_543' title='bbox 1575 4327 1766 4381; x_wconf 84' lang='lat' dir='ltr'><strong>vitiose</strong></span> 
     </span>
    </p>
   </div>
   <div class='ocr_carea' id='block_1_73' title="bbox 155 4395 1763 4468">
    <p class='ocr_par' dir='ltr' id='par_1_73' title="bbox 155 4395 1763 4468">
     <span class='ocr_line' id='line_1_73' title="bbox 155 4395 1763 4468; baseline -0.001 -15"><span class='ocrx_word' id='word_1_544' title='bbox 155 4407 209 4454; x_wconf 89' lang='lat' dir='ltr'><strong>ct</strong></span> <span class='ocrx_word' id='word_1_545' title='bbox 235 4402 362 4455; x_wconf 85' lang='lat' dir='ltr'><strong>sine</strong></span> <span class='ocrx_word' id='word_1_546' title='bbox 391 4400 578 4452; x_wconf 76' lang='lat' dir='ltr'><strong>sensu’.</strong></span> <span class='ocrx_word' id='word_1_547' title='bbox 608 4395 865 4453; x_wconf 77' lang='lat' dir='ltr'><strong>Gelenius</strong></span> <span class='ocrx_word' id='word_1_548' title='bbox 892 4395 1059 4451; x_wconf 89' lang='lat' dir='ltr'><strong>edidit</strong></span> <span class='ocrx_word' id='word_1_549' title='bbox 1084 4414 1097 4450; x_wconf 90' lang='lat'><strong>:</strong></span> <span class='ocrx_word' id='word_1_550' title='bbox 1129 4397 1237 4452; x_wconf 59' lang='lat' dir='ltr'><strong>Sed</strong></span> <span class='ocrx_word' id='word_1_551' title='bbox 1260 4401 1516 4468; x_wconf 77' lang='lat' dir='ltr'><strong>facessaut</strong></span> <span class='ocrx_word' id='word_1_552' title='bbox 1538 4398 1647 4451; x_wconf 76' lang='lat' dir='ltr'><strong>[nec</strong></span> <span class='ocrx_word' id='word_1_553' title='bbox 1681 4399 1763 4451; x_wconf 85' lang='lat' dir='ltr'><strong>ni-</strong></span> 
     </span>
    </p>
   </div>
   <div class='ocr_carea' id='block_1_74' title="bbox 157 4468 1767 4540">
    <p class='ocr_par' dir='ltr' id='par_1_74' title="bbox 157 4468 1767 4540">
     <span class='ocr_line' id='line_1_74' title="bbox 157 4468 1767 4540; baseline 0 -17"><span class='ocrx_word' id='word_1_554' title='bbox 157 4470 336 4537; x_wconf 75' lang='lat' dir='ltr'><strong>hilque</strong></span> <span class='ocrx_word' id='word_1_555' title='bbox 353 4469 657 4540; x_wconf 77' lang='lat' dir='ltr'><strong>impediant.</strong></span> <span class='ocrx_word' id='word_1_556' title='bbox 680 4468 943 4523; x_wconf 82' lang='lat' dir='ltr'><strong>Ilct&#39;aldns</strong></span> <span class='ocrx_word' id='word_1_557' title='bbox 970 4473 1113 4527; x_wconf 81' lang='lat' dir='ltr'><strong>etuti.</strong></span> <span class='ocrx_word' id='word_1_558' title='bbox 1145 4486 1159 4523; x_wconf 93' lang='lat'><strong>:</strong></span> <span class='ocrx_word' id='word_1_559' title='bbox 1185 4468 1290 4524; x_wconf 78' lang='lat' dir='ltr'><strong>Sed</strong></span> <span class='ocrx_word' id='word_1_560' title='bbox 1312 4469 1527 4538; x_wconf 71' lang='lat' dir='ltr'><strong>efficiant</strong></span> <span class='ocrx_word' id='word_1_561' title='bbox 1555 4471 1662 4523; x_wconf 81' lang='lat' dir='ltr'><strong>ha’c</strong></span> <span class='ocrx_word' id='word_1_562' title='bbox 1689 4471 1767 4523; x_wconf 85' lang='lat' dir='ltr'><strong>ni-</strong></span> 
     </span>
    </p>
   </div>
   <div class='ocr_carea' id='block_1_75' title="bbox 1879 3178 3475 3252">
    <p class='ocr_par' dir='ltr' id='par_1_75' title="bbox 1879 3178 3475 3252">
     <span class='ocr_line' id='line_1_75' title="bbox 1879 3178 3475 3252; baseline 0.003 -20"><span class='ocrx_word' id='word_1_563' title='bbox 1879 3178 2362 3252; x_wconf 12' lang='lat' dir='ltr'><strong>minitiApuleius.</strong></span> <span class='ocrx_word' id='word_1_564' title='bbox 2406 3178 2476 3252; x_wconf 83' lang='lat' dir='ltr'><strong>de</strong></span> <span class='ocrx_word' id='word_1_565' title='bbox 2522 3180 2632 3235; x_wconf 90' lang='lat' dir='ltr'><strong>Deo</strong></span> <span class='ocrx_word' id='word_1_566' title='bbox 2669 3179 2928 3236; x_wconf 90' lang='lat' dir='ltr'><strong>Socratis.</strong></span> <span class='ocrx_word' id='word_1_567' title='bbox 2964 3178 3265 3243; x_wconf 68' lang='lat' dir='ltr'><strong>Meursius,</strong></span> <span class='ocrx_word' id='word_1_568' title='bbox 3296 3197 3349 3252; x_wconf 92' lang='lat' dir='ltr'><strong>p.</strong></span> <span class='ocrx_word' id='word_1_569' title='bbox 3379 3182 3475 3252; x_wconf 76' lang='lat'><strong>53,</strong></span> 
     </span>
    </p>
   </div>
   <div class='ocr_carea' id='block_1_76' title="bbox 1876 3250 3474 3322">
    <p class='ocr_par' dir='ltr' id='par_1_76' title="bbox 1876 3250 3474 3322">
     <span class='ocr_line' id='line_1_76' title="bbox 1876 3250 3474 3322; baseline 0.002 -17"><span class='ocrx_word' id='word_1_570' title='bbox 1876 3251 2161 3320; x_wconf 73' lang='lat' dir='ltr'><strong>legendum</strong></span> <span class='ocrx_word' id='word_1_571' title='bbox 2190 3259 2376 3306; x_wconf 90' lang='lat' dir='ltr'><strong>censet</strong></span> <span class='ocrx_word' id='word_1_572' title='bbox 2406 3250 2639 3306; x_wconf 84' lang='lat' dir='ltr'><strong>Stratoni</strong></span> <span class='ocrx_word' id='word_1_573' title='bbox 2666 3253 2842 3307; x_wconf 87' lang='lat' dir='ltr'><strong>citans</strong></span> <span class='ocrx_word' id='word_1_574' title='bbox 2874 3254 3230 3322; x_wconf 79' lang='lat' dir='ltr'><strong>Augustinum</strong></span> <span class='ocrx_word' id='word_1_575' title='bbox 3257 3250 3325 3309; x_wconf 80' lang='lat' dir='ltr'><strong>de</strong></span> <span class='ocrx_word' id='word_1_576' title='bbox 3359 3251 3474 3309; x_wconf 90' lang='lat' dir='ltr'><strong>Civ.</strong></span> 
     </span>
    </p>
   </div>
   <div class='ocr_carea' id='block_1_77' title="bbox 1877 3322 3476 3394">
    <p class='ocr_par' dir='ltr' id='par_1_77' title="bbox 1877 3322 3476 3394">
     <span class='ocr_line' id='line_1_77' title="bbox 1877 3322 3476 3394; baseline 0.001 -16"><span class='ocrx_word' id='word_1_577' title='bbox 1877 3322 1993 3389; x_wconf 86' lang='lat' dir='ltr'><strong>Dei,</strong></span> <span class='ocrx_word' id='word_1_578' title='bbox 2022 3322 2118 3394; x_wconf 79' lang='lat' dir='ltr'><strong>lib.</strong></span> <span class='ocrx_word' id='word_1_579' title='bbox 2148 3339 2218 3385; x_wconf 82' lang='lat' dir='ltr'><strong>vt,</strong></span> <span class='ocrx_word' id='word_1_580' title='bbox 2243 3337 2362 3394; x_wconf 76' lang='lat' dir='ltr'><strong>cap.</strong></span> <span class='ocrx_word' id='word_1_581' title='bbox 2392 3323 2487 3385; x_wconf 73' lang='lat'><strong>10;</strong></span> <span class='ocrx_word' id='word_1_582' title='bbox 2512 3322 2836 3390; x_wconf 81' lang='lat' dir='ltr'><strong>Scriverius,</strong></span> <span class='ocrx_word' id='word_1_583' title='bbox 2866 3325 3006 3394; x_wconf 91' lang='lat' dir='ltr'><strong>apud</strong></span> <span class='ocrx_word' id='word_1_584' title='bbox 3032 3327 3279 3381; x_wconf 80' lang='lat' dir='ltr'><strong>eumdem</strong></span> <span class='ocrx_word' id='word_1_585' title='bbox 3304 3324 3476 3381; x_wconf 81' lang='lat' dir='ltr'><strong>Meur-</strong></span> 
     </span>
    </p>
   </div>
   <div class='ocr_carea' id='block_1_78' title="bbox 1873 3392 3476 3467">
    <p class='ocr_par' dir='ltr' id='par_1_78' title="bbox 1873 3392 3476 3467">
     <span class='ocr_line' id='line_1_78' title="bbox 1873 3392 3476 3467; baseline 0.001 -19"><span class='ocrx_word' id='word_1_586' title='bbox 1873 3395 2010 3448; x_wconf 90' lang='lat' dir='ltr'><strong>sium</strong></span> <span class='ocrx_word' id='word_1_587' title='bbox 2040 3392 2270 3467; x_wconf 88' lang='lat' dir='ltr'><strong>Cratoui.</strong></span> <span class='ocrx_word' id='word_1_588' title='bbox 2305 3393 2598 3450; x_wconf 76' lang='lat' dir='ltr'><strong>Numenius</strong></span> <span class='ocrx_word' id='word_1_589' title='bbox 2626 3392 2979 3465; x_wconf 67' lang='lat' dir='ltr'><strong>Apameerisis</strong></span> <span class='ocrx_word' id='word_1_590' title='bbox 3010 3395 3198 3467; x_wconf 76' lang='lat' dir='ltr'><strong>Syrus,</strong></span> <span class='ocrx_word' id='word_1_591' title='bbox 3236 3396 3476 3463; x_wconf 79' lang='lat' dir='ltr'><strong>philoso-</strong></span> 
     </span>
    </p>
   </div>
   <div class='ocr_carea' id='block_1_79' title="bbox 1879 3466 3479 3538">
    <p class='ocr_par' dir='ltr' id='par_1_79' title="bbox 1879 3466 3479 3538">
     <span class='ocr_line' id='line_1_79' title="bbox 1879 3466 3479 3538; baseline 0.003 -19"><span class='ocrx_word' id='word_1_592' title='bbox 1879 3467 2018 3538; x_wconf 89' lang='lat' dir='ltr'><strong>phus</strong></span> <span class='ocrx_word' id='word_1_593' title='bbox 2049 3466 2351 3536; x_wconf 88' lang='lat' dir='ltr'><strong>platonicus</strong></span> <span class='ocrx_word' id='word_1_594' title='bbox 2376 3477 2428 3521; x_wconf 92' lang='lat' dir='ltr'><strong>ct</strong></span> <span class='ocrx_word' id='word_1_595' title='bbox 2457 3468 2860 3538; x_wconf 80' lang='lat' dir='ltr'><strong>pythagoricus,</strong></span> <span class='ocrx_word' id='word_1_596' title='bbox 2884 3466 3059 3523; x_wconf 88' lang='lat' dir='ltr'><strong>variis</strong></span> <span class='ocrx_word' id='word_1_597' title='bbox 3078 3468 3294 3535; x_wconf 87' lang='lat' dir='ltr'><strong>scriptis</strong></span> <span class='ocrx_word' id='word_1_598' title='bbox 3325 3469 3479 3523; x_wconf 85' lang='lat' dir='ltr'><strong>nobi-</strong></span> 
     </span>
    </p>
   </div>
   <div class='ocr_carea' id='block_1_80' title="bbox 1874 3484 3529 3610">
    <p class='ocr_par' dir='ltr' id='par_1_80' title="bbox 1874 3484 3529 3610">
     <span class='ocr_line' id='line_1_80' title="bbox 1879 3484 3479 3538; baseline 0.003 -19"><span class='ocrx_word' id='word_1_599' title='bbox 1879 3484 2018 3534; x_wconf 87' lang='lat' dir='ltr'><strong>pnus</strong></span> <span class='ocrx_word' id='word_1_600' title='bbox 2049 3484 2351 3536; x_wconf 88' lang='lat' dir='ltr'><strong>ptatomcus</strong></span> <span class='ocrx_word' id='word_1_601' title='bbox 2376 3484 2428 3521; x_wconf 91' lang='lat' dir='ltr'><strong>ct</strong></span> <span class='ocrx_word' id='word_1_602' title='bbox 2457 3484 2493 3538; x_wconf 91' lang='lat' dir='ltr'><strong>p</strong></span> <span class='ocrx_word' id='word_1_603' title='bbox 2516 3484 2860 3538; x_wconf 72' lang='lat' dir='ltr'><strong>&#39;tnagnrtcus,</strong></span> <span class='ocrx_word' id='word_1_604' title='bbox 2884 3484 3049 3523; x_wconf 87' lang='lat' dir='ltr'><strong>varns</strong></span> <span class='ocrx_word' id='word_1_605' title='bbox 3078 3484 3294 3535; x_wconf 83' lang='lat' dir='ltr'><strong>SCl‘lpllS</strong></span> <span class='ocrx_word' id='word_1_606' title='bbox 3325 3484 3479 3523; x_wconf 85' lang='lat' dir='ltr'><strong>nont-</strong></span> 
     </span>
     <span class='ocr_line' id='line_1_81' title="bbox 1874 3484 3529 3610; baseline 0.002 -19"><span class='ocrx_word' id='word_1_607' title='bbox 1874 3537 2077 3605; x_wconf 79' lang='lat' dir='ltr'><strong>litatus,</strong></span> <span class='ocrx_word' id='word_1_608' title='bbox 2112 3553 2176 3610; x_wconf 85' lang='lat' dir='ltr'><strong>ex</strong></span> <span class='ocrx_word' id='word_1_609' title='bbox 2216 3539 2413 3610; x_wconf 74' lang='lat' dir='ltr'><strong>quibus</strong></span> <span class='ocrx_word' id='word_1_610' title='bbox 2455 3484 2606 3607; x_wconf 49' lang='lat' dir='ltr'><strong>plura</strong></span> <span class='ocrx_word' id='word_1_611' title='bbox 2639 3541 2937 3610; x_wconf 77' lang='lat' dir='ltr'><strong>fragmenta</strong></span> <span class='ocrx_word' id='word_1_612' title='bbox 2966 3538 3338 3608; x_wconf 70' lang='lat' dir='ltr'><strong>csstantapud</strong></span> <span class='ocrx_word' id='word_1_613' title='bbox 3371 3538 3480 3594; x_wconf 86' lang='lat' dir='ltr'><strong>Eu-</strong></span> <span class='ocrx_word' id='word_1_614' title='bbox 3523 3535 3529 3542; x_wconf 85' lang='grc'><strong>’</strong></span> 
     </span>
    </p>
   </div>
   <div class='ocr_carea' id='block_1_81' title="bbox 1871 3608 3472 3681">
    <p class='ocr_par' dir='ltr' id='par_1_81' title="bbox 1871 3608 3472 3681">
     <span class='ocr_line' id='line_1_82' title="bbox 1871 3608 3472 3681; baseline 0.002 -18"><span class='ocrx_word' id='word_1_615' title='bbox 1871 3609 2194 3681; x_wconf 14' lang='grc' dir='ltr'>ξβίιιὶιιιιιίάθ</span> <span class='ocrx_word' id='word_1_616' title='bbox 2235 3608 2631 3681; x_wconf 65' lang='lat' dir='ltr'><strong>Prrrparatione</strong></span> <span class='ocrx_word' id='word_1_617' title='bbox 2658 3608 2991 3681; x_wconf 78' lang='lat' dir='ltr'><strong>evangelica,</strong></span> <span class='ocrx_word' id='word_1_618' title='bbox 3034 3610 3128 3665; x_wconf 92' lang='lat' dir='ltr'><strong>lib.</strong></span> <span class='ocrx_word' id='word_1_619' title='bbox 3162 3625 3213 3681; x_wconf 59' lang='lat' dir='ltr'><strong>xi</strong></span> <span class='ocrx_word' id='word_1_620' title='bbox 3256 3620 3311 3665; x_wconf 90' lang='lat' dir='ltr'><strong>et</strong></span> <span class='ocrx_word' id='word_1_621' title='bbox 3356 3627 3472 3666; x_wconf 74' lang='grc' dir='ltr'>χιιι.</span> 
     </span>
    </p>
   </div>
   <div class='ocr_carea' id='block_1_82' title="bbox 1871 3678 3366 3753">
    <p class='ocr_par' dir='ltr' id='par_1_82' title="bbox 1871 3678 3366 3753">
     <span class='ocr_line' id='line_1_83' title="bbox 1871 3678 3366 3753; baseline 0.001 -18"><span class='ocrx_word' id='word_1_622' title='bbox 1871 3678 1953 3735; x_wconf 90' lang='lat' dir='ltr'><strong>Cf.</strong></span> <span class='ocrx_word' id='word_1_623' title='bbox 1984 3680 2202 3753; x_wconf 87' lang='lat' dir='ltr'><strong>Suidas,</strong></span> <span class='ocrx_word' id='word_1_624' title='bbox 2228 3687 2282 3734; x_wconf 91' lang='lat' dir='ltr'><strong>et</strong></span> <span class='ocrx_word' id='word_1_625' title='bbox 2313 3678 2545 3753; x_wconf 82' lang='lat' dir='ltr'><strong>llesych.</strong></span> <span class='ocrx_word' id='word_1_626' title='bbox 2569 3681 2737 3737; x_wconf 84' lang='lat' dir='ltr'><strong>Miles.</strong></span> <span class='ocrx_word' id='word_1_627' title='bbox 2770 3678 2823 3736; x_wconf 81' lang='lat' dir='ltr'><strong>in</strong></span> <span class='ocrx_word' id='word_1_628' title='bbox 2855 3682 2971 3753; x_wconf 80' lang='lat' dir='ltr'><strong>ejus</strong></span> <span class='ocrx_word' id='word_1_629' title='bbox 2998 3683 3127 3753; x_wconf 87' lang='lat' dir='ltr'><strong>vita.</strong></span> <span class='ocrx_word' id='word_1_630' title='bbox 3159 3680 3366 3738; x_wconf 79' lang='lat' dir='ltr'><strong>ORELL.</strong></span> 
     </span>
    </p>
   </div>
   <div class='ocr_carea' id='block_1_83' title="bbox 1949 3752 3475 3824">
    <p class='ocr_par' dir='ltr' id='par_1_83' title="bbox 1949 3752 3475 3824">
     <span class='ocr_line' id='line_1_84' title="bbox 1949 3752 3475 3824; baseline 0.001 -18"><span class='ocrx_word' id='word_1_631' title='bbox 1949 3752 2015 3807; x_wconf 89' lang='lat' dir='ltr'><strong>Ut</strong></span> <span class='ocrx_word' id='word_1_632' title='bbox 2039 3769 2154 3805; x_wconf 87' lang='lat' dir='ltr'><strong>cum</strong></span> <span class='ocrx_word' id='word_1_633' title='bbox 2176 3752 2376 3824; x_wconf 75' lang='lat' dir='ltr'><strong>utrique</strong></span> <span class='ocrx_word' id='word_1_634' title='bbox 2402 3752 2693 3824; x_wconf 72' lang='lat' dir='ltr'><strong>auctoribus</strong></span> <span class='ocrx_word' id='word_1_635' title='bbox 2722 3752 2929 3807; x_wconf 81' lang='lat' dir='ltr'><strong>stemus.</strong></span> <span class='ocrx_word' id='word_1_636' title='bbox 2967 3752 3091 3808; x_wconf 60' lang='lat' dir='ltr'><strong>Haec</strong></span> <span class='ocrx_word' id='word_1_637' title='bbox 3117 3762 3199 3808; x_wconf 86' lang='lat' dir='ltr'><strong>est</strong></span> <span class='ocrx_word' id='word_1_638' title='bbox 3234 3754 3475 3824; x_wconf 79' lang='lat' dir='ltr'><strong>sagacis-</strong></span> 
     </span>
    </p>
   </div>
   <div class='ocr_carea' id='block_1_84' title="bbox 1872 3821 3477 3880">
    <p class='ocr_par' dir='ltr' id='par_1_84' title="bbox 1872 3821 3477 3880">
     <span class='ocr_line' id='line_1_85' title="bbox 1872 3821 3477 3880; baseline 0 -1"><span class='ocrx_word' id='word_1_639' title='bbox 1872 3822 2007 3879; x_wconf 88' lang='lat' dir='ltr'><strong>sima</strong></span> <span class='ocrx_word' id='word_1_640' title='bbox 2048 3823 2359 3879; x_wconf 85' lang='lat' dir='ltr'><strong>emendatio</strong></span> <span class='ocrx_word' id='word_1_641' title='bbox 2394 3821 2626 3879; x_wconf 76' lang='lat' dir='ltr'><strong>Gt‘lCltli.</strong></span> <span class='ocrx_word' id='word_1_642' title='bbox 2667 3824 2799 3880; x_wconf 85' lang='lat' dir='ltr'><strong>Cod.</strong></span> <span class='ocrx_word' id='word_1_643' title='bbox 2846 3839 2947 3878; x_wconf 89' lang='lat' dir='ltr'><strong>ms.</strong></span> <span class='ocrx_word' id='word_1_644' title='bbox 2993 3835 3047 3880; x_wconf 90' lang='lat' dir='ltr'><strong>et</strong></span> <span class='ocrx_word' id='word_1_645' title='bbox 3089 3824 3177 3880; x_wconf 90' lang='lat' dir='ltr'><strong>ed.</strong></span> <span class='ocrx_word' id='word_1_646' title='bbox 3208 3821 3344 3880; x_wconf 81' lang='lat' dir='ltr'><strong>rom.</strong></span> <span class='ocrx_word' id='word_1_647' title='bbox 3376 3843 3388 3879; x_wconf 89' lang='lat'><strong>:</strong></span> <span class='ocrx_word' id='word_1_648' title='bbox 3421 3836 3477 3879; x_wconf 89' lang='lat' dir='ltr'><strong>ut</strong></span> 
     </span>
    </p>
   </div>
   <div class='ocr_carea' id='block_1_85' title="bbox 1872 3895 3474 3967">
    <p class='ocr_par' dir='ltr' id='par_1_85' title="bbox 1872 3895 3474 3967">
     <span class='ocr_line' id='line_1_86' title="bbox 1872 3895 3474 3967; baseline 0.001 -17"><span class='ocrx_word' id='word_1_649' title='bbox 1872 3911 1988 3950; x_wconf 89' lang='lat' dir='ltr'><strong>cum</strong></span> <span class='ocrx_word' id='word_1_650' title='bbox 2013 3896 2237 3963; x_wconf 72' lang='lat' dir='ltr'><strong>utrisque</strong></span> <span class='ocrx_word' id='word_1_651' title='bbox 2266 3895 2561 3950; x_wconf 78' lang='lat' dir='ltr'><strong>auctoribus</strong></span> <span class='ocrx_word' id='word_1_652' title='bbox 2583 3906 2802 3967; x_wconf 84' lang='lat' dir='ltr'><strong>tempus,</strong></span> <span class='ocrx_word' id='word_1_653' title='bbox 2835 3896 3015 3967; x_wconf 86' lang='lat' dir='ltr'><strong>inepte</strong></span> <span class='ocrx_word' id='word_1_654' title='bbox 3040 3906 3093 3951; x_wconf 91' lang='lat' dir='ltr'><strong>et</strong></span> <span class='ocrx_word' id='word_1_655' title='bbox 3119 3896 3267 3951; x_wconf 89' lang='lat' dir='ltr'><strong>nullo</strong></span> <span class='ocrx_word' id='word_1_656' title='bbox 3287 3911 3474 3953; x_wconf 90' lang='lat' dir='ltr'><strong>sensu.</strong></span> 
     </span>
    </p>
   </div>
   <div class='ocr_carea' id='block_1_86' title="bbox 3052 3968 3257 4025">
    <p class='ocr_par' dir='ltr' id='par_1_86' title="bbox 3052 3968 3257 4025">
     <span class='ocr_line' id='line_1_87' title="bbox 3052 3968 3257 4025; baseline -0.02 0"><span class='ocrx_word' id='word_1_657' title='bbox 3052 3968 3257 4025; x_wconf 66' lang='grc' dir='ltr'>Οιιειι..</span> 
     </span>
    </p>
   </div>
   <div class='ocr_carea' id='block_1_87' title="bbox 1957 4038 3473 4112">
    <p class='ocr_par' dir='ltr' id='par_1_87' title="bbox 1957 4038 3473 4112">
     <span class='ocr_line' id='line_1_88' title="bbox 1957 4038 3473 4112; baseline 0.003 -20"><span class='ocrx_word' id='word_1_658' title='bbox 1957 4038 2106 4093; x_wconf 73' lang='lat' dir='ltr'><strong>Vobis</strong></span> <span class='ocrx_word' id='word_1_659' title='bbox 2133 4039 2297 4094; x_wconf 82' lang='lat' dir='ltr'><strong>velitis</strong></span> <span class='ocrx_word' id='word_1_660' title='bbox 2328 4038 2461 4105; x_wconf 88' lang='lat' dir='ltr'><strong>dari,</strong></span> <span class='ocrx_word' id='word_1_661' title='bbox 2493 4039 2630 4111; x_wconf 88' lang='lat' dir='ltr'><strong>quod</strong></span> <span class='ocrx_word' id='word_1_662' title='bbox 2655 4039 2815 4112; x_wconf 82' lang='lat' dir='ltr'><strong>itaab</strong></span> <span class='ocrx_word' id='word_1_663' title='bbox 2842 4041 2947 4095; x_wconf 80' lang='lat' dir='ltr'><strong>illis</strong></span> <span class='ocrx_word' id='word_1_664' title='bbox 2974 4040 3181 4105; x_wconf 78' lang='lat' dir='ltr'><strong>dicitur,</strong></span> <span class='ocrx_word' id='word_1_665' title='bbox 3215 4042 3473 4112; x_wconf 79' lang='lat' dir='ltr'><strong>accipere,</strong></span> 
     </span>
    </p>
   </div>
   <div class='ocr_carea' id='block_1_88' title="bbox 1871 4110 3477 4181">
    <p class='ocr_par' dir='ltr' id='par_1_88' title="bbox 1871 4110 3477 4181">
     <span class='ocr_line' id='line_1_89' title="bbox 1871 4110 3477 4181; baseline 0.001 -17"><span class='ocrx_word' id='word_1_666' title='bbox 1871 4126 1958 4164; x_wconf 78' lang='lat' dir='ltr'><strong>vos</strong></span> <span class='ocrx_word' id='word_1_667' title='bbox 1999 4128 2079 4175; x_wconf 83' lang='lat' dir='ltr'><strong>ea,</strong></span> <span class='ocrx_word' id='word_1_668' title='bbox 2122 4128 2236 4179; x_wconf 69' lang='lat' dir='ltr'><strong>qua!</strong></span> <span class='ocrx_word' id='word_1_669' title='bbox 2278 4110 2611 4181; x_wconf 75' lang='lat' dir='ltr'><strong>proferuntur</strong></span> <span class='ocrx_word' id='word_1_670' title='bbox 2639 4128 2669 4163; x_wconf 90' lang='lat' dir='ltr'><strong>a</strong></span> <span class='ocrx_word' id='word_1_671' title='bbox 2700 4110 2924 4176; x_wconf 80' lang='lat' dir='ltr'><strong>Christo,</strong></span> <span class='ocrx_word' id='word_1_672' title='bbox 2965 4113 3147 4165; x_wconf 85' lang='lat' dir='ltr'><strong>audire</strong></span> <span class='ocrx_word' id='word_1_673' title='bbox 3166 4124 3212 4164; x_wconf 86' lang='lat' dir='ltr'><strong>ct</strong></span> <span class='ocrx_word' id='word_1_674' title='bbox 3249 4110 3477 4181; x_wconf 83' lang='lat' dir='ltr'><strong>spectare</strong></span> 
     </span>
    </p>
   </div>
   <div class='ocr_carea' id='block_1_89' title="bbox 1873 4182 3475 4251">
    <p class='ocr_par' dir='ltr' id='par_1_89' title="bbox 1873 4182 3475 4251">
     <span class='ocr_line' id='line_1_90' title="bbox 1873 4182 3475 4251; baseline 0.002 -16"><span class='ocrx_word' id='word_1_675' title='bbox 1873 4183 2063 4236; x_wconf 81' lang='lat' dir='ltr'><strong>nolitis.</strong></span> <span class='ocrx_word' id='word_1_676' title='bbox 2094 4182 2343 4237; x_wconf 87' lang='lat' dir='ltr'><strong>Stcwech</strong></span> <span class='ocrx_word' id='word_1_677' title='bbox 2376 4185 2520 4251; x_wconf 89' lang='lat' dir='ltr'><strong>conj.</strong></span> <span class='ocrx_word' id='word_1_678' title='bbox 2549 4200 2562 4237; x_wconf 89' lang='lat'><strong>:</strong></span> <span class='ocrx_word' id='word_1_679' title='bbox 2590 4182 2742 4237; x_wconf 88' lang='lat' dir='ltr'><strong>vobis</strong></span> <span class='ocrx_word' id='word_1_680' title='bbox 2764 4182 2941 4238; x_wconf 87' lang='lat' dir='ltr'><strong>velitis</strong></span> <span class='ocrx_word' id='word_1_681' title='bbox 2961 4182 3098 4241; x_wconf 87' lang='lat' dir='ltr'><strong>dati,</strong></span> <span class='ocrx_word' id='word_1_682' title='bbox 3127 4182 3385 4251; x_wconf 84' lang='lat' dir='ltr'><strong>quidquid</strong></span> <span class='ocrx_word' id='word_1_683' title='bbox 3407 4184 3475 4238; x_wconf 87' lang='lat' dir='ltr'><strong>ab</strong></span> 
     </span>
    </p>
   </div>
   <div class='ocr_carea' id='block_1_90' title="bbox 1873 4252 3473 4325">
    <p class='ocr_par' dir='ltr' id='par_1_90' title="bbox 1873 4252 3473 4325">
     <span class='ocr_line' id='line_1_91' title="bbox 1873 4252 3473 4325; baseline 0.001 -18"><span class='ocrx_word' id='word_1_684' title='bbox 1873 4253 1981 4325; x_wconf 90' lang='lat' dir='ltr'><strong>illis</strong></span> <span class='ocrx_word' id='word_1_685' title='bbox 2032 4254 2263 4317; x_wconf 79' lang='lat' dir='ltr'><strong>dicatur,</strong></span> <span class='ocrx_word' id='word_1_686' title='bbox 2312 4255 2554 4322; x_wconf 89' lang='lat' dir='ltr'><strong>arripere</strong></span> <span class='ocrx_word' id='word_1_687' title='bbox 2602 4269 2698 4308; x_wconf 89' lang='lat' dir='ltr'><strong>nos</strong></span> <span class='ocrx_word' id='word_1_688' title='bbox 2742 4271 2839 4317; x_wconf 86' lang='lat' dir='ltr'><strong>ea;</strong></span> <span class='ocrx_word' id='word_1_689' title='bbox 2886 4268 3005 4325; x_wconf 67' lang='lat' dir='ltr'><strong>qua:</strong></span> <span class='ocrx_word' id='word_1_690' title='bbox 3047 4252 3396 4323; x_wconf 62' lang='lat' dir='ltr'><strong>proferuntur</strong></span> <span class='ocrx_word' id='word_1_691' title='bbox 3443 4270 3473 4308; x_wconf 90' lang='lat' dir='ltr'><strong>a</strong></span> 
     </span>
    </p>
   </div>
   <div class='ocr_carea' id='block_1_91' title="bbox 1869 4324 3475 4396">
    <p class='ocr_par' dir='ltr' id='par_1_91' title="bbox 1869 4324 3475 4396">
     <span class='ocr_line' id='line_1_92' title="bbox 1869 4324 3475 4396; baseline 0.002 -18"><span class='ocrx_word' id='word_1_692' title='bbox 1869 4324 2091 4380; x_wconf 86' lang='lat' dir='ltr'><strong>Christo</strong></span> <span class='ocrx_word' id='word_1_693' title='bbox 2116 4326 2303 4379; x_wconf 88' lang='lat' dir='ltr'><strong>audire</strong></span> <span class='ocrx_word' id='word_1_694' title='bbox 2334 4335 2382 4379; x_wconf 88' lang='lat' dir='ltr'><strong>et</strong></span> <span class='ocrx_word' id='word_1_695' title='bbox 2420 4336 2667 4396; x_wconf 86' lang='lat' dir='ltr'><strong>spectare</strong></span> <span class='ocrx_word' id='word_1_696' title='bbox 2698 4324 2913 4382; x_wconf 80' lang='lat' dir='ltr'><strong>nolitis.</strong></span> <span class='ocrx_word' id='word_1_697' title='bbox 2950 4325 3212 4389; x_wconf 77' lang='lat' dir='ltr'><strong>Equidem</strong></span> <span class='ocrx_word' id='word_1_698' title='bbox 3254 4326 3475 4395; x_wconf 82' lang='lat' dir='ltr'><strong>propius</strong></span> 
     </span>
    </p>
   </div>
   <div class='ocr_carea' id='block_1_92' title="bbox 1868 4396 3472 4466">
    <p class='ocr_par' dir='ltr' id='par_1_92' title="bbox 1868 4396 3472 4466">
     <span class='ocr_line' id='line_1_93' title="bbox 1868 4396 3472 4466; baseline 0.001 -16"><span class='ocrx_word' id='word_1_699' title='bbox 1868 4399 1934 4450; x_wconf 88' lang='lat' dir='ltr'><strong>ad</strong></span> <span class='ocrx_word' id='word_1_700' title='bbox 1970 4397 2131 4451; x_wconf 81' lang='lat' dir='ltr'><strong>verba</strong></span> <span class='ocrx_word' id='word_1_701' title='bbox 2152 4396 2374 4452; x_wconf 77' lang='lat' dir='ltr'><strong>Arnobii</strong></span> <span class='ocrx_word' id='word_1_702' title='bbox 2405 4396 2687 4466; x_wconf 82' lang='lat' dir='ltr'><strong>legendum</strong></span> <span class='ocrx_word' id='word_1_703' title='bbox 2704 4412 2903 4453; x_wconf 88' lang='lat' dir='ltr'><strong>censeo</strong></span> <span class='ocrx_word' id='word_1_704' title='bbox 2930 4415 2941 4452; x_wconf 92' lang='lat'>:</span> <span class='ocrx_word' id='word_1_705' title='bbox 2976 4396 3127 4451; x_wconf 78' lang='lat' dir='ltr'><strong>Vobis</strong></span> <span class='ocrx_word' id='word_1_706' title='bbox 3154 4398 3314 4451; x_wconf 83' lang='lat' dir='ltr'><strong>velitis</strong></span> <span class='ocrx_word' id='word_1_707' title='bbox 3335 4398 3472 4460; x_wconf 87' lang='lat' dir='ltr'><strong>dari.</strong></span> 
     </span>
    </p>
   </div>
   <div class='ocr_carea' id='block_1_93' title="bbox 1869 4468 3476 4540">
    <p class='ocr_par' dir='ltr' id='par_1_93' title="bbox 1869 4468 3476 4540">
     <span class='ocr_line' id='line_1_94' title="bbox 1869 4468 3476 4540; baseline 0.002 -19"><span class='ocrx_word' id='word_1_708' title='bbox 1869 4470 2009 4540; x_wconf 84' lang='lat' dir='ltr'><strong>quod</strong></span> <span class='ocrx_word' id='word_1_709' title='bbox 2037 4468 2100 4523; x_wconf 88' lang='lat' dir='ltr'><strong>ab</strong></span> <span class='ocrx_word' id='word_1_710' title='bbox 2129 4470 2233 4523; x_wconf 83' lang='lat' dir='ltr'><strong>illis</strong></span> <span class='ocrx_word' id='word_1_711' title='bbox 2262 4470 2483 4536; x_wconf 86' lang='lat' dir='ltr'><strong>dicatur,</strong></span> <span class='ocrx_word' id='word_1_712' title='bbox 2514 4471 2744 4538; x_wconf 85' lang='lat' dir='ltr'><strong>accipere</strong></span> <span class='ocrx_word' id='word_1_713' title='bbox 2775 4487 2889 4533; x_wconf 85' lang='lat' dir='ltr'><strong>nos;</strong></span> <span class='ocrx_word' id='word_1_714' title='bbox 2922 4486 2979 4540; x_wconf 81' lang='lat' dir='ltr'><strong>ea</strong></span> <span class='ocrx_word' id='word_1_715' title='bbox 3002 4483 3117 4539; x_wconf 72' lang='lat' dir='ltr'><strong>qua:</strong></span> <span class='ocrx_word' id='word_1_716' title='bbox 3144 4473 3476 4540; x_wconf 80' lang='lat' dir='ltr'><strong>proferuntur</strong></span> 
     </span>
    </p>
   </div>
   <div class='ocr_carea' id='block_1_94' title="bbox 157 4539 3477 4612">
    <p class='ocr_par' dir='ltr' id='par_1_94' title="bbox 157 4539 3477 4612">
     <span class='ocr_line' id='line_1_95' title="bbox 157 4539 3477 4612; baseline -0 -17"><span class='ocrx_word' id='word_1_717' title='bbox 157 4544 249 4605; x_wconf 81' lang='lat' dir='ltr'><strong>hil,</strong></span> <span class='ocrx_word' id='word_1_718' title='bbox 276 4541 511 4607; x_wconf 64' lang='lat' dir='ltr'><strong>nihilque</strong></span> <span class='ocrx_word' id='word_1_719' title='bbox 529 4542 814 4612; x_wconf 74' lang='lat' dir='ltr'><strong>itttpedimtl</strong></span> <span class='ocrx_word' id='word_1_720' title='bbox 837 4556 855 4593; x_wconf 86' lang='lat'><strong><em>:</em></strong></span> <span class='ocrx_word' id='word_1_721' title='bbox 877 4540 1007 4612; x_wconf 77' lang='lat' dir='ltr'><strong>nihil</strong></span> <span class='ocrx_word' id='word_1_722' title='bbox 1031 4540 1247 4611; x_wconf 69' lang='lat' dir='ltr'><strong>e/ﬁciattl</strong></span> <span class='ocrx_word' id='word_1_723' title='bbox 1271 4541 1546 4612; x_wconf 61' lang='lat' dir='ltr'><strong>explicans</strong></span> <span class='ocrx_word' id='word_1_724' title='bbox 1571 4542 1768 4596; x_wconf 80' lang='lat' dir='ltr'><strong>frustra</strong></span> <span class='ocrx_word' id='word_1_725' title='bbox 1798 4541 1851 4602; x_wconf 93' lang='lat' dir='ltr'><strong>D</strong></span> <span class='ocrx_word' id='word_1_726' title='bbox 1876 4539 1907 4595; x_wconf 76' lang='grc' dir='ltr'>η</span> <span class='ocrx_word' id='word_1_727' title='bbox 1939 4540 2163 4609; x_wconf 79' lang='lat' dir='ltr'><strong>Christo,</strong></span> <span class='ocrx_word' id='word_1_728' title='bbox 2200 4540 2381 4594; x_wconf 79' lang='lat' dir='ltr'><strong>audire</strong></span> <span class='ocrx_word' id='word_1_729' title='bbox 2402 4549 2449 4593; x_wconf 86' lang='lat' dir='ltr'><strong>et</strong></span> <span class='ocrx_word' id='word_1_730' title='bbox 2470 4551 2699 4610; x_wconf 82' lang='lat' dir='ltr'><strong>spectare</strong></span> <span class='ocrx_word' id='word_1_731' title='bbox 2714 4543 2907 4607; x_wconf 86' lang='lat' dir='ltr'><strong>nolitis,</strong></span> <span class='ocrx_word' id='word_1_732' title='bbox 2926 4539 3084 4595; x_wconf 90' lang='lat' dir='ltr'><strong>Certe</strong></span> <span class='ocrx_word' id='word_1_733' title='bbox 3109 4555 3160 4593; x_wconf 90' lang='lat' dir='ltr'><strong>v.</strong></span> <span class='ocrx_word' id='word_1_734' title='bbox 3178 4539 3251 4595; x_wconf 85' lang='lat' dir='ltr'><strong>ita</strong></span> <span class='ocrx_word' id='word_1_735' title='bbox 3276 4541 3477 4612; x_wconf 89' lang='lat' dir='ltr'><strong>impor-</strong></span> 
     </span>
    </p>
   </div>
   <div class='ocr_carea' id='block_1_95' title="bbox 157 4610 1764 4681">
    <p class='ocr_par' dir='ltr' id='par_1_95' title="bbox 157 4610 1764 4681">
     <span class='ocr_line' id='line_1_96' title="bbox 157 4610 1764 4681; baseline 0 -13"><span class='ocrx_word' id='word_1_736' title='bbox 157 4615 302 4678; x_wconf 88' lang='lat' dir='ltr'><strong>sint,</strong></span> <span class='ocrx_word' id='word_1_737' title='bbox 341 4614 536 4669; x_wconf 84' lang='lat' dir='ltr'><strong>elfectn</strong></span> <span class='ocrx_word' id='word_1_738' title='bbox 586 4610 809 4667; x_wconf 79' lang='lat' dir='ltr'><strong>careant</strong></span> <span class='ocrx_word' id='word_1_739' title='bbox 860 4610 1020 4680; x_wconf 86' lang='lat' dir='ltr'><strong>(Vide</strong></span> <span class='ocrx_word' id='word_1_740' title='bbox 1070 4610 1131 4665; x_wconf 72' lang='grc' dir='ltr'>ι).</span> <span class='ocrx_word' id='word_1_741' title='bbox 1183 4610 1394 4677; x_wconf 89' lang='lat' dir='ltr'><strong>Barth.,</strong></span> <span class='ocrx_word' id='word_1_742' title='bbox 1446 4611 1764 4681; x_wconf 78' lang='lat' dir='ltr'><strong>Atlvchur.,</strong></span> 
     </span>
    </p>
   </div>
   <div class='ocr_carea' id='block_1_96' title="bbox 156 4682 1764 4756">
    <p class='ocr_par' dir='ltr' id='par_1_96' title="bbox 156 4682 1764 4756">
     <span class='ocr_line' id='line_1_97' title="bbox 156 4682 1764 4756; baseline -0.001 -16"><span class='ocrx_word' id='word_1_743' title='bbox 156 4686 248 4741; x_wconf 89' lang='lat' dir='ltr'><strong>lib.</strong></span> <span class='ocrx_word' id='word_1_744' title='bbox 305 4701 493 4756; x_wconf 79' lang='lat' dir='ltr'><strong>xxvm.</strong></span> <span class='ocrx_word' id='word_1_745' title='bbox 543 4700 661 4756; x_wconf 89' lang='lat' dir='ltr'><strong>cap.</strong></span> <span class='ocrx_word' id='word_1_746' title='bbox 709 4684 763 4749; x_wconf 90' lang='lat'><strong>9,</strong></span> <span class='ocrx_word' id='word_1_747' title='bbox 811 4694 866 4739; x_wconf 91' lang='lat' dir='ltr'><strong>et</strong></span> <span class='ocrx_word' id='word_1_748' title='bbox 913 4682 1229 4756; x_wconf 78' lang='lat' dir='ltr'><strong>Ruhnkcn.,</strong></span> <span class='ocrx_word' id='word_1_749' title='bbox 1279 4684 1344 4738; x_wconf 90' lang='lat' dir='ltr'><strong>ad</strong></span> <span class='ocrx_word' id='word_1_750' title='bbox 1389 4684 1554 4738; x_wconf 78' lang='lat' dir='ltr'><strong>Rutil.</strong></span> <span class='ocrx_word' id='word_1_751' title='bbox 1604 4683 1764 4755; x_wconf 91' lang='lat' dir='ltr'><strong>Lup.,</strong></span> 
     </span>
    </p>
   </div>
   <div class='ocr_carea' id='block_1_97' title="bbox 157 4755 1767 4829">
    <p class='ocr_par' dir='ltr' id='par_1_97' title="bbox 157 4755 1767 4829">
     <span class='ocr_line' id='line_1_98' title="bbox 157 4755 1767 4829; baseline 0.002 -18"><span class='ocrx_word' id='word_1_752' title='bbox 157 4757 247 4813; x_wconf 90' lang='lat' dir='ltr'><strong>lib.</strong></span> <span class='ocrx_word' id='word_1_753' title='bbox 281 4775 318 4813; x_wconf 89' lang='grc' dir='ltr'><strong>ιι</strong></span> <span class='ocrx_word' id='word_1_754' title='bbox 354 4772 404 4827; x_wconf 93' lang='lat' dir='ltr'><strong>p.</strong></span> <span class='ocrx_word' id='word_1_755' title='bbox 434 4755 585 4829; x_wconf 70' lang='grc'><strong>120).</strong></span> <span class='ocrx_word' id='word_1_756' title='bbox 612 4755 787 4829; x_wconf 75' lang='lat' dir='ltr'><strong>Quam</strong></span> <span class='ocrx_word' id='word_1_757' title='bbox 819 4764 995 4810; x_wconf 86' lang='lat' dir='ltr'><strong>tamen</strong></span> <span class='ocrx_word' id='word_1_758' title='bbox 1020 4755 1388 4829; x_wconf 85' lang='lat' dir='ltr'><strong>conjecturam</strong></span> <span class='ocrx_word' id='word_1_759' title='bbox 1427 4756 1541 4827; x_wconf 91' lang='lat' dir='ltr'><strong>ipse</strong></span> <span class='ocrx_word' id='word_1_760' title='bbox 1573 4756 1767 4814; x_wconf 88' lang='lat' dir='ltr'><strong>lleral-</strong></span> 
     </span>
    </p>
   </div>
   <div class='ocr_carea' id='block_1_98' title="bbox 157 4826 1664 4885">
    <p class='ocr_par' dir='ltr' id='par_1_98' title="bbox 157 4826 1664 4885">
     <span class='ocr_line' id='line_1_99' title="bbox 157 4826 1664 4885; baseline -0.003 0"><span class='ocrx_word' id='word_1_761' title='bbox 157 4830 256 4885; x_wconf 90' lang='lat' dir='ltr'><strong>dus</strong></span> <span class='ocrx_word' id='word_1_762' title='bbox 287 4826 624 4885; x_wconf 50' lang='lat' dir='ltr'><strong>retractat&#39;in</strong></span> <span class='ocrx_word' id='word_1_763' title='bbox 652 4826 811 4884; x_wconf 86' lang='lat' dir='ltr'><strong>Curis</strong></span> <span class='ocrx_word' id='word_1_764' title='bbox 843 4827 1114 4883; x_wconf 88' lang='lat' dir='ltr'><strong>secundis.</strong></span> <span class='ocrx_word' id='word_1_765' title='bbox 1150 4831 1355 4883; x_wconf 77' lang='lat' dir='ltr'><strong>UBELL.</strong></span> <span class='ocrx_word' id='word_1_766' title='bbox 1450 4826 1455 4827; x_wconf 59' lang='grc'><strong><em>⁷</em></strong></span> <span class='ocrx_word' id='word_1_767' title='bbox 1659 4837 1664 4841; x_wconf 83' lang='grc'><em>’</em></span> 
     </span>
    </p>
   </div>
   <div class='ocr_carea' id='block_1_99' title="bbox 237 4898 1766 4964">
    <p class='ocr_par' dir='ltr' id='par_1_99' title="bbox 237 4898 1766 4964">
     <span class='ocr_line' id='line_1_100' title="bbox 237 4898 1766 4964; baseline 0.002 -10"><span class='ocrx_word' id='word_1_768' title='bbox 237 4901 344 4957; x_wconf 82' lang='lat' dir='ltr'><strong>Vos</strong></span> <span class='ocrx_word' id='word_1_769' title='bbox 374 4900 608 4964; x_wconf 85' lang='lat' dir='ltr'><strong>Platoni,</strong></span> <span class='ocrx_word' id='word_1_770' title='bbox 652 4916 739 4955; x_wconf 82' lang='lat' dir='ltr'><strong>vos</strong></span> <span class='ocrx_word' id='word_1_771' title='bbox 783 4898 991 4963; x_wconf 87' lang='lat' dir='ltr'><strong>Cronio,</strong></span> <span class='ocrx_word' id='word_1_772' title='bbox 1036 4914 1123 4953; x_wconf 83' lang='lat' dir='ltr'><strong>vos</strong></span> <span class='ocrx_word' id='word_1_773' title='bbox 1167 4899 1447 4954; x_wconf 80' lang='lat' dir='ltr'><strong>Numenio.</strong></span> <span class='ocrx_word' id='word_1_774' title='bbox 1493 4898 1585 4955; x_wconf 86' lang='lat' dir='ltr'><strong>Sic</strong></span> <span class='ocrx_word' id='word_1_775' title='bbox 1623 4900 1766 4957; x_wconf 88' lang='lat' dir='ltr'><strong>edidi</strong></span> 
     </span>
    </p>
   </div>
   <div class='ocr_carea' id='block_1_100' title="bbox 157 4969 1761 5043">
    <p class='ocr_par' dir='ltr' id='par_1_100' title="bbox 157 4969 1761 5043">
     <span class='ocr_line' id='line_1_101' title="bbox 157 4969 1761 5043; baseline -0.001 -14"><span class='ocrx_word' id='word_1_776' title='bbox 157 4988 277 5029; x_wconf 90' lang='lat' dir='ltr'><strong>cum</strong></span> <span class='ocrx_word' id='word_1_777' title='bbox 310 4973 523 5043; x_wconf 84' lang='lat' dir='ltr'><strong>editnre</strong></span> <span class='ocrx_word' id='word_1_778' title='bbox 554 4970 1052 5043; x_wconf 70' lang='lat' dir='ltr'><strong>Lugdune-Batavo</strong></span> <span class='ocrx_word' id='word_1_779' title='bbox 1082 4987 1149 5026; x_wconf 80' lang='lat' dir='ltr'><strong>ex</strong></span> <span class='ocrx_word' id='word_1_780' title='bbox 1185 4971 1568 5043; x_wconf 82' lang='lat' dir='ltr'><strong>emendatione</strong></span> <span class='ocrx_word' id='word_1_781' title='bbox 1608 4969 1761 5027; x_wconf 85' lang='lat' dir='ltr'><strong>Fnlv.</strong></span> 
     </span>
    </p>
   </div>
   <div class='ocr_carea' id='block_1_101' title="bbox 157 5041 1767 5113">
    <p class='ocr_par' dir='ltr' id='par_1_101' title="bbox 157 5041 1767 5113">
     <span class='ocr_line' id='line_1_102' title="bbox 157 5041 1767 5113; baseline 0 -13"><span class='ocrx_word' id='word_1_782' title='bbox 157 5043 358 5101; x_wconf 87' lang='lat' dir='ltr'><strong>Ursini.</strong></span> <span class='ocrx_word' id='word_1_783' title='bbox 389 5042 571 5100; x_wconf 79' lang='lat' dir='ltr'><strong>Codex</strong></span> <span class='ocrx_word' id='word_1_784' title='bbox 606 5041 707 5099; x_wconf 82' lang='lat' dir='ltr'><strong>uis.</strong></span> <span class='ocrx_word' id='word_1_785' title='bbox 738 5042 900 5097; x_wconf 86' lang='lat' dir='ltr'><strong>habet</strong></span> <span class='ocrx_word' id='word_1_786' title='bbox 924 5041 1188 5109; x_wconf 84' lang='lat' dir='ltr'><strong>Crotonio,</strong></span> <span class='ocrx_word' id='word_1_787' title='bbox 1211 5042 1364 5113; x_wconf 86' lang='lat' dir='ltr'><strong>enjns</strong></span> <span class='ocrx_word' id='word_1_788' title='bbox 1386 5043 1523 5112; x_wconf 90' lang='lat' dir='ltr'><strong>apud</strong></span> <span class='ocrx_word' id='word_1_789' title='bbox 1555 5053 1767 5100; x_wconf 79' lang='lat' dir='ltr'><strong>veteres</strong></span> 
     </span>
    </p>
   </div>
   <div class='ocr_carea' id='block_1_102' title="bbox 162 5114 1767 5183">
    <p class='ocr_par' dir='ltr' id='par_1_102' title="bbox 162 5114 1767 5183">
     <span class='ocr_line' id='line_1_103' title="bbox 162 5114 1767 5183; baseline -0.001 -13"><span class='ocrx_word' id='word_1_790' title='bbox 162 5118 309 5172; x_wconf 90' lang='lat' dir='ltr'><strong>nulla</strong></span> <span class='ocrx_word' id='word_1_791' title='bbox 341 5118 566 5172; x_wconf 70' lang='lat' dir='ltr'><strong>mentio.</strong></span> <span class='ocrx_word' id='word_1_792' title='bbox 604 5116 850 5172; x_wconf 76' lang='lat' dir='ltr'><strong>Defendit</strong></span> <span class='ocrx_word' id='word_1_793' title='bbox 882 5126 1060 5169; x_wconf 85' lang='lat' dir='ltr'><strong>tamen</strong></span> <span class='ocrx_word' id='word_1_794' title='bbox 1103 5114 1239 5183; x_wconf 76' lang='lat' dir='ltr'><strong>Hug.</strong></span> <span class='ocrx_word' id='word_1_795' title='bbox 1279 5114 1497 5171; x_wconf 88' lang='lat' dir='ltr'><strong>Grotius</strong></span> <span class='ocrx_word' id='word_1_796' title='bbox 1525 5115 1590 5169; x_wconf 90' lang='lat' dir='ltr'><strong>ad</strong></span> <span class='ocrx_word' id='word_1_797' title='bbox 1621 5114 1767 5169; x_wconf 88' lang='lat' dir='ltr'><strong>Mar-</strong></span> 
     </span>
    </p>
   </div>
   <div class='ocr_carea' id='block_1_103' title="bbox 159 5185 1767 5265">
    <p class='ocr_par' dir='ltr' id='par_1_103' title="bbox 159 5185 1767 5265">
     <span class='ocr_line' id='line_1_104' title="bbox 159 5185 1767 5265; baseline 0 -23"><span class='ocrx_word' id='word_1_798' title='bbox 159 5188 567 5265; x_wconf 71' lang='lat' dir='ltr'><strong>cian._Capell..</strong></span> <span class='ocrx_word' id='word_1_799' title='bbox 603 5187 698 5242; x_wconf 91' lang='lat' dir='ltr'><strong>lib.</strong></span> <span class='ocrx_word' id='word_1_800' title='bbox 733 5204 804 5254; x_wconf 79' lang='lat' dir='ltr'><strong>vi,</strong></span> <span class='ocrx_word' id='word_1_801' title='bbox 845 5185 1049 5265; x_wconf 50' lang='lat' dir='ltr'><strong>p.209,</strong></span> <span class='ocrx_word' id='word_1_802' title='bbox 1085 5198 1446 5265; x_wconf 83' lang='lat' dir='ltr'><strong>putans_esse</strong></span> <span class='ocrx_word' id='word_1_803' title='bbox 1468 5191 1767 5265; x_wconf 61' lang='grc' dir='ltr'><strong>κροτὼνειος</strong></span> 
     </span>
    </p>
   </div>
   <div class='ocr_carea' id='block_1_104' title="bbox 80 5259 1766 5338">
    <p class='ocr_par' dir='ltr' id='par_1_104' title="bbox 80 5259 1766 5338">
     <span class='ocr_line' id='line_1_105' title="bbox 80 5259 1766 5338; baseline -0.001 -24"><span class='ocrx_word' id='word_1_804' title='bbox 80 5294 83 5301; x_wconf 66' lang='grc' dir='ltr'><strong>ι</strong></span> <span class='ocrx_word' id='word_1_805' title='bbox 160 5262 366 5338; x_wconf 59' lang='lat' dir='ltr'><strong>gentile</strong></span> <span class='ocrx_word' id='word_1_806' title='bbox 392 5281 421 5338; x_wconf 73' lang='grc' dir='ltr'><strong>ιι</strong></span> <span class='ocrx_word' id='word_1_807' title='bbox 454 5261 672 5338; x_wconf 84' lang='grc' dir='ltr'><strong>κρότων,</strong></span> <span class='ocrx_word' id='word_1_808' title='bbox 709 5268 846 5338; x_wconf 55' lang='lat' dir='ltr'><strong>teste</strong></span> <span class='ocrx_word' id='word_1_809' title='bbox 870 5259 1169 5338; x_wconf 78' lang='lat' dir='ltr'><strong>Stephano,</strong></span> <span class='ocrx_word' id='word_1_810' title='bbox 1198 5259 1468 5338; x_wconf 33' lang='lat' dir='ltr'><strong>‘e_t_innui_</strong></span> <span class='ocrx_word' id='word_1_811' title='bbox 1490 5259 1560 5315; x_wconf 80' lang='lat' dir='ltr'><strong>ab</strong></span> <span class='ocrx_word' id='word_1_812' title='bbox 1584 5266 1766 5338; x_wconf 45' lang='lat' dir='ltr'><strong>Arno-</strong></span> 
     </span>
    </p>
   </div>
   <div class='ocr_carea' id='block_1_105' title="bbox 160 5330 1769 5404">
    <p class='ocr_par' dir='ltr' id='par_1_105' title="bbox 160 5330 1769 5404">
     <span class='ocr_line' id='line_1_106' title="bbox 160 5330 1769 5404; baseline 0 -19"><span class='ocrx_word' id='word_1_813' title='bbox 160 5331 248 5387; x_wconf 85' lang='lat' dir='ltr'><strong>hio</strong></span> <span class='ocrx_word' id='word_1_814' title='bbox 297 5330 681 5404; x_wconf 64' lang='lat' dir='ltr'><strong>Pythagoram.</strong></span> <span class='ocrx_word' id='word_1_815' title='bbox 725 5332 942 5387; x_wconf 82' lang='lat' dir='ltr'><strong>Cronius</strong></span> <span class='ocrx_word' id='word_1_816' title='bbox 972 5340 1149 5386; x_wconf 87' lang='lat' dir='ltr'><strong>autem</strong></span> <span class='ocrx_word' id='word_1_817' title='bbox 1194 5330 1556 5400; x_wconf 83' lang='lat' dir='ltr'><strong>Philosophus</strong></span> <span class='ocrx_word' id='word_1_818' title='bbox 1584 5330 1769 5404; x_wconf 83' lang='lat' dir='ltr'><strong>Plato-</strong></span> 
     </span>
    </p>
   </div>
   <div class='ocr_carea' id='block_1_106' title="bbox 162 5403 1764 5470">
    <p class='ocr_par' dir='ltr' id='par_1_106' title="bbox 162 5403 1764 5470">
     <span class='ocr_line' id='line_1_107' title="bbox 162 5403 1764 5470; baseline 0.001 -15"><span class='ocrx_word' id='word_1_819' title='bbox 162 5403 355 5470; x_wconf 74' lang='lat' dir='ltr'><strong>uicus,</strong></span> <span class='ocrx_word' id='word_1_820' title='bbox 374 5404 654 5459; x_wconf 88' lang='lat' dir='ltr'><strong>familiaris</strong></span> <span class='ocrx_word' id='word_1_821' title='bbox 701 5404 982 5467; x_wconf 73' lang='lat' dir='ltr'><strong>Numenii,</strong></span> <span class='ocrx_word' id='word_1_822' title='bbox 1030 5412 1361 5457; x_wconf 89' lang='lat' dir='ltr'><strong>memoratur</strong></span> <span class='ocrx_word' id='word_1_823' title='bbox 1395 5404 1464 5456; x_wconf 91' lang='lat' dir='ltr'><strong>ab</strong></span> <span class='ocrx_word' id='word_1_824' title='bbox 1512 5403 1764 5465; x_wconf 75' lang='lat' dir='ltr'><strong>Eusebio,</strong></span> 
     </span>
    </p>
   </div>
   <div class='ocr_carea' id='block_1_107' title="bbox 161 5473 1768 5545">
    <p class='ocr_par' dir='ltr' id='par_1_107' title="bbox 161 5473 1768 5545">
     <span class='ocr_line' id='line_1_108' title="bbox 161 5473 1768 5545; baseline 0.001 -16"><span class='ocrx_word' id='word_1_825' title='bbox 161 5473 301 5530; x_wconf 88' lang='lat' dir='ltr'><strong>llist.</strong></span> <span class='ocrx_word' id='word_1_826' title='bbox 333 5477 559 5539; x_wconf 79' lang='lat' dir='ltr'><strong>eccles.,</strong></span> <span class='ocrx_word' id='word_1_827' title='bbox 584 5476 678 5531; x_wconf 90' lang='lat' dir='ltr'><strong>lib.</strong></span> <span class='ocrx_word' id='word_1_828' title='bbox 713 5492 787 5540; x_wconf 83' lang='lat' dir='ltr'><strong>vt,</strong></span> <span class='ocrx_word' id='word_1_829' title='bbox 817 5492 937 5544; x_wconf 90' lang='lat' dir='ltr'><strong>cap.</strong></span> <span class='ocrx_word' id='word_1_830' title='bbox 972 5475 1057 5530; x_wconf 78' lang='grc'><strong>19.</strong></span> <span class='ocrx_word' id='word_1_831' title='bbox 1095 5474 1352 5529; x_wconf 80' lang='lat' dir='ltr'><strong>Gelenius</strong></span> <span class='ocrx_word' id='word_1_832' title='bbox 1384 5473 1565 5545; x_wconf 85' lang='lat' dir='ltr'><strong>(quem</strong></span> <span class='ocrx_word' id='word_1_833' title='bbox 1593 5475 1768 5530; x_wconf 90' lang='lat' dir='ltr'><strong>secuti</strong></span> 
     </span>
    </p>
   </div>
   <div class='ocr_carea' id='block_1_108' title="bbox 162 5545 1766 5618">
    <p class='ocr_par' dir='ltr' id='par_1_108' title="bbox 162 5545 1766 5618">
     <span class='ocr_line' id='line_1_109' title="bbox 162 5545 1766 5618; baseline 0.001 -20"><span class='ocrx_word' id='word_1_834' title='bbox 162 5547 404 5617; x_wconf 83' lang='lat' dir='ltr'><strong>plerique</strong></span> <span class='ocrx_word' id='word_1_835' title='bbox 436 5548 697 5618; x_wconf 86' lang='lat' dir='ltr'><strong>editores)</strong></span> <span class='ocrx_word' id='word_1_836' title='bbox 728 5549 798 5602; x_wconf 89' lang='lat' dir='ltr'><strong>ita</strong></span> <span class='ocrx_word' id='word_1_837' title='bbox 834 5548 1099 5601; x_wconf 86' lang='lat' dir='ltr'><strong>mutavit:</strong></span> <span class='ocrx_word' id='word_1_838' title='bbox 1132 5563 1216 5601; x_wconf 82' lang='lat' dir='ltr'><strong>ros</strong></span> <span class='ocrx_word' id='word_1_839' title='bbox 1242 5545 1473 5609; x_wconf 84' lang='lat' dir='ltr'><strong>Plutoni,</strong></span> <span class='ocrx_word' id='word_1_840' title='bbox 1506 5562 1600 5618; x_wconf 78' lang='lat' dir='ltr'><strong>vos</strong></span> <span class='ocrx_word' id='word_1_841' title='bbox 1634 5545 1766 5600; x_wconf 90' lang='lat' dir='ltr'><strong>Plo-</strong></span> 
     </span>
    </p>
   </div>
   <div class='ocr_carea' id='block_1_109' title="bbox 161 5617 1768 5687">
    <p class='ocr_par' dir='ltr' id='par_1_109' title="bbox 161 5617 1768 5687">
     <span class='ocr_line' id='line_1_110' title="bbox 161 5617 1768 5687; baseline 0.001 -16"><span class='ocrx_word' id='word_1_842' title='bbox 161 5620 290 5685; x_wconf 91' lang='lat' dir='ltr'><strong>tino,</strong></span> <span class='ocrx_word' id='word_1_843' title='bbox 320 5636 407 5674; x_wconf 78' lang='lat' dir='ltr'><strong>vos</strong></span> <span class='ocrx_word' id='word_1_844' title='bbox 440 5617 719 5685; x_wconf 79' lang='lat' dir='ltr'><strong>Nuntenio,</strong></span> <span class='ocrx_word' id='word_1_845' title='bbox 746 5632 801 5675; x_wconf 85' lang='lat' dir='ltr'><strong>et</strong></span> <span class='ocrx_word' id='word_1_846' title='bbox 833 5619 929 5673; x_wconf 89' lang='lat' dir='ltr'><strong>bos</strong></span> <span class='ocrx_word' id='word_1_847' title='bbox 961 5629 1068 5673; x_wconf 73' lang='lat' dir='ltr'><strong>tres</strong></span> <span class='ocrx_word' id='word_1_848' title='bbox 1091 5620 1365 5687; x_wconf 77' lang='lat' dir='ltr'><strong>cunjnngit</strong></span> <span class='ocrx_word' id='word_1_849' title='bbox 1399 5620 1558 5672; x_wconf 86' lang='lat' dir='ltr'><strong>ctiam</strong></span> <span class='ocrx_word' id='word_1_850' title='bbox 1590 5617 1768 5673; x_wconf 73' lang='lat' dir='ltr'><strong>Thro-</strong></span> 
     </span>
    </p>
   </div>
   <div class='ocr_carea' id='block_1_110' title="bbox 161 5690 1767 5760">
    <p class='ocr_par' dir='ltr' id='par_1_110' title="bbox 161 5690 1767 5760">
     <span class='ocr_line' id='line_1_111' title="bbox 161 5690 1767 5760; baseline 0.001 -16"><span class='ocrx_word' id='word_1_851' title='bbox 161 5690 404 5755; x_wconf 81' lang='lat' dir='ltr'><strong>dnretns,</strong></span> <span class='ocrx_word' id='word_1_852' title='bbox 435 5707 601 5746; x_wconf 80' lang='lat' dir='ltr'><strong>St&#39;l‘lll.</strong></span> <span class='ocrx_word' id='word_1_853' title='bbox 634 5708 689 5747; x_wconf 88' lang='grc' dir='ltr'>ιι.</span> <span class='ocrx_word' id='word_1_854' title='bbox 722 5693 789 5748; x_wconf 91' lang='lat' dir='ltr'><strong>de</strong></span> <span class='ocrx_word' id='word_1_855' title='bbox 817 5691 1121 5757; x_wconf 80' lang='lat' dir='ltr'><strong>Principiis,</strong></span> <span class='ocrx_word' id='word_1_856' title='bbox 1157 5708 1206 5760; x_wconf 87' lang='lat' dir='ltr'><strong>p.</strong></span> <span class='ocrx_word' id='word_1_857' title='bbox 1241 5692 1343 5745; x_wconf 80' lang='lat'><strong>53:</strong></span> <span class='ocrx_word' id='word_1_858' title='bbox 1376 5692 1562 5745; x_wconf 76' lang='grc' dir='ltr'><strong>Αὐτίκα</strong></span> <span class='ocrx_word' id='word_1_859' title='bbox 1600 5693 1767 5746; x_wconf 84' lang='grc' dir='ltr'>τοίνυν</span> 
     </span>
    </p>
   </div>
   <div class='ocr_carea' id='block_1_111' title="bbox 161 5762 1768 5826">
    <p class='ocr_par' dir='ltr' id='par_1_111' title="bbox 161 5762 1768 5826">
     <span class='ocr_line' id='line_1_112' title="bbox 161 5762 1768 5826; baseline 0.001 -9"><span class='ocrx_word' id='word_1_860' title='bbox 161 5768 252 5822; x_wconf 71' lang='grc' dir='ltr'><strong>τήν</strong></span> <span class='ocrx_word' id='word_1_861' title='bbox 290 5764 546 5826; x_wconf 66' lang='grc' dir='ltr'><strong>Πλάτωνος</strong></span> <span class='ocrx_word' id='word_1_862' title='bbox 576 5764 791 5821; x_wconf 77' lang='grc' dir='ltr'><strong>διάνοιαν</strong></span> <span class='ocrx_word' id='word_1_863' title='bbox 818 5765 1230 5825; x_wconf 68' lang='grc' dir='ltr'><strong>ἀναπτύσσοντες</strong></span> <span class='ocrx_word' id='word_1_864' title='bbox 1259 5765 1339 5817; x_wconf 79' lang='grc' dir='ltr'><strong>καὶ</strong></span> <span class='ocrx_word' id='word_1_865' title='bbox 1364 5762 1390 5818; x_wconf 89' lang='grc' dir='ltr'><strong>ὀ</strong></span> <span class='ocrx_word' id='word_1_866' title='bbox 1420 5763 1661 5824; x_wconf 81' lang='grc' dir='ltr'><strong>Πλωτῐνος</strong></span> <span class='ocrx_word' id='word_1_867' title='bbox 1688 5766 1768 5819; x_wconf 73' lang='grc' dir='ltr'><strong>καὶ</strong></span> 
     </span>
    </p>
   </div>
   <div class='ocr_carea' id='block_1_112' title="bbox 162 5834 1767 5909">
    <p class='ocr_par' dir='ltr' id='par_1_112' title="bbox 162 5834 1767 5909">
     <span class='ocr_line' id='line_1_113' title="bbox 162 5834 1767 5909; baseline 0 -20"><span class='ocrx_word' id='word_1_868' title='bbox 162 5841 453 5909; x_wconf 64' lang='grc' dir='ltr'><strong>Νρνμήνως.</strong></span> <span class='ocrx_word' id='word_1_869' title='bbox 483 5836 725 5909; x_wconf 73' lang='lat' dir='ltr'><strong>Plotinus</strong></span> <span class='ocrx_word' id='word_1_870' title='bbox 750 5837 1001 5909; x_wconf 81' lang='lat' dir='ltr'><strong>princeps</strong></span> <span class='ocrx_word' id='word_1_871' title='bbox 1030 5834 1565 5909; x_wconf 68' lang='lat' dir='ltr'><strong>Nenplatonicorum,</strong></span> <span class='ocrx_word' id='word_1_872' title='bbox 1601 5834 1767 5909; x_wconf 65' lang='lat' dir='ltr'><strong>notis-</strong></span> 
     </span>
    </p>
   </div>
   <div class='ocr_carea' id='block_1_113' title="bbox 166 5906 1767 5981">
    <p class='ocr_par' dir='ltr' id='par_1_113' title="bbox 166 5906 1767 5981">
     <span class='ocr_line' id='line_1_114' title="bbox 166 5906 1767 5981; baseline 0.001 -22"><span class='ocrx_word' id='word_1_873' title='bbox 166 5906 334 5962; x_wconf 83' lang='lat' dir='ltr'><strong>simus</strong></span> <span class='ocrx_word' id='word_1_874' title='bbox 361 5923 392 5962; x_wconf 90' lang='lat' dir='ltr'><strong>e</strong></span> <span class='ocrx_word' id='word_1_875' title='bbox 420 5909 526 5963; x_wconf 85' lang='lat' dir='ltr'><strong>vita</strong></span> <span class='ocrx_word' id='word_1_876' title='bbox 551 5924 579 5963; x_wconf 91' lang='lat' dir='ltr'><strong>a</strong></span> <span class='ocrx_word' id='word_1_877' title='bbox 605 5907 909 5981; x_wconf 82' lang='lat' dir='ltr'><strong>Porphyrio</strong></span> <span class='ocrx_word' id='word_1_878' title='bbox 942 5907 1206 5978; x_wconf 90' lang='lat' dir='ltr'><strong>discipulo</strong></span> <span class='ocrx_word' id='word_1_879' title='bbox 1238 5907 1460 5977; x_wconf 90' lang='lat' dir='ltr'><strong>scripta.</strong></span> <span class='ocrx_word' id='word_1_880' title='bbox 1494 5906 1597 5962; x_wconf 84' lang='lat' dir='ltr'><strong>Th.</strong></span> <span class='ocrx_word' id='word_1_881' title='bbox 1623 5906 1767 5963; x_wconf 84' lang='lat' dir='ltr'><strong>Can-</strong></span> 
     </span>
    </p>
   </div>
   <div class='ocr_carea' id='block_1_114' title="bbox 1877 4612 3183 4679">
    <p class='ocr_par' dir='ltr' id='par_1_114' title="bbox 1877 4612 3183 4679">
     <span class='ocr_line' id='line_1_115' title="bbox 1877 4612 3183 4679; baseline -0.001 -13"><span class='ocrx_word' id='word_1_882' title='bbox 1877 4622 2064 4667; x_wconf 92' lang='lat' dir='ltr'><strong>tunum</strong></span> <span class='ocrx_word' id='word_1_883' title='bbox 2094 4613 2196 4668; x_wconf 80' lang='lat' dir='ltr'><strong>hoc</strong></span> <span class='ocrx_word' id='word_1_884' title='bbox 2224 4613 2341 4667; x_wconf 91' lang='lat' dir='ltr'><strong>loco</strong></span> <span class='ocrx_word' id='word_1_885' title='bbox 2367 4623 2418 4666; x_wconf 91' lang='lat' dir='ltr'><strong>et</strong></span> <span class='ocrx_word' id='word_1_886' title='bbox 2454 4612 2611 4679; x_wconf 87' lang='lat' dir='ltr'><strong>plane</strong></span> <span class='ocrx_word' id='word_1_887' title='bbox 2640 4612 2951 4668; x_wconf 91' lang='lat' dir='ltr'><strong>delendum.</strong></span> <span class='ocrx_word' id='word_1_888' title='bbox 2980 4613 3183 4667; x_wconf 73' lang='lat' dir='ltr'><strong>ORELL.</strong></span> 
     </span>
    </p>
   </div>
   <div class='ocr_carea' id='block_1_115' title="bbox 1948 4682 3472 4755">
    <p class='ocr_par' dir='ltr' id='par_1_115' title="bbox 1948 4682 3472 4755">
     <span class='ocr_line' id='line_1_116' title="bbox 1948 4682 3472 4755; baseline 0.001 -17"><span class='ocrx_word' id='word_1_889' title='bbox 1948 4684 2011 4738; x_wconf 81' lang='lat' dir='ltr'><strong>Et</strong></span> <span class='ocrx_word' id='word_1_890' title='bbox 2024 4684 2265 4755; x_wconf 82' lang='lat' dir='ltr'><strong>judicare</strong></span> <span class='ocrx_word' id='word_1_891' title='bbox 2286 4682 2523 4748; x_wconf 80' lang='lat' dir='ltr'><strong>ﬁdeliter.</strong></span> <span class='ocrx_word' id='word_1_892' title='bbox 2545 4682 2694 4739; x_wconf 87' lang='lat' dir='ltr'><strong>Nove</strong></span> <span class='ocrx_word' id='word_1_893' title='bbox 2710 4684 2929 4753; x_wconf 78' lang='lat' dir='ltr'><strong>ﬁdeliter</strong></span> <span class='ocrx_word' id='word_1_894' title='bbox 2948 4684 3083 4739; x_wconf 74' lang='lat' dir='ltr'><strong>dixit</strong></span> <span class='ocrx_word' id='word_1_895' title='bbox 3111 4698 3208 4753; x_wconf 90' lang='lat' dir='ltr'><strong>pro</strong></span> <span class='ocrx_word' id='word_1_896' title='bbox 3225 4698 3311 4755; x_wconf 83' lang='lat' dir='ltr'><strong>eo,</strong></span> <span class='ocrx_word' id='word_1_897' title='bbox 3331 4684 3472 4753; x_wconf 90' lang='lat' dir='ltr'><strong>quod</strong></span> 
     </span>
    </p>
   </div>
   <div class='ocr_carea' id='block_1_116' title="bbox 1872 4754 3475 4826">
    <p class='ocr_par' dir='ltr' id='par_1_116' title="bbox 1872 4754 3475 4826">
     <span class='ocr_line' id='line_1_117' title="bbox 1872 4754 3475 4826; baseline 0 -15"><span class='ocrx_word' id='word_1_898' title='bbox 1872 4765 1954 4811; x_wconf 89' lang='lat' dir='ltr'><strong>est</strong></span> <span class='ocrx_word' id='word_1_899' title='bbox 1980 4754 2196 4825; x_wconf 76' lang='lat' dir='ltr'><strong>fidenter</strong></span> <span class='ocrx_word' id='word_1_900' title='bbox 2223 4766 2276 4810; x_wconf 89' lang='lat' dir='ltr'><strong>ct</strong></span> <span class='ocrx_word' id='word_1_901' title='bbox 2306 4762 2569 4826; x_wconf 76' lang='lat' dir='ltr'><strong>audacter.</strong></span> <span class='ocrx_word' id='word_1_902' title='bbox 2600 4754 2920 4811; x_wconf 80' lang='lat' dir='ltr'><strong>Prudentius</strong></span> <span class='ocrx_word' id='word_1_903' title='bbox 2943 4770 3156 4826; x_wconf 86' lang='lat' dir='ltr'><strong>quoque</strong></span> <span class='ocrx_word' id='word_1_904' title='bbox 3186 4754 3356 4823; x_wconf 80' lang='lat' dir='ltr'><strong>ﬁdelis</strong></span> <span class='ocrx_word' id='word_1_905' title='bbox 3378 4769 3475 4826; x_wconf 90' lang='lat' dir='ltr'><strong>pro</strong></span> 
     </span>
    </p>
   </div>
   <div class='ocr_carea' id='block_1_117' title="bbox 1872 4825 3469 4958">
    <p class='ocr_par' dir='ltr' id='par_1_117' title="bbox 1872 4825 3469 4958">
     <span class='ocr_line' id='line_1_118' title="bbox 1872 4825 3469 4958; baseline 0.001 -75"><span class='ocrx_word' id='word_1_906' title='bbox 1872 4828 2230 4958; x_wconf 53' lang='lat' dir='ltr'><strong>fredibiliioet</strong></span> <span class='ocrx_word' id='word_1_907' title='bbox 2282 4825 2388 4882; x_wconf 87' lang='lat' dir='ltr'><strong>lide</strong></span> <span class='ocrx_word' id='word_1_908' title='bbox 2454 4825 2618 4901; x_wconf 87' lang='lat' dir='ltr'><strong>digno</strong></span> <span class='ocrx_word' id='word_1_909' title='bbox 2669 4825 2971 4900; x_wconf 77' lang='lat' dir='ltr'><strong>usurpavit</strong></span> <span class='ocrx_word' id='word_1_910' title='bbox 3009 4825 3130 4905; x_wconf 62' lang='grc' dir='ltr'><strong>περὶ</strong></span> <span class='ocrx_word' id='word_1_911' title='bbox 3180 4825 3469 4903; x_wconf 69' lang='grc' dir='ltr'><strong>Στεφὰνὼν,</strong></span> 
     </span>
     <span class='ocr_line' id='line_1_119' title="bbox 1893 4914 2201 4958; baseline 0.01 -6"><span class='ocrx_word' id='word_1_912' title='bbox 1893 4914 2073 4958; x_wconf 77' lang='lat' dir='ltr'><strong>tvmnn</strong></span> <span class='ocrx_word' id='word_1_913' title='bbox 2189 4918 2201 4955; x_wconf 92' lang='lat'>:</span> 
     </span>
    </p>
   </div>
   <div class='ocr_carea' id='block_1_118' title="bbox 1893 4914 2201 4972">
    <p class='ocr_par' dir='ltr' id='par_1_118' title="bbox 1893 4914 2201 4972">
     <span class='ocr_line' id='line_1_120' title="bbox 1893 4914 2201 4972; baseline 0.01 -20"><span class='ocrx_word' id='word_1_914' title='bbox 1893 4914 2073 4972; x_wconf 83' lang='lat' dir='ltr'><strong>tymnn</strong></span> <span class='ocrx_word' id='word_1_915' title='bbox 2096 4914 2164 4958; x_wconf 88' lang='lat' dir='ltr'><strong>‘IU</strong></span> <span class='ocrx_word' id='word_1_916' title='bbox 2189 4918 2201 4955; x_wconf 92' lang='lat'>:</span> 
     </span>
    </p>
   </div>
   <div class='ocr_carea' id='block_1_119' title="bbox 2056 5011 3102 5078">
    <p class='ocr_par' dir='ltr' id='par_1_119' title="bbox 2056 5011 3102 5078">
     <span class='ocr_line' id='line_1_121' title="bbox 2056 5011 3102 5078; baseline 0.005 -16"><span class='ocrx_word' id='word_1_917' title='bbox 2056 5011 2177 5078; x_wconf 63' lang='lat' dir='ltr'><strong>ﬂant</strong></span> <span class='ocrx_word' id='word_1_918' title='bbox 2199 5014 2242 5064; x_wconf 89' lang='lat' dir='ltr'><strong>si</strong></span> <span class='ocrx_word' id='word_1_919' title='bbox 2265 5015 2378 5078; x_wconf 90' lang='lat' dir='ltr'><strong>quis</strong></span> <span class='ocrx_word' id='word_1_920' title='bbox 2400 5026 2570 5066; x_wconf 88' lang='lat' dir='ltr'><strong>amens</strong></span> <span class='ocrx_word' id='word_1_921' title='bbox 2594 5016 2811 5066; x_wconf 88' lang='lat' dir='ltr'><strong>fabulosa</strong></span> <span class='ocrx_word' id='word_1_922' title='bbox 2836 5024 3102 5077; x_wconf 67' lang='lat' dir='ltr'><strong>estsumat,</strong></span> 
     </span>
    </p>
   </div>
   <div class='ocr_carea' id='block_1_120' title="bbox 2057 5074 2863 5142">
    <p class='ocr_par' dir='ltr' id='par_1_120' title="bbox 2057 5074 2863 5142">
     <span class='ocr_line' id='line_1_122' title="bbox 2057 5074 2863 5142; baseline 0.005 -18"><span class='ocrx_word' id='word_1_923' title='bbox 2057 5074 2153 5142; x_wconf 61' lang='lat' dir='ltr'><strong>Yel</strong></span> <span class='ocrx_word' id='word_1_924' title='bbox 2179 5074 2298 5139; x_wconf 64' lang='lat' dir='ltr'><strong>ipse&#39;</strong></span> <span class='ocrx_word' id='word_1_925' title='bbox 2311 5084 2417 5128; x_wconf 87' lang='lat' dir='ltr'><strong>tute</strong></span> <span class='ocrx_word' id='word_1_926' title='bbox 2442 5078 2484 5128; x_wconf 88' lang='lat' dir='ltr'><strong>si</strong></span> <span class='ocrx_word' id='word_1_927' title='bbox 2509 5092 2680 5142; x_wconf 86' lang='lat' dir='ltr'><strong>parum</strong></span> <span class='ocrx_word' id='word_1_928' title='bbox 2705 5079 2863 5128; x_wconf 86' lang='lat' dir='ltr'><strong>fidelia</strong></span> 
     </span>
    </p>
   </div>
   <div class='ocr_carea' id='block_1_121' title="bbox 2057 5136 3081 5205">
    <p class='ocr_par' dir='ltr' id='par_1_121' title="bbox 2057 5136 3081 5205">
     <span class='ocr_line' id='line_1_123' title="bbox 2057 5136 3081 5205; baseline 0.004 -18"><span class='ocrx_word' id='word_1_929' title='bbox 2057 5136 2257 5190; x_wconf 81' lang='lat' dir='ltr'><strong>Rebare</strong></span> <span class='ocrx_word' id='word_1_930' title='bbox 2282 5142 2493 5205; x_wconf 88' lang='lat' dir='ltr'><strong>pridem,</strong></span> <span class='ocrx_word' id='word_1_931' title='bbox 2511 5136 2639 5193; x_wconf 66' lang='lat' dir='ltr'><strong>&#39;vera</strong></span> <span class='ocrx_word' id='word_1_932' title='bbox 2662 5154 2930 5205; x_wconf 79' lang='lat' dir='ltr'><strong>cognoscas</strong></span> <span class='ocrx_word' id='word_1_933' title='bbox 2950 5142 3081 5192; x_wconf 89' lang='lat' dir='ltr'><strong>licet.</strong></span> 
     </span>
    </p>
   </div>
   <div class='ocr_carea' id='block_1_122' title="bbox 2899 5224 3330 5295">
    <p class='ocr_par' dir='ltr' id='par_1_122' title="bbox 2899 5224 3330 5295">
     <span class='ocr_line' id='line_1_124' title="bbox 2899 5224 3330 5295; baseline -0.002 -16"><span class='ocrx_word' id='word_1_934' title='bbox 2899 5224 3129 5292; x_wconf 67' lang='lat' dir='ltr'><strong>Mentis,</strong></span> <span class='ocrx_word' id='word_1_935' title='bbox 3156 5241 3210 5295; x_wconf 75' lang='grc' dir='ltr'><strong>ρ.</strong></span> <span class='ocrx_word' id='word_1_936' title='bbox 3241 5224 3330 5282; x_wconf 65' lang='lat'><strong>54.</strong></span> 
     </span>
    </p>
   </div>
   <div class='ocr_carea' id='block_1_123' title="bbox 1946 5330 3474 5404">
    <p class='ocr_par' dir='ltr' id='par_1_123' title="bbox 1946 5330 3474 5404">
     <span class='ocr_line' id='line_1_125' title="bbox 1946 5330 3474 5404; baseline 0 -17"><span class='ocrx_word' id='word_1_937' title='bbox 1946 5331 2345 5390; x_wconf 81' lang='lat' dir='ltr'><strong>Fervuuculum.</strong></span> <span class='ocrx_word' id='word_1_938' title='bbox 2371 5336 2447 5392; x_wconf 87' lang='lat' dir='ltr'><strong>lta</strong></span> <span class='ocrx_word' id='word_1_939' title='bbox 2485 5336 2662 5392; x_wconf 79' lang='lat' dir='ltr'><strong>rditor</strong></span> <span class='ocrx_word' id='word_1_940' title='bbox 2701 5332 2872 5404; x_wconf 86' lang='lat' dir='ltr'><strong>Ludg.</strong></span> <span class='ocrx_word' id='word_1_941' title='bbox 2897 5332 3039 5404; x_wconf 88' lang='lat' dir='ltr'><strong>Bat.,</strong></span> <span class='ocrx_word' id='word_1_942' title='bbox 3063 5341 3120 5404; x_wconf 70' lang='lat' dir='ltr'><strong>ut</strong></span> <span class='ocrx_word' id='word_1_943' title='bbox 3145 5330 3377 5397; x_wconf 87' lang='lat' dir='ltr'><strong>videtur,</strong></span> <span class='ocrx_word' id='word_1_944' title='bbox 3407 5346 3474 5387; x_wconf 78' lang='lat' dir='ltr'><strong>ex</strong></span> 
     </span>
    </p>
   </div>
   <div class='ocr_carea' id='block_1_124' title="bbox 1873 5402 3476 5473">
    <p class='ocr_par' dir='ltr' id='par_1_124' title="bbox 1873 5402 3476 5473">
     <span class='ocr_line' id='line_1_126' title="bbox 1873 5402 3476 5473; baseline -0.001 -14"><span class='ocrx_word' id='word_1_945' title='bbox 1873 5420 1975 5459; x_wconf 85' lang='lat' dir='ltr'><strong>ms.</strong></span> <span class='ocrx_word' id='word_1_946' title='bbox 2008 5406 2130 5460; x_wconf 74' lang='lat' dir='ltr'><strong>cad.</strong></span> <span class='ocrx_word' id='word_1_947' title='bbox 2182 5406 2510 5473; x_wconf 79' lang='lat' dir='ltr'><strong>fcrvunculus</strong></span> <span class='ocrx_word' id='word_1_948' title='bbox 2554 5426 2582 5463; x_wconf 93' lang='lat' dir='ltr'><strong>a</strong></span> <span class='ocrx_word' id='word_1_949' title='bbox 2631 5402 2866 5463; x_wconf 63' lang='lat' dir='ltr'><strong>larvale.</strong></span> <span class='ocrx_word' id='word_1_950' title='bbox 2908 5403 3014 5456; x_wconf 80' lang='lat' dir='ltr'><strong>vid.</strong></span> <span class='ocrx_word' id='word_1_951' title='bbox 3060 5402 3146 5457; x_wconf 85' lang='lat' dir='ltr'><strong>Fl.</strong></span> <span class='ocrx_word' id='word_1_952' title='bbox 3187 5404 3364 5473; x_wconf 87' lang='lat' dir='ltr'><strong>Caper</strong></span> <span class='ocrx_word' id='word_1_953' title='bbox 3407 5405 3476 5457; x_wconf 91' lang='lat' dir='ltr'><strong>de</strong></span> 
     </span>
    </p>
   </div>
   <div class='ocr_carea' id='block_1_125' title="bbox 1872 5474 3474 5550">
    <p class='ocr_par' dir='ltr' id='par_1_125' title="bbox 1872 5474 3474 5550">
     <span class='ocr_line' id='line_1_127' title="bbox 1872 5474 3474 5550; baseline -0.002 -18"><span class='ocrx_word' id='word_1_954' title='bbox 1872 5476 2067 5550; x_wconf 54' lang='lat' dir='ltr'><strong>Verbis</strong></span> <span class='ocrx_word' id='word_1_955' title='bbox 2096 5478 2274 5535; x_wconf 87' lang='lat' dir='ltr'><strong>dubiis</strong></span> <span class='ocrx_word' id='word_1_956' title='bbox 2306 5497 2425 5550; x_wconf 81' lang='lat' dir='ltr'><strong>pag.</strong></span> <span class='ocrx_word' id='word_1_957' title='bbox 2452 5481 2617 5543; x_wconf 73' lang='lat' dir='ltr'><strong>‘22l8,</strong></span> <span class='ocrx_word' id='word_1_958' title='bbox 2654 5480 2705 5534; x_wconf 90' lang='lat' dir='ltr'><strong>in</strong></span> <span class='ocrx_word' id='word_1_959' title='bbox 2733 5474 3347 5550; x_wconf 64' lang='lat' dir='ltr'><strong>CollectionePutschii.</strong></span> <span class='ocrx_word' id='word_1_960' title='bbox 3368 5475 3474 5529; x_wconf 81' lang='lat' dir='ltr'><strong>Alii</strong></span> 
     </span>
    </p>
   </div>
   <div class='ocr_carea' id='block_1_126' title="bbox 1873 5543 3476 5623">
    <p class='ocr_par' dir='ltr' id='par_1_126' title="bbox 1873 5543 3476 5623">
     <span class='ocr_line' id='line_1_128' title="bbox 1873 5543 3476 5623; baseline -0.001 -20"><span class='ocrx_word' id='word_1_961' title='bbox 1873 5548 2055 5618; x_wconf 78' lang='lat' dir='ltr'><strong>legunt</strong></span> <span class='ocrx_word' id='word_1_962' title='bbox 2096 5543 2451 5623; x_wconf 61' lang='lat' dir='ltr'><strong>furunculum,</strong></span> <span class='ocrx_word' id='word_1_963' title='bbox 2494 5552 2635 5623; x_wconf 87' lang='lat' dir='ltr'><strong>quod</strong></span> <span class='ocrx_word' id='word_1_964' title='bbox 2681 5550 2820 5604; x_wconf 88' lang='lat' dir='ltr'><strong>idem</strong></span> <span class='ocrx_word' id='word_1_965' title='bbox 2877 5557 2999 5623; x_wconf 25' lang='lat' dir='ltr'><strong>es‘t._</strong></span> <span class='ocrx_word' id='word_1_966' title='bbox 3028 5543 3372 5623; x_wconf 74' lang='lat' dir='ltr'><strong>Furuncultts_</strong></span> <span class='ocrx_word' id='word_1_967' title='bbox 3402 5556 3476 5602; x_wconf 76' lang='lat' dir='ltr'><strong>est</strong></span> 
     </span>
    </p>
   </div>
   <div class='ocr_carea' id='block_1_127' title="bbox 1872 5617 3474 5694">
    <p class='ocr_par' dir='ltr' id='par_1_127' title="bbox 1872 5617 3474 5694">
     <span class='ocr_line' id='line_1_129' title="bbox 1872 5617 3474 5694; baseline -0.001 -20"><span class='ocrx_word' id='word_1_968' title='bbox 1872 5617 2187 5694; x_wconf 75' lang='lat' dir='ltr'><strong>tuberculum</strong></span> <span class='ocrx_word' id='word_1_969' title='bbox 2206 5634 2409 5678; x_wconf 88' lang='lat' dir='ltr'><strong>acutum</strong></span> <span class='ocrx_word' id='word_1_970' title='bbox 2429 5617 2542 5678; x_wconf 79' lang='lat' dir='ltr'><strong>cuin</strong></span> <span class='ocrx_word' id='word_1_971' title='bbox 2561 5623 2823 5694; x_wconf 80' lang='lat' dir='ltr'><strong>inﬂatione</strong></span> <span class='ocrx_word' id='word_1_972' title='bbox 2847 5629 2892 5674; x_wconf 79' lang='lat' dir='ltr'><strong>ct</strong></span> <span class='ocrx_word' id='word_1_973' title='bbox 2910 5618 3110 5672; x_wconf 84' lang='lat' dir='ltr'><strong>dolore.</strong></span> <span class='ocrx_word' id='word_1_974' title='bbox 3131 5617 3296 5684; x_wconf 79' lang='lat' dir='ltr'><strong>Ccls.,</strong></span> <span class='ocrx_word' id='word_1_975' title='bbox 3317 5617 3474 5685; x_wconf 59' lang='grc' dir='ltr'><strong>Μὶν,</strong></span> 
     </span>
    </p>
   </div>
   <div class='ocr_carea' id='block_1_128' title="bbox 1871 5693 2881 5768">
    <p class='ocr_par' dir='ltr' id='par_1_128' title="bbox 1871 5693 2881 5768">
     <span class='ocr_line' id='line_1_130' title="bbox 1871 5693 2881 5768; baseline -0.001 -20"><span class='ocrx_word' id='word_1_976' title='bbox 1871 5706 1993 5768; x_wconf 65' lang='lat' dir='ltr'><strong>cap.</strong></span> <span class='ocrx_word' id='word_1_977' title='bbox 2026 5693 2124 5747; x_wconf 93' lang='lat' dir='ltr'><strong>ult.</strong></span> <span class='ocrx_word' id='word_1_978' title='bbox 2150 5693 2429 5768; x_wconf 71' lang='lat' dir='ltr'><strong>(Nostrum</strong></span> <span class='ocrx_word' id='word_1_979' title='bbox 2462 5693 2647 5768; x_wconf 83' lang='lat' dir='ltr'><strong>Aisse.)</strong></span> <span class='ocrx_word' id='word_1_980' title='bbox 2677 5694 2881 5768; x_wconf 70' lang='lat' dir='ltr'><strong>(inut.</strong></span> 
     </span>
    </p>
   </div>
   <div class='ocr_carea' id='block_1_129' title="bbox 1946 5759 3477 5839">
    <p class='ocr_par' dir='ltr' id='par_1_129' title="bbox 1946 5759 3477 5839">
     <span class='ocr_line' id='line_1_131' title="bbox 1946 5759 3477 5839; baseline -0.001 -20"><span class='ocrx_word' id='word_1_981' title='bbox 1946 5759 2409 5837; x_wconf 79' lang='lat' dir='ltr'><strong>Compositionibus</strong></span> <span class='ocrx_word' id='word_1_982' title='bbox 2446 5769 2605 5839; x_wconf 79' lang='lat' dir='ltr'><strong>[luere</strong></span> <span class='ocrx_word' id='word_1_983' title='bbox 2628 5759 2884 5837; x_wconf 56' lang='lat' dir='ltr'><strong>&#39;levigatis.</strong></span> <span class='ocrx_word' id='word_1_984' title='bbox 2919 5760 3274 5839; x_wconf 57' lang='lat' dir='ltr'><strong>Levigare...”</strong></span> <span class='ocrx_word' id='word_1_985' title='bbox 3304 5759 3477 5839; x_wconf 59' lang='lat' dir='ltr'><strong>(quem</strong></span> 
     </span>
    </p>
   </div>
   <div class='ocr_carea' id='block_1_130' title="bbox 1873 5831 3477 5912">
    <p class='ocr_par' dir='ltr' id='par_1_130' title="bbox 1873 5831 3477 5912">
     <span class='ocr_line' id='line_1_132' title="bbox 1873 5831 3477 5912; baseline 0 -22"><span class='ocrx_word' id='word_1_986' title='bbox 1873 5846 1920 5912; x_wconf 69' lang='lat' dir='ltr'><strong>et</strong></span> <span class='ocrx_word' id='word_1_987' title='bbox 1945 5831 2148 5912; x_wconf 66' lang='lat' dir='ltr'><strong>(equum</strong></span> <span class='ocrx_word' id='word_1_988' title='bbox 2178 5841 2368 5912; x_wconf 74' lang='lat' dir='ltr'><strong>facere,</strong></span> <span class='ocrx_word' id='word_1_989' title='bbox 2392 5831 2520 5912; x_wconf 75' lang='lat' dir='ltr'><strong>glatt</strong></span> <span class='ocrx_word' id='word_1_990' title='bbox 2550 5831 2783 5912; x_wconf 62' lang='lat' dir='ltr'><strong>mar-heu,</strong></span> <span class='ocrx_word' id='word_1_991' title='bbox 2801 5831 3079 5912; x_wconf 58' lang='lat' dir='ltr'><strong>cerebrum,</strong></span> <span class='ocrx_word' id='word_1_992' title='bbox 3103 5833 3314 5912; x_wconf 50' lang='lat' dir='ltr'><strong>glauca.</strong></span> <span class='ocrx_word' id='word_1_993' title='bbox 3342 5831 3477 5890; x_wconf 83' lang='lat' dir='ltr'><strong>Vide</strong></span> 
     </span>
    </p>
   </div>
   <div class='ocr_carea' id='block_1_131' title="bbox 1869 5903 3471 5983">
    <p class='ocr_par' dir='ltr' id='par_1_131' title="bbox 1869 5903 3471 5983">
     <span class='ocr_line' id='line_1_133' title="bbox 1869 5903 3471 5983; baseline -0.002 -19"><span class='ocrx_word' id='word_1_994' title='bbox 1869 5903 2247 5981; x_wconf 63' lang='lat' dir='ltr'><strong>Oudendorp,</strong></span> <span class='ocrx_word' id='word_1_995' title='bbox 2270 5911 2320 5966; x_wconf 93' lang='lat' dir='ltr'><strong>in</strong></span> <span class='ocrx_word' id='word_1_996' title='bbox 2350 5903 2582 5983; x_wconf 67' lang='lat' dir='ltr'><strong>Apuleii.</strong></span> <span class='ocrx_word' id='word_1_997' title='bbox 2615 5911 2741 5966; x_wconf 85' lang='lat' dir='ltr'><strong>Mcl.</strong></span> <span class='ocrx_word' id='word_1_998' title='bbox 2764 5903 2853 5965; x_wconf 88' lang='lat' dir='ltr'><strong>lib.</strong></span> <span class='ocrx_word' id='word_1_999' title='bbox 2891 5923 2947 5976; x_wconf 90' lang='grc' dir='ltr'>ιι,</span> <span class='ocrx_word' id='word_1_1000' title='bbox 2974 5903 3471 5980; x_wconf 70' lang='lat' dir='ltr'><strong>pag.&quot;256.0n£u..</strong></span> 
     </span>
    </p>
   </div>
  </div>
