  <div class='ocr_page' id='page_1' title='image "/cluster/home/n/w/nwhite01/storage/ocr_20150623/5/hvd.32044015466758/428.png"; bbox 0 0 3970 6312; ppageno 0'>
   <div class='ocr_carea' id='block_1_1' title="bbox 202 294 316 354">
    <p class='ocr_par' dir='ltr' id='par_1_1' title="bbox 202 294 316 354">
     <span class='ocr_line' id='line_1_1' title="bbox 202 294 316 354; baseline -0.026 0"><span class='ocrx_word' id='word_1_1' title='bbox 202 294 316 354; x_wconf 70' lang='grc'><strong>841</strong></span> 
     </span>
    </p>
   </div>
   <div class='ocr_carea' id='block_1_2' title="bbox 1541 270 2156 348">
    <p class='ocr_par' dir='ltr' id='par_1_2' title="bbox 1541 270 2156 348">
     <span class='ocr_line' id='line_1_2' title="bbox 1541 270 2156 348; baseline -0.002 -4"><span class='ocrx_word' id='word_1_2' title='bbox 1541 270 1745 346; x_wconf 80' lang='lat' dir='ltr'><strong>Ltn&#39;En</strong></span> <span class='ocrx_word' id='word_1_3' title='bbox 1782 286 2156 348; x_wconf 77' lang='lat' dir='ltr'><strong>SECUNDUS.</strong></span> 
     </span>
    </p>
   </div>
   <div class='ocr_carea' id='block_1_3' title="bbox 3413 300 3585 358">
    <p class='ocr_par' dir='ltr' id='par_1_3' title="bbox 3413 300 3585 358">
     <span class='ocr_line' id='line_1_3' title="bbox 3413 300 3585 358; baseline -0.017 0"><span class='ocrx_word' id='word_1_4' title='bbox 3413 300 3521 358; x_wconf 66' lang='lat'><strong>859.</strong></span> <span class='ocrx_word' id='word_1_5' title='bbox 3580 318 3585 323; x_wconf 83' lang='lat'><em>&#39;</em></span> 
     </span>
    </p>
   </div>
   <div class='ocr_carea' id='block_1_4' title="bbox 209 401 3515 482">
    <p class='ocr_par' dir='ltr' id='par_1_4' title="bbox 209 401 3515 482">
     <span class='ocr_line' id='line_1_4' title="bbox 209 401 3515 482; baseline 0.001 -14"><span class='ocrx_word' id='word_1_6' title='bbox 209 423 275 468; x_wconf 89' lang='lat' dir='ltr'><strong>ut</strong></span> <span class='ocrx_word' id='word_1_7' title='bbox 302 426 401 467; x_wconf 88' lang='lat' dir='ltr'><strong>nec</strong></span> <span class='ocrx_word' id='word_1_8' title='bbox 428 410 639 482; x_wconf 85' lang='lat' dir='ltr'><strong>frigoris</strong></span> <span class='ocrx_word' id='word_1_9' title='bbox 680 420 898 465; x_wconf 86' lang='lat' dir='ltr'><strong>sensum</strong></span> <span class='ocrx_word' id='word_1_10' title='bbox 924 416 975 476; x_wconf 73' lang='grc' dir='ltr'><strong>ει,</strong></span> <span class='ocrx_word' id='word_1_11' title='bbox 1006 419 1109 464; x_wconf 89' lang='lat' dir='ltr'><strong>nec</strong></span> <span class='ocrx_word' id='word_1_12' title='bbox 1138 406 1387 463; x_wconf 91' lang='lat' dir='ltr'><strong>ardorem</strong></span> <span class='ocrx_word' id='word_1_13' title='bbox 1418 406 1652 462; x_wconf 90' lang='lat' dir='ltr'><strong>validum</strong></span> <span class='ocrx_word' id='word_1_14' title='bbox 1694 422 1815 477; x_wconf 88' lang='lat' dir='ltr'><strong>per-</strong></span> <span class='ocrx_word' id='word_1_15' title='bbox 1840 414 1894 473; x_wconf 80' lang='grc' dir='ltr'><strong>Α</strong></span> <span class='ocrx_word' id='word_1_16' title='bbox 1919 422 2136 476; x_wconf 85' lang='lat' dir='ltr'><strong>semper</strong></span> <span class='ocrx_word' id='word_1_17' title='bbox 2175 404 2341 462; x_wconf 89' lang='lat' dir='ltr'><strong>silens</strong></span> <span class='ocrx_word' id='word_1_18' title='bbox 2370 404 2614 471; x_wconf 85' lang='lat' dir='ltr'><strong>accedat,</strong></span> <span class='ocrx_word' id='word_1_19' title='bbox 2655 406 2879 463; x_wconf 82' lang='lat' dir='ltr'><strong>verbum</strong></span> <span class='ocrx_word' id='word_1_20' title='bbox 2918 409 3123 466; x_wconf 90' lang='lat' dir='ltr'><strong>nullum</strong></span> <span class='ocrx_word' id='word_1_21' title='bbox 3155 401 3378 480; x_wconf 72' lang='lat' dir='ltr'><strong>faciens,</strong></span> <span class='ocrx_word' id='word_1_22' title='bbox 3413 431 3515 472; x_wconf 88' lang='lat' dir='ltr'><strong>nec</strong></span> 
     </span>
    </p>
   </div>
   <div class='ocr_carea' id='block_1_5' title="bbox 213 500 1820 576">
    <p class='ocr_par' dir='ltr' id='par_1_5' title="bbox 213 500 1820 576">
     <span class='ocr_line' id='line_1_5' title="bbox 213 500 1820 576; baseline -0.004 -15"><span class='ocrx_word' id='word_1_23' title='bbox 213 505 452 576; x_wconf 81' lang='lat' dir='ltr'><strong>potiatur</strong></span> <span class='ocrx_word' id='word_1_24' title='bbox 483 504 708 558; x_wconf 74' lang='lat' dir='ltr'><strong>mstatis.</strong></span> <span class='ocrx_word' id='word_1_25' title='bbox 740 502 798 557; x_wconf 88' lang='lat' dir='ltr'><strong>In</strong></span> <span class='ocrx_word' id='word_1_26' title='bbox 845 501 990 558; x_wconf 86' lang='lat' dir='ltr'><strong>hunc</strong></span> <span class='ocrx_word' id='word_1_27' title='bbox 1015 516 1183 556; x_wconf 90' lang='lat' dir='ltr'><strong>sonus</strong></span> <span class='ocrx_word' id='word_1_28' title='bbox 1211 503 1430 556; x_wconf 85' lang='lat' dir='ltr'><strong>omnino</strong></span> <span class='ocrx_word' id='word_1_29' title='bbox 1460 500 1656 555; x_wconf 82' lang='lat' dir='ltr'><strong>nullius</strong></span> <span class='ocrx_word' id='word_1_30' title='bbox 1686 500 1820 555; x_wconf 84' lang='lat' dir='ltr'><strong>inci-</strong></span> 
     </span>
    </p>
   </div>
   <div class='ocr_carea' id='block_1_6' title="bbox 212 595 1817 664">
    <p class='ocr_par' dir='ltr' id='par_1_6' title="bbox 212 595 1817 664">
     <span class='ocr_line' id='line_1_6' title="bbox 212 595 1817 664; baseline -0.006 -11"><span class='ocrx_word' id='word_1_31' title='bbox 212 597 311 653; x_wconf 92' lang='lat' dir='ltr'><strong>dat</strong></span> <span class='ocrx_word' id='word_1_32' title='bbox 353 596 533 662; x_wconf 82' lang='lat' dir='ltr'><strong>vocis,</strong></span> <span class='ocrx_word' id='word_1_33' title='bbox 563 612 668 650; x_wconf 89' lang='lat' dir='ltr'><strong>non</strong></span> <span class='ocrx_word' id='word_1_34' title='bbox 697 596 847 664; x_wconf 87' lang='lat' dir='ltr'><strong>avis,</strong></span> <span class='ocrx_word' id='word_1_35' title='bbox 892 612 998 653; x_wconf 91' lang='lat' dir='ltr'><strong>non</strong></span> <span class='ocrx_word' id='word_1_36' title='bbox 1026 595 1253 659; x_wconf 63' lang='lat' dir='ltr'><strong>bestico,</strong></span> <span class='ocrx_word' id='word_1_37' title='bbox 1304 610 1409 649; x_wconf 89' lang='lat' dir='ltr'><strong>non</strong></span> <span class='ocrx_word' id='word_1_38' title='bbox 1453 595 1817 661; x_wconf 77' lang='lat' dir='ltr'><strong>letttpestalis,</strong></span> 
     </span>
    </p>
   </div>
   <div class='ocr_carea' id='block_1_7' title="bbox 214 686 1824 757">
    <p class='ocr_par' dir='ltr' id='par_1_7' title="bbox 214 686 1824 757">
     <span class='ocr_line' id='line_1_7' title="bbox 214 686 1824 757; baseline -0.003 -13"><span class='ocrx_word' id='word_1_39' title='bbox 214 705 328 745; x_wconf 89' lang='lat' dir='ltr'><strong>non</strong></span> <span class='ocrx_word' id='word_1_40' title='bbox 385 687 641 754; x_wconf 81' lang='lat' dir='ltr'><strong>hominis,</strong></span> <span class='ocrx_word' id='word_1_41' title='bbox 701 703 809 745; x_wconf 89' lang='lat' dir='ltr'><strong>nou</strong></span> <span class='ocrx_word' id='word_1_42' title='bbox 864 687 1097 757; x_wconf 84' lang='lat' dir='ltr'><strong>denique</strong></span> <span class='ocrx_word' id='word_1_43' title='bbox 1150 686 1381 757; x_wconf 75' lang='lat' dir='ltr'><strong>fragoris</strong></span> <span class='ocrx_word' id='word_1_44' title='bbox 1428 686 1676 756; x_wconf 82' lang='lat' dir='ltr'><strong>alicujus,</strong></span> <span class='ocrx_word' id='word_1_45' title='bbox 1731 694 1824 740; x_wconf 90' lang='lat' dir='ltr'><strong>aut</strong></span> 
     </span>
    </p>
   </div>
   <div class='ocr_carea' id='block_1_8' title="bbox 215 778 1825 853">
    <p class='ocr_par' dir='ltr' id='par_1_8' title="bbox 215 778 1825 853">
     <span class='ocr_line' id='line_1_8' title="bbox 215 778 1825 853; baseline -0.002 -15"><span class='ocrx_word' id='word_1_46' title='bbox 215 783 601 853; x_wconf 86' lang='lat' dir='ltr'><strong>concrepantis</strong></span> <span class='ocrx_word' id='word_1_47' title='bbox 643 781 954 838; x_wconf 89' lang='lat' dir='ltr'><strong>terribiliter</strong></span> <span class='ocrx_word' id='word_1_48' title='bbox 1003 780 1145 836; x_wconf 75' lang='lat' dir='ltr'><strong>cteli.</strong></span> <span class='ocrx_word' id='word_1_49' title='bbox 1199 780 1582 850; x_wconf 82' lang='lat' dir='ltr'><strong>Excogitemus</strong></span> <span class='ocrx_word' id='word_1_50' title='bbox 1628 778 1825 835; x_wconf 91' lang='lat' dir='ltr'><strong>deinde</strong></span> 
     </span>
    </p>
   </div>
   <div class='ocr_carea' id='block_1_9' title="bbox 214 870 1825 947">
    <p class='ocr_par' dir='ltr' id='par_1_9' title="bbox 214 870 1825 947">
     <span class='ocr_line' id='line_1_9' title="bbox 214 870 1825 947; baseline -0.004 -14"><span class='ocrx_word' id='word_1_51' title='bbox 214 876 671 947; x_wconf 84' lang='lat' dir='ltr'><strong>quemadmodum</strong></span> <span class='ocrx_word' id='word_1_52' title='bbox 721 876 901 929; x_wconf 87' lang='lat' dir='ltr'><strong>lumen</strong></span> <span class='ocrx_word' id='word_1_53' title='bbox 943 874 1204 944; x_wconf 87' lang='lat' dir='ltr'><strong>accipiat,</strong></span> <span class='ocrx_word' id='word_1_54' title='bbox 1252 888 1359 928; x_wconf 90' lang='lat' dir='ltr'><strong>non</strong></span> <span class='ocrx_word' id='word_1_55' title='bbox 1387 888 1452 927; x_wconf 78' lang='lat' dir='ltr'><strong>ex</strong></span> <span class='ocrx_word' id='word_1_56' title='bbox 1492 872 1643 927; x_wconf 92' lang='lat' dir='ltr'><strong>illato</strong></span> <span class='ocrx_word' id='word_1_57' title='bbox 1684 870 1825 942; x_wconf 88' lang='lat' dir='ltr'><strong>igni,</strong></span> 
     </span>
    </p>
   </div>
   <div class='ocr_carea' id='block_1_10' title="bbox 216 965 1823 1042">
    <p class='ocr_par' dir='ltr' id='par_1_10' title="bbox 216 965 1823 1042">
     <span class='ocr_line' id='line_1_10' title="bbox 216 965 1823 1042; baseline -0.003 -17"><span class='ocrx_word' id='word_1_58' title='bbox 216 984 398 1042; x_wconf 83' lang='lat' dir='ltr'><strong>neque</strong></span> <span class='ocrx_word' id='word_1_59' title='bbox 435 985 504 1025; x_wconf 77' lang='lat' dir='ltr'><strong>ex</strong></span> <span class='ocrx_word' id='word_1_60' title='bbox 542 968 659 1025; x_wconf 88' lang='lat' dir='ltr'><strong>sole</strong></span> <span class='ocrx_word' id='word_1_61' title='bbox 697 980 1025 1039; x_wconf 89' lang='lat' dir='ltr'><strong>conspecto,</strong></span> <span class='ocrx_word' id='word_1_62' title='bbox 1067 967 1162 1023; x_wconf 87' lang='lat' dir='ltr'><strong>sed</strong></span> <span class='ocrx_word' id='word_1_63' title='bbox 1204 967 1428 1022; x_wconf 93' lang='lat' dir='ltr'><strong>nothum</strong></span> <span class='ocrx_word' id='word_1_64' title='bbox 1472 965 1672 1036; x_wconf 89' lang='lat' dir='ltr'><strong>aliquid</strong></span> <span class='ocrx_word' id='word_1_65' title='bbox 1701 966 1823 1032; x_wconf 84' lang='lat' dir='ltr'><strong>fiat,</strong></span> 
     </span>
    </p>
   </div>
   <div class='ocr_carea' id='block_1_11' title="bbox 216 1060 1830 1134">
    <p class='ocr_par' dir='ltr' id='par_1_11' title="bbox 216 1060 1830 1134">
     <span class='ocr_line' id='line_1_11' title="bbox 216 1060 1830 1134; baseline 0 -19"><span class='ocrx_word' id='word_1_66' title='bbox 216 1062 364 1134; x_wconf 86' lang='lat' dir='ltr'><strong>quod</strong></span> <span class='ocrx_word' id='word_1_67' title='bbox 411 1063 699 1134; x_wconf 74' lang='lat' dir='ltr'><strong>imaginem</strong></span> <span class='ocrx_word' id='word_1_68' title='bbox 752 1062 971 1118; x_wconf 85' lang='lat' dir='ltr'><strong>luminis</strong></span> <span class='ocrx_word' id='word_1_69' title='bbox 1026 1061 1258 1132; x_wconf 82' lang='lat' dir='ltr'><strong>caligine</strong></span> <span class='ocrx_word' id='word_1_70' title='bbox 1312 1060 1626 1130; x_wconf 87' lang='lat' dir='ltr'><strong>interposita</strong></span> <span class='ocrx_word' id='word_1_71' title='bbox 1678 1075 1830 1115; x_wconf 88' lang='lat' dir='ltr'><strong>men-</strong></span> 
     </span>
    </p>
   </div>
   <div class='ocr_carea' id='block_1_12' title="bbox 221 1153 1824 1227">
    <p class='ocr_par' dir='ltr' id='par_1_12' title="bbox 221 1153 1824 1227">
     <span class='ocr_line' id='line_1_12' title="bbox 221 1153 1824 1227; baseline -0.003 -16"><span class='ocrx_word' id='word_1_72' title='bbox 221 1164 384 1211; x_wconf 80' lang='lat' dir='ltr'><strong>tiatur</strong></span> <span class='ocrx_word' id='word_1_73' title='bbox 417 1173 430 1209; x_wconf 90' lang='lat'><strong>:</strong></span> <span class='ocrx_word' id='word_1_74' title='bbox 458 1156 621 1227; x_wconf 89' lang='lat' dir='ltr'><strong>janua</strong></span> <span class='ocrx_word' id='word_1_75' title='bbox 669 1171 775 1211; x_wconf 92' lang='lat' dir='ltr'><strong>non</strong></span> <span class='ocrx_word' id='word_1_76' title='bbox 826 1171 929 1211; x_wconf 87' lang='lat' dir='ltr'><strong>una</strong></span> <span class='ocrx_word' id='word_1_77' title='bbox 958 1155 1047 1223; x_wconf 88' lang='lat' dir='ltr'><strong>sit,</strong></span> <span class='ocrx_word' id='word_1_78' title='bbox 1081 1170 1183 1211; x_wconf 88' lang='lat' dir='ltr'><strong>nec</strong></span> <span class='ocrx_word' id='word_1_79' title='bbox 1222 1153 1294 1210; x_wconf 88' lang='lat' dir='ltr'><strong>sit</strong></span> <span class='ocrx_word' id='word_1_80' title='bbox 1338 1153 1591 1208; x_wconf 85' lang='lat' dir='ltr'><strong>introitus</strong></span> <span class='ocrx_word' id='word_1_81' title='bbox 1621 1162 1824 1219; x_wconf 90' lang='lat' dir='ltr'><strong>rectus,</strong></span> 
     </span>
    </p>
   </div>
   <div class='ocr_carea' id='block_1_13' title="bbox 218 1247 1827 1307">
    <p class='ocr_par' dir='ltr' id='par_1_13' title="bbox 218 1247 1827 1307">
     <span class='ocr_line' id='line_1_13' title="bbox 218 1247 1827 1307; baseline -0.004 0"><span class='ocrx_word' id='word_1_82' title='bbox 218 1251 447 1307; x_wconf 78' lang='lat' dir='ltr'><strong>adeatur</strong></span> <span class='ocrx_word' id='word_1_83' title='bbox 504 1250 791 1307; x_wconf 80' lang='lat' dir='ltr'><strong>inllexibus</strong></span> <span class='ocrx_word' id='word_1_84' title='bbox 839 1250 1096 1306; x_wconf 73' lang='lat' dir='ltr'><strong>flexuosis</strong></span> <span class='ocrx_word' id='word_1_85' title='bbox 1143 1267 1159 1303; x_wconf 70' lang='grc' dir='ltr'><strong>τ</strong></span> <span class='ocrx_word' id='word_1_86' title='bbox 1210 1264 1308 1305; x_wconf 87' lang='lat' dir='ltr'><strong>nec</strong></span> <span class='ocrx_word' id='word_1_87' title='bbox 1363 1248 1675 1304; x_wconf 88' lang='lat' dir='ltr'><strong>recludalur</strong></span> <span class='ocrx_word' id='word_1_88' title='bbox 1726 1247 1827 1302; x_wconf 89' lang='lat' dir='ltr'><strong>ali-</strong></span> 
     </span>
    </p>
   </div>
   <div class='ocr_carea' id='block_1_14' title="bbox 218 1342 1585 1417">
    <p class='ocr_par' dir='ltr' id='par_1_14' title="bbox 218 1342 1585 1417">
     <span class='ocr_line' id='line_1_14' title="bbox 218 1342 1585 1417; baseline -0.002 -18"><span class='ocrx_word' id='word_1_89' title='bbox 218 1344 459 1417; x_wconf 88' lang='lat' dir='ltr'><strong>quando,</strong></span> <span class='ocrx_word' id='word_1_90' title='bbox 492 1344 592 1401; x_wconf 89' lang='lat' dir='ltr'><strong>nisi</strong></span> <span class='ocrx_word' id='word_1_91' title='bbox 620 1360 743 1400; x_wconf 91' lang='lat' dir='ltr'><strong>cum</strong></span> <span class='ocrx_word' id='word_1_92' title='bbox 775 1344 1082 1401; x_wconf 88' lang='lat' dir='ltr'><strong>necessaria</strong></span> <span class='ocrx_word' id='word_1_93' title='bbox 1116 1343 1252 1399; x_wconf 85' lang='lat' dir='ltr'><strong>ratio</strong></span> <span class='ocrx_word' id='word_1_94' title='bbox 1278 1342 1585 1414; x_wconf 89' lang='lat' dir='ltr'><strong>postularit.</strong></span> 
     </span>
    </p>
   </div>
   <div class='ocr_carea' id='block_1_15' title="bbox 294 1435 1826 1511">
    <p class='ocr_par' dir='ltr' id='par_1_15' title="bbox 294 1435 1826 1511">
     <span class='ocr_line' id='line_1_15' title="bbox 294 1435 1826 1511; baseline -0.002 -16"><span class='ocrx_word' id='word_1_95' title='bbox 294 1438 438 1495; x_wconf 74' lang='lat' dir='ltr'><strong>XXI.</strong></span> <span class='ocrx_word' id='word_1_96' title='bbox 472 1439 625 1497; x_wconf 82' lang='lat' dir='ltr'><strong>Nunc</strong></span> <span class='ocrx_word' id='word_1_97' title='bbox 649 1441 905 1511; x_wconf 88' lang='lat' dir='ltr'><strong>quoniam</strong></span> <span class='ocrx_word' id='word_1_98' title='bbox 928 1438 1148 1510; x_wconf 83' lang='lat' dir='ltr'><strong>imagini</strong></span> <span class='ocrx_word' id='word_1_99' title='bbox 1173 1438 1591 1509; x_wconf 66' lang='lat' dir='ltr'><strong>prmpatravimus</strong></span> <span class='ocrx_word' id='word_1_100' title='bbox 1619 1435 1826 1501; x_wconf 85' lang='lat' dir='ltr'><strong>sedem,</strong></span> 
     </span>
    </p>
   </div>
   <div class='ocr_carea' id='block_1_16' title="bbox 220 1530 1828 1607">
    <p class='ocr_par' dir='ltr' id='par_1_16' title="bbox 220 1530 1828 1607">
     <span class='ocr_line' id='line_1_16' title="bbox 220 1530 1828 1607; baseline -0.004 -16"><span class='ocrx_word' id='word_1_101' title='bbox 220 1535 556 1606; x_wconf 87' lang='lat' dir='ltr'><strong>accipiamus</strong></span> <span class='ocrx_word' id='word_1_102' title='bbox 602 1534 859 1607; x_wconf 86' lang='lat' dir='ltr'><strong>deinceps</strong></span> <span class='ocrx_word' id='word_1_103' title='bbox 901 1551 1024 1589; x_wconf 82' lang='lat' dir='ltr'><strong>mox</strong></span> <span class='ocrx_word' id='word_1_104' title='bbox 1068 1533 1303 1604; x_wconf 87' lang='lat' dir='ltr'><strong>aliquem</strong></span> <span class='ocrx_word' id='word_1_105' title='bbox 1355 1542 1564 1597; x_wconf 87' lang='lat' dir='ltr'><strong>natum,</strong></span> <span class='ocrx_word' id='word_1_106' title='bbox 1616 1532 1669 1586; x_wconf 89' lang='lat' dir='ltr'><strong>in</strong></span> <span class='ocrx_word' id='word_1_107' title='bbox 1725 1530 1828 1586; x_wconf 90' lang='lat' dir='ltr'><strong>loci</strong></span> 
     </span>
    </p>
   </div>
   <div class='ocr_carea' id='block_1_17' title="bbox 221 1627 1832 1702">
    <p class='ocr_par' dir='ltr' id='par_1_17' title="bbox 221 1627 1832 1702">
     <span class='ocr_line' id='line_1_17' title="bbox 221 1627 1832 1702; baseline -0.004 -14"><span class='ocrx_word' id='word_1_108' title='bbox 221 1631 371 1688; x_wconf 90' lang='lat' dir='ltr'><strong>illius</strong></span> <span class='ocrx_word' id='word_1_109' title='bbox 396 1630 707 1701; x_wconf 84' lang='lat' dir='ltr'><strong>hospitium,</strong></span> <span class='ocrx_word' id='word_1_110' title='bbox 726 1630 870 1702; x_wconf 90' lang='lat' dir='ltr'><strong>quod</strong></span> <span class='ocrx_word' id='word_1_111' title='bbox 894 1628 1090 1686; x_wconf 85' lang='lat' dir='ltr'><strong>habeat</strong></span> <span class='ocrx_word' id='word_1_112' title='bbox 1109 1645 1224 1685; x_wconf 89' lang='lat' dir='ltr'><strong>rem</strong></span> <span class='ocrx_word' id='word_1_113' title='bbox 1256 1629 1479 1695; x_wconf 87' lang='lat' dir='ltr'><strong>nullam,</strong></span> <span class='ocrx_word' id='word_1_114' title='bbox 1498 1639 1553 1683; x_wconf 81' lang='lat' dir='ltr'><strong>et</strong></span> <span class='ocrx_word' id='word_1_115' title='bbox 1577 1627 1647 1683; x_wconf 89' lang='lat' dir='ltr'><strong>sit</strong></span> <span class='ocrx_word' id='word_1_116' title='bbox 1675 1628 1832 1682; x_wconf 90' lang='lat' dir='ltr'><strong>inane</strong></span> 
     </span>
    </p>
   </div>
   <div class='ocr_carea' id='block_1_18' title="bbox 220 1722 1831 1795">
    <p class='ocr_par' dir='ltr' id='par_1_18' title="bbox 220 1722 1831 1795">
     <span class='ocr_line' id='line_1_18' title="bbox 220 1722 1831 1795; baseline -0.002 -15"><span class='ocrx_word' id='word_1_117' title='bbox 220 1740 290 1780; x_wconf 86' lang='lat' dir='ltr'><strong>ac</strong></span> <span class='ocrx_word' id='word_1_118' title='bbox 322 1740 546 1780; x_wconf 87' lang='lat' dir='ltr'><strong>vacuum</strong></span> <span class='ocrx_word' id='word_1_119' title='bbox 575 1742 589 1780; x_wconf 74' lang='grc' dir='ltr'>ε</span> <span class='ocrx_word' id='word_1_120' title='bbox 614 1723 890 1780; x_wconf 86' lang='lat' dir='ltr'><strong>Platonica</strong></span> <span class='ocrx_word' id='word_1_121' title='bbox 920 1724 1048 1781; x_wconf 91' lang='lat' dir='ltr'><strong>licet</strong></span> <span class='ocrx_word' id='word_1_122' title='bbox 1076 1734 1168 1778; x_wconf 92' lang='lat' dir='ltr'><strong>aut</strong></span> <span class='ocrx_word' id='word_1_123' title='bbox 1193 1722 1529 1795; x_wconf 82' lang='lat' dir='ltr'><strong>Pythagorea</strong></span> <span class='ocrx_word' id='word_1_124' title='bbox 1552 1722 1831 1794; x_wconf 89' lang='lat' dir='ltr'><strong>progenie,</strong></span> 
     </span>
    </p>
   </div>
   <div class='ocr_carea' id='block_1_19' title="bbox 1924 500 3522 575">
    <p class='ocr_par' dir='ltr' id='par_1_19' title="bbox 1924 500 3522 575">
     <span class='ocr_line' id='line_1_19' title="bbox 1924 500 3522 575; baseline 0.006 -22"><span class='ocrx_word' id='word_1_125' title='bbox 1924 500 1976 554; x_wconf 89' lang='lat' dir='ltr'><strong>in</strong></span> <span class='ocrx_word' id='word_1_126' title='bbox 2024 515 2305 555; x_wconf 85' lang='lat' dir='ltr'><strong>sermones</strong></span> <span class='ocrx_word' id='word_1_127' title='bbox 2347 500 2556 571; x_wconf 90' lang='lat' dir='ltr'><strong>aliquos</strong></span> <span class='ocrx_word' id='word_1_128' title='bbox 2603 516 2694 553; x_wconf 91' lang='lat' dir='ltr'><strong>ora</strong></span> <span class='ocrx_word' id='word_1_129' title='bbox 2725 509 2778 555; x_wconf 91' lang='lat' dir='ltr'><strong>et</strong></span> <span class='ocrx_word' id='word_1_130' title='bbox 2808 501 2953 557; x_wconf 83' lang='lat' dir='ltr'><strong>labra</strong></span> <span class='ocrx_word' id='word_1_131' title='bbox 2997 502 3247 575; x_wconf 70' lang='lat' dir='ltr'><strong>diducat:</strong></span> <span class='ocrx_word' id='word_1_132' title='bbox 3275 507 3367 562; x_wconf 86' lang='lat' dir='ltr'><strong>sed</strong></span> <span class='ocrx_word' id='word_1_133' title='bbox 3399 522 3522 563; x_wconf 91' lang='lat' dir='ltr'><strong>cum</strong></span> 
     </span>
    </p>
   </div>
   <div class='ocr_carea' id='block_1_20' title="bbox 1923 594 3519 669">
    <p class='ocr_par' dir='ltr' id='par_1_20' title="bbox 1923 594 3519 669">
     <span class='ocr_line' id='line_1_20' title="bbox 1923 594 3519 669; baseline 0.006 -21"><span class='ocrx_word' id='word_1_134' title='bbox 1923 609 2186 649; x_wconf 83' lang='lat' dir='ltr'><strong>mammas</strong></span> <span class='ocrx_word' id='word_1_135' title='bbox 2223 594 2463 656; x_wconf 80' lang='lat' dir='ltr'><strong>dederit,</strong></span> <span class='ocrx_word' id='word_1_136' title='bbox 2491 608 2548 650; x_wconf 86' lang='lat' dir='ltr'><strong>et</strong></span> <span class='ocrx_word' id='word_1_137' title='bbox 2593 597 2977 666; x_wconf 76' lang='lat' dir='ltr'><strong>eonchucntia</strong></span> <span class='ocrx_word' id='word_1_138' title='bbox 3019 600 3281 669; x_wconf 85' lang='lat' dir='ltr'><strong>supplerit</strong></span> <span class='ocrx_word' id='word_1_139' title='bbox 3312 602 3519 666; x_wconf 86' lang='lat' dir='ltr'><strong>ollicia,</strong></span> 
     </span>
    </p>
   </div>
   <div class='ocr_carea' id='block_1_21' title="bbox 1924 686 3527 758">
    <p class='ocr_par' dir='ltr' id='par_1_21' title="bbox 1924 686 3527 758">
     <span class='ocr_line' id='line_1_21' title="bbox 1924 686 3527 758; baseline 0.007 -18"><span class='ocrx_word' id='word_1_140' title='bbox 1924 686 2106 742; x_wconf 86' lang='lat' dir='ltr'><strong>datum</strong></span> <span class='ocrx_word' id='word_1_141' title='bbox 2136 688 2302 758; x_wconf 79' lang='lat' dir='ltr'><strong>quieti</strong></span> <span class='ocrx_word' id='word_1_142' title='bbox 2335 688 2561 758; x_wconf 80' lang='lat' dir='ltr'><strong>linquat,</strong></span> <span class='ocrx_word' id='word_1_143' title='bbox 2589 699 2643 744; x_wconf 90' lang='lat' dir='ltr'><strong>et</strong></span> <span class='ocrx_word' id='word_1_144' title='bbox 2672 702 2799 745; x_wconf 88' lang='lat' dir='ltr'><strong>ante</strong></span> <span class='ocrx_word' id='word_1_145' title='bbox 2835 691 2979 746; x_wconf 89' lang='lat' dir='ltr'><strong>fores</strong></span> <span class='ocrx_word' id='word_1_146' title='bbox 3008 692 3222 748; x_wconf 66' lang='lat' dir='ltr'><strong>clausas</strong></span> <span class='ocrx_word' id='word_1_147' title='bbox 3249 693 3365 751; x_wconf 61' lang='lat' dir='ltr'><strong>dies</strong></span> <span class='ocrx_word' id='word_1_148' title='bbox 3397 712 3527 751; x_wconf 88' lang='lat' dir='ltr'><strong>noc-</strong></span> 
     </span>
    </p>
   </div>
   <div class='ocr_carea' id='block_1_22' title="bbox 1926 784 3529 859">
    <p class='ocr_par' dir='ltr' id='par_1_22' title="bbox 1926 784 3529 859">
     <span class='ocr_line' id='line_1_22' title="bbox 1926 784 3529 859; baseline 0.005 -21"><span class='ocrx_word' id='word_1_149' title='bbox 1926 791 2113 854; x_wconf 89' lang='lat' dir='ltr'><strong>tesque</strong></span> <span class='ocrx_word' id='word_1_150' title='bbox 2156 784 2454 839; x_wconf 85' lang='lat' dir='ltr'><strong>cuntinuet.</strong></span> <span class='ocrx_word' id='word_1_151' title='bbox 2495 785 2673 840; x_wconf 80' lang='lat' dir='ltr'><strong>Poscit.</strong></span> <span class='ocrx_word' id='word_1_152' title='bbox 2716 785 2859 840; x_wconf 92' lang='lat' dir='ltr'><strong>enim</strong></span> <span class='ocrx_word' id='word_1_153' title='bbox 2912 787 3231 859; x_wconf 87' lang='lat' dir='ltr'><strong>plerumque</strong></span> <span class='ocrx_word' id='word_1_154' title='bbox 3277 805 3383 855; x_wconf 89' lang='lat' dir='ltr'><strong>res,</strong></span> <span class='ocrx_word' id='word_1_155' title='bbox 3429 806 3529 846; x_wconf 85' lang='lat' dir='ltr'><strong>nu-</strong></span> 
     </span>
    </p>
   </div>
   <div class='ocr_carea' id='block_1_23' title="bbox 1927 877 3520 950">
    <p class='ocr_par' dir='ltr' id='par_1_23' title="bbox 1927 877 3520 950">
     <span class='ocr_line' id='line_1_23' title="bbox 1927 877 3520 950; baseline 0.004 -18"><span class='ocrx_word' id='word_1_156' title='bbox 1927 879 2108 933; x_wconf 88' lang='lat' dir='ltr'><strong>tricias</strong></span> <span class='ocrx_word' id='word_1_157' title='bbox 2129 877 2320 933; x_wconf 71' lang='lat' dir='ltr'><strong>adt-sse</strong></span> <span class='ocrx_word' id='word_1_158' title='bbox 2346 893 2524 944; x_wconf 83' lang='lat' dir='ltr'><strong>curas,</strong></span> <span class='ocrx_word' id='word_1_159' title='bbox 2549 886 2604 933; x_wconf 90' lang='lat' dir='ltr'><strong>et</strong></span> <span class='ocrx_word' id='word_1_160' title='bbox 2621 879 2916 934; x_wconf 71' lang='lat' dir='ltr'><strong>observare</strong></span> <span class='ocrx_word' id='word_1_161' title='bbox 2941 881 3298 950; x_wconf 81' lang='lat' dir='ltr'><strong>temporarios</strong></span> <span class='ocrx_word' id='word_1_162' title='bbox 3325 893 3520 939; x_wconf 90' lang='lat' dir='ltr'><strong>motus.</strong></span> 
     </span>
    </p>
   </div>
   <div class='ocr_carea' id='block_1_24' title="bbox 1929 972 3526 1042">
    <p class='ocr_par' dir='ltr' id='par_1_24' title="bbox 1929 972 3526 1042">
     <span class='ocr_line' id='line_1_24' title="bbox 1929 972 3526 1042; baseline 0.004 -16"><span class='ocrx_word' id='word_1_163' title='bbox 1929 974 1997 1026; x_wconf 87' lang='lat' dir='ltr'><strong>At</strong></span> <span class='ocrx_word' id='word_1_164' title='bbox 2020 987 2150 1027; x_wconf 90' lang='lat' dir='ltr'><strong>vero</strong></span> <span class='ocrx_word' id='word_1_165' title='bbox 2176 988 2296 1026; x_wconf 92' lang='lat' dir='ltr'><strong>cum</strong></span> <span class='ocrx_word' id='word_1_166' title='bbox 2326 973 2553 1042; x_wconf 69' lang='lat' dir='ltr'><strong>coeperit</strong></span> <span class='ocrx_word' id='word_1_167' title='bbox 2580 972 2933 1029; x_wconf 84' lang='lat' dir='ltr'><strong>solidioribus</strong></span> <span class='ocrx_word' id='word_1_168' title='bbox 2958 974 3092 1029; x_wconf 80' lang='lat' dir='ltr'><strong>cibis</strong></span> <span class='ocrx_word' id='word_1_169' title='bbox 3121 972 3297 1029; x_wconf 79' lang='lat' dir='ltr'><strong>infans</strong></span> <span class='ocrx_word' id='word_1_170' title='bbox 3328 975 3526 1032; x_wconf 75' lang='lat' dir='ltr'><strong>debere</strong></span> 
     </span>
    </p>
   </div>
   <div class='ocr_carea' id='block_1_25' title="bbox 1927 1063 3528 1133">
    <p class='ocr_par' dir='ltr' id='par_1_25' title="bbox 1927 1063 3528 1133">
     <span class='ocr_line' id='line_1_25' title="bbox 1927 1063 3528 1133; baseline 0.002 -14"><span class='ocrx_word' id='word_1_171' title='bbox 1927 1063 2121 1133; x_wconf 80' lang='lat' dir='ltr'><strong>fulciri,</strong></span> <span class='ocrx_word' id='word_1_172' title='bbox 2171 1064 2379 1120; x_wconf 84' lang='lat' dir='ltr'><strong>nutrice</strong></span> <span class='ocrx_word' id='word_1_173' title='bbox 2422 1064 2723 1121; x_wconf 89' lang='lat' dir='ltr'><strong>inferantur</strong></span> <span class='ocrx_word' id='word_1_174' title='bbox 2751 1064 2817 1120; x_wconf 89' lang='lat' dir='ltr'><strong>ab</strong></span> <span class='ocrx_word' id='word_1_175' title='bbox 2858 1066 3070 1130; x_wconf 88' lang='lat' dir='ltr'><strong>eadem,</strong></span> <span class='ocrx_word' id='word_1_176' title='bbox 3105 1076 3276 1131; x_wconf 84' lang='lat' dir='ltr'><strong>veste,</strong></span> <span class='ocrx_word' id='word_1_177' title='bbox 3308 1079 3366 1121; x_wconf 84' lang='grc' dir='ltr'><strong>ιιι</strong></span> <span class='ocrx_word' id='word_1_178' title='bbox 3392 1067 3528 1123; x_wconf 76' lang='lat' dir='ltr'><strong>dixi-</strong></span> 
     </span>
    </p>
   </div>
   <div class='ocr_carea' id='block_1_26' title="bbox 1928 1157 3530 1228">
    <p class='ocr_par' dir='ltr' id='par_1_26' title="bbox 1928 1157 3530 1228">
     <span class='ocr_line' id='line_1_26' title="bbox 1928 1157 3530 1228; baseline 0.002 -17"><span class='ocrx_word' id='word_1_179' title='bbox 1928 1171 2066 1219; x_wconf 86' lang='lat' dir='ltr'><strong>mus,</strong></span> <span class='ocrx_word' id='word_1_180' title='bbox 2109 1157 2303 1227; x_wconf 87' lang='lat' dir='ltr'><strong>posita,</strong></span> <span class='ocrx_word' id='word_1_181' title='bbox 2347 1166 2402 1212; x_wconf 90' lang='lat' dir='ltr'><strong>et</strong></span> <span class='ocrx_word' id='word_1_182' title='bbox 2448 1168 2636 1213; x_wconf 89' lang='lat' dir='ltr'><strong>tenore</strong></span> <span class='ocrx_word' id='word_1_183' title='bbox 2681 1157 2978 1213; x_wconf 66' lang='lat' dir='ltr'><strong>reticentiae</strong></span> <span class='ocrx_word' id='word_1_184' title='bbox 3021 1168 3257 1214; x_wconf 73' lang='lat' dir='ltr'><strong>servato.</strong></span> <span class='ocrx_word' id='word_1_185' title='bbox 3289 1159 3409 1228; x_wconf 49' lang='lat' dir='ltr'><strong>Ipse</strong></span> <span class='ocrx_word' id='word_1_186' title='bbox 3434 1175 3530 1215; x_wconf 84' lang='lat' dir='ltr'><strong>au-</strong></span> 
     </span>
    </p>
   </div>
   <div class='ocr_carea' id='block_1_27' title="bbox 1930 1249 3528 1322">
    <p class='ocr_par' dir='ltr' id='par_1_27' title="bbox 1930 1249 3528 1322">
     <span class='ocr_line' id='line_1_27' title="bbox 1930 1249 3528 1322; baseline 0 -15"><span class='ocrx_word' id='word_1_187' title='bbox 1930 1260 2057 1315; x_wconf 89' lang='lat' dir='ltr'><strong>tem,</strong></span> <span class='ocrx_word' id='word_1_188' title='bbox 2088 1251 2180 1322; x_wconf 92' lang='lat' dir='ltr'><strong>qui</strong></span> <span class='ocrx_word' id='word_1_189' title='bbox 2208 1249 2433 1306; x_wconf 86' lang='lat' dir='ltr'><strong>infertur</strong></span> <span class='ocrx_word' id='word_1_190' title='bbox 2457 1252 2609 1305; x_wconf 90' lang='lat' dir='ltr'><strong>cibus</strong></span> <span class='ocrx_word' id='word_1_191' title='bbox 2642 1250 2713 1305; x_wconf 92' lang='lat' dir='ltr'><strong>sit</strong></span> <span class='ocrx_word' id='word_1_192' title='bbox 2750 1264 2886 1305; x_wconf 90' lang='lat' dir='ltr'><strong>unus</strong></span> <span class='ocrx_word' id='word_1_193' title='bbox 2915 1258 3073 1321; x_wconf 88' lang='lat' dir='ltr'><strong>atque</strong></span> <span class='ocrx_word' id='word_1_194' title='bbox 3102 1250 3241 1306; x_wconf 89' lang='lat' dir='ltr'><strong>idem</strong></span> <span class='ocrx_word' id='word_1_195' title='bbox 3268 1267 3484 1321; x_wconf 85' lang='lat' dir='ltr'><strong>semper</strong></span> <span class='ocrx_word' id='word_1_196' title='bbox 3515 1274 3528 1307; x_wconf 92' lang='lat'>:</span> 
     </span>
    </p>
   </div>
   <div class='ocr_carea' id='block_1_28' title="bbox 1930 1342 3533 1415">
    <p class='ocr_par' dir='ltr' id='par_1_28' title="bbox 1930 1342 3533 1415">
     <span class='ocr_line' id='line_1_28' title="bbox 1930 1342 3533 1415; baseline 0.001 -16"><span class='ocrx_word' id='word_1_197' title='bbox 1930 1344 2062 1400; x_wconf 84' lang='lat' dir='ltr'><strong>nihil</strong></span> <span class='ocrx_word' id='word_1_198' title='bbox 2093 1344 2315 1399; x_wconf 89' lang='lat' dir='ltr'><strong>materia</strong></span> <span class='ocrx_word' id='word_1_199' title='bbox 2354 1342 2631 1409; x_wconf 78' lang='lat' dir='ltr'><strong>tlill‘erens,</strong></span> <span class='ocrx_word' id='word_1_200' title='bbox 2662 1358 2764 1399; x_wconf 88' lang='lat' dir='ltr'><strong>nec</strong></span> <span class='ocrx_word' id='word_1_201' title='bbox 2805 1358 2903 1414; x_wconf 91' lang='lat' dir='ltr'><strong>per</strong></span> <span class='ocrx_word' id='word_1_202' title='bbox 2927 1344 3105 1398; x_wconf 87' lang='lat' dir='ltr'><strong>varios</strong></span> <span class='ocrx_word' id='word_1_203' title='bbox 3134 1343 3533 1415; x_wconf 80' lang='lat' dir='ltr'><strong>redintegratus</strong></span> 
     </span>
    </p>
   </div>
   <div class='ocr_carea' id='block_1_29' title="bbox 1929 1435 3536 1508">
    <p class='ocr_par' dir='ltr' id='par_1_29' title="bbox 1929 1435 3536 1508">
     <span class='ocr_line' id='line_1_29' title="bbox 1929 1435 3536 1508; baseline -0.001 -13"><span class='ocrx_word' id='word_1_204' title='bbox 1929 1452 2154 1508; x_wconf 88' lang='lat' dir='ltr'><strong>sapores</strong></span> <span class='ocrx_word' id='word_1_205' title='bbox 2188 1453 2203 1491; x_wconf 88' lang='lat'><strong>:</strong></span> <span class='ocrx_word' id='word_1_206' title='bbox 2236 1435 2332 1492; x_wconf 89' lang='lat' dir='ltr'><strong>sed</strong></span> <span class='ocrx_word' id='word_1_207' title='bbox 2376 1444 2469 1491; x_wconf 87' lang='lat' dir='ltr'><strong>aut</strong></span> <span class='ocrx_word' id='word_1_208' title='bbox 2514 1436 2661 1490; x_wconf 81' lang='lat' dir='ltr'><strong>ﬁtilla</strong></span> <span class='ocrx_word' id='word_1_209' title='bbox 2707 1435 2775 1490; x_wconf 91' lang='lat' dir='ltr'><strong>de</strong></span> <span class='ocrx_word' id='word_1_210' title='bbox 2819 1436 2990 1500; x_wconf 88' lang='lat' dir='ltr'><strong>milio,</strong></span> <span class='ocrx_word' id='word_1_211' title='bbox 3020 1446 3114 1491; x_wconf 89' lang='lat' dir='ltr'><strong>aut</strong></span> <span class='ocrx_word' id='word_1_212' title='bbox 3154 1436 3225 1491; x_wconf 89' lang='lat' dir='ltr'><strong>sit</strong></span> <span class='ocrx_word' id='word_1_213' title='bbox 3269 1436 3420 1507; x_wconf 91' lang='lat' dir='ltr'><strong>panis</strong></span> <span class='ocrx_word' id='word_1_214' title='bbox 3468 1454 3536 1494; x_wconf 82' lang='lat' dir='ltr'><strong>ex</strong></span> 
     </span>
    </p>
   </div>
   <div class='ocr_carea' id='block_1_30' title="bbox 1932 1527 3537 1599">
    <p class='ocr_par' dir='ltr' id='par_1_30' title="bbox 1932 1527 3537 1599">
     <span class='ocr_line' id='line_1_30' title="bbox 1932 1527 3537 1599; baseline 0.001 -15"><span class='ocrx_word' id='word_1_215' title='bbox 1932 1529 2094 1596; x_wconf 89' lang='lat' dir='ltr'><strong>farre,</strong></span> <span class='ocrx_word' id='word_1_216' title='bbox 2124 1538 2236 1596; x_wconf 90' lang='lat' dir='ltr'><strong>aut,</strong></span> <span class='ocrx_word' id='word_1_217' title='bbox 2289 1538 2346 1583; x_wconf 89' lang='lat' dir='ltr'><strong>ut</strong></span> <span class='ocrx_word' id='word_1_218' title='bbox 2374 1528 2567 1583; x_wconf 66' lang='lat' dir='ltr'><strong>aescula</strong></span> <span class='ocrx_word' id='word_1_219' title='bbox 2618 1527 2889 1583; x_wconf 87' lang='lat' dir='ltr'><strong>imitemur</strong></span> <span class='ocrx_word' id='word_1_220' title='bbox 2931 1528 3185 1599; x_wconf 87' lang='lat' dir='ltr'><strong>antiqua,</strong></span> <span class='ocrx_word' id='word_1_221' title='bbox 3238 1545 3304 1584; x_wconf 79' lang='lat' dir='ltr'><strong>ex</strong></span> <span class='ocrx_word' id='word_1_222' title='bbox 3352 1531 3537 1586; x_wconf 89' lang='lat' dir='ltr'><strong>cinere</strong></span> 
     </span>
    </p>
   </div>
   <div class='ocr_carea' id='block_1_31' title="bbox 1931 1619 3535 1692">
    <p class='ocr_par' dir='ltr' id='par_1_31' title="bbox 1931 1619 3535 1692">
     <span class='ocr_line' id='line_1_31' title="bbox 1931 1619 3535 1692; baseline -0.001 -15"><span class='ocrx_word' id='word_1_223' title='bbox 1931 1621 2086 1677; x_wconf 89' lang='lat' dir='ltr'><strong>caldo</strong></span> <span class='ocrx_word' id='word_1_224' title='bbox 2139 1619 2393 1692; x_wconf 89' lang='lat' dir='ltr'><strong>glandes,</strong></span> <span class='ocrx_word' id='word_1_225' title='bbox 2443 1630 2535 1674; x_wconf 91' lang='lat' dir='ltr'><strong>aut</strong></span> <span class='ocrx_word' id='word_1_226' title='bbox 2586 1635 2653 1674; x_wconf 78' lang='lat' dir='ltr'><strong>es</strong></span> <span class='ocrx_word' id='word_1_227' title='bbox 2710 1620 2876 1675; x_wconf 89' lang='lat' dir='ltr'><strong>ramis</strong></span> <span class='ocrx_word' id='word_1_228' title='bbox 2924 1621 3226 1691; x_wconf 85' lang='lat' dir='ltr'><strong>agrestibus</strong></span> <span class='ocrx_word' id='word_1_229' title='bbox 3269 1622 3535 1678; x_wconf 73' lang='lat' dir='ltr'><strong>bacculte.</strong></span> 
     </span>
    </p>
   </div>
   <div class='ocr_carea' id='block_1_32' title="bbox 1933 1712 3536 1784">
    <p class='ocr_par' dir='ltr' id='par_1_32' title="bbox 1933 1712 3536 1784">
     <span class='ocr_line' id='line_1_32' title="bbox 1933 1712 3536 1784; baseline -0.001 -13"><span class='ocrx_word' id='word_1_230' title='bbox 1933 1716 2087 1771; x_wconf 88' lang='lat' dir='ltr'><strong>Potio</strong></span> <span class='ocrx_word' id='word_1_231' title='bbox 2113 1727 2291 1769; x_wconf 89' lang='lat' dir='ltr'><strong>autem</strong></span> <span class='ocrx_word' id='word_1_232' title='bbox 2332 1712 2439 1769; x_wconf 77' lang='lat' dir='ltr'><strong>vini</strong></span> <span class='ocrx_word' id='word_1_233' title='bbox 2466 1714 2783 1784; x_wconf 50' lang='lat' dir='ltr'><strong>sit&#39;prorsus</strong></span> <span class='ocrx_word' id='word_1_234' title='bbox 2826 1714 3119 1784; x_wconf 86' lang='lat' dir='ltr'><strong>incognita,</strong></span> <span class='ocrx_word' id='word_1_235' title='bbox 3153 1730 3253 1770; x_wconf 85' lang='lat' dir='ltr'><strong>nec</strong></span> <span class='ocrx_word' id='word_1_236' title='bbox 3282 1716 3536 1771; x_wconf 79' lang='lat' dir='ltr'><strong>sedanda:</strong></span> 
     </span>
    </p>
   </div>
   <div class='ocr_carea' id='block_1_33' title="bbox 219 1804 3540 1891">
    <p class='ocr_par' dir='ltr' id='par_1_33' title="bbox 219 1804 3540 1891">
     <span class='ocr_line' id='line_1_33' title="bbox 219 1804 3540 1891; baseline -0.005 -15"><span class='ocrx_word' id='word_1_237' title='bbox 219 1830 316 1876; x_wconf 85' lang='lat' dir='ltr'><strong>aut</strong></span> <span class='ocrx_word' id='word_1_238' title='bbox 346 1819 536 1876; x_wconf 89' lang='lat' dir='ltr'><strong>horum</strong></span> <span class='ocrx_word' id='word_1_239' title='bbox 575 1819 821 1890; x_wconf 90' lang='lat' dir='ltr'><strong>alicujus,</strong></span> <span class='ocrx_word' id='word_1_240' title='bbox 851 1818 943 1891; x_wconf 90' lang='lat' dir='ltr'><strong>qui</strong></span> <span class='ocrx_word' id='word_1_241' title='bbox 972 1819 1234 1875; x_wconf 89' lang='lat' dir='ltr'><strong>acuminis</strong></span> <span class='ocrx_word' id='word_1_242' title='bbox 1265 1817 1621 1889; x_wconf 88' lang='lat' dir='ltr'><strong>perhibentur</strong></span> <span class='ocrx_word' id='word_1_243' title='bbox 1667 1816 1832 1872; x_wconf 87' lang='lat' dir='ltr'><strong>fuisse</strong></span> <span class='ocrx_word' id='word_1_244' title='bbox 1862 1814 1909 1873; x_wconf 89' lang='lat' dir='ltr'><strong>B</strong></span> <span class='ocrx_word' id='word_1_245' title='bbox 1937 1808 2081 1863; x_wconf 80' lang='lat' dir='ltr'><strong>aliud</strong></span> <span class='ocrx_word' id='word_1_246' title='bbox 2107 1807 2462 1862; x_wconf 69' lang='lat' dir='ltr'><strong>admoveatur</strong></span> <span class='ocrx_word' id='word_1_247' title='bbox 2502 1806 2625 1870; x_wconf 91' lang='lat' dir='ltr'><strong>siti,</strong></span> <span class='ocrx_word' id='word_1_248' title='bbox 2649 1822 2808 1876; x_wconf 84' lang='lat' dir='ltr'><strong>quam</strong></span> <span class='ocrx_word' id='word_1_249' title='bbox 2842 1808 3015 1876; x_wconf 88' lang='lat' dir='ltr'><strong>liquor</strong></span> <span class='ocrx_word' id='word_1_250' title='bbox 3050 1822 3216 1875; x_wconf 86' lang='lat' dir='ltr'><strong>purus</strong></span> <span class='ocrx_word' id='word_1_251' title='bbox 3242 1822 3273 1862; x_wconf 93' lang='lat' dir='ltr'><strong>e</strong></span> <span class='ocrx_word' id='word_1_252' title='bbox 3301 1804 3540 1863; x_wconf 89' lang='lat' dir='ltr'><strong>fontibus</strong></span> 
     </span>
    </p>
   </div>
   <div class='ocr_carea' id='block_1_34' title="bbox 224 1911 1831 1985">
    <p class='ocr_par' dir='ltr' id='par_1_34' title="bbox 224 1911 1831 1985">
     <span class='ocr_line' id='line_1_34' title="bbox 224 1911 1831 1985; baseline -0.004 -13"><span class='ocrx_word' id='word_1_253' title='bbox 224 1916 395 1972; x_wconf 88' lang='lat' dir='ltr'><strong>divini</strong></span> <span class='ocrx_word' id='word_1_254' title='bbox 430 1932 446 1971; x_wconf 87' lang='lat'><strong>:</strong></span> <span class='ocrx_word' id='word_1_255' title='bbox 477 1925 570 1972; x_wconf 86' lang='lat' dir='ltr'><strong>aut</strong></span> <span class='ocrx_word' id='word_1_256' title='bbox 596 1931 665 1972; x_wconf 82' lang='lat' dir='ltr'><strong>ex</strong></span> <span class='ocrx_word' id='word_1_257' title='bbox 706 1915 871 1970; x_wconf 89' lang='lat' dir='ltr'><strong>Deum</strong></span> <span class='ocrx_word' id='word_1_258' title='bbox 904 1915 1182 1985; x_wconf 82' lang='lat' dir='ltr'><strong>responsis</strong></span> <span class='ocrx_word' id='word_1_259' title='bbox 1211 1911 1597 1983; x_wconf 81' lang='lat' dir='ltr'><strong>sapientissimi</strong></span> <span class='ocrx_word' id='word_1_260' title='bbox 1625 1926 1831 1966; x_wconf 85' lang='lat' dir='ltr'><strong>nuncu-</strong></span> 
     </span>
    </p>
   </div>
   <div class='ocr_carea' id='block_1_35' title="bbox 224 2006 1833 2084">
    <p class='ocr_par' dir='ltr' id='par_1_35' title="bbox 224 2006 1833 2084">
     <span class='ocr_line' id='line_1_35' title="bbox 224 2006 1833 2084; baseline -0.002 -19"><span class='ocrx_word' id='word_1_261' title='bbox 224 2009 360 2084; x_wconf 87' lang='lat' dir='ltr'><strong>pati.</strong></span> <span class='ocrx_word' id='word_1_262' title='bbox 394 2010 548 2078; x_wconf 86' lang='lat' dir='ltr'><strong>Quod</strong></span> <span class='ocrx_word' id='word_1_263' title='bbox 594 2026 714 2066; x_wconf 91' lang='lat' dir='ltr'><strong>cum</strong></span> <span class='ocrx_word' id='word_1_264' title='bbox 758 2019 934 2066; x_wconf 88' lang='lat' dir='ltr'><strong>actum</strong></span> <span class='ocrx_word' id='word_1_265' title='bbox 978 2008 1169 2076; x_wconf 90' lang='lat' dir='ltr'><strong>fuerit,</strong></span> <span class='ocrx_word' id='word_1_266' title='bbox 1211 2007 1400 2064; x_wconf 90' lang='lat' dir='ltr'><strong>nutriri</strong></span> <span class='ocrx_word' id='word_1_267' title='bbox 1433 2019 1489 2062; x_wconf 92' lang='lat' dir='ltr'><strong>ut</strong></span> <span class='ocrx_word' id='word_1_268' title='bbox 1515 2006 1709 2063; x_wconf 82' lang='lat' dir='ltr'><strong>debeat</strong></span> <span class='ocrx_word' id='word_1_269' title='bbox 1746 2020 1833 2061; x_wconf 81' lang='lat' dir='ltr'><strong>se-</strong></span> 
     </span>
    </p>
   </div>
   <div class='ocr_carea' id='block_1_36' title="bbox 224 2098 1830 2174">
    <p class='ocr_par' dir='ltr' id='par_1_36' title="bbox 224 2098 1830 2174">
     <span class='ocr_line' id='line_1_36' title="bbox 224 2098 1830 2174; baseline -0.004 -16"><span class='ocrx_word' id='word_1_270' title='bbox 224 2103 434 2174; x_wconf 86' lang='lat' dir='ltr'><strong>quitur,</strong></span> <span class='ocrx_word' id='word_1_271' title='bbox 476 2111 532 2159; x_wconf 83' lang='lat' dir='ltr'><strong>et</strong></span> <span class='ocrx_word' id='word_1_272' title='bbox 579 2102 850 2159; x_wconf 89' lang='lat' dir='ltr'><strong>alimoniis</strong></span> <span class='ocrx_word' id='word_1_273' title='bbox 897 2101 1345 2159; x_wconf 85' lang='lat' dir='ltr'><strong>convenientibus</strong></span> <span class='ocrx_word' id='word_1_274' title='bbox 1387 2100 1628 2156; x_wconf 84' lang='lat' dir='ltr'><strong>educari.</strong></span> <span class='ocrx_word' id='word_1_275' title='bbox 1664 2098 1830 2154; x_wconf 88' lang='lat' dir='ltr'><strong>Adhi-</strong></span> 
     </span>
    </p>
   </div>
   <div class='ocr_carea' id='block_1_37' title="bbox 224 2191 1827 2270">
    <p class='ocr_par' dir='ltr' id='par_1_37' title="bbox 224 2191 1827 2270">
     <span class='ocr_line' id='line_1_37' title="bbox 224 2191 1827 2270; baseline -0.006 -15"><span class='ocrx_word' id='word_1_276' title='bbox 224 2197 452 2255; x_wconf 85' lang='lat' dir='ltr'><strong>beamus</strong></span> <span class='ocrx_word' id='word_1_277' title='bbox 473 2197 632 2270; x_wconf 86' lang='lat' dir='ltr'><strong>igitur</strong></span> <span class='ocrx_word' id='word_1_278' title='bbox 651 2206 705 2255; x_wconf 88' lang='lat' dir='ltr'><strong>et</strong></span> <span class='ocrx_word' id='word_1_279' title='bbox 721 2197 1007 2263; x_wconf 90' lang='lat' dir='ltr'><strong>nutricem,</strong></span> <span class='ocrx_word' id='word_1_280' title='bbox 1033 2211 1153 2268; x_wconf 85' lang='lat' dir='ltr'><strong>quae</strong></span> <span class='ocrx_word' id='word_1_281' title='bbox 1179 2210 1396 2266; x_wconf 89' lang='lat' dir='ltr'><strong>semper</strong></span> <span class='ocrx_word' id='word_1_282' title='bbox 1422 2193 1488 2249; x_wconf 87' lang='lat' dir='ltr'><strong>ad</strong></span> <span class='ocrx_word' id='word_1_283' title='bbox 1516 2209 1643 2249; x_wconf 89' lang='lat' dir='ltr'><strong>eum</strong></span> <span class='ocrx_word' id='word_1_284' title='bbox 1661 2191 1827 2257; x_wconf 88' lang='lat' dir='ltr'><strong>nuda,</strong></span> 
     </span>
    </p>
   </div>
   <div class='ocr_carea' id='block_1_38' title="bbox 1936 1900 3540 1971">
    <p class='ocr_par' dir='ltr' id='par_1_38' title="bbox 1936 1900 3540 1971">
     <span class='ocr_line' id='line_1_38' title="bbox 1936 1900 3540 1971; baseline -0.001 -13"><span class='ocrx_word' id='word_1_285' title='bbox 1936 1902 2153 1958; x_wconf 86' lang='lat' dir='ltr'><strong>caldore</strong></span> <span class='ocrx_word' id='word_1_286' title='bbox 2185 1900 2324 1970; x_wconf 83' lang='lat' dir='ltr'><strong>ignis</strong></span> <span class='ocrx_word' id='word_1_287' title='bbox 2353 1900 2586 1955; x_wconf 77' lang='lat' dir='ltr'><strong>intactus</strong></span> <span class='ocrx_word' id='word_1_288' title='bbox 2620 1917 2633 1953; x_wconf 92' lang='lat'><strong>:</strong></span> <span class='ocrx_word' id='word_1_289' title='bbox 2668 1908 2742 1964; x_wconf 90' lang='lat' dir='ltr'><strong>et,</strong></span> <span class='ocrx_word' id='word_1_290' title='bbox 2771 1900 2815 1954; x_wconf 91' lang='lat' dir='ltr'><strong>si</strong></span> <span class='ocrx_word' id='word_1_291' title='bbox 2842 1900 2958 1961; x_wconf 84' lang='lat' dir='ltr'><strong>fieri</strong></span> <span class='ocrx_word' id='word_1_292' title='bbox 2989 1903 3129 1971; x_wconf 89' lang='lat' dir='ltr'><strong>potis</strong></span> <span class='ocrx_word' id='word_1_293' title='bbox 3152 1912 3257 1968; x_wconf 70' lang='lat' dir='ltr'><strong>est,</strong></span> <span class='ocrx_word' id='word_1_294' title='bbox 3291 1903 3540 1960; x_wconf 88' lang='lat' dir='ltr'><strong>manibus</strong></span> 
     </span>
    </p>
   </div>
   <div class='ocr_carea' id='block_1_39' title="bbox 1935 1993 3541 2057">
    <p class='ocr_par' dir='ltr' id='par_1_39' title="bbox 1935 1993 3541 2057">
     <span class='ocr_line' id='line_1_39' title="bbox 1935 1993 3541 2057; baseline -0.002 -2"><span class='ocrx_word' id='word_1_295' title='bbox 1935 1998 2374 2056; x_wconf 88' lang='lat' dir='ltr'><strong>subministratus</strong></span> <span class='ocrx_word' id='word_1_296' title='bbox 2408 1995 2575 2051; x_wconf 88' lang='lat' dir='ltr'><strong>cavis.</strong></span> <span class='ocrx_word' id='word_1_297' title='bbox 2622 1993 2740 2049; x_wconf 87' lang='lat' dir='ltr'><strong>Fiet</strong></span> <span class='ocrx_word' id='word_1_298' title='bbox 2789 1995 2932 2050; x_wconf 91' lang='lat' dir='ltr'><strong>enim</strong></span> <span class='ocrx_word' id='word_1_299' title='bbox 2980 1994 3260 2057; x_wconf 74' lang='lat' dir='ltr'><strong>familiaris</strong></span> <span class='ocrx_word' id='word_1_300' title='bbox 3309 2011 3341 2051; x_wconf 89' lang='lat' dir='ltr'><strong>e</strong></span> <span class='ocrx_word' id='word_1_301' title='bbox 3388 2012 3541 2053; x_wconf 90' lang='lat' dir='ltr'><strong>more</strong></span> 
     </span>
    </p>
   </div>
   <div class='ocr_carea' id='block_1_40' title="bbox 1936 2090 3544 2161">
    <p class='ocr_par' dir='ltr' id='par_1_40' title="bbox 1936 2090 3544 2161">
     <span class='ocr_line' id='line_1_40' title="bbox 1936 2090 3544 2161; baseline -0.003 -11"><span class='ocrx_word' id='word_1_302' title='bbox 1936 2090 2271 2150; x_wconf 74' lang='lat' dir='ltr'><strong>consuetudo</strong></span> <span class='ocrx_word' id='word_1_303' title='bbox 2313 2090 2364 2144; x_wconf 92' lang='lat' dir='ltr'><strong>in</strong></span> <span class='ocrx_word' id='word_1_304' title='bbox 2410 2099 2656 2144; x_wconf 88' lang='lat' dir='ltr'><strong>naturam</strong></span> <span class='ocrx_word' id='word_1_305' title='bbox 2702 2104 2898 2145; x_wconf 79' lang='lat' dir='ltr'><strong>versa:</strong></span> <span class='ocrx_word' id='word_1_306' title='bbox 2931 2104 3032 2144; x_wconf 86' lang='lat' dir='ltr'><strong>nec</strong></span> <span class='ocrx_word' id='word_1_307' title='bbox 3073 2090 3336 2161; x_wconf 87' lang='lat' dir='ltr'><strong>appetitio</strong></span> <span class='ocrx_word' id='word_1_308' title='bbox 3371 2091 3544 2161; x_wconf 88' lang='lat' dir='ltr'><strong>porri-</strong></span> 
     </span>
    </p>
   </div>
   <div class='ocr_carea' id='block_1_41' title="bbox 1936 2182 3466 2260">
    <p class='ocr_par' dir='ltr' id='par_1_41' title="bbox 1936 2182 3466 2260">
     <span class='ocr_line' id='line_1_41' title="bbox 1936 2182 3466 2260; baseline -0.002 -18"><span class='ocrx_word' id='word_1_309' title='bbox 1936 2197 2091 2260; x_wconf 85' lang='lat' dir='ltr'><strong>getur</strong></span> <span class='ocrx_word' id='word_1_310' title='bbox 2121 2184 2364 2253; x_wconf 89' lang='lat' dir='ltr'><strong>ulterius,</strong></span> <span class='ocrx_word' id='word_1_311' title='bbox 2388 2198 2511 2241; x_wconf 88' lang='lat' dir='ltr'><strong>esse</strong></span> <span class='ocrx_word' id='word_1_312' title='bbox 2536 2182 2765 2252; x_wconf 87' lang='lat' dir='ltr'><strong>amplius</strong></span> <span class='ocrx_word' id='word_1_313' title='bbox 2793 2182 3040 2239; x_wconf 87' lang='lat' dir='ltr'><strong>nesciens</strong></span> <span class='ocrx_word' id='word_1_314' title='bbox 3064 2183 3204 2253; x_wconf 91' lang='lat' dir='ltr'><strong>quod</strong></span> <span class='ocrx_word' id='word_1_315' title='bbox 3234 2192 3466 2254; x_wconf 89' lang='lat' dir='ltr'><strong>petatur.</strong></span> 
     </span>
    </p>
   </div>
   <div class='ocr_carea' id='block_1_42' title="bbox 1413 2327 2263 2393">
    <p class='ocr_par' dir='ltr' id='par_1_42' title="bbox 1413 2327 2263 2393">
     <span class='ocr_line' id='line_1_42' title="bbox 1413 2327 2263 2393; baseline -0.012 -1"><span class='ocrx_word' id='word_1_316' title='bbox 1413 2333 1802 2393; x_wconf 64' lang='lat' dir='ltr'><strong>LECTIONES</strong></span> <span class='ocrx_word' id='word_1_317' title='bbox 1840 2327 2263 2389; x_wconf 76' lang='lat' dir='ltr'><strong>VARIANTES.</strong></span> 
     </span>
    </p>
   </div>
   <div class='ocr_carea' id='block_1_43' title="bbox 297 2453 961 2520">
    <p class='ocr_par' dir='ltr' id='par_1_43' title="bbox 297 2453 961 2520">
     <span class='ocr_line' id='line_1_43' title="bbox 297 2453 961 2520; baseline -0.005 -14"><span class='ocrx_word' id='word_1_318' title='bbox 297 2458 325 2487; x_wconf 76' lang='grc'>⁸</span> <span class='ocrx_word' id='word_1_319' title='bbox 368 2454 514 2506; x_wconf 77' lang='lat' dir='ltr'><strong>Addit</strong></span> <span class='ocrx_word' id='word_1_320' title='bbox 537 2453 680 2507; x_wconf 84' lang='lat' dir='ltr'><strong>Fulv.</strong></span> <span class='ocrx_word' id='word_1_321' title='bbox 707 2455 961 2520; x_wconf 85' lang='lat' dir='ltr'><strong>byemalis.</strong></span> 
     </span>
    </p>
   </div>
   <div class='ocr_carea' id='block_1_44' title="bbox 1586 2559 2155 2619">
    <p class='ocr_par' dir='ltr' id='par_1_44' title="bbox 1586 2559 2155 2619">
     <span class='ocr_line' id='line_1_44' title="bbox 1586 2559 2155 2619; baseline -0.005 0"><span class='ocrx_word' id='word_1_322' title='bbox 1586 2559 2155 2619; x_wconf 82' lang='lat' dir='ltr'><strong>COMMENTARIUS.</strong></span> 
     </span>
    </p>
   </div>
   <div class='ocr_carea' id='block_1_45' title="bbox 314 2703 1840 2774">
    <p class='ocr_par' dir='ltr' id='par_1_45' title="bbox 314 2703 1840 2774">
     <span class='ocr_line' id='line_1_45' title="bbox 314 2703 1840 2774; baseline -0.002 -13"><span class='ocrx_word' id='word_1_323' title='bbox 314 2707 424 2762; x_wconf 87' lang='lat' dir='ltr'><strong>Sed</strong></span> <span class='ocrx_word' id='word_1_324' title='bbox 465 2704 676 2759; x_wconf 86' lang='lat' dir='ltr'><strong>nothum</strong></span> <span class='ocrx_word' id='word_1_325' title='bbox 704 2703 901 2773; x_wconf 84' lang='lat' dir='ltr'><strong>aliquid</strong></span> <span class='ocrx_word' id='word_1_326' title='bbox 928 2703 1042 2774; x_wconf 75' lang='lat' dir='ltr'><strong>ﬁat.</strong></span> <span class='ocrx_word' id='word_1_327' title='bbox 1072 2703 1281 2759; x_wconf 85' lang='lat' dir='ltr'><strong>Sensus</strong></span> <span class='ocrx_word' id='word_1_328' title='bbox 1302 2710 1406 2759; x_wconf 60' lang='lat' dir='ltr'><strong>.est</strong></span> <span class='ocrx_word' id='word_1_329' title='bbox 1431 2721 1446 2759; x_wconf 89' lang='lat'><strong>:</strong></span> <span class='ocrx_word' id='word_1_330' title='bbox 1471 2703 1653 2758; x_wconf 82' lang='lat' dir='ltr'><strong>lumen</strong></span> <span class='ocrx_word' id='word_1_331' title='bbox 1684 2718 1840 2773; x_wconf 86' lang='lat' dir='ltr'><strong>pers-</strong></span> 
     </span>
    </p>
   </div>
   <div class='ocr_carea' id='block_1_46' title="bbox 233 2775 1845 2850">
    <p class='ocr_par' dir='ltr' id='par_1_46' title="bbox 233 2775 1845 2850">
     <span class='ocr_line' id='line_1_46' title="bbox 233 2775 1845 2850; baseline -0.001 -17"><span class='ocrx_word' id='word_1_332' title='bbox 233 2780 400 2850; x_wconf 89' lang='lat' dir='ltr'><strong>picue</strong></span> <span class='ocrx_word' id='word_1_333' title='bbox 433 2793 536 2850; x_wconf 81' lang='lat' dir='ltr'><strong>non</strong></span> <span class='ocrx_word' id='word_1_334' title='bbox 569 2777 890 2850; x_wconf 76' lang='lat' dir='ltr'><strong>excipiatur.</strong></span> <span class='ocrx_word' id='word_1_335' title='bbox 934 2775 1029 2830; x_wconf 82' lang='lat' dir='ltr'><strong>sed</strong></span> <span class='ocrx_word' id='word_1_336' title='bbox 1058 2777 1273 2850; x_wconf 78' lang='lat' dir='ltr'><strong>aliunde</strong></span> <span class='ocrx_word' id='word_1_337' title='bbox 1306 2792 1402 2845; x_wconf 89' lang='lat' dir='ltr'><strong>per</strong></span> <span class='ocrx_word' id='word_1_338' title='bbox 1433 2776 1672 2850; x_wconf 82' lang='lat' dir='ltr'><strong>rimulas</strong></span> <span class='ocrx_word' id='word_1_339' title='bbox 1703 2776 1845 2831; x_wconf 88' lang='lat' dir='ltr'><strong>irre-</strong></span> 
     </span>
    </p>
   </div>
   <div class='ocr_carea' id='block_1_47' title="bbox 238 2846 1838 2922">
    <p class='ocr_par' dir='ltr' id='par_1_47' title="bbox 238 2846 1838 2922">
     <span class='ocr_line' id='line_1_47' title="bbox 238 2846 1838 2922; baseline -0.003 -19"><span class='ocrx_word' id='word_1_340' title='bbox 238 2846 356 2922; x_wconf 71' lang='lat' dir='ltr'><strong>pat,</strong></span> <span class='ocrx_word' id='word_1_341' title='bbox 384 2848 521 2903; x_wconf 85' lang='lat' dir='ltr'><strong>adeo</strong></span> <span class='ocrx_word' id='word_1_342' title='bbox 545 2859 603 2902; x_wconf 93' lang='lat' dir='ltr'><strong>ut</strong></span> <span class='ocrx_word' id='word_1_343' title='bbox 630 2863 818 2922; x_wconf 81' lang='lat' dir='ltr'><strong>verum</strong></span> <span class='ocrx_word' id='word_1_344' title='bbox 852 2848 1029 2922; x_wconf 72' lang='lat' dir='ltr'><strong>lumen</strong></span> <span class='ocrx_word' id='word_1_345' title='bbox 1050 2846 1168 2922; x_wconf 86' lang='lat' dir='ltr'><strong>_dici</strong></span> <span class='ocrx_word' id='word_1_346' title='bbox 1200 2864 1306 2922; x_wconf 84' lang='lat' dir='ltr'><strong>non</strong></span> <span class='ocrx_word' id='word_1_347' title='bbox 1341 2848 1530 2922; x_wconf 65' lang='lat' dir='ltr'><strong>possit,</strong></span> <span class='ocrx_word' id='word_1_348' title='bbox 1581 2847 1838 2922; x_wconf 62' lang='lat' dir='ltr'><strong>sedsim-</strong></span> 
     </span>
    </p>
   </div>
   <div class='ocr_carea' id='block_1_48' title="bbox 244 2918 1842 3049">
    <p class='ocr_par' dir='ltr' id='par_1_48' title="bbox 244 2918 1842 3049">
     <span class='ocr_line' id='line_1_48' title="bbox 244 2918 1842 3049; baseline -0.001 -76"><span class='ocrx_word' id='word_1_349' title='bbox 244 2918 537 3049; x_wconf 51' lang='lat' dir='ltr'><strong>posiéi7v5mn</strong></span> <span class='ocrx_word' id='word_1_350' title='bbox 584 2930 638 2976; x_wconf 90' lang='lat' dir='ltr'><strong>et</strong></span> <span class='ocrx_word' id='word_1_351' title='bbox 674 2921 881 2975; x_wconf 76' lang='grc' dir='ltr'>νοθςίον.</span> <span class='ocrx_word' id='word_1_352' title='bbox 915 2919 1004 2975; x_wconf 89' lang='lat' dir='ltr'><strong>Sic</strong></span> <span class='ocrx_word' id='word_1_353' title='bbox 1049 2919 1329 2975; x_wconf 87' lang='lat' dir='ltr'><strong>Lucretius</strong></span> <span class='ocrx_word' id='word_1_354' title='bbox 1354 2919 1422 2974; x_wconf 90' lang='lat' dir='ltr'><strong>de</strong></span> <span class='ocrx_word' id='word_1_355' title='bbox 1452 2918 1624 2985; x_wconf 91' lang='lat' dir='ltr'><strong>Luna,</strong></span> <span class='ocrx_word' id='word_1_356' title='bbox 1660 2919 1755 2974; x_wconf 93' lang='lat' dir='ltr'><strong>lib.</strong></span> <span class='ocrx_word' id='word_1_357' title='bbox 1784 2934 1842 2986; x_wconf 88' lang='lat' dir='ltr'><strong>v,</strong></span> 
     </span>
     <span class='ocr_line' id='line_1_49' title="bbox 244 3009 504 3049; baseline -0.012 -1"><span class='ocrx_word' id='word_1_358' title='bbox 244 3009 328 3049; x_wconf 84' lang='lat' dir='ltr'><strong>vs.</strong></span> <span class='ocrx_word' id='word_1_359' title='bbox 491 3010 504 3045; x_wconf 92' lang='lat'>:</span> 
     </span>
    </p>
   </div>
   <div class='ocr_carea' id='block_1_49' title="bbox 242 3009 504 3050">
    <p class='ocr_par' dir='ltr' id='par_1_49' title="bbox 242 3009 504 3050">
     <span class='ocr_line' id='line_1_50' title="bbox 242 3009 504 3050; baseline -0.011 -2"><span class='ocrx_word' id='word_1_360' title='bbox 242 3009 328 3050; x_wconf 70' lang='lat' dir='ltr'><strong>VS.</strong></span> <span class='ocrx_word' id='word_1_361' title='bbox 360 3009 504 3049; x_wconf 73' lang='grc' dir='ltr'>ῡιῡε</span> 
     </span>
    </p>
   </div>
   <div class='ocr_carea' id='block_1_50' title="bbox 340 3085 1674 3149">
    <p class='ocr_par' dir='ltr' id='par_1_50' title="bbox 340 3085 1674 3149">
     <span class='ocr_line' id='line_1_51' title="bbox 340 3085 1674 3149; baseline 0 -14"><span class='ocrx_word' id='word_1_362' title='bbox 340 3085 598 3149; x_wconf 85' lang='lat' dir='ltr'><strong>Lunaque,</strong></span> <span class='ocrx_word' id='word_1_363' title='bbox 624 3086 732 3135; x_wconf 85' lang='lat' dir='ltr'><strong>sive</strong></span> <span class='ocrx_word' id='word_1_364' title='bbox 756 3085 905 3136; x_wconf 86' lang='lat' dir='ltr'><strong>notho</strong></span> <span class='ocrx_word' id='word_1_365' title='bbox 928 3085 1084 3137; x_wconf 81' lang='lat' dir='ltr'><strong>fertur</strong></span> <span class='ocrx_word' id='word_1_366' title='bbox 1104 3086 1209 3136; x_wconf 86' lang='lat' dir='ltr'><strong>loca</strong></span> <span class='ocrx_word' id='word_1_367' title='bbox 1234 3085 1422 3136; x_wconf 83' lang='lat' dir='ltr'><strong>lumine</strong></span> <span class='ocrx_word' id='word_1_368' title='bbox 1439 3086 1674 3147; x_wconf 85' lang='lat' dir='ltr'><strong>lustrans,</strong></span> 
     </span>
    </p>
   </div>
   <div class='ocr_carea' id='block_1_51' title="bbox 344 3149 1547 3259">
    <p class='ocr_par' dir='ltr' id='par_1_51' title="bbox 344 3149 1547 3259">
     <span class='ocr_line' id='line_1_52' title="bbox 344 3149 1547 3259; baseline 0 -61"><span class='ocrx_word' id='word_1_369' title='bbox 344 3150 464 3199; x_wconf 87' lang='lat' dir='ltr'><strong>Sive</strong></span> <span class='ocrx_word' id='word_1_370' title='bbox 489 3162 626 3198; x_wconf 86' lang='lat' dir='ltr'><strong>suam</strong></span> <span class='ocrx_word' id='word_1_371' title='bbox 633 3151 852 3259; x_wconf 53' lang='lat' dir='ltr'><strong>(proprio</strong></span> <span class='ocrx_word' id='word_1_372' title='bbox 866 3149 1023 3259; x_wconf 56' lang='lat' dir='ltr'><strong>lilactat</strong></span> <span class='ocrx_word' id='word_1_373' title='bbox 1043 3149 1106 3199; x_wconf 90' lang='lat' dir='ltr'><strong>de</strong></span> <span class='ocrx_word' id='word_1_374' title='bbox 1131 3162 1338 3210; x_wconf 82' lang='lat' dir='ltr'><strong>corpore</strong></span> <span class='ocrx_word' id='word_1_375' title='bbox 1363 3150 1547 3209; x_wconf 86' lang='lat' dir='ltr'><strong>lucem,</strong></span> 
     </span>
     <span class='ocr_line' id='line_1_53' title="bbox 345 3210 1547 3259; baseline 0 0"><span class='ocrx_word' id='word_1_376' title='bbox 345 3211 591 3259; x_wconf 86' lang='lat' dir='ltr'><strong>Ouiduuid</strong></span> <span class='ocrx_word' id='word_1_377' title='bbox 615 3212 631 3259; x_wconf 91' lang='lat' dir='ltr'><strong>i</strong></span> <span class='ocrx_word' id='word_1_378' title='bbox 690 3219 785 3259; x_wconf 89' lang='lat' dir='ltr'><strong>est.</strong></span> <span class='ocrx_word' id='word_1_379' title='bbox 812 3212 859 3259; x_wconf 91' lang='lat' dir='ltr'><strong>ni</strong></span> <span class='ocrx_word' id='word_1_380' title='bbox 901 3212 966 3259; x_wconf 90' lang='lat' dir='ltr'><strong>ilo</strong></span> <span class='ocrx_word' id='word_1_381' title='bbox 985 3211 1145 3259; x_wconf 78' lang='lat' dir='ltr'><strong>fertur</strong></span> <span class='ocrx_word' id='word_1_382' title='bbox 1170 3213 1354 3259; x_wconf 71' lang='lat' dir='ltr'><strong>maiore</strong></span> <span class='ocrx_word' id='word_1_383' title='bbox 1378 3210 1547 3259; x_wconf 58' lang='lat' dir='ltr'><strong>figura.</strong></span> 
     </span>
    </p>
   </div>
   <div class='ocr_carea' id='block_1_52' title="bbox 345 3210 1556 3277">
    <p class='ocr_par' dir='ltr' id='par_1_52' title="bbox 345 3210 1556 3277">
     <span class='ocr_line' id='line_1_54' title="bbox 345 3210 1556 3277; baseline 0 -16"><span class='ocrx_word' id='word_1_384' title='bbox 345 3211 591 3275; x_wconf 81' lang='lat' dir='ltr'><strong>Quidquid</strong></span> <span class='ocrx_word' id='word_1_385' title='bbox 615 3210 665 3261; x_wconf 88' lang='lat' dir='ltr'><strong>id</strong></span> <span class='ocrx_word' id='word_1_386' title='bbox 690 3210 786 3271; x_wconf 80' lang='lat' dir='ltr'><strong>est,</strong></span> <span class='ocrx_word' id='word_1_387' title='bbox 812 3210 966 3261; x_wconf 80' lang='lat' dir='ltr'><strong>nihilo</strong></span> <span class='ocrx_word' id='word_1_388' title='bbox 985 3211 1145 3261; x_wconf 78' lang='lat' dir='ltr'><strong>fertur</strong></span> <span class='ocrx_word' id='word_1_389' title='bbox 1170 3213 1354 3277; x_wconf 69' lang='lat' dir='ltr'><strong>majore</strong></span> <span class='ocrx_word' id='word_1_390' title='bbox 1378 3210 1556 3275; x_wconf 80' lang='lat' dir='ltr'><strong>ﬁgura.</strong></span> 
     </span>
    </p>
   </div>
   <div class='ocr_carea' id='block_1_53' title="bbox 246 3317 1110 3384">
    <p class='ocr_par' dir='ltr' id='par_1_53' title="bbox 246 3317 1110 3384">
     <span class='ocr_line' id='line_1_55' title="bbox 246 3317 1110 3384; baseline -0.002 -7"><span class='ocrx_word' id='word_1_391' title='bbox 246 3328 305 3377; x_wconf 84' lang='lat' dir='ltr'><strong>et</strong></span> <span class='ocrx_word' id='word_1_392' title='bbox 338 3318 540 3375; x_wconf 87' lang='lat' dir='ltr'><strong>Catull.</strong></span> <span class='ocrx_word' id='word_1_393' title='bbox 569 3333 737 3373; x_wconf 90' lang='lat' dir='ltr'><strong>carm.</strong></span> <span class='ocrx_word' id='word_1_394' title='bbox 769 3317 858 3384; x_wconf 73' lang='grc'><strong>54,</strong></span> <span class='ocrx_word' id='word_1_395' title='bbox 887 3333 970 3371; x_wconf 85' lang='lat' dir='ltr'><strong>vs.</strong></span> <span class='ocrx_word' id='word_1_396' title='bbox 998 3318 1064 3373; x_wconf 80' lang='grc'><strong>15</strong></span> <span class='ocrx_word' id='word_1_397' title='bbox 1099 3339 1110 3375; x_wconf 90' lang='lat'>:</span> 
     </span>
    </p>
   </div>
   <div class='ocr_carea' id='block_1_54' title="bbox 504 3409 1325 3475">
    <p class='ocr_par' dir='ltr' id='par_1_54' title="bbox 504 3409 1325 3475">
     <span class='ocr_line' id='line_1_56' title="bbox 504 3409 1325 3475; baseline 0.002 -17"><span class='ocrx_word' id='word_1_398' title='bbox 504 3410 578 3475; x_wconf 55' lang='lat' dir='ltr'><strong>Tu</strong></span> <span class='ocrx_word' id='word_1_399' title='bbox 599 3418 781 3475; x_wconf 85' lang='lat' dir='ltr'><strong>potens</strong></span> <span class='ocrx_word' id='word_1_400' title='bbox 801 3410 989 3475; x_wconf 70' lang='lat' dir='ltr'><strong>Trivia,</strong></span> <span class='ocrx_word' id='word_1_401' title='bbox 1016 3416 1067 3461; x_wconf 88' lang='lat' dir='ltr'><strong>et</strong></span> <span class='ocrx_word' id='word_1_402' title='bbox 1091 3409 1241 3460; x_wconf 90' lang='lat' dir='ltr'><strong>notho</strong></span> <span class='ocrx_word' id='word_1_403' title='bbox 1267 3423 1325 3460; x_wconf 87' lang='lat' dir='ltr'><strong>es</strong></span> 
     </span>
    </p>
   </div>
   <div class='ocr_carea' id='block_1_55' title="bbox 503 3472 1035 3525">
    <p class='ocr_par' dir='ltr' id='par_1_55' title="bbox 503 3472 1035 3525">
     <span class='ocr_line' id='line_1_57' title="bbox 503 3472 1035 3525; baseline -0.002 -2"><span class='ocrx_word' id='word_1_404' title='bbox 503 3472 646 3525; x_wconf 73' lang='lat' dir='ltr'><strong>Dicta</strong></span> <span class='ocrx_word' id='word_1_405' title='bbox 669 3473 856 3523; x_wconf 88' lang='lat' dir='ltr'><strong>lumine</strong></span> <span class='ocrx_word' id='word_1_406' title='bbox 878 3472 1035 3524; x_wconf 86' lang='lat' dir='ltr'><strong>Luna.</strong></span> 
     </span>
    </p>
   </div>
   <div class='ocr_carea' id='block_1_56' title="bbox 330 3575 1863 3649">
    <p class='ocr_par' dir='ltr' id='par_1_56' title="bbox 330 3575 1863 3649">
     <span class='ocr_line' id='line_1_58' title="bbox 330 3575 1863 3649; baseline -0.005 -12"><span class='ocrx_word' id='word_1_407' title='bbox 330 3582 522 3637; x_wconf 75' lang='lat' dir='ltr'><strong>Paton.</strong></span> <span class='ocrx_word' id='word_1_408' title='bbox 567 3579 671 3635; x_wconf 85' lang='lat' dir='ltr'><strong>Alii</strong></span> <span class='ocrx_word' id='word_1_409' title='bbox 720 3578 908 3649; x_wconf 86' lang='lat' dir='ltr'><strong>legunt</strong></span> <span class='ocrx_word' id='word_1_410' title='bbox 949 3595 1154 3633; x_wconf 82' lang='lat' dir='ltr'><strong>nouum.</strong></span> <span class='ocrx_word' id='word_1_411' title='bbox 1183 3577 1317 3633; x_wconf 86' lang='lat' dir='ltr'><strong>Cod.</strong></span> <span class='ocrx_word' id='word_1_412' title='bbox 1355 3593 1457 3631; x_wconf 85' lang='lat' dir='ltr'><strong>ms.</strong></span> <span class='ocrx_word' id='word_1_413' title='bbox 1504 3585 1702 3631; x_wconf 88' lang='lat' dir='ltr'><strong>notum.</strong></span> <span class='ocrx_word' id='word_1_414' title='bbox 1746 3575 1863 3630; x_wconf 90' lang='lat' dir='ltr'><strong>No-</strong></span> 
     </span>
    </p>
   </div>
   <div class='ocr_carea' id='block_1_57' title="bbox 255 3649 1567 3717">
    <p class='ocr_par' dir='ltr' id='par_1_57' title="bbox 255 3649 1567 3717">
     <span class='ocr_line' id='line_1_59' title="bbox 255 3649 1567 3717; baseline -0.004 -8"><span class='ocrx_word' id='word_1_415' title='bbox 255 3656 408 3711; x_wconf 79' lang='lat' dir='ltr'><strong>thum</strong></span> <span class='ocrx_word' id='word_1_416' title='bbox 433 3662 518 3707; x_wconf 83' lang='lat' dir='ltr'><strong>est</strong></span> <span class='ocrx_word' id='word_1_417' title='bbox 547 3667 610 3705; x_wconf 80' lang='lat' dir='ltr'><strong>cx</strong></span> <span class='ocrx_word' id='word_1_418' title='bbox 641 3650 1023 3706; x_wconf 78' lang='lat' dir='ltr'><strong>emendatione</strong></span> <span class='ocrx_word' id='word_1_419' title='bbox 1051 3650 1329 3717; x_wconf 83' lang='lat' dir='ltr'><strong>Scaligeri.</strong></span> <span class='ocrx_word' id='word_1_420' title='bbox 1360 3649 1567 3704; x_wconf 76' lang='lat' dir='ltr'><strong>ORELL.</strong></span> 
     </span>
    </p>
   </div>
   <div class='ocr_carea' id='block_1_58' title="bbox 337 3718 1863 3793">
    <p class='ocr_par' dir='ltr' id='par_1_58' title="bbox 337 3718 1863 3793">
     <span class='ocr_line' id='line_1_60' title="bbox 337 3718 1863 3793; baseline -0.003 -14"><span class='ocrx_word' id='word_1_421' title='bbox 337 3724 644 3790; x_wconf 75' lang='lat' dir='ltr'><strong>Inﬂexibus.</strong></span> <span class='ocrx_word' id='word_1_422' title='bbox 693 3721 769 3777; x_wconf 89' lang='lat' dir='ltr'><strong>Ita</strong></span> <span class='ocrx_word' id='word_1_423' title='bbox 801 3722 1074 3778; x_wconf 83' lang='lat' dir='ltr'><strong>Stewet-h.</strong></span> <span class='ocrx_word' id='word_1_424' title='bbox 1123 3732 1386 3793; x_wconf 88' lang='lat' dir='ltr'><strong>sequente</strong></span> <span class='ocrx_word' id='word_1_425' title='bbox 1432 3722 1641 3776; x_wconf 86' lang='lat' dir='ltr'><strong>editore</strong></span> <span class='ocrx_word' id='word_1_426' title='bbox 1686 3718 1863 3788; x_wconf 86' lang='lat' dir='ltr'><strong>Lugd.</strong></span> 
     </span>
    </p>
   </div>
   <div class='ocr_carea' id='block_1_59' title="bbox 258 3793 1861 3863">
    <p class='ocr_par' dir='ltr' id='par_1_59' title="bbox 258 3793 1861 3863">
     <span class='ocr_line' id='line_1_61' title="bbox 258 3793 1861 3863; baseline -0.004 -12"><span class='ocrx_word' id='word_1_427' title='bbox 258 3799 366 3855; x_wconf 83' lang='lat' dir='ltr'><strong>Bat</strong></span> <span class='ocrx_word' id='word_1_428' title='bbox 421 3796 507 3850; x_wconf 81' lang='lat' dir='ltr'><strong>Est</strong></span> <span class='ocrx_word' id='word_1_429' title='bbox 544 3803 721 3849; x_wconf 90' lang='lat' dir='ltr'><strong>autem</strong></span> <span class='ocrx_word' id='word_1_430' title='bbox 752 3795 821 3849; x_wconf 90' lang='lat' dir='ltr'><strong>ab</strong></span> <span class='ocrx_word' id='word_1_431' title='bbox 849 3795 1095 3862; x_wconf 69' lang='lat' dir='ltr'><strong>inﬂexus,</strong></span> <span class='ocrx_word' id='word_1_432' title='bbox 1124 3811 1204 3858; x_wconf 86' lang='lat' dir='ltr'><strong>us,</strong></span> <span class='ocrx_word' id='word_1_433' title='bbox 1238 3809 1335 3863; x_wconf 92' lang='lat' dir='ltr'><strong>pro</strong></span> <span class='ocrx_word' id='word_1_434' title='bbox 1370 3793 1606 3863; x_wconf 72' lang='lat' dir='ltr'><strong>iit/lexin,</strong></span> <span class='ocrx_word' id='word_1_435' title='bbox 1639 3800 1692 3845; x_wconf 93' lang='lat' dir='ltr'><strong>ut</strong></span> <span class='ocrx_word' id='word_1_436' title='bbox 1722 3808 1861 3845; x_wconf 88' lang='lat' dir='ltr'><strong>com-</strong></span> 
     </span>
    </p>
   </div>
   <div class='ocr_carea' id='block_1_60' title="bbox 259 3864 1868 3935">
    <p class='ocr_par' dir='ltr' id='par_1_60' title="bbox 259 3864 1868 3935">
     <span class='ocr_line' id='line_1_62' title="bbox 259 3864 1868 3935; baseline -0.005 -11"><span class='ocrx_word' id='word_1_437' title='bbox 259 3879 492 3925; x_wconf 87' lang='lat' dir='ltr'><strong>mutatus</strong></span> <span class='ocrx_word' id='word_1_438' title='bbox 508 3883 605 3935; x_wconf 89' lang='lat' dir='ltr'><strong>pro</strong></span> <span class='ocrx_word' id='word_1_439' title='bbox 621 3867 970 3920; x_wconf 88' lang='lat' dir='ltr'><strong>commutatio.</strong></span> <span class='ocrx_word' id='word_1_440' title='bbox 1001 3866 1217 3923; x_wconf 89' lang='lat' dir='ltr'><strong>Lucret.</strong></span> <span class='ocrx_word' id='word_1_441' title='bbox 1238 3882 1275 3928; x_wconf 89' lang='grc' dir='ltr'><strong>ι,</strong></span> <span class='ocrx_word' id='word_1_442' title='bbox 1300 3880 1444 3920; x_wconf 87' lang='lat' dir='ltr'><strong>vers.</strong></span> <span class='ocrx_word' id='word_1_443' title='bbox 1471 3864 1597 3931; x_wconf 77' lang='grc'><strong>805,</strong></span> <span class='ocrx_word' id='word_1_444' title='bbox 1628 3864 1868 3933; x_wconf 85' lang='lat' dir='ltr'><strong>apinatus</strong></span> 
     </span>
    </p>
   </div>
   <div class='ocr_carea' id='block_1_61' title="bbox 259 3935 1864 4012">
    <p class='ocr_par' dir='ltr' id='par_1_61' title="bbox 259 3935 1864 4012">
     <span class='ocr_line' id='line_1_63' title="bbox 259 3935 1864 4012; baseline -0.002 -20"><span class='ocrx_word' id='word_1_445' title='bbox 259 3958 366 4012; x_wconf 84' lang='lat' dir='ltr'><strong>pro</strong></span> <span class='ocrx_word' id='word_1_446' title='bbox 393 3939 588 4012; x_wconf 77' lang='lat' dir='ltr'><strong>apiuio;</strong></span> <span class='ocrx_word' id='word_1_447' title='bbox 614 3938 812 4012; x_wconf 53' lang='lat' dir='ltr'><strong>idntv,</strong></span> <span class='ocrx_word' id='word_1_448' title='bbox 836 3938 966 4001; x_wconf 67' lang='lat'><strong>466;</strong></span> <span class='ocrx_word' id='word_1_449' title='bbox 986 3936 1261 4012; x_wconf 68' lang='lat' dir='ltr'><strong>Corijectus</strong></span> <span class='ocrx_word' id='word_1_450' title='bbox 1293 3954 1386 4012; x_wconf 82' lang='lat' dir='ltr'><strong>pro</strong></span> <span class='ocrx_word' id='word_1_451' title='bbox 1404 3936 1674 4012; x_wconf 67' lang='lat' dir='ltr'><strong>confectio,</strong></span> <span class='ocrx_word' id='word_1_452' title='bbox 1692 3935 1782 3989; x_wconf 90' lang='lat' dir='ltr'><strong>liv.</strong></span> <span class='ocrx_word' id='word_1_453' title='bbox 1810 3950 1864 4012; x_wconf 65' lang='grc' dir='ltr'><strong>γ.</strong></span> 
     </span>
    </p>
   </div>
   <div class='ocr_carea' id='block_1_62' title="bbox 260 4005 1869 4081">
    <p class='ocr_par' dir='ltr' id='par_1_62' title="bbox 260 4005 1869 4081">
     <span class='ocr_line' id='line_1_64' title="bbox 260 4005 1869 4081; baseline -0.002 -17"><span class='ocrx_word' id='word_1_454' title='bbox 260 4005 413 4069; x_wconf 57' lang='lat' dir='ltr'><strong>vers.</strong></span> <span class='ocrx_word' id='word_1_455' title='bbox 446 4011 576 4076; x_wconf 75' lang='lat' dir='ltr'><strong>M7,</strong></span> <span class='ocrx_word' id='word_1_456' title='bbox 614 4008 910 4063; x_wconf 86' lang='lat' dir='ltr'><strong>Declinatus</strong></span> <span class='ocrx_word' id='word_1_457' title='bbox 950 4024 1050 4081; x_wconf 77' lang='lat' dir='ltr'><strong>pro</strong></span> <span class='ocrx_word' id='word_1_458' title='bbox 1089 4005 1363 4063; x_wconf 73' lang='lat' dir='ltr'><strong>declinatio</strong></span> <span class='ocrx_word' id='word_1_459' title='bbox 1405 4024 1492 4076; x_wconf 88' lang='lat' dir='ltr'><strong>ap.</strong></span> <span class='ocrx_word' id='word_1_460' title='bbox 1522 4007 1746 4081; x_wconf 79' lang='lat' dir='ltr'><strong>Varron.</strong></span> <span class='ocrx_word' id='word_1_461' title='bbox 1784 4005 1869 4081; x_wconf 69' lang='lat' dir='ltr'><strong>de</strong></span> 
     </span>
    </p>
   </div>
   <div class='ocr_carea' id='block_1_63' title="bbox 260 4077 1867 4154">
    <p class='ocr_par' dir='ltr' id='par_1_63' title="bbox 260 4077 1867 4154">
     <span class='ocr_line' id='line_1_65' title="bbox 260 4077 1867 4154; baseline -0.005 -14"><span class='ocrx_word' id='word_1_462' title='bbox 260 4085 404 4154; x_wconf 84' lang='lat' dir='ltr'><strong>Iiug.</strong></span> <span class='ocrx_word' id='word_1_463' title='bbox 453 4083 575 4154; x_wconf 46' lang='lat' dir='ltr'><strong>lat,</strong></span> <span class='ocrx_word' id='word_1_464' title='bbox 623 4081 932 4151; x_wconf 80' lang='lat' dir='ltr'><strong>aliquoties.</strong></span> <span class='ocrx_word' id='word_1_465' title='bbox 953 4077 1157 4137; x_wconf 55' lang='lat' dir='ltr'><strong>&#39;Fissus</strong></span> <span class='ocrx_word' id='word_1_466' title='bbox 1199 4098 1295 4154; x_wconf 84' lang='lat' dir='ltr'><strong>pro</strong></span> <span class='ocrx_word' id='word_1_467' title='bbox 1325 4081 1489 4147; x_wconf 84' lang='lat' dir='ltr'><strong>ﬁssio,</strong></span> <span class='ocrx_word' id='word_1_468' title='bbox 1526 4077 1867 4154; x_wconf 24' lang='lat' dir='ltr'><strong>Aap._ilani|_.,</strong></span> 
     </span>
    </p>
   </div>
   <div class='ocr_carea' id='block_1_64' title="bbox 265 4149 1865 4222">
    <p class='ocr_par' dir='ltr' id='par_1_64' title="bbox 265 4149 1865 4222">
     <span class='ocr_line' id='line_1_66' title="bbox 265 4149 1865 4222; baseline -0.008 -9"><span class='ocrx_word' id='word_1_469' title='bbox 265 4149 377 4213; x_wconf 57' lang='lat' dir='ltr'><strong>lib:</strong></span> <span class='ocrx_word' id='word_1_470' title='bbox 403 4169 442 4207; x_wconf 90' lang='lat' dir='ltr'><strong>t.</strong></span> <span class='ocrx_word' id='word_1_471' title='bbox 478 4152 633 4216; x_wconf 80' lang='lat' dir='ltr'><strong>Vide.</strong></span> <span class='ocrx_word' id='word_1_472' title='bbox 682 4149 771 4218; x_wconf 83' lang='lat' dir='ltr'><strong>qui</strong></span> <span class='ocrx_word' id='word_1_473' title='bbox 805 4155 955 4222; x_wconf 89' lang='lat' dir='ltr'><strong>plura</strong></span> <span class='ocrx_word' id='word_1_474' title='bbox 1004 4152 1247 4221; x_wconf 84' lang='lat' dir='ltr'><strong>exempla</strong></span> <span class='ocrx_word' id='word_1_475' title='bbox 1292 4151 1585 4219; x_wconf 76' lang='lat' dir='ltr'><strong>congessit,</strong></span> <span class='ocrx_word' id='word_1_476' title='bbox 1614 4149 1865 4222; x_wconf 83' lang='lat' dir='ltr'><strong>Tennull.</strong></span> 
     </span>
    </p>
   </div>
   <div class='ocr_carea' id='block_1_65' title="bbox 266 4220 1865 4294">
    <p class='ocr_par' dir='ltr' id='par_1_65' title="bbox 266 4220 1865 4294">
     <span class='ocr_line' id='line_1_67' title="bbox 266 4220 1865 4294; baseline -0.004 -12"><span class='ocrx_word' id='word_1_477' title='bbox 266 4227 338 4282; x_wconf 82' lang='lat' dir='ltr'><strong>ad</strong></span> <span class='ocrx_word' id='word_1_478' title='bbox 362 4224 623 4280; x_wconf 72' lang='lat' dir='ltr'><strong>Frontin.</strong></span> <span class='ocrx_word' id='word_1_479' title='bbox 664 4220 991 4292; x_wconf 35' lang='lat' dir='ltr'><strong>Strat—egem.</strong></span> <span class='ocrx_word' id='word_1_480' title='bbox 1024 4224 1120 4279; x_wconf 87' lang='lat' dir='ltr'><strong>lib.</strong></span> <span class='ocrx_word' id='word_1_481' title='bbox 1154 4220 1190 4287; x_wconf 87' lang='lat' dir='ltr'><strong>t,</strong></span> <span class='ocrx_word' id='word_1_482' title='bbox 1239 4224 1449 4294; x_wconf 67' lang='lat' dir='ltr'><strong>prmfat.</strong></span> <span class='ocrx_word' id='word_1_483' title='bbox 1493 4238 1625 4294; x_wconf 83' lang='lat' dir='ltr'><strong>pag.</strong></span> <span class='ocrx_word' id='word_1_484' title='bbox 1663 4223 1728 4294; x_wconf 65' lang='lat' dir='ltr'><strong>Ei,</strong></span> <span class='ocrx_word' id='word_1_485' title='bbox 1777 4220 1865 4294; x_wconf 81' lang='lat' dir='ltr'><strong>ed.</strong></span> 
     </span>
    </p>
   </div>
   <div class='ocr_carea' id='block_1_66' title="bbox 268 4291 1870 4367">
    <p class='ocr_par' dir='ltr' id='par_1_66' title="bbox 268 4291 1870 4367">
     <span class='ocr_line' id='line_1_68' title="bbox 268 4291 1870 4367; baseline -0.006 -11"><span class='ocrx_word' id='word_1_486' title='bbox 268 4297 626 4366; x_wconf 85' lang='lat' dir='ltr'><strong>Oudendorp.</strong></span> <span class='ocrx_word' id='word_1_487' title='bbox 662 4295 768 4352; x_wconf 83' lang='lat' dir='ltr'><strong>Alii</strong></span> <span class='ocrx_word' id='word_1_488' title='bbox 794 4291 1178 4367; x_wconf 64' lang='lat' dir='ltr'><strong>inﬂationibus.</strong></span> <span class='ocrx_word' id='word_1_489' title='bbox 1214 4291 1539 4367; x_wconf 60' lang='lat' dir='ltr'><strong>Arntzenius</strong></span> <span class='ocrx_word' id='word_1_490' title='bbox 1566 4291 1631 4348; x_wconf 75' lang='lat' dir='ltr'><strong>ad</strong></span> <span class='ocrx_word' id='word_1_491' title='bbox 1658 4291 1870 4367; x_wconf 79' lang='lat' dir='ltr'><strong>Nazarii</strong></span> 
     </span>
    </p>
   </div>
   <div class='ocr_carea' id='block_1_67' title="bbox 269 4364 1870 4439">
    <p class='ocr_par' dir='ltr' id='par_1_67' title="bbox 269 4364 1870 4439">
     <span class='ocr_line' id='line_1_69' title="bbox 269 4364 1870 4439; baseline -0.006 -12"><span class='ocrx_word' id='word_1_492' title='bbox 269 4371 481 4432; x_wconf 68' lang='lat' dir='ltr'><strong>Pauca.</strong></span> <span class='ocrx_word' id='word_1_493' title='bbox 511 4364 934 4430; x_wconf 76' lang='lat' dir='ltr'><strong>inConstautin.</strong></span> <span class='ocrx_word' id='word_1_494' title='bbox 962 4367 1024 4423; x_wconf 86' lang='lat' dir='ltr'><strong>C.</strong></span> <span class='ocrx_word' id='word_1_495' title='bbox 1062 4369 1125 4437; x_wconf 70' lang='grc' dir='ltr'><strong>ν,</strong></span> <span class='ocrx_word' id='word_1_496' title='bbox 1157 4367 1185 4439; x_wconf 81' lang='lat'><strong>§</strong></span> <span class='ocrx_word' id='word_1_497' title='bbox 1227 4368 1281 4423; x_wconf 89' lang='grc'><strong>6.</strong></span> <span class='ocrx_word' id='word_1_498' title='bbox 1321 4366 1561 4439; x_wconf 86' lang='lat' dir='ltr'><strong>Legend.</strong></span> <span class='ocrx_word' id='word_1_499' title='bbox 1595 4364 1740 4436; x_wconf 89' lang='lat' dir='ltr'><strong>conj.</strong></span> <span class='ocrx_word' id='word_1_500' title='bbox 1774 4381 1870 4417; x_wconf 86' lang='lat' dir='ltr'><strong>an—</strong></span> 
     </span>
    </p>
   </div>
   <div class='ocr_carea' id='block_1_68' title="bbox 273 4440 1046 4515">
    <p class='ocr_par' dir='ltr' id='par_1_68' title="bbox 273 4440 1046 4515">
     <span class='ocr_line' id='line_1_70' title="bbox 273 4440 1046 4515; baseline 0 -19"><span class='ocrx_word' id='word_1_501' title='bbox 273 4440 808 4515; x_wconf 58' lang='lat' dir='ltr'><strong>fractibusﬂea&#39;uosis.</strong></span> <span class='ocrx_word' id='word_1_502' title='bbox 842 4440 1046 4515; x_wconf 75' lang='lat' dir='ltr'><strong>OBELL.</strong></span> 
     </span>
    </p>
   </div>
   <div class='ocr_carea' id='block_1_69' title="bbox 352 4510 1953 4594">
    <p class='ocr_par' dir='ltr' id='par_1_69' title="bbox 352 4510 1953 4594">
     <span class='ocr_line' id='line_1_71' title="bbox 352 4510 1953 4594; baseline -0.004 -27"><span class='ocrx_word' id='word_1_503' title='bbox 352 4511 496 4594; x_wconf 57' lang='lat' dir='ltr'><strong>XXI.</strong></span> <span class='ocrx_word' id='word_1_504' title='bbox 553 4541 627 4594; x_wconf 63' lang='grc' dir='ltr'><strong>-τ</strong></span> <span class='ocrx_word' id='word_1_505' title='bbox 658 4510 833 4594; x_wconf 42' lang='lat' dir='ltr'><strong>.Nunc</strong></span> <span class='ocrx_word' id='word_1_506' title='bbox 869 4514 1126 4594; x_wconf 40' lang='lat' dir='ltr'><strong>.q_uoniam</strong></span> <span class='ocrx_word' id='word_1_507' title='bbox 1190 4510 1404 4594; x_wconf 71' lang='lat' dir='ltr'><strong>imagini</strong></span> <span class='ocrx_word' id='word_1_508' title='bbox 1469 4511 1874 4594; x_wconf 63' lang='lat' dir='ltr'><strong>pra&#39;pararimus</strong></span> <span class='ocrx_word' id='word_1_509' title='bbox 1899 4532 1953 4593; x_wconf 82' lang='lat' dir='ltr'><strong>D</strong></span> 
     </span>
    </p>
   </div>
   <div class='ocr_carea' id='block_1_70' title="bbox 275 4582 1873 4651">
    <p class='ocr_par' dir='ltr' id='par_1_70' title="bbox 275 4582 1873 4651">
     <span class='ocr_line' id='line_1_72' title="bbox 275 4582 1873 4651; baseline -0.004 -8"><span class='ocrx_word' id='word_1_510' title='bbox 275 4586 475 4647; x_wconf 83' lang='lat' dir='ltr'><strong>sedem,</strong></span> <span class='ocrx_word' id='word_1_511' title='bbox 509 4584 820 4647; x_wconf 75' lang='lat' dir='ltr'><strong>accipiamus</strong></span> <span class='ocrx_word' id='word_1_512' title='bbox 846 4584 1081 4651; x_wconf 79' lang='lat' dir='ltr'><strong>deinceps</strong></span> <span class='ocrx_word' id='word_1_513' title='bbox 1104 4599 1225 4638; x_wconf 75' lang='lat' dir='ltr'><strong>mox</strong></span> <span class='ocrx_word' id='word_1_514' title='bbox 1246 4585 1469 4650; x_wconf 76' lang='lat' dir='ltr'><strong>aliquem</strong></span> <span class='ocrx_word' id='word_1_515' title='bbox 1496 4593 1670 4636; x_wconf 88' lang='lat' dir='ltr'><strong>natum</strong></span> <span class='ocrx_word' id='word_1_516' title='bbox 1698 4583 1751 4636; x_wconf 87' lang='lat' dir='ltr'><strong>in</strong></span> <span class='ocrx_word' id='word_1_517' title='bbox 1774 4582 1873 4636; x_wconf 86' lang='lat' dir='ltr'><strong>foci</strong></span> 
     </span>
    </p>
   </div>
   <div class='ocr_carea' id='block_1_71' title="bbox 1950 2699 3547 2771">
    <p class='ocr_par' dir='ltr' id='par_1_71' title="bbox 1950 2699 3547 2771">
     <span class='ocr_line' id='line_1_73' title="bbox 1950 2699 3547 2771; baseline 0.004 -15"><span class='ocrx_word' id='word_1_518' title='bbox 1950 2703 2123 2756; x_wconf 88' lang='lat' dir='ltr'><strong>rectio</strong></span> <span class='ocrx_word' id='word_1_519' title='bbox 2154 2699 2403 2771; x_wconf 81' lang='lat' dir='ltr'><strong>proxime</strong></span> <span class='ocrx_word' id='word_1_520' title='bbox 2431 2699 2638 2756; x_wconf 86' lang='lat' dir='ltr'><strong>accedit</strong></span> <span class='ocrx_word' id='word_1_521' title='bbox 2668 2700 2733 2755; x_wconf 87' lang='lat' dir='ltr'><strong>ad</strong></span> <span class='ocrx_word' id='word_1_522' title='bbox 2763 2702 3049 2758; x_wconf 90' lang='lat' dir='ltr'><strong>lectionem</strong></span> <span class='ocrx_word' id='word_1_523' title='bbox 3074 2702 3198 2760; x_wconf 88' lang='lat' dir='ltr'><strong>cod.</strong></span> <span class='ocrx_word' id='word_1_524' title='bbox 3224 2719 3325 2760; x_wconf 91' lang='lat' dir='ltr'><strong>ms.</strong></span> <span class='ocrx_word' id='word_1_525' title='bbox 3360 2708 3415 2761; x_wconf 80' lang='lat' dir='ltr'><strong>in</strong></span> <span class='ocrx_word' id='word_1_526' title='bbox 3437 2722 3547 2763; x_wconf 84' lang='lat' dir='ltr'><strong>ser-</strong></span> 
     </span>
    </p>
   </div>
   <div class='ocr_carea' id='block_1_72' title="bbox 1952 2772 3542 2846">
    <p class='ocr_par' dir='ltr' id='par_1_72' title="bbox 1952 2772 3542 2846">
     <span class='ocr_line' id='line_1_74' title="bbox 1952 2772 3542 2846; baseline 0.004 -20"><span class='ocrx_word' id='word_1_527' title='bbox 1952 2789 2101 2827; x_wconf 85' lang='lat' dir='ltr'><strong>mone</strong></span> <span class='ocrx_word' id='word_1_528' title='bbox 2140 2773 2382 2841; x_wconf 88' lang='lat' dir='ltr'><strong>alicujus,</strong></span> <span class='ocrx_word' id='word_1_529' title='bbox 2415 2772 2557 2846; x_wconf 78' lang='lat' dir='ltr'><strong>quod</strong></span> <span class='ocrx_word' id='word_1_530' title='bbox 2590 2782 2739 2829; x_wconf 84' lang='lat' dir='ltr'><strong>stare</strong></span> <span class='ocrx_word' id='word_1_531' title='bbox 2775 2789 2879 2846; x_wconf 83' lang='lat' dir='ltr'><strong>non</strong></span> <span class='ocrx_word' id='word_1_532' title='bbox 2915 2785 3114 2846; x_wconf 77' lang='lat' dir='ltr'><strong>potest,</strong></span> <span class='ocrx_word' id='word_1_533' title='bbox 3148 2778 3272 2845; x_wconf 90' lang='lat' dir='ltr'><strong>quia</strong></span> <span class='ocrx_word' id='word_1_534' title='bbox 3319 2780 3542 2846; x_wconf 90' lang='lat' dir='ltr'><strong>nemini,</strong></span> 
     </span>
    </p>
   </div>
   <div class='ocr_carea' id='block_1_73' title="bbox 1955 2842 3551 2912">
    <p class='ocr_par' dir='ltr' id='par_1_73' title="bbox 1955 2842 3551 2912">
     <span class='ocr_line' id='line_1_75' title="bbox 1955 2842 3551 2912; baseline 0.004 -15"><span class='ocrx_word' id='word_1_535' title='bbox 1955 2856 2159 2912; x_wconf 62' lang='lat' dir='ltr'><strong>praeter</strong></span> <span class='ocrx_word' id='word_1_536' title='bbox 2201 2860 2360 2898; x_wconf 77' lang='lat' dir='ltr'><strong>tinam</strong></span> <span class='ocrx_word' id='word_1_537' title='bbox 2395 2842 2683 2911; x_wconf 80' lang='lat' dir='ltr'><strong>nutricem,</strong></span> <span class='ocrx_word' id='word_1_538' title='bbox 2727 2844 2794 2898; x_wconf 90' lang='lat' dir='ltr'><strong>ad</strong></span> <span class='ocrx_word' id='word_1_539' title='bbox 2841 2845 3097 2902; x_wconf 89' lang='lat' dir='ltr'><strong>infantem</strong></span> <span class='ocrx_word' id='word_1_540' title='bbox 3131 2842 3390 2904; x_wconf 77' lang='lat' dir='ltr'><strong>accedere</strong></span> <span class='ocrx_word' id='word_1_541' title='bbox 3419 2842 3551 2906; x_wconf 75' lang='lat' dir='ltr'><strong>lice-</strong></span> 
     </span>
    </p>
   </div>
   <div class='ocr_carea' id='block_1_74' title="bbox 1955 2914 3553 2986">
    <p class='ocr_par' dir='ltr' id='par_1_74' title="bbox 1955 2914 3553 2986">
     <span class='ocr_line' id='line_1_76' title="bbox 1955 2914 3553 2986; baseline 0.005 -16"><span class='ocrx_word' id='word_1_542' title='bbox 1955 2915 2065 2971; x_wconf 82' lang='lat' dir='ltr'><strong>bat.</strong></span> <span class='ocrx_word' id='word_1_543' title='bbox 2096 2914 2288 2970; x_wconf 77' lang='lat' dir='ltr'><strong>Gelen.</strong></span> <span class='ocrx_word' id='word_1_544' title='bbox 2320 2915 2371 2968; x_wconf 88' lang='lat' dir='ltr'><strong>in</strong></span> <span class='ocrx_word' id='word_1_545' title='bbox 2398 2931 2680 2969; x_wconf 76' lang='lat' dir='ltr'><strong>sermonem</strong></span> <span class='ocrx_word' id='word_1_546' title='bbox 2702 2917 2941 2986; x_wconf 82' lang='lat' dir='ltr'><strong>aliquem.</strong></span> <span class='ocrx_word' id='word_1_547' title='bbox 2971 2918 3189 2976; x_wconf 69' lang='lat' dir='ltr'><strong>llerald.</strong></span> <span class='ocrx_word' id='word_1_548' title='bbox 3227 2936 3319 2974; x_wconf 86' lang='lat' dir='ltr'><strong>nec</strong></span> <span class='ocrx_word' id='word_1_549' title='bbox 3353 2938 3405 2976; x_wconf 88' lang='lat' dir='ltr'><strong>tu</strong></span> <span class='ocrx_word' id='word_1_550' title='bbox 3441 2939 3553 2978; x_wconf 82' lang='lat' dir='ltr'><strong>ser--</strong></span> 
     </span>
    </p>
   </div>
   <div class='ocr_carea' id='block_1_75' title="bbox 1954 2987 3108 3045">
    <p class='ocr_par' dir='ltr' id='par_1_75' title="bbox 1954 2987 3108 3045">
     <span class='ocr_line' id='line_1_77' title="bbox 1954 2987 3108 3045; baseline 0.004 -5"><span class='ocrx_word' id='word_1_551' title='bbox 1954 2987 2342 3042; x_wconf 87' lang='lat' dir='ltr'><strong>mocinationem</strong></span> <span class='ocrx_word' id='word_1_552' title='bbox 2368 3003 2458 3040; x_wconf 89' lang='lat' dir='ltr'><strong>ora</strong></span> <span class='ocrx_word' id='word_1_553' title='bbox 2492 3026 2505 3039; x_wconf 93' lang='lat'><strong>.</strong></span> <span class='ocrx_word' id='word_1_554' title='bbox 2529 3027 2542 3039; x_wconf 96' lang='lat'><strong>.</strong></span> <span class='ocrx_word' id='word_1_555' title='bbox 2569 3027 2581 3039; x_wconf 93' lang='lat'><strong>.</strong></span> <span class='ocrx_word' id='word_1_556' title='bbox 2607 3027 2620 3040; x_wconf 95' lang='lat'><strong>.</strong></span> <span class='ocrx_word' id='word_1_557' title='bbox 2647 2988 2877 3043; x_wconf 83' lang='lat' dir='ltr'><strong>diducat.</strong></span> <span class='ocrx_word' id='word_1_558' title='bbox 2902 2987 3108 3045; x_wconf 78' lang='lat' dir='ltr'><strong>ORELL.</strong></span> 
     </span>
    </p>
   </div>
   <div class='ocr_carea' id='block_1_76' title="bbox 2033 3077 3557 3162">
    <p class='ocr_par' dir='ltr' id='par_1_76' title="bbox 2033 3077 3557 3162">
     <span class='ocr_line' id='line_1_78' title="bbox 2033 3077 3557 3162; baseline 0.01 -31"><span class='ocrx_word' id='word_1_559' title='bbox 2033 3077 2365 3162; x_wconf 48' lang='lat' dir='ltr'><strong>Infer’uutur.</strong></span> <span class='ocrx_word' id='word_1_560' title='bbox 2402 3077 2478 3134; x_wconf 89' lang='lat' dir='ltr'><strong>Ita</strong></span> <span class='ocrx_word' id='word_1_561' title='bbox 2507 3077 2771 3135; x_wconf 82' lang='lat' dir='ltr'><strong>Meursius</strong></span> <span class='ocrx_word' id='word_1_562' title='bbox 2815 3090 2869 3136; x_wconf 90' lang='lat' dir='ltr'><strong>et</strong></span> <span class='ocrx_word' id='word_1_563' title='bbox 2898 3081 3218 3140; x_wconf 85' lang='lat' dir='ltr'><strong>Salmasius.</strong></span> <span class='ocrx_word' id='word_1_564' title='bbox 3249 3087 3352 3143; x_wconf 86' lang='lat' dir='ltr'><strong>Alii</strong></span> <span class='ocrx_word' id='word_1_565' title='bbox 3380 3107 3393 3144; x_wconf 87' lang='lat'><strong>:</strong></span> <span class='ocrx_word' id='word_1_566' title='bbox 3423 3091 3557 3162; x_wconf 75' lang='lat' dir='ltr'><strong>infe-</strong></span> 
     </span>
    </p>
   </div>
   <div class='ocr_carea' id='block_1_77' title="bbox 1883 3131 2379 3206">
    <p class='ocr_par' dir='ltr' id='par_1_77' title="bbox 1883 3131 2379 3206">
     <span class='ocr_line' id='line_1_79' title="bbox 1883 3131 2379 3206; baseline -0.002 -1"><span class='ocrx_word' id='word_1_567' title='bbox 1883 3131 1928 3193; x_wconf 81' lang='lat' dir='ltr'>C</span> <span class='ocrx_word' id='word_1_568' title='bbox 1959 3131 2116 3205; x_wconf 54' lang='lat' dir='ltr'><strong>ratur.</strong></span> <span class='ocrx_word' id='word_1_569' title='bbox 2135 3168 2153 3205; x_wconf 90' lang='lat'><strong><em>:</em></strong></span> <span class='ocrx_word' id='word_1_570' title='bbox 2175 3131 2379 3206; x_wconf 60' lang='grc' dir='ltr'><strong>Οιιειῐξ.</strong></span> 
     </span>
    </p>
   </div>
   <div class='ocr_carea' id='block_1_78' title="bbox 2036 3242 3554 3322">
    <p class='ocr_par' dir='ltr' id='par_1_78' title="bbox 2036 3242 3554 3322">
     <span class='ocr_line' id='line_1_80' title="bbox 2036 3242 3554 3322; baseline 0.011 -26"><span class='ocrx_word' id='word_1_571' title='bbox 2036 3242 2143 3322; x_wconf 87' lang='lat' dir='ltr'><strong>S_ed</strong></span> <span class='ocrx_word' id='word_1_572' title='bbox 2173 3253 2261 3322; x_wconf 70' lang='lat' dir='ltr'><strong>aut</strong></span> <span class='ocrx_word' id='word_1_573' title='bbox 2288 3243 2439 3322; x_wconf 79' lang='lat' dir='ltr'><strong>ﬁtilla</strong></span> <span class='ocrx_word' id='word_1_574' title='bbox 2467 3243 2530 3297; x_wconf 89' lang='lat' dir='ltr'><strong>de</strong></span> <span class='ocrx_word' id='word_1_575' title='bbox 2545 3243 2722 3322; x_wconf 76' lang='lat' dir='ltr'><strong>milia.</strong></span> <span class='ocrx_word' id='word_1_576' title='bbox 2747 3244 3205 3322; x_wconf 17' lang='lat' dir='ltr'><strong>Itanrcstituit‘ed.</strong></span> <span class='ocrx_word' id='word_1_577' title='bbox 3236 3251 3405 3322; x_wconf 82' lang='lat' dir='ltr'><strong>Lugd.</strong></span> <span class='ocrx_word' id='word_1_578' title='bbox 3439 3256 3554 3312; x_wconf 89' lang='lat' dir='ltr'><strong>Bat.</strong></span> 
     </span>
    </p>
   </div>
   <div class='ocr_carea' id='block_1_79' title="bbox 1963 3315 3563 3387">
    <p class='ocr_par' dir='ltr' id='par_1_79' title="bbox 1963 3315 3563 3387">
     <span class='ocr_line' id='line_1_81' title="bbox 1963 3315 3563 3387; baseline 0.011 -20"><span class='ocrx_word' id='word_1_579' title='bbox 1963 3315 2189 3381; x_wconf 85' lang='lat' dir='ltr'><strong>optime.</strong></span> <span class='ocrx_word' id='word_1_580' title='bbox 2222 3316 2391 3387; x_wconf 67' lang='lat' dir='ltr'><strong>Antea</strong></span> <span class='ocrx_word' id='word_1_581' title='bbox 2423 3315 2701 3385; x_wconf 81' lang='lat' dir='ltr'><strong>legebatur</strong></span> <span class='ocrx_word' id='word_1_582' title='bbox 2727 3318 2791 3371; x_wconf 85' lang='lat' dir='ltr'><strong>sit</strong></span> <span class='ocrx_word' id='word_1_583' title='bbox 2821 3318 2932 3381; x_wconf 90' lang='lat' dir='ltr'><strong>illa,</strong></span> <span class='ocrx_word' id='word_1_584' title='bbox 2965 3320 3109 3387; x_wconf 77' lang='lat' dir='ltr'><strong>quod</strong></span> <span class='ocrx_word' id='word_1_585' title='bbox 3142 3324 3279 3379; x_wconf 83' lang='lat' dir='ltr'><strong>male</strong></span> <span class='ocrx_word' id='word_1_586' title='bbox 3309 3315 3563 3384; x_wconf 74' lang='lat' dir='ltr'><strong>convenit</strong></span> 
     </span>
    </p>
   </div>
   <div class='ocr_carea' id='block_1_80' title="bbox 1963 3386 3558 3467">
    <p class='ocr_par' dir='ltr' id='par_1_80' title="bbox 1963 3386 3558 3467">
     <span class='ocr_line' id='line_1_82' title="bbox 1963 3386 3558 3467; baseline 0.008 -26"><span class='ocrx_word' id='word_1_587' title='bbox 1963 3402 2086 3442; x_wconf 90' lang='lat' dir='ltr'><strong>cum</strong></span> <span class='ocrx_word' id='word_1_588' title='bbox 2114 3386 2466 3467; x_wconf 74' lang='lat' dir='ltr'><strong>sequentibus</strong></span> <span class='ocrx_word' id='word_1_589' title='bbox 2492 3405 2504 3439; x_wconf 91' lang='lat'>:</span> <span class='ocrx_word' id='word_1_590' title='bbox 2542 3390 2725 3467; x_wconf 76' lang='lat' dir='ltr'><strong>aut_sil</strong></span> <span class='ocrx_word' id='word_1_591' title='bbox 2762 3390 2913 3467; x_wconf 71' lang='lat' dir='ltr'><strong>panis</strong></span> <span class='ocrx_word' id='word_1_592' title='bbox 2944 3386 3013 3467; x_wconf 53' lang='lat' dir='ltr'><strong>eat</strong></span> <span class='ocrx_word' id='word_1_593' title='bbox 3020 3395 3190 3467; x_wconf 78' lang='lat' dir='ltr'><strong>farre,</strong></span> <span class='ocrx_word' id='word_1_594' title='bbox 3218 3412 3366 3467; x_wconf 50' lang='grc' dir='ltr'><strong>Δηιιιιι</strong></span> <span class='ocrx_word' id='word_1_595' title='bbox 3408 3402 3558 3467; x_wconf 82' lang='lat' dir='ltr'><strong>panis</strong></span> 
     </span>
    </p>
   </div>
   <div class='ocr_carea' id='block_1_81' title="bbox 1964 3458 3560 3532">
    <p class='ocr_par' dir='ltr' id='par_1_81' title="bbox 1964 3458 3560 3532">
     <span class='ocr_line' id='line_1_83' title="bbox 1964 3458 3560 3532; baseline 0.01 -24"><span class='ocrx_word' id='word_1_596' title='bbox 1964 3474 2071 3532; x_wconf 81' lang='lat' dir='ltr'><strong>non</strong></span> <span class='ocrx_word' id='word_1_597' title='bbox 2105 3459 2327 3532; x_wconf 82' lang='lat' dir='ltr'><strong>materia</strong></span> <span class='ocrx_word' id='word_1_598' title='bbox 2350 3458 2479 3516; x_wconf 84' lang='lat' dir='ltr'><strong>cibi.</strong></span> <span class='ocrx_word' id='word_1_599' title='bbox 2513 3458 2607 3532; x_wconf 85' lang='lat' dir='ltr'><strong>sed</strong></span> <span class='ocrx_word' id='word_1_600' title='bbox 2646 3458 2742 3532; x_wconf 74' lang='lat' dir='ltr'><strong>far,</strong></span> <span class='ocrx_word' id='word_1_601' title='bbox 2777 3459 2968 3515; x_wconf 88' lang='lat' dir='ltr'><strong>farina.</strong></span> <span class='ocrx_word' id='word_1_602' title='bbox 2997 3458 3063 3516; x_wconf 78' lang='lat' dir='ltr'><strong>Et</strong></span> <span class='ocrx_word' id='word_1_603' title='bbox 3081 3464 3305 3519; x_wconf 88' lang='lat' dir='ltr'><strong>omnino</strong></span> <span class='ocrx_word' id='word_1_604' title='bbox 3327 3458 3560 3532; x_wconf 73' lang='lat' dir='ltr'><strong>sequen-</strong></span> 
     </span>
    </p>
   </div>
   <div class='ocr_carea' id='block_1_82' title="bbox 1967 3529 3559 3599">
    <p class='ocr_par' dir='ltr' id='par_1_82' title="bbox 1967 3529 3559 3599">
     <span class='ocr_line' id='line_1_84' title="bbox 1967 3529 3559 3599; baseline 0.008 -16"><span class='ocrx_word' id='word_1_605' title='bbox 1967 3530 2037 3583; x_wconf 87' lang='lat' dir='ltr'><strong>tia</strong></span> <span class='ocrx_word' id='word_1_606' title='bbox 2069 3529 2397 3583; x_wconf 75' lang='lat' dir='ltr'><strong>substantiva</strong></span> <span class='ocrx_word' id='word_1_607' title='bbox 2432 3530 2598 3598; x_wconf 80' lang='lat' dir='ltr'><strong>panis,</strong></span> <span class='ocrx_word' id='word_1_608' title='bbox 2634 3530 2865 3599; x_wconf 82' lang='lat' dir='ltr'><strong>glandes,</strong></span> <span class='ocrx_word' id='word_1_609' title='bbox 2900 3572 2912 3586; x_wconf 96' lang='lat'><strong>.</strong></span> <span class='ocrx_word' id='word_1_610' title='bbox 2952 3574 2964 3586; x_wconf 95' lang='lat'><strong>.</strong></span> <span class='ocrx_word' id='word_1_611' title='bbox 3002 3573 3015 3586; x_wconf 93' lang='lat'><strong>.</strong></span> <span class='ocrx_word' id='word_1_612' title='bbox 3051 3574 3063 3586; x_wconf 96' lang='lat'><strong>.</strong></span> <span class='ocrx_word' id='word_1_613' title='bbox 3093 3535 3288 3591; x_wconf 72' lang='lat' dir='ltr'><strong>bacula:</strong></span> <span class='ocrx_word' id='word_1_614' title='bbox 3312 3529 3472 3593; x_wconf 78' lang='lat' dir='ltr'><strong>etiam</strong></span> <span class='ocrx_word' id='word_1_615' title='bbox 3506 3542 3559 3596; x_wconf 88' lang='lat' dir='ltr'><strong>in</strong></span> 
     </span>
    </p>
   </div>
   <div class='ocr_carea' id='block_1_83' title="bbox 1964 3600 3563 3674">
    <p class='ocr_par' dir='ltr' id='par_1_83' title="bbox 1964 3600 3563 3674">
     <span class='ocr_line' id='line_1_85' title="bbox 1964 3600 3563 3674; baseline 0.006 -22"><span class='ocrx_word' id='word_1_616' title='bbox 1964 3601 2132 3674; x_wconf 72' lang='lat' dir='ltr'><strong>priori</strong></span> <span class='ocrx_word' id='word_1_617' title='bbox 2164 3600 2410 3674; x_wconf 82' lang='lat' dir='ltr'><strong>membro</strong></span> <span class='ocrx_word' id='word_1_618' title='bbox 2437 3602 2831 3674; x_wconf 76' lang='lat' dir='ltr'><strong>substantivum</strong></span> <span class='ocrx_word' id='word_1_619' title='bbox 2860 3605 3077 3674; x_wconf 89' lang='lat' dir='ltr'><strong>aliquod</strong></span> <span class='ocrx_word' id='word_1_620' title='bbox 3109 3607 3352 3670; x_wconf 77' lang='lat' dir='ltr'><strong>flagitare</strong></span> <span class='ocrx_word' id='word_1_621' title='bbox 3379 3611 3563 3667; x_wconf 78' lang='lat' dir='ltr'><strong>viden.</strong></span> 
     </span>
    </p>
   </div>
   <div class='ocr_carea' id='block_1_84' title="bbox 1966 3671 3563 3751">
    <p class='ocr_par' dir='ltr' id='par_1_84' title="bbox 1966 3671 3563 3751">
     <span class='ocr_line' id='line_1_86' title="bbox 1966 3671 3563 3751; baseline 0.008 -28"><span class='ocrx_word' id='word_1_622' title='bbox 1966 3671 2072 3726; x_wconf 78' lang='lat' dir='ltr'><strong>tur.</strong></span> <span class='ocrx_word' id='word_1_623' title='bbox 2113 3671 2427 3751; x_wconf 65' lang='lat' dir='ltr'><strong>Lugendum</strong></span> <span class='ocrx_word' id='word_1_624' title='bbox 2475 3673 2652 3751; x_wconf 77' lang='lat' dir='ltr'><strong>itaque</strong></span> <span class='ocrx_word' id='word_1_625' title='bbox 2693 3675 2879 3751; x_wconf 62' lang='lat' dir='ltr'><strong>ﬁtilla,</strong></span> <span class='ocrx_word' id='word_1_626' title='bbox 3023 3686 3137 3751; x_wconf 58' lang='lat' dir='ltr'><strong>est,</strong></span> <span class='ocrx_word' id='word_1_627' title='bbox 3176 3680 3340 3748; x_wconf 76' lang='lat' dir='ltr'><strong>pullis</strong></span> <span class='ocrx_word' id='word_1_628' title='bbox 3368 3698 3563 3751; x_wconf 76' lang='lat' dir='ltr'><strong>genus,</strong></span> 
     </span>
    </p>
   </div>
   <div class='ocr_carea' id='block_1_85' title="bbox 1967 3743 3559 3822">
    <p class='ocr_par' dir='ltr' id='par_1_85' title="bbox 1967 3743 3559 3822">
     <span class='ocr_line' id='line_1_87' title="bbox 1967 3743 3559 3822; baseline 0.01 -27"><span class='ocrx_word' id='word_1_629' title='bbox 1967 3759 2075 3822; x_wconf 73' lang='lat' dir='ltr'><strong>quo</strong></span> <span class='ocrx_word' id='word_1_630' title='bbox 2099 3745 2395 3822; x_wconf 69' lang='lat' dir='ltr'><strong>utebantur</strong></span> <span class='ocrx_word' id='word_1_631' title='bbox 2414 3743 2464 3796; x_wconf 89' lang='lat' dir='ltr'><strong>in</strong></span> <span class='ocrx_word' id='word_1_632' title='bbox 2484 3747 2677 3822; x_wconf 75' lang='lat' dir='ltr'><strong>sacris.</strong></span> <span class='ocrx_word' id='word_1_633' title='bbox 2697 3746 3064 3822; x_wconf 45' lang='lat' dir='ltr'><strong>Nosterinfra:</strong></span> <span class='ocrx_word' id='word_1_634' title='bbox 3083 3743 3294 3822; x_wconf 53' lang='lat' dir='ltr'><strong>lihfvu.</strong></span> <span class='ocrx_word' id='word_1_635' title='bbox 3321 3743 3440 3822; x_wconf 53' lang='lat' dir='ltr'><strong>ca&#39;p.</strong></span> <span class='ocrx_word' id='word_1_636' title='bbox 3467 3743 3559 3811; x_wconf 65' lang='grc' dir='ltr'><strong>ειζ</strong></span> 
     </span>
    </p>
   </div>
   <div class='ocr_carea' id='block_1_86' title="bbox 1972 3814 3563 3895">
    <p class='ocr_par' dir='ltr' id='par_1_86' title="bbox 1972 3814 3563 3895">
     <span class='ocr_line' id='line_1_88' title="bbox 1972 3814 3563 3895; baseline 0.008 -27"><span class='ocrx_word' id='word_1_637' title='bbox 1972 3814 2109 3895; x_wconf 74' lang='lat' dir='ltr'><strong>Quid</strong></span> <span class='ocrx_word' id='word_1_638' title='bbox 2165 3814 2359 3883; x_wconf 71' lang='lat' dir='ltr'><strong>fitilla?</strong></span> <span class='ocrx_word' id='word_1_639' title='bbox 2420 3815 2558 3895; x_wconf 52' lang='lat' dir='ltr'><strong>quid</strong></span> <span class='ocrx_word' id='word_1_640' title='bbox 2600 3819 2841 3895; x_wconf 70' lang='lat' dir='ltr'><strong>framea?</strong></span> <span class='ocrx_word' id='word_1_641' title='bbox 2884 3828 2991 3872; x_wconf 88' lang='lat' dir='ltr'><strong>etc.</strong></span> <span class='ocrx_word' id='word_1_642' title='bbox 3034 3819 3197 3882; x_wconf 88' lang='lat' dir='ltr'><strong>Plin.,</strong></span> <span class='ocrx_word' id='word_1_643' title='bbox 3242 3814 3563 3895; x_wconf 53' lang='lat' dir='ltr'><strong>Hist.&#39;ttat.,</strong></span> 
     </span>
    </p>
   </div>
   <div class='ocr_carea' id='block_1_87' title="bbox 1970 3884 3566 3964">
    <p class='ocr_par' dir='ltr' id='par_1_87' title="bbox 1970 3884 3566 3964">
     <span class='ocr_line' id='line_1_89' title="bbox 1970 3884 3566 3964; baseline 0.009 -25"><span class='ocrx_word' id='word_1_644' title='bbox 1970 3887 2065 3964; x_wconf 76' lang='lat' dir='ltr'><strong>lib.</strong></span> <span class='ocrx_word' id='word_1_645' title='bbox 2097 3903 2249 3964; x_wconf 74' lang='lat' dir='ltr'><strong>svnt,</strong></span> <span class='ocrx_word' id='word_1_646' title='bbox 2277 3886 2456 3964; x_wconf 71' lang='lat' dir='ltr'><strong>ca|_t_._8</strong></span> <span class='ocrx_word' id='word_1_647' title='bbox 2510 3884 2774 3964; x_wconf 42' lang='lat' dir='ltr'><strong>Et‘ltodie</strong></span> <span class='ocrx_word' id='word_1_648' title='bbox 2817 3895 3177 3964; x_wconf 76' lang='lat' dir='ltr'><strong>sacra__prisca</strong></span> <span class='ocrx_word' id='word_1_649' title='bbox 3219 3905 3367 3964; x_wconf 86' lang='lat' dir='ltr'><strong>atque</strong></span> <span class='ocrx_word' id='word_1_650' title='bbox 3413 3884 3566 3952; x_wconf 53' lang='lat' dir='ltr'><strong>nata:</strong></span> 
     </span>
    </p>
   </div>
   <div class='ocr_carea' id='block_1_88' title="bbox 1970 3956 3567 4037">
    <p class='ocr_par' dir='ltr' id='par_1_88' title="bbox 1970 3956 3567 4037">
     <span class='ocr_line' id='line_1_90' title="bbox 1970 3956 3567 4037; baseline 0.008 -27"><span class='ocrx_word' id='word_1_651' title='bbox 1970 3957 2095 4037; x_wconf 79' lang='lat' dir='ltr'><strong>lium</strong></span> <span class='ocrx_word' id='word_1_652' title='bbox 2126 3959 2265 4025; x_wconf 89' lang='lat' dir='ltr'><strong>pulte</strong></span> <span class='ocrx_word' id='word_1_653' title='bbox 2292 3956 2443 4026; x_wconf 81' lang='lat' dir='ltr'><strong>ﬁtilla</strong></span> <span class='ocrx_word' id='word_1_654' title='bbox 2466 3958 2937 4037; x_wconf 37' lang='lat' dir='ltr'><strong>LONﬁCilt‘ltl-ttr._(}f.</strong></span> <span class='ocrx_word' id='word_1_655' title='bbox 2968 3956 3186 4030; x_wconf 57' lang='lat' dir='ltr'><strong>Muret,</strong></span> <span class='ocrx_word' id='word_1_656' title='bbox 3214 3956 3340 4020; x_wconf 55' lang='lat' dir='ltr'><strong>Va&#39;r.</strong></span> <span class='ocrx_word' id='word_1_657' title='bbox 3368 3967 3567 4037; x_wconf 84' lang='lat' dir='ltr'><strong>Leott.,</strong></span> 
     </span>
    </p>
   </div>
   <div class='ocr_carea' id='block_1_89' title="bbox 1972 4029 3566 4112">
    <p class='ocr_par' dir='ltr' id='par_1_89' title="bbox 1972 4029 3566 4112">
     <span class='ocr_line' id='line_1_91' title="bbox 1972 4029 3566 4112; baseline 0.008 -29"><span class='ocrx_word' id='word_1_658' title='bbox 1972 4029 2201 4112; x_wconf 12' lang='lat' dir='ltr'><strong>Iib._rxu.</strong></span> <span class='ocrx_word' id='word_1_659' title='bbox 2244 4044 2376 4112; x_wconf 38' lang='lat' dir='ltr'><strong>capt;</strong></span> <span class='ocrx_word' id='word_1_660' title='bbox 2413 4045 2451 4094; x_wconf 83' lang='grc' dir='ltr'><strong>ι,</strong></span> <span class='ocrx_word' id='word_1_661' title='bbox 2483 4039 2560 4094; x_wconf 92' lang='lat' dir='ltr'><strong>et,</strong></span> <span class='ocrx_word' id='word_1_662' title='bbox 2604 4030 2793 4112; x_wconf 48' lang='lat' dir='ltr'><strong>qui-de</strong></span> <span class='ocrx_word' id='word_1_663' title='bbox 2835 4030 2936 4087; x_wconf 91' lang='lat' dir='ltr'><strong>hac</strong></span> <span class='ocrx_word' id='word_1_664' title='bbox 2975 4048 3106 4112; x_wconf 68' lang='lat' dir='ltr'><strong>voce</strong></span> <span class='ocrx_word' id='word_1_665' title='bbox 3142 4045 3196 4090; x_wconf 90' lang='lat' dir='ltr'><strong>et</strong></span> <span class='ocrx_word' id='word_1_666' title='bbox 3239 4038 3355 4106; x_wconf 92' lang='lat' dir='ltr'><strong>ejus</strong></span> <span class='ocrx_word' id='word_1_667' title='bbox 3383 4029 3566 4111; x_wconf 78' lang='lat' dir='ltr'><strong>etymo</strong></span> 
     </span>
    </p>
   </div>
   <div class='ocr_carea' id='block_1_90' title="bbox 1971 4099 3246 4167">
    <p class='ocr_par' dir='ltr' id='par_1_90' title="bbox 1971 4099 3246 4167">
     <span class='ocr_line' id='line_1_92' title="bbox 1971 4099 3246 4167; baseline 0.007 -14"><span class='ocrx_word' id='word_1_668' title='bbox 1971 4102 2173 4155; x_wconf 91' lang='lat' dir='ltr'><strong>multus</strong></span> <span class='ocrx_word' id='word_1_669' title='bbox 2201 4110 2305 4158; x_wconf 87' lang='lat' dir='ltr'><strong>est.</strong></span> <span class='ocrx_word' id='word_1_670' title='bbox 2336 4099 2594 4167; x_wconf 84' lang='lat' dir='ltr'><strong>GeSner.,</strong></span> <span class='ocrx_word' id='word_1_671' title='bbox 2626 4102 2678 4155; x_wconf 93' lang='lat' dir='ltr'><strong>in</strong></span> <span class='ocrx_word' id='word_1_672' title='bbox 2706 4101 3005 4159; x_wconf 84' lang='lat' dir='ltr'><strong>Thesauro.</strong></span> <span class='ocrx_word' id='word_1_673' title='bbox 3042 4104 3246 4162; x_wconf 81' lang='lat' dir='ltr'><strong>ORELL.</strong></span> 
     </span>
    </p>
   </div>
   <div class='ocr_carea' id='block_1_91' title="bbox 2044 4191 3563 4263">
    <p class='ocr_par' dir='ltr' id='par_1_91' title="bbox 2044 4191 3563 4263">
     <span class='ocr_line' id='line_1_93' title="bbox 2044 4191 3563 4263; baseline 0.008 -17"><span class='ocrx_word' id='word_1_674' title='bbox 2044 4191 2128 4247; x_wconf 82' lang='lat' dir='ltr'><strong>Ea:</strong></span> <span class='ocrx_word' id='word_1_675' title='bbox 2153 4193 2322 4247; x_wconf 87' lang='lat' dir='ltr'><strong>cinere</strong></span> <span class='ocrx_word' id='word_1_676' title='bbox 2350 4191 2500 4248; x_wconf 88' lang='lat' dir='ltr'><strong>caldo</strong></span> <span class='ocrx_word' id='word_1_677' title='bbox 2527 4193 2760 4263; x_wconf 85' lang='lat' dir='ltr'><strong>glandes.</strong></span> <span class='ocrx_word' id='word_1_678' title='bbox 2780 4193 2837 4249; x_wconf 92' lang='lat' dir='ltr'><strong>Id</strong></span> <span class='ocrx_word' id='word_1_679' title='bbox 2856 4204 2959 4261; x_wconf 86' lang='lat' dir='ltr'><strong>est,</strong></span> <span class='ocrx_word' id='word_1_680' title='bbox 2989 4197 3173 4253; x_wconf 81' lang='lat' dir='ltr'><strong>cinere</strong></span> <span class='ocrx_word' id='word_1_681' title='bbox 3201 4200 3358 4255; x_wconf 88' lang='lat' dir='ltr'><strong>caldo</strong></span> <span class='ocrx_word' id='word_1_682' title='bbox 3386 4211 3563 4260; x_wconf 68' lang='lat' dir='ltr'><strong>tostae.</strong></span> 
     </span>
    </p>
   </div>
   <div class='ocr_carea' id='block_1_92' title="bbox 1972 4264 3564 4392">
    <p class='ocr_par' dir='ltr' id='par_1_92' title="bbox 1972 4264 3564 4392">
     <span class='ocr_line' id='line_1_94' title="bbox 1972 4264 3564 4392; baseline 0.008 -74"><span class='ocrx_word' id='word_1_683' title='bbox 1972 4264 2308 4392; x_wconf 54' lang='lat' dir='ltr'><strong>ggsformam</strong></span> <span class='ocrx_word' id='word_1_684' title='bbox 2337 4264 2670 4321; x_wconf 65' lang='lat' dir='ltr'><strong>Gratcorum.</strong></span> <span class='ocrx_word' id='word_1_685' title='bbox 2704 4266 3228 4341; x_wconf 84' lang='lat' dir='ltr'><strong>llomerus,0dyss.,</strong></span> <span class='ocrx_word' id='word_1_686' title='bbox 3266 4288 3386 4341; x_wconf 70' lang='lat' dir='ltr'><strong>xu,</strong></span> <span class='ocrx_word' id='word_1_687' title='bbox 3420 4291 3564 4332; x_wconf 83' lang='lat' dir='ltr'><strong>vers.</strong></span> 
     </span>
    </p>
   </div>
   <div class='ocr_carea' id='block_1_93' title="bbox 2166 4502 3053 4563">
    <p class='ocr_par' dir='ltr' id='par_1_93' title="bbox 2166 4502 3053 4563">
     <span class='ocr_line' id='line_1_95' title="bbox 2166 4502 3053 4563; baseline 0.005 -16"><span class='ocrx_word' id='word_1_688' title='bbox 2166 4510 2285 4563; x_wconf 69' lang='grc' dir='ltr'><strong>Χῆνίι</strong></span> <span class='ocrx_word' id='word_1_689' title='bbox 2305 4508 2486 4563; x_wconf 56' lang='lat' dir='ltr'><strong>ptisana</strong></span> <span class='ocrx_word' id='word_1_690' title='bbox 2503 4502 2601 4547; x_wconf 69' lang='grc' dir='ltr'><strong>οἷκον</strong></span> <span class='ocrx_word' id='word_1_691' title='bbox 2625 4510 2759 4549; x_wconf 67' lang='lat' dir='ltr'><strong>hiscat</strong></span> <span class='ocrx_word' id='word_1_692' title='bbox 2776 4512 2887 4563; x_wconf 68' lang='grc' dir='ltr'><strong>πυρὸν</strong></span> <span class='ocrx_word' id='word_1_693' title='bbox 2910 4507 3053 4552; x_wconf 62' lang='lat' dir='ltr'><strong>{donaui</strong></span> 
     </span>
    </p>
   </div>
   <div class='ocr_carea' id='block_1_94' title="bbox 2166 4560 3320 4618">
    <p class='ocr_par' dir='ltr' id='par_1_94' title="bbox 2166 4560 3320 4618">
     <span class='ocr_line' id='line_1_96' title="bbox 2166 4560 3320 4618; baseline 0.004 -8"><span class='ocrx_word' id='word_1_694' title='bbox 2166 4562 2214 4616; x_wconf 68' lang='lat' dir='ltr'><strong>tia</strong></span> <span class='ocrx_word' id='word_1_695' title='bbox 2235 4560 2385 4618; x_wconf 68' lang='grc' dir='ltr'><strong>ὓδατοςῖ</strong></span> <span class='ocrx_word' id='word_1_696' title='bbox 2830 4560 2839 4563; x_wconf 67' lang='grc'>⁷</span> <span class='ocrx_word' id='word_1_697' title='bbox 3100 4561 3320 4615; x_wconf 64' lang='lat' dir='ltr'><strong>Hanno.</strong></span> 
     </span>
    </p>
   </div>
   <div class='ocr_carea' id='block_1_95' title="bbox 275 4654 3209 4727">
    <p class='ocr_par' dir='ltr' id='par_1_95' title="bbox 275 4654 3209 4727">
     <span class='ocr_line' id='line_1_97' title="bbox 275 4654 3209 4727; baseline -0.002 -13"><span class='ocrx_word' id='word_1_698' title='bbox 275 4659 428 4714; x_wconf 82' lang='lat' dir='ltr'><strong>illius</strong></span> <span class='ocrx_word' id='word_1_699' title='bbox 455 4656 751 4724; x_wconf 79' lang='lat' dir='ltr'><strong>hospitium,</strong></span> <span class='ocrx_word' id='word_1_700' title='bbox 798 4656 937 4727; x_wconf 86' lang='lat' dir='ltr'><strong>quod</strong></span> <span class='ocrx_word' id='word_1_701' title='bbox 966 4656 1149 4710; x_wconf 81' lang='lat' dir='ltr'><strong>habeat</strong></span> <span class='ocrx_word' id='word_1_702' title='bbox 1185 4672 1291 4709; x_wconf 88' lang='lat' dir='ltr'><strong>rem</strong></span> <span class='ocrx_word' id='word_1_703' title='bbox 1319 4655 1517 4708; x_wconf 87' lang='lat' dir='ltr'><strong>nullam</strong></span> <span class='ocrx_word' id='word_1_704' title='bbox 1547 4664 1592 4708; x_wconf 88' lang='lat' dir='ltr'><strong>et</strong></span> <span class='ocrx_word' id='word_1_705' title='bbox 1621 4655 1686 4708; x_wconf 88' lang='lat' dir='ltr'><strong>sit</strong></span> <span class='ocrx_word' id='word_1_706' title='bbox 1720 4654 1877 4708; x_wconf 83' lang='lat' dir='ltr'><strong>inane</strong></span> <span class='ocrx_word' id='word_1_707' title='bbox 2051 4707 2263 4727; x_wconf 28' lang='lat' dir='ltr'><strong>ML“</strong></span> <span class='ocrx_word' id='word_1_708' title='bbox 2312 4710 2324 4727; x_wconf 39' lang='grc' dir='ltr'><em>ρ</em></span> <span class='ocrx_word' id='word_1_709' title='bbox 2400 4710 2413 4722; x_wconf 69' lang='grc'><em>,</em></span> <span class='ocrx_word' id='word_1_710' title='bbox 2582 4718 2619 4727; x_wconf 28' lang='grc' dir='ltr'><em>Δ</em></span> <span class='ocrx_word' id='word_1_711' title='bbox 2732 4709 2842 4727; x_wconf 45' lang='grc' dir='ltr'><strong>ην</strong></span> <span class='ocrx_word' id='word_1_712' title='bbox 2867 4710 2880 4727; x_wconf 78' lang='lat'><em>_</em></span> <span class='ocrx_word' id='word_1_713' title='bbox 3082 4713 3115 4727; x_wconf 39' lang='lat' dir='ltr'><strong>ﬂ</strong></span> <span class='ocrx_word' id='word_1_714' title='bbox 3197 4714 3209 4726; x_wconf 80' lang='lat'>_</span> 
     </span>
    </p>
   </div>
   <div class='ocr_carea' id='block_1_96' title="bbox 279 4707 3573 4799">
    <p class='ocr_par' dir='ltr' id='par_1_96' title="bbox 279 4707 3573 4799">
     <span class='ocr_line' id='line_1_98' title="bbox 279 4707 3573 4799; baseline -0.002 -13"><span class='ocrx_word' id='word_1_715' title='bbox 1124 4707 1571 4799; x_wconf 38' lang='lat' dir='ltr'><strong>aut—Pythagorea</strong></span> <span class='ocrx_word' id='word_1_716' title='bbox 1616 4707 1871 4799; x_wconf 78' lang='lat' dir='ltr'><strong>progenie,</strong></span> <span class='ocrx_word' id='word_1_717' title='bbox 1982 4796 1995 4799; x_wconf 29' lang='grc' dir='ltr'><strong>Α</strong></span> <span class='ocrx_word' id='word_1_718' title='bbox 2017 4707 2267 4799; x_wconf 39' lang='grc' dir='ltr'><strong>-ρρηξοτε</strong></span> <span class='ocrx_word' id='word_1_719' title='bbox 2287 4708 2703 4799; x_wconf 38' lang='grc' dir='ltr'><strong>-ίβηξξξξτηξεωες</strong></span> <span class='ocrx_word' id='word_1_720' title='bbox 2730 4709 2972 4799; x_wconf 55' lang='grc' dir='ltr'><strong>(ξέιίξξξυπ</strong></span> <span class='ocrx_word' id='word_1_721' title='bbox 3007 4713 3573 4799; x_wconf 40' lang='grc' dir='ltr'><strong>βίξξίοειίῦιιεληίεοβονί</strong></span> 
     </span>
    </p>
   </div>
   <div class='ocr_carea' id='block_1_97' title="bbox 280 4780 1858 4873">
    <p class='ocr_par' dir='ltr' id='par_1_97' title="bbox 280 4780 1858 4873">
     <span class='ocr_line' id='line_1_99' title="bbox 280 4780 1858 4873; baseline -0.004 -15"><span class='ocrx_word' id='word_1_722' title='bbox 280 4811 375 4858; x_wconf 88' lang='lat' dir='ltr'><strong>aut</strong></span> <span class='ocrx_word' id='word_1_723' title='bbox 408 4780 601 4873; x_wconf 43' lang='lat' dir='ltr'><strong>horum,</strong></span> <span class='ocrx_word' id='word_1_724' title='bbox 628 4800 881 4873; x_wconf 64' lang='lat' dir='ltr'><strong>alicyjus,</strong></span> <span class='ocrx_word' id='word_1_725' title='bbox 932 4800 1018 4869; x_wconf 87' lang='lat' dir='ltr'><strong>qui</strong></span> <span class='ocrx_word' id='word_1_726' title='bbox 1061 4780 1317 4873; x_wconf 60' lang='lat' dir='ltr'><strong>acuntini;</strong></span> <span class='ocrx_word' id='word_1_727' title='bbox 1354 4780 1682 4873; x_wconf 62' lang='lat' dir='ltr'><strong>perhibentur</strong></span> <span class='ocrx_word' id='word_1_728' title='bbox 1711 4780 1858 4873; x_wconf 40' lang='lat' dir='ltr'><strong>“fuissj</strong></span> 
     </span>
    </p>
   </div>
   <div class='ocr_carea' id='block_1_98' title="bbox 1962 4780 3573 4873">
    <p class='ocr_par' dir='ltr' id='par_1_98' title="bbox 1978 4780 3573 4873">
     <span class='ocr_line' id='line_1_100' title="bbox 1978 4780 3573 4873; baseline 0.006 -39"><span class='ocrx_word' id='word_1_729' title='bbox 1978 4780 2632 4873; x_wconf 30' lang='lat' dir='ltr'><strong>sttilitamhcomirmatur</strong></span> <span class='ocrx_word' id='word_1_730' title='bbox 2683 4784 2801 4838; x_wconf 89' lang='lat' dir='ltr'><strong>loco</strong></span> <span class='ocrx_word' id='word_1_731' title='bbox 2847 4784 2939 4840; x_wconf 91' lang='lat' dir='ltr'><strong>illo</strong></span> <span class='ocrx_word' id='word_1_732' title='bbox 2986 4780 3272 4843; x_wconf 80' lang='lat' dir='ltr'><strong>notissimo</strong></span> <span class='ocrx_word' id='word_1_733' title='bbox 3322 4786 3573 4858; x_wconf 89' lang='lat' dir='ltr'><strong>Horatii,</strong></span> 
     </span>
    </p>
   </div>
   <div class='ocr_carea' id='block_1_99' title="bbox 286 4852 2455 4939">
    <p class='ocr_par' dir='ltr' id='par_1_99' title="bbox 286 4852 2455 4939">
     <span class='ocr_line' id='line_1_101' title="bbox 286 4852 2455 4939; baseline -0.003 -14"><span class='ocrx_word' id='word_1_734' title='bbox 286 4852 472 4935; x_wconf 70' lang='lat' dir='ltr'><strong>diuini,</strong></span> <span class='ocrx_word' id='word_1_735' title='bbox 502 4852 586 4925; x_wconf 84' lang='lat' dir='ltr'><strong>aut</strong></span> <span class='ocrx_word' id='word_1_736' title='bbox 617 4852 680 4927; x_wconf 50' lang='lat' dir='ltr'><strong>ea}</strong></span> <span class='ocrx_word' id='word_1_737' title='bbox 710 4852 881 4925; x_wconf 43' lang='lat' dir='ltr'><strong>Deum,</strong></span> <span class='ocrx_word' id='word_1_738' title='bbox 901 4852 1157 4932; x_wconf 73' lang='lat' dir='ltr'><strong>responsis</strong></span> <span class='ocrx_word' id='word_1_739' title='bbox 1186 4852 1547 4939; x_wconf 64' lang='lat' dir='ltr'><strong>sapientissimi</strong></span> <span class='ocrx_word' id='word_1_740' title='bbox 1576 4852 1878 4938; x_wconf 78' lang='lat' dir='ltr'><strong>nuncupati.</strong></span> <span class='ocrx_word' id='word_1_741' title='bbox 1978 4852 2075 4909; x_wconf 70' lang='grc' dir='ltr'><strong>Μ)-</strong></span> <span class='ocrx_word' id='word_1_742' title='bbox 2108 4869 2189 4919; x_wconf 75' lang='grc' dir='ltr'><strong>ιιι,</strong></span> <span class='ocrx_word' id='word_1_743' title='bbox 2224 4852 2313 4908; x_wconf 77' lang='grc' dir='ltr'><strong>οάο</strong></span> <span class='ocrx_word' id='word_1_744' title='bbox 2349 4854 2417 4909; x_wconf 74' lang='grc'><strong>19</strong></span> <span class='ocrx_word' id='word_1_745' title='bbox 2442 4870 2455 4906; x_wconf 75' lang='grc' dir='ltr'><strong>ε</strong></span> 
     </span>
    </p>
   </div>
   <div class='ocr_carea' id='block_1_100' title="bbox 284 4939 1878 5011">
    <p class='ocr_par' dir='ltr' id='par_1_100' title="bbox 284 4939 1878 5011">
     <span class='ocr_line' id='line_1_102' title="bbox 284 4939 1878 5011; baseline -0.003 -12"><span class='ocrx_word' id='word_1_746' title='bbox 284 4947 470 5003; x_wconf 85' lang='lat' dir='ltr'><strong>Locus</strong></span> <span class='ocrx_word' id='word_1_747' title='bbox 497 4957 605 4997; x_wconf 90' lang='lat' dir='ltr'><strong>non</strong></span> <span class='ocrx_word' id='word_1_748' title='bbox 630 4943 807 4998; x_wconf 89' lang='lat' dir='ltr'><strong>solum</strong></span> <span class='ocrx_word' id='word_1_749' title='bbox 833 4945 1048 5011; x_wconf 77' lang='lat' dir='ltr'><strong>egregie</strong></span> <span class='ocrx_word' id='word_1_750' title='bbox 1078 4945 1311 5005; x_wconf 63' lang='lat' dir='ltr'><strong>Iuratus,</strong></span> <span class='ocrx_word' id='word_1_751' title='bbox 1342 4957 1530 4995; x_wconf 87' lang='lat' dir='ltr'><strong>verum</strong></span> <span class='ocrx_word' id='word_1_752' title='bbox 1558 4951 1613 4994; x_wconf 91' lang='lat' dir='ltr'><strong>et</strong></span> <span class='ocrx_word' id='word_1_753' title='bbox 1640 4939 1878 4994; x_wconf 90' lang='lat' dir='ltr'><strong>mutilus.</strong></span> 
     </span>
    </p>
   </div>
   <div class='ocr_carea' id='block_1_101' title="bbox 287 5012 1884 5085">
    <p class='ocr_par' dir='ltr' id='par_1_101' title="bbox 287 5012 1884 5085">
     <span class='ocr_line' id='line_1_103' title="bbox 287 5012 1884 5085; baseline -0.004 -15"><span class='ocrx_word' id='word_1_754' title='bbox 287 5014 544 5074; x_wconf 68' lang='lat' dir='ltr'><strong>Restituti</strong></span> <span class='ocrx_word' id='word_1_755' title='bbox 571 5025 626 5069; x_wconf 91' lang='lat' dir='ltr'><strong>et</strong></span> <span class='ocrx_word' id='word_1_756' title='bbox 670 5015 898 5085; x_wconf 83' lang='lat' dir='ltr'><strong>suppleo</strong></span> <span class='ocrx_word' id='word_1_757' title='bbox 927 5033 941 5069; x_wconf 93' lang='lat'>:</span> <span class='ocrx_word' id='word_1_758' title='bbox 972 5013 1125 5069; x_wconf 88' lang='lat' dir='ltr'><strong>Nunc</strong></span> <span class='ocrx_word' id='word_1_759' title='bbox 1164 5016 1404 5083; x_wconf 87' lang='lat' dir='ltr'><strong>quoniam</strong></span> <span class='ocrx_word' id='word_1_760' title='bbox 1434 5012 1644 5084; x_wconf 86' lang='lat' dir='ltr'><strong>imagini</strong></span> <span class='ocrx_word' id='word_1_761' title='bbox 1677 5027 1884 5081; x_wconf 68' lang='lat' dir='ltr'><strong>prwpa.</strong></span> 
     </span>
    </p>
   </div>
   <div class='ocr_carea' id='block_1_102' title="bbox 288 5086 1886 5158">
    <p class='ocr_par' dir='ltr' id='par_1_102' title="bbox 288 5086 1886 5158">
     <span class='ocr_line' id='line_1_104' title="bbox 288 5086 1886 5158; baseline -0.006 -12"><span class='ocrx_word' id='word_1_762' title='bbox 288 5091 524 5158; x_wconf 73' lang='lat' dir='ltr'><strong>ravintus</strong></span> <span class='ocrx_word' id='word_1_763' title='bbox 545 5087 736 5153; x_wconf 49' lang='lat' dir='ltr'><strong>sedem,</strong></span> <span class='ocrx_word' id='word_1_764' title='bbox 768 5087 1079 5158; x_wconf 82' lang='lat' dir='ltr'><strong>accipiamus</strong></span> <span class='ocrx_word' id='word_1_765' title='bbox 1120 5087 1357 5158; x_wconf 85' lang='lat' dir='ltr'><strong>deinceps</strong></span> <span class='ocrx_word' id='word_1_766' title='bbox 1386 5101 1506 5139; x_wconf 83' lang='lat' dir='ltr'><strong>mea:</strong></span> <span class='ocrx_word' id='word_1_767' title='bbox 1541 5086 1762 5150; x_wconf 84' lang='lat' dir='ltr'><strong>aliquem</strong></span> <span class='ocrx_word' id='word_1_768' title='bbox 1791 5099 1886 5158; x_wconf 84' lang='lat' dir='ltr'><strong>na-</strong></span> 
     </span>
    </p>
   </div>
   <div class='ocr_carea' id='block_1_103' title="bbox 291 5155 1885 5230">
    <p class='ocr_par' dir='ltr' id='par_1_103' title="bbox 291 5155 1885 5230">
     <span class='ocr_line' id='line_1_105' title="bbox 291 5155 1885 5230; baseline -0.004 -17"><span class='ocrx_word' id='word_1_769' title='bbox 291 5171 405 5216; x_wconf 80' lang='lat' dir='ltr'><strong>tum</strong></span> <span class='ocrx_word' id='word_1_770' title='bbox 442 5157 711 5212; x_wconf 82' lang='lat' dir='ltr'><strong>Platonica</strong></span> <span class='ocrx_word' id='word_1_771' title='bbox 740 5157 855 5212; x_wconf 83' lang='lat' dir='ltr'><strong>licet</strong></span> <span class='ocrx_word' id='word_1_772' title='bbox 885 5169 973 5212; x_wconf 86' lang='lat' dir='ltr'><strong>aut</strong></span> <span class='ocrx_word' id='word_1_773' title='bbox 1009 5155 1337 5230; x_wconf 76' lang='lat' dir='ltr'><strong>Pythagorea</strong></span> <span class='ocrx_word' id='word_1_774' title='bbox 1374 5157 1635 5229; x_wconf 81' lang='lat' dir='ltr'><strong>progenie,</strong></span> <span class='ocrx_word' id='word_1_775' title='bbox 1668 5165 1755 5230; x_wconf 83' lang='lat' dir='ltr'><strong>aut</strong></span> <span class='ocrx_word' id='word_1_776' title='bbox 1787 5155 1885 5230; x_wconf 70' lang='lat' dir='ltr'><strong>_ho_-</strong></span> 
     </span>
    </p>
   </div>
   <div class='ocr_carea' id='block_1_104' title="bbox 293 5227 1887 5303">
    <p class='ocr_par' dir='ltr' id='par_1_104' title="bbox 293 5227 1887 5303">
     <span class='ocr_line' id='line_1_106' title="bbox 293 5227 1887 5303; baseline -0.006 -15"><span class='ocrx_word' id='word_1_777' title='bbox 293 5248 416 5288; x_wconf 81' lang='lat' dir='ltr'><strong>rum</strong></span> <span class='ocrx_word' id='word_1_778' title='bbox 453 5230 698 5303; x_wconf 73' lang='lat' dir='ltr'><strong>alicujus,</strong></span> <span class='ocrx_word' id='word_1_779' title='bbox 742 5232 830 5300; x_wconf 87' lang='lat' dir='ltr'><strong>qui</strong></span> <span class='ocrx_word' id='word_1_780' title='bbox 859 5227 1107 5285; x_wconf 76' lang='lat' dir='ltr'><strong>acuminis</strong></span> <span class='ocrx_word' id='word_1_781' title='bbox 1140 5227 1485 5297; x_wconf 62' lang='lat' dir='ltr'><strong>perhibentur</strong></span> <span class='ocrx_word' id='word_1_782' title='bbox 1508 5227 1887 5303; x_wconf 9' lang='lat' dir='ltr'><strong>fuissegdivini,</strong></span> 
     </span>
    </p>
   </div>
   <div class='ocr_carea' id='block_1_105' title="bbox 295 5298 1891 5372">
    <p class='ocr_par' dir='ltr' id='par_1_105' title="bbox 295 5298 1891 5372">
     <span class='ocr_line' id='line_1_107' title="bbox 295 5298 1891 5372; baseline -0.005 -13"><span class='ocrx_word' id='word_1_783' title='bbox 295 5312 388 5360; x_wconf 86' lang='lat' dir='ltr'><strong>aut</strong></span> <span class='ocrx_word' id='word_1_784' title='bbox 427 5318 494 5357; x_wconf 75' lang='lat' dir='ltr'><strong>ea:</strong></span> <span class='ocrx_word' id='word_1_785' title='bbox 521 5298 687 5357; x_wconf 78' lang='lat' dir='ltr'><strong>Deum</strong></span> <span class='ocrx_word' id='word_1_786' title='bbox 716 5298 972 5364; x_wconf 77' lang='lat' dir='ltr'><strong>responsis</strong></span> <span class='ocrx_word' id='word_1_787' title='bbox 1000 5303 1363 5372; x_wconf 82' lang='lat' dir='ltr'><strong>sapientissimi</strong></span> <span class='ocrx_word' id='word_1_788' title='bbox 1406 5298 1710 5371; x_wconf 85' lang='lat' dir='ltr'><strong>nuncupati,</strong></span> <span class='ocrx_word' id='word_1_789' title='bbox 1752 5308 1797 5353; x_wconf 87' lang='lat' dir='ltr'><strong>et</strong></span> <span class='ocrx_word' id='word_1_790' title='bbox 1836 5298 1891 5351; x_wconf 88' lang='lat' dir='ltr'><strong>in</strong></span> 
     </span>
    </p>
   </div>
   <div class='ocr_carea' id='block_1_106' title="bbox 298 5374 1895 5442">
    <p class='ocr_par' dir='ltr' id='par_1_106' title="bbox 298 5374 1895 5442">
     <span class='ocr_line' id='line_1_108' title="bbox 298 5374 1895 5442; baseline -0.004 -12"><span class='ocrx_word' id='word_1_791' title='bbox 298 5376 403 5433; x_wconf 88' lang='lat' dir='ltr'><strong>loci</strong></span> <span class='ocrx_word' id='word_1_792' title='bbox 430 5374 573 5427; x_wconf 88' lang='lat' dir='ltr'><strong>illius</strong></span> <span class='ocrx_word' id='word_1_793' title='bbox 614 5375 915 5442; x_wconf 84' lang='lat' dir='ltr'><strong>hospitium,</strong></span> <span class='ocrx_word' id='word_1_794' title='bbox 940 5376 1076 5440; x_wconf 86' lang='lat' dir='ltr'><strong>quod</strong></span> <span class='ocrx_word' id='word_1_795' title='bbox 1111 5375 1174 5431; x_wconf 84' lang='lat' dir='ltr'><strong>sit</strong></span> <span class='ocrx_word' id='word_1_796' title='bbox 1218 5374 1370 5428; x_wconf 83' lang='lat' dir='ltr'><strong>inane</strong></span> <span class='ocrx_word' id='word_1_797' title='bbox 1408 5383 1454 5427; x_wconf 87' lang='lat' dir='ltr'><strong>et</strong></span> <span class='ocrx_word' id='word_1_798' title='bbox 1486 5388 1720 5430; x_wconf 85' lang='lat' dir='ltr'><strong>vacuum.</strong></span> <span class='ocrx_word' id='word_1_799' title='bbox 1769 5386 1895 5442; x_wconf 85' lang='lat' dir='ltr'><strong>con-</strong></span> 
     </span>
    </p>
   </div>
   <div class='ocr_carea' id='block_1_107' title="bbox 296 5440 1889 5515">
    <p class='ocr_par' dir='ltr' id='par_1_107' title="bbox 296 5440 1889 5515">
     <span class='ocr_line' id='line_1_109' title="bbox 296 5440 1889 5515; baseline -0.006 -12"><span class='ocrx_word' id='word_1_800' title='bbox 296 5447 593 5503; x_wconf 85' lang='lat' dir='ltr'><strong>cludamus.</strong></span> <span class='ocrx_word' id='word_1_801' title='bbox 625 5440 879 5503; x_wconf 81' lang='lat' dir='ltr'><strong>Ultimam</strong></span> <span class='ocrx_word' id='word_1_802' title='bbox 909 5463 1121 5511; x_wconf 76' lang='lat' dir='ltr'><strong>Vocem,</strong></span> <span class='ocrx_word' id='word_1_803' title='bbox 1154 5447 1417 5502; x_wconf 85' lang='lat' dir='ltr'><strong>sententia</strong></span> <span class='ocrx_word' id='word_1_804' title='bbox 1448 5444 1745 5515; x_wconf 81' lang='lat' dir='ltr'><strong>flagitante.</strong></span> <span class='ocrx_word' id='word_1_805' title='bbox 1789 5440 1889 5495; x_wconf 88' lang='lat' dir='ltr'><strong>ad-</strong></span> 
     </span>
    </p>
   </div>
   <div class='ocr_carea' id='block_1_108' title="bbox 299 5514 1897 5590">
    <p class='ocr_par' dir='ltr' id='par_1_108' title="bbox 299 5514 1897 5590">
     <span class='ocr_line' id='line_1_110' title="bbox 299 5514 1897 5590; baseline -0.004 -14"><span class='ocrx_word' id='word_1_806' title='bbox 299 5519 439 5576; x_wconf 88' lang='lat' dir='ltr'><strong>didi.</strong></span> <span class='ocrx_word' id='word_1_807' title='bbox 473 5519 677 5575; x_wconf 75' lang='lat' dir='ltr'><strong>Msnns.</strong></span> <span class='ocrx_word' id='word_1_808' title='bbox 703 5536 755 5590; x_wconf 86' lang='lat' dir='ltr'><strong>p.</strong></span> <span class='ocrx_word' id='word_1_809' title='bbox 792 5519 1025 5576; x_wconf 80' lang='lat' dir='ltr'><strong>58.-—-—At</strong></span> <span class='ocrx_word' id='word_1_810' title='bbox 1047 5520 1226 5573; x_wconf 89' lang='lat' dir='ltr'><strong>omnia</strong></span> <span class='ocrx_word' id='word_1_811' title='bbox 1255 5533 1385 5575; x_wconf 84' lang='lat' dir='ltr'><strong>sana</strong></span> <span class='ocrx_word' id='word_1_812' title='bbox 1401 5514 1576 5585; x_wconf 85' lang='lat' dir='ltr'><strong>erant,</strong></span> <span class='ocrx_word' id='word_1_813' title='bbox 1607 5514 1768 5571; x_wconf 91' lang='lat' dir='ltr'><strong>modo</strong></span> <span class='ocrx_word' id='word_1_814' title='bbox 1801 5527 1897 5585; x_wconf 89' lang='lat' dir='ltr'><strong>pro</strong></span> 
     </span>
    </p>
   </div>
   <div class='ocr_carea' id='block_1_109' title="bbox 299 5591 1168 5662">
    <p class='ocr_par' dir='ltr' id='par_1_109' title="bbox 299 5591 1168 5662">
     <span class='ocr_line' id='line_1_111' title="bbox 299 5591 1168 5662; baseline -0.003 -13"><span class='ocrx_word' id='word_1_815' title='bbox 299 5594 422 5649; x_wconf 83' lang='lat' dir='ltr'><strong>licet</strong></span> <span class='ocrx_word' id='word_1_816' title='bbox 454 5591 695 5662; x_wconf 85' lang='lat' dir='ltr'><strong>legamus</strong></span> <span class='ocrx_word' id='word_1_817' title='bbox 720 5594 932 5647; x_wconf 87' lang='lat' dir='ltr'><strong>scilicet.</strong></span> <span class='ocrx_word' id='word_1_818' title='bbox 964 5594 1168 5648; x_wconf 70' lang='lat' dir='ltr'><strong>Onus.</strong></span> 
     </span>
    </p>
   </div>
   <div class='ocr_carea' id='block_1_110' title="bbox 378 5658 1897 5735">
    <p class='ocr_par' dir='ltr' id='par_1_110' title="bbox 378 5658 1897 5735">
     <span class='ocr_line' id='line_1_112' title="bbox 378 5658 1897 5735; baseline -0.003 -18"><span class='ocrx_word' id='word_1_819' title='bbox 378 5662 409 5717; x_wconf 91' lang='grc' dir='ltr'><em>Ι</em></span> <span class='ocrx_word' id='word_1_820' title='bbox 420 5658 611 5735; x_wconf 75' lang='grc' dir='ltr'><strong>οηαῇἱηὶ</strong></span> <span class='ocrx_word' id='word_1_821' title='bbox 650 5661 708 5716; x_wconf 90' lang='lat' dir='ltr'><strong>Id</strong></span> <span class='ocrx_word' id='word_1_822' title='bbox 726 5673 807 5719; x_wconf 89' lang='lat' dir='ltr'><strong>est</strong></span> <span class='ocrx_word' id='word_1_823' title='bbox 830 5665 1032 5720; x_wconf 91' lang='lat' dir='ltr'><strong>bomiui</strong></span> <span class='ocrx_word' id='word_1_824' title='bbox 1051 5662 1437 5735; x_wconf 90' lang='lat' dir='ltr'><strong>imaginatione</strong></span> <span class='ocrx_word' id='word_1_825' title='bbox 1456 5658 1897 5731; x_wconf 88' lang='lat' dir='ltr'><strong>conccpto,licto.</strong></span> 
     </span>
    </p>
   </div>
   <div class='ocr_carea' id='block_1_111' title="bbox 304 5733 721 5793">
    <p class='ocr_par' dir='ltr' id='par_1_111' title="bbox 304 5733 721 5793">
     <span class='ocr_line' id='line_1_113' title="bbox 304 5733 721 5793; baseline -0.014 0"><span class='ocrx_word' id='word_1_826' title='bbox 304 5733 335 5793; x_wconf 87' lang='lat'><em>1</em></span> <span class='ocrx_word' id='word_1_827' title='bbox 342 5734 464 5791; x_wconf 85' lang='lat' dir='ltr'><strong>deat</strong></span> <span class='ocrx_word' id='word_1_828' title='bbox 516 5734 721 5791; x_wconf 77' lang='lat' dir='ltr'><strong>ORELL.</strong></span> 
     </span>
    </p>
   </div>
   <div class='ocr_carea' id='block_1_112' title="bbox 386 5801 1905 5881">
    <p class='ocr_par' dir='ltr' id='par_1_112' title="bbox 386 5801 1905 5881">
     <span class='ocr_line' id='line_1_114' title="bbox 386 5801 1905 5881; baseline -0.004 -20"><span class='ocrx_word' id='word_1_829' title='bbox 386 5805 596 5881; x_wconf 72' lang='lat' dir='ltr'><strong>1_Vec_jn</strong></span> <span class='ocrx_word' id='word_1_830' title='bbox 616 5824 881 5881; x_wconf 78' lang='lat' dir='ltr'><strong>sermones</strong></span> <span class='ocrx_word' id='word_1_831' title='bbox 918 5808 1120 5881; x_wconf 88' lang='lat' dir='ltr'><strong>aliquos</strong></span> <span class='ocrx_word' id='word_1_832' title='bbox 1157 5822 1256 5881; x_wconf 77' lang='lat' dir='ltr'><strong>ora</strong></span> <span class='ocrx_word' id='word_1_833' title='bbox 1301 5806 1526 5881; x_wconf 55' lang='lat' dir='ltr'><strong>etlabra</strong></span> <span class='ocrx_word' id='word_1_834' title='bbox 1554 5803 1782 5859; x_wconf 86' lang='lat' dir='ltr'><strong>diducat.</strong></span> <span class='ocrx_word' id='word_1_835' title='bbox 1827 5801 1905 5856; x_wconf 91' lang='lat' dir='ltr'><strong>Ita</strong></span> 
     </span>
    </p>
   </div>
   <div class='ocr_carea' id='block_1_113' title="bbox 308 5877 1906 5953">
    <p class='ocr_par' dir='ltr' id='par_1_113' title="bbox 308 5877 1906 5953">
     <span class='ocr_line' id='line_1_115' title="bbox 308 5877 1906 5953; baseline -0.007 -12"><span class='ocrx_word' id='word_1_836' title='bbox 308 5878 475 5941; x_wconf 84' lang='lat' dir='ltr'><strong>Fulv.</strong></span> <span class='ocrx_word' id='word_1_837' title='bbox 506 5877 756 5948; x_wconf 87' lang='lat' dir='ltr'><strong>Ursinus,</strong></span> <span class='ocrx_word' id='word_1_838' title='bbox 796 5877 1061 5951; x_wconf 80' lang='lat' dir='ltr'><strong>sequente</strong></span> <span class='ocrx_word' id='word_1_839' title='bbox 1105 5878 1194 5935; x_wconf 92' lang='lat' dir='ltr'><strong>ed.</strong></span> <span class='ocrx_word' id='word_1_840' title='bbox 1234 5878 1406 5953; x_wconf 82' lang='lat' dir='ltr'><strong>Lugd.</strong></span> <span class='ocrx_word' id='word_1_841' title='bbox 1454 5878 1597 5946; x_wconf 89' lang='lat' dir='ltr'><strong>Bat.;</strong></span> <span class='ocrx_word' id='word_1_842' title='bbox 1621 5889 1741 5947; x_wconf 65' lang='lat' dir='ltr'><strong>quas</strong></span> <span class='ocrx_word' id='word_1_843' title='bbox 1781 5888 1906 5931; x_wconf 84' lang='lat' dir='ltr'><strong>cor-</strong></span> 
     </span>
    </p>
   </div>
   <div class='ocr_carea' id='block_1_114' title="bbox 804 5971 1209 6039">
    <p class='ocr_par' dir='ltr' id='par_1_114' title="bbox 804 5971 1209 6039">
     <span class='ocr_line' id='line_1_116' title="bbox 804 5971 1209 6039; baseline -0.012 0"><span class='ocrx_word' id='word_1_844' title='bbox 804 5975 1083 6039; x_wconf 72' lang='grc' dir='ltr'><strong>ΡΑτιιοι.</strong></span> <span class='ocrx_word' id='word_1_845' title='bbox 1131 5971 1209 6035; x_wconf 80' lang='grc' dir='ltr'><strong>ν.</strong></span> 
     </span>
    </p>
   </div>
   <div class='ocr_carea' id='block_1_115' title="bbox 2171 5034 2851 5098">
    <p class='ocr_par' dir='ltr' id='par_1_115' title="bbox 2171 5034 2851 5098">
     <span class='ocr_line' id='line_1_117' title="bbox 2171 5034 2851 5098; baseline 0.001 -14"><span class='ocrx_word' id='word_1_846' title='bbox 2171 5034 2277 5094; x_wconf 87' lang='lat' dir='ltr'><strong>Quo</strong></span> <span class='ocrx_word' id='word_1_847' title='bbox 2301 5034 2473 5087; x_wconf 87' lang='lat' dir='ltr'><strong>Chium</strong></span> <span class='ocrx_word' id='word_1_848' title='bbox 2495 5036 2658 5098; x_wconf 90' lang='lat' dir='ltr'><strong>pretio</strong></span> <span class='ocrx_word' id='word_1_849' title='bbox 2679 5034 2851 5085; x_wconf 89' lang='lat' dir='ltr'><strong>cadum</strong></span> 
     </span>
    </p>
   </div>
   <div class='ocr_carea' id='block_1_116' title="bbox 2172 5098 3348 5162">
    <p class='ocr_par' dir='ltr' id='par_1_116' title="bbox 2172 5098 3348 5162">
     <span class='ocr_line' id='line_1_118' title="bbox 2172 5098 3348 5162; baseline 0.001 -14"><span class='ocrx_word' id='word_1_850' title='bbox 2172 5098 2484 5149; x_wconf 79' lang='lat' dir='ltr'><strong>Mercemur?</strong></span> <span class='ocrx_word' id='word_1_851' title='bbox 2506 5098 2628 5159; x_wconf 84' lang='lat' dir='ltr'><strong>Quis</strong></span> <span class='ocrx_word' id='word_1_852' title='bbox 2650 5111 2822 5162; x_wconf 89' lang='lat' dir='ltr'><strong>aquam</strong></span> <span class='ocrx_word' id='word_1_853' title='bbox 2843 5101 3093 5162; x_wconf 86' lang='lat' dir='ltr'><strong>temperet</strong></span> <span class='ocrx_word' id='word_1_854' title='bbox 3114 5098 3309 5161; x_wconf 89' lang='lat' dir='ltr'><strong>ignibus</strong></span> <span class='ocrx_word' id='word_1_855' title='bbox 3324 5100 3348 5149; x_wconf 84' lang='lat'><strong>?</strong></span> 
     </span>
    </p>
   </div>
   <div class='ocr_carea' id='block_1_117' title="bbox 1990 5265 3592 5343">
    <p class='ocr_par' dir='ltr' id='par_1_117' title="bbox 1990 5265 3592 5343">
     <span class='ocr_line' id='line_1_119' title="bbox 1990 5265 3592 5343; baseline -0.001 -15"><span class='ocrx_word' id='word_1_856' title='bbox 1990 5271 2057 5328; x_wconf 89' lang='lat' dir='ltr'><strong>ad</strong></span> <span class='ocrx_word' id='word_1_857' title='bbox 2084 5286 2205 5342; x_wconf 77' lang='lat' dir='ltr'><strong>qum</strong></span> <span class='ocrx_word' id='word_1_858' title='bbox 2233 5279 2391 5343; x_wconf 75' lang='lat' dir='ltr'><strong>vetus</strong></span> <span class='ocrx_word' id='word_1_859' title='bbox 2429 5270 2698 5338; x_wconf 86' lang='lat' dir='ltr'><strong>interpres</strong></span> <span class='ocrx_word' id='word_1_860' title='bbox 2721 5270 2943 5343; x_wconf 47' lang='lat' dir='ltr'><strong>Acron}</strong></span> <span class='ocrx_word' id='word_1_861' title='bbox 2970 5265 3106 5343; x_wconf 71' lang='lat' dir='ltr'><strong>Nam</strong></span> <span class='ocrx_word' id='word_1_862' title='bbox 3141 5270 3403 5341; x_wconf 82' lang='lat' dir='ltr'><strong>tepefactis</strong></span> <span class='ocrx_word' id='word_1_863' title='bbox 3443 5273 3592 5343; x_wconf 86' lang='lat' dir='ltr'><strong>aquis</strong></span> 
     </span>
    </p>
   </div>
   <div class='ocr_carea' id='block_1_118' title="bbox 1992 5339 3591 5412">
    <p class='ocr_par' dir='ltr' id='par_1_118' title="bbox 1992 5339 3591 5412">
     <span class='ocr_line' id='line_1_120' title="bbox 1992 5339 3591 5412; baseline -0.001 -11"><span class='ocrx_word' id='word_1_864' title='bbox 1992 5339 2218 5401; x_wconf 78' lang='lat' dir='ltr'><strong>solebant</strong></span> <span class='ocrx_word' id='word_1_865' title='bbox 2246 5342 2412 5398; x_wconf 69' lang='grc' dir='ltr'><strong>(ἓνωεὶ</strong></span> <span class='ocrx_word' id='word_1_866' title='bbox 2438 5343 2553 5396; x_wconf 83' lang='lat' dir='ltr'><strong>vina</strong></span> <span class='ocrx_word' id='word_1_867' title='bbox 2577 5351 2875 5409; x_wconf 82' lang='lat' dir='ltr'><strong>temperare.</strong></span> <span class='ocrx_word' id='word_1_868' title='bbox 2900 5339 3005 5395; x_wconf 85' lang='lat' dir='ltr'><strong>Sed</strong></span> <span class='ocrx_word' id='word_1_869' title='bbox 3031 5351 3083 5393; x_wconf 82' lang='lat' dir='ltr'><strong>et</strong></span> <span class='ocrx_word' id='word_1_870' title='bbox 3100 5339 3471 5411; x_wconf 71' lang='lat' dir='ltr'><strong>pauperiores,</strong></span> <span class='ocrx_word' id='word_1_871' title='bbox 3488 5339 3591 5412; x_wconf 77' lang='lat' dir='ltr'><strong>qui</strong></span> 
     </span>
    </p>
   </div>
   <div class='ocr_carea' id='block_1_119' title="bbox 1995 5413 3584 5486">
    <p class='ocr_par' dir='ltr' id='par_1_119' title="bbox 1995 5413 3584 5486">
     <span class='ocr_line' id='line_1_121' title="bbox 1995 5413 3584 5486; baseline 0 -16"><span class='ocrx_word' id='word_1_872' title='bbox 1995 5432 2188 5486; x_wconf 85' lang='lat' dir='ltr'><strong>aquam</strong></span> <span class='ocrx_word' id='word_1_873' title='bbox 2233 5414 2704 5486; x_wconf 19' lang='lat' dir='ltr'><strong>lnbeltantuillatn</strong></span> <span class='ocrx_word' id='word_1_874' title='bbox 2734 5414 2903 5484; x_wconf 72' lang='lat' dir='ltr'><strong>ipsam</strong></span> <span class='ocrx_word' id='word_1_875' title='bbox 2945 5428 3158 5483; x_wconf 86' lang='lat' dir='ltr'><strong>quoque</strong></span> <span class='ocrx_word' id='word_1_876' title='bbox 3198 5413 3359 5472; x_wconf 79' lang='lat' dir='ltr'><strong>soliti</strong></span> <span class='ocrx_word' id='word_1_877' title='bbox 3393 5417 3584 5471; x_wconf 86' lang='lat' dir='ltr'><strong>calefa-</strong></span> 
     </span>
    </p>
   </div>
   <div class='ocr_carea' id='block_1_120' title="bbox 1996 5484 2611 5557">
    <p class='ocr_par' dir='ltr' id='par_1_120' title="bbox 1996 5484 2611 5557">
     <span class='ocr_line' id='line_1_122' title="bbox 1996 5484 2611 5557; baseline -0.011 -12"><span class='ocrx_word' id='word_1_878' title='bbox 1996 5484 2141 5545; x_wconf 84' lang='lat' dir='ltr'><strong>cere.</strong></span> <span class='ocrx_word' id='word_1_879' title='bbox 2175 5487 2408 5553; x_wconf 61' lang='lat' dir='ltr'><strong>Manus,</strong></span> <span class='ocrx_word' id='word_1_880' title='bbox 2436 5500 2472 5557; x_wconf 88' lang='lat' dir='ltr'><strong>p</strong></span> <span class='ocrx_word' id='word_1_881' title='bbox 2523 5484 2611 5541; x_wconf 83' lang='lat'><strong>59.</strong></span> 
     </span>
    </p>
   </div>
   <div class='ocr_carea' id='block_1_121' title="bbox 2074 5577 3600 5652">
    <p class='ocr_par' dir='ltr' id='par_1_121' title="bbox 2074 5577 3600 5652">
     <span class='ocr_line' id='line_1_123' title="bbox 2074 5577 3600 5652; baseline -0.001 -14"><span class='ocrx_word' id='word_1_882' title='bbox 2074 5582 2186 5637; x_wconf 89' lang='lat' dir='ltr'><strong>Nec</strong></span> <span class='ocrx_word' id='word_1_883' title='bbox 2214 5581 2458 5652; x_wconf 85' lang='lat' dir='ltr'><strong>appetitio</strong></span> <span class='ocrx_word' id='word_1_884' title='bbox 2508 5579 2793 5652; x_wconf 53' lang='lat' dir='ltr'><strong>porrigetuf</strong></span> <span class='ocrx_word' id='word_1_885' title='bbox 2817 5577 3066 5652; x_wconf 64' lang='lat' dir='ltr'><strong>ulterius,</strong></span> <span class='ocrx_word' id='word_1_886' title='bbox 3093 5593 3200 5633; x_wconf 87' lang='lat' dir='ltr'><strong>esse</strong></span> <span class='ocrx_word' id='word_1_887' title='bbox 3241 5583 3464 5652; x_wconf 83' lang='lat' dir='ltr'><strong>amplius</strong></span> <span class='ocrx_word' id='word_1_888' title='bbox 3484 5599 3600 5637; x_wconf 86' lang='lat' dir='ltr'><strong>nes-</strong></span> 
     </span>
    </p>
   </div>
   <div class='ocr_carea' id='block_1_122' title="bbox 2000 5649 3599 5726">
    <p class='ocr_par' dir='ltr' id='par_1_122' title="bbox 2000 5649 3599 5726">
     <span class='ocr_line' id='line_1_124' title="bbox 2000 5649 3599 5726; baseline 0 -15"><span class='ocrx_word' id='word_1_889' title='bbox 2000 5657 2161 5722; x_wconf 85' lang='lat' dir='ltr'><strong>ciens,</strong></span> <span class='ocrx_word' id='word_1_890' title='bbox 2206 5649 2342 5726; x_wconf 84' lang='lat' dir='ltr'><strong>quod</strong></span> <span class='ocrx_word' id='word_1_891' title='bbox 2374 5661 2573 5726; x_wconf 79' lang='lat' dir='ltr'><strong>petatur</strong></span> <span class='ocrx_word' id='word_1_892' title='bbox 2622 5650 2696 5726; x_wconf 84' lang='lat' dir='ltr'><strong>Ita</strong></span> <span class='ocrx_word' id='word_1_893' title='bbox 2741 5649 2917 5716; x_wconf 78' lang='lat' dir='ltr'><strong>Fulv.,</strong></span> <span class='ocrx_word' id='word_1_894' title='bbox 2948 5649 3265 5726; x_wconf 56' lang='lat' dir='ltr'><strong>Ursinuset</strong></span> <span class='ocrx_word' id='word_1_895' title='bbox 3291 5649 3599 5726; x_wconf 66' lang='lat' dir='ltr'><strong>Meursius:</strong></span> 
     </span>
    </p>
   </div>
   <div class='ocr_carea' id='block_1_123' title="bbox 2002 5721 3592 5793">
    <p class='ocr_par' dir='ltr' id='par_1_123' title="bbox 2002 5721 3592 5793">
     <span class='ocr_line' id='line_1_125' title="bbox 2002 5721 3592 5793; baseline 0.001 -16"><span class='ocrx_word' id='word_1_896' title='bbox 2002 5727 2124 5785; x_wconf 85' lang='lat' dir='ltr'><strong>cod.</strong></span> <span class='ocrx_word' id='word_1_897' title='bbox 2157 5721 2258 5780; x_wconf 84' lang='lat' dir='ltr'><strong>ms.</strong></span> <span class='ocrx_word' id='word_1_898' title='bbox 2288 5735 2343 5780; x_wconf 88' lang='lat' dir='ltr'><strong>et</strong></span> <span class='ocrx_word' id='word_1_899' title='bbox 2367 5721 2532 5779; x_wconf 87' lang='lat' dir='ltr'><strong>editio</strong></span> <span class='ocrx_word' id='word_1_900' title='bbox 2559 5724 2811 5793; x_wconf 90' lang='lat' dir='ltr'><strong>princeps</strong></span> <span class='ocrx_word' id='word_1_901' title='bbox 2836 5721 3133 5792; x_wconf 86' lang='lat' dir='ltr'><strong>corrigetur.</strong></span> <span class='ocrx_word' id='word_1_902' title='bbox 3172 5721 3440 5791; x_wconf 84' lang='lat' dir='ltr'><strong>Nesciens,</strong></span> <span class='ocrx_word' id='word_1_903' title='bbox 3471 5725 3592 5780; x_wconf 90' lang='lat' dir='ltr'><strong>scil.</strong></span> 
     </span>
    </p>
   </div>
   <div class='ocr_carea' id='block_1_124' title="bbox 2008 5794 3594 5871">
    <p class='ocr_par' dir='ltr' id='par_1_124' title="bbox 2008 5794 3594 5871">
     <span class='ocr_line' id='line_1_126' title="bbox 2008 5794 3594 5871; baseline -0.003 -16"><span class='ocrx_word' id='word_1_904' title='bbox 2008 5798 2290 5871; x_wconf 82' lang='lat' dir='ltr'><strong>appetitio,</strong></span> <span class='ocrx_word' id='word_1_905' title='bbox 2340 5797 2435 5871; x_wconf 76' lang='lat' dir='ltr'><strong>sed</strong></span> <span class='ocrx_word' id='word_1_906' title='bbox 2486 5794 2709 5861; x_wconf 88' lang='lat' dir='ltr'><strong>melius,</strong></span> <span class='ocrx_word' id='word_1_907' title='bbox 2761 5803 2923 5866; x_wconf 89' lang='lat' dir='ltr'><strong>puto,</strong></span> <span class='ocrx_word' id='word_1_908' title='bbox 2967 5802 3115 5852; x_wconf 87' lang='lat' dir='ltr'><strong>esset</strong></span> <span class='ocrx_word' id='word_1_909' title='bbox 3155 5796 3428 5865; x_wconf 86' lang='lat' dir='ltr'><strong>nescienti,</strong></span> <span class='ocrx_word' id='word_1_910' title='bbox 3478 5799 3594 5854; x_wconf 89' lang='lat' dir='ltr'><strong>scil.</strong></span> 
     </span>
    </p>
   </div>
   <div class='ocr_carea' id='block_1_125' title="bbox 2009 5868 2533 5946">
    <p class='ocr_par' dir='ltr' id='par_1_125' title="bbox 2009 5868 2533 5946">
     <span class='ocr_line' id='line_1_127' title="bbox 2009 5868 2533 5946; baseline -0.017 -16"><span class='ocrx_word' id='word_1_911' title='bbox 2009 5868 2180 5946; x_wconf 81' lang='lat' dir='ltr'><strong>puero</strong></span> <span class='ocrx_word' id='word_1_912' title='bbox 2207 5870 2305 5927; x_wconf 89' lang='lat' dir='ltr'><strong>illi.</strong></span> <span class='ocrx_word' id='word_1_913' title='bbox 2330 5868 2533 5926; x_wconf 75' lang='grc' dir='ltr'><strong>Οιιειι..</strong></span> 
     </span>
    </p>
   </div>
  </div>
