3970 6312
303 261 414 319 857

1632 260 1835 317 LIBER
1871 260 2252 321 SECUNDUS.

301 380 559 446 censetis,
593 396 801 450 verum,
828 382 971 453 quod
1015 381 1231 453 gravius
1270 381 1439 437 multo
1479 390 1580 447 est,
1614 379 1893 436 addidisﬁs
1919 380 1973 442 Α
2000 381 2159 436 tionis
2183 389 2419 437 amotum
2448 391 2560 448 est,
2590 380 2743 436 'licet
2774 380 3025 436 omnibus
3064 379 3336 437 ambiatur
3376 380 3614 440 ﬂammis

300 488 519 539 causas,
549 476 741 547 quibus
789 486 844 533 et
879 478 1003 532 vitia
1046 484 1374 541 crescerent,
1398 484 1453 531 et
1498 474 1905 531 inemendabilis

301 570 545 637 nequitia
572 582 937 640 permaneret.
962 572 1093 640 Quis
1116 581 1197 627 est
1222 570 1363 625 enim
1394 570 1692 631 hominum.
1718 585 1901 641 quam-

297 662 391 718 vis
419 662 508 718 ille
547 664 618 718 sit
654 664 851 741 indolis
891 664 1162 719 infamiam
1187 672 1213 700 η
1246 678 1461 730 semper
1488 671 1647 734 alque
1676 662 1907 733 ignomi-

302 757 460 811 niosa
490 755 890 828 fugientis,qui,
908 774 1027 812 cum
1051 757 1153 811 dici
1177 756 1428 812 exaudiat
1451 757 1582 811 viris
1603 755 1669 810 ab
1692 757 1906 824 sapien-

300 847 450 903 tibus
494 851 728 906 maxime
768 849 1103 905 immortales
1130 849 1339 903 animas
1375 864 1518 914 esse,
1550 864 1647 903 nec
1675 847 1905 904 latorum

295 955 430 999 esse
456 943 717 998 obnoxias
743 944 972 1014 legibus,
1009 959 1117 998 non
1144 944 1195 997 in
1228 943 1406 997 omnia
1437 942 1633 1013 ﬂagitia
1668 958 1907 1014 prmceps

297 1048 366 1089 se
393 1046 533 1102 ruat,
564 1052 669 1091 non
702 1037 999 1108 intrepidus
1020 1036 1048 1076 ι)
1084 1053 1169 1091 res
1196 1038 1355 1092 obeat
1381 1047 1542 1107 atque
1569 1037 1908 1105 aggrediatur

299 1126 555 1182 illicitas?
587 1146 692 1182 non
722 1129 955 1196 denique
997 1130 1175 1183 omnia
1222 1130 1333 1183 suis
1380 1128 1764 1200 cupiditatibus
1802 1128 1907 1184 lar-

298 1220 511 1293 giatur,
558 1238 678 1292 qure
731 1223 896 1279 libido
946 1222 1216 1293 impotens
1263 1226 1518 1292 jusserit,
1577 1225 1908 1294 impunitatis

298 1326 565 1385 prmterea
592 1317 753 1372 etiam
782 1317 1029 1373 libertate
1052 1317 1294 1372 munita?
1318 1316 1454 1384 Quid
1484 1318 1628 1371 enim
1663 1317 1908 1386 prohibe-

295 1407 401 1476 bit,
429 1410 715 1475 quominus
740 1410 855 1465 hanc
888 1410 1083 1466 faciat?
1112 1421 1289 1466 metus
1316 1426 1566 1481 superna:
1601 1412 1905 1479 potestatis,

289 1500 663 1573 iudiciumque
691 1503 977 1559 divimnn?
1005 1504 1071 1559 Et
1098 1506 1220 1575 quis
1252 1506 1693 1574 poteritterritari
1727 1506 1910 1561 formi-

295 1592 446 1649 dinis
486 1595 714 1666 alicujus
758 1598 1000 1661 liorrore,
1035 1598 1122 1652 cui
1155 1596 1317 1653 fuerit
1343 1614 1683 1669 persuasum,
1714 1610 1820 1654 tam
1849 1615 1909 1657 se

294 1702 425 1744 esse
476 1690 835 1746 immortalem
854 1732 868 1755 ,
898 1706 1058 1762 quam
1092 1693 1266 1764 ipsum
1307 1693 1474 1748 Deum
1504 1694 1737 1765 primum
1760 1736 1775 1761 ,
1807 1710 1907 1750 nec

2004 474 2316 529 torrentium
2363 474 2677 542 ﬂuminum,
2724 474 2970 529 volvatur
3008 473 3063 529 in
3109 488 3302 541 emno,
3349 488 3607 531 saxorum

1972 568 2395 645 _imininentium
2428 569 2673 631 casibus.
2706 575 2761 622 et
2802 568 3117 622 immanium
3167 568 3430 623 montium
3478 584 3614 640 ope-

2007 664 2173 718 riatur
2226 662 2426 724 ruinis,
2476 663 2737 717 illibatum
2791 677 3013 719 necesse
3059 672 3141 717 est
3198 675 3510 731 permaneat
3556 672 3615 721 et

2007 754 2264 809 intactum
2286 797 2301 822 ,
2334 758 2513 824 neque
2551 755 2716 807 nllnm
2759 769 2977 809 sensum
3023 754 3317 811 mortifera:
3348 754 3614 826 passionis

2007 864 2305 904 assumere.
2331 848 2510 918 Quid?
2539 848 2679 919 quod
2714 849 2812 904 ista
2844 850 3125 920 persuasio
3156 866 3262 905 non
3296 860 3503 907 tantum
3530 858 3617 907 est

2009 941 2281 996 iucitatrix
2307 942 2372 995 ad
2407 940 2532 996 vitia
2562 934 2817 997 libertate
2843 956 2910 997 ex
2940 942 3052 1013 ipsa
3095 943 3350 1011 peccandi
3375 985 3390 1010 ,
3423 959 3611 999 verum

2008 1036 2166 1090 etiam
2216 1036 2570 1110 philosophia:
2612 1042 2781 1111 ipsius
2830 1058 3046 1098 causam
3095 1043 3250 1111 tollit,
3283 1052 3338 1098 et
3382 1045 3617 1101 inaniter

2009 1145 2125 1184 eam
2156 1132 2352 1198 suscipi
2383 1138 2766 1204 supervacanei
2806 1147 2827 1175 ε
2860 1138 3043 1207 cperis
3071 1136 3391 1194 difﬁcultate
3432 1138 3615 1195 decla-

2009 1228 2269 1282 rat.-l\'am
2295 1230 2340 1284 si
2372 1245 2556 1284 verum
2590 1240 2694 1296 est,
2722 1230 2933 1286 animas
2962 1231 3159 1286 nullius
3184 1246 3305 1288 esse
3328 1231 3616 1303 partit-ipes

2010 1322 2162 1386 linis,
2190 1334 2244 1378 et
2274 1339 2393 1379 cum
2427 1325 2677 1380 omnibus
2718 1326 2932 1380 smculis
2976 1340 3214 1380 tevorum
3249 1325 3615 1396 perpetuitate

2011 1417 2307 1488 procedere
2337 1437 2349 1472 :
2381 1420 2509 1490 quid
2542 1419 2767 1489 periculi
2810 1434 2898 1473 res
2929 1418 3089 1474 liabet
3116 1421 3445 1489 contemptis
3474 1434 3612 1489 prte-

2011 1511 2388 1583 lermissisque
2417 1514 2725 1580 virtutibus,
2756 1511 2952 1584 quibus
2982 1523 3065 1569 est
3097 1514 3425 1567 contractior
3451 1525 3616 1584 atque

2010 1603 2281 1660 horridior
2310 1606 2448 1671 vita,
2482 1607 2846 1678 voluptatibus
2890 1620 2949 1661 se
2990 1605 3152 1670 dare,
3194 1621 3259 1661 ac
3301 1621 3398 1678 per
3438 1606 3618 1661 omnia

2008 1696 2291 1754 libidinum
2335 1715 2534 1769 genera
2572 1699 2893 1754 effrenatum
2926 1713 3185 1769 spargere
3217 1699 3495 1754 immensas
3522 1713 3617 1754 cuv

295 1781 374 1835 ab
421 1797 487 1835 eo
529 1781 757 1851 judicari
800 1782 1088 1854 quidquam
1118 1784 1186 1838 de
1211 1799 1270 1840 se
1299 1800 1462 1856 posse
1492 1804 1504 1840 :
1538 1801 1661 1842 cum
1704 1786 1774 1841 sit
1803 1803 1908 1842 una
1940 1783 1986 1844 Β
2015 1790 2252 1860 piditatis
2280 1792 2567 1847 ardorem?
2594 1792 2671 1849 Ne
2699 1792 2907 1850 deliciis
2936 1804 3196 1862 marceat,
3226 1806 3279 1850 et
3305 1810 3621 1867 corrumpa-

294 1874 677 1931 immortalitas
707 1878 757 1931 in
790 1887 1041 1949 utroque,
1069 1893 1169 1933 nec
1199 1878 1249 1932 in
1280 1879 1503 1936 alterius
1527 1879 1693 1937 altera
1718 1881 1904 1936 condi-

296 1969 465 2023 tionis
490 1971 659 2039 possit
689 1971 995 2041 mqualitate
1017 1971 1239 2027 vexari?

374 2061 545 2118 XXX.
574 2063 678 2119 Sed
713 2076 1025 2120 memoratre
1053 2065 1192 2135 apud
1220 2065 1423 2122 inferos
1449 2082 1623 2136 paena:
1645 2111 1658 2131 ,
1688 2077 1743 2122 et
1779 2083 1905 2139 snp-

294 2161 585 2231 pliciorum
629 2162 919 2233 generibus
961 2163 1358 2218 multiformes?
1406 2162 1605 2232 Ecquis
1651 2165 1753 2220 erit
1795 2174 1902 2221 tam

295 2254 509 2317 brutus,
541 2264 597 2310 et
638 2271 819 2310 rerum
849 2256 1268 2326 consequentias
1298 2257 1565 2320 nesciens,
1592 2258 1685 2329 qui
1710 2259 1905 2315 animis

297 2347 803 2417 incorruptibilibus
822 2348 1028 2410 credat.
1048 2360 1141 2404 aut
1166 2348 1417 2405 tenebras
1441 2359 1702 2407 tartareas
1744 2367 1902 2421 posse

296 2439 504 2511 aliquid
537 2456 755 2507 nocere,
780 2450 868 2496 aut
894 2441 1081 2513 igneos
1103 2441 1316 2509 ﬂuvios,
1342 2451 1434 2498 aut
1462 2447 1695 2499 etenosis
1717 2448 1902 2518 gurgi-

297 2533 452 2588 tibus
490 2532 733 2603 paludes,
766 2544 861 2588 aut
886 2543 1124 2590 rotarum
1153 2535 1466 2591 volubilium
1504 2538 1903 2595 circumactus?

297 2624 461 2696 Quod
484 2626 625 2681 enim
656 2625 966 2699 contiguum
998 2641 1104 2683 non
1134 2641 1238 2696 eat,
1262 2638 1316 2685 et
1341 2630 1411 2685 ab
1439 2629 1644 2701 legibus
1668 2632 1901 2689 dissulu-

2011 1891 2097 1938 tur
2126 1884 2461 1942 mollitudine
2491 1887 2777 1942 vitiorum?
2805 1888 2871 1943 Et
2899 1904 3002 1959 qua
3034 1888 3231 1959 poterit
3256 1888 3465 1944 ratione
3493 1902 3619 1944 cor—

2010 1979 2185 2051 rumpi
2219 1979 2292 2044 id,
2325 1980 2466 2051 quod
2496 1982 2821 2049 immortale,
2853 1982 2995 2053 quod
3024 1998 3240 2053 semper
3267 1992 3371 2048 est,
3400 1993 3454 2038 et
3484 1982 3622 2038 nulli

2010 2071 2303 2127 obnoxium
2333 2076 2609 2143 passioni?
2638 2092 2705 2131 ne
2735 2076 3034 2142 sordescat,
3064 2086 3120 2134 et
3160 2077 3432 2147 polluatur
3452 2076 3623 2132 actio-

2017 2180 2141 2219 num
2166 2166 2400 2236 turpium
2431 2167 2704 2224 fteditate?
2735 2169 2798 2225 Et
2822 2170 2912 2241 qui
2934 2170 3130 2241 poterit
3149 2170 3336 2240 pollui,
3363 2184 3622 2239 corpora-

2013 2260 2118 2317 lem
2143 2262 2284 2331 quod
2307 2264 2661 2319 substantiam
2682 2279 2787 2319 non
2807 2265 2987 2329 habet,
3008 2274 3100 2321 aut
3116 2266 3206 2321 ubi
3231 2264 3414 2321 sedem
3434 2272 3623 2321 conta-

2005 2354 2227 2409 minatio
2251 2370 2470 2425 ponere.
2495 2358 2582 2412 ubi
2606 2359 2835 2428 spatium
2861 2360 3064 2413 nullum
3086 2367 3187 2425 est,
3204 2358 3260 2413 in
3280 2374 3387 2429 quo
3409 2365 3533 2414 nota
3556 2371 3618 2414 se

2005 2448 2177 2520 possit
2208 2449 2376 2520 ipsius
2406 2452 2882 2508 contaminationis
2909 2452 3129 2525 affigere
3152 2451 3221 2507 d?
3252 2452 3460 2508 Rursus
3491 2468 3622 2510 vero

2008 2545 2053 2600 si
2097 2545 2292 2601 anima}
2338 2546 2466 2603 letbi
2515 2547 2713 2602 adeunt
2750 2550 2961 2618 januas,
2997 2547 3213 2619 Epicuri
3258 2556 3316 2602 ut
3344 2548 3611 2603 sententia

2006 2637 2278 2705 definitur,
2309 2654 2409 2695 nec
2449 2641 2528 2696 sic
2570 2656 2731 2697 causa
2770 2650 2857 2697 est
2910 2652 3247 2713 competens,
3288 2656 3388 2699 cur
3436 2640 3623 2713 expeti

1548 2768 1927 2832 LECTIONES
1960 2775 2377 2836 VARIANTES.

373 2880 399 2951 ξ’
431 2879 647 2951 Infamia:
693 2882 842 2951 Fulvi
861 2880 1053 2933 infamia
1078 2883 1231 2951 Lugd.
1255 2885 1336 2951 _B.
1373 2887 1509 2951 quod
1558 2885 1909 2951 recipiendum.

366 2944 396 2982 Ιι
430 2944 648 2995 Securus
682 2958 770 2997 ms.
800 2948 1063 3009 Utrumque
1086 2944 1222 2998 adilit
1247 2944 1404 3013 Litng
1437 2950 1498 2999 B.

2085 2896 2108 2960 ‘3
2145 2896 2230 2960 Ita
2254 2894 2395 2948 Fulv.
2422 2911 2727 2960 supervacua
2772 2915 2862 2954 ms.
2888 2901 3070 2953 etSab.

2084 2956 2112 2995 ἀ
2146 2957 2403 3021 Atﬁngere
2426 2956 2567 3013 Ealv.

1695 3057 2254 3123 COMMENTARIUS.

297 3183 491 3259 censet
513 3175 804 3260 inanium.
836 3174 1476 3272 tuale.lnauium[vanitas
1508 3184 1590 3231 est
1618 3192 1749 3232 vana
1781 3179 1896 3249 opi-

2016 3182 2086 3271 ini
2126 3188 2221 3272 δοῦ
2270 3182 2842 3272 τροχοῦἳδεσῆούμενοι
2884 3187 2965 3239 καὶ
3013 3182 3287 3260 συρόμενοι
3341 3182 3621 3240 ἐτύπτοντο

298 3248 422 3313 nio,
453 3247 739 3301 :rSIitnatio
769 3263 945 3301 rerum
980 3249 1234 3301 inanium.
1268 3248 1470 3303 ORELL.

382 3320 621 3386 Quamvis
646 3318 735 3373 ille
759 3320 823 3392 sit
861 3319 1061 3392 indolis
1076 3320 1292 3391 infamia
1338 3337 1534 3388 semper
1572 3330 1723 3388 atque
1757 3322 1904 3392 igno-

299 3392 525 3445 miniosa
552 3391 812 3463 fugientis,
836 3402 941 3445 etc.
970 3391 1352 3463 Philosophia}.
1385 3392 1517 3447 Nam
1558 3391 1831 3448 abstinent
1872 3410 1904 3448 a

301 3463 608 3547 peccatoris
650 3463 895 3547 nonnulli
934 3479 1211 3547 poenarum
1264 3462 1551 3547 fortitidiiie
1576 3480 1612 3547 ς.
1643 3464 1732 3519 alii
1761 3466 1904 3547 .vi‘tia

299 3535 422 3603 ipsa
445 3544 792 3589 exsecrantur
840 3545 889 3589 et
946 3535 1314 3599 detestantur;
1359 3535 1448 3588 alii
1491 3535 1722 3604 denique
1761 3535 1903 3590 infa-

299 3606 469 3662 miam
502 3616 745 3661 metuunt
766 3614 821 3660 et
846 3606 1093 3661 sinistros
1119 3606 1186 3660 de
1211 3621 1269 3661 se
1300 3622 1544 3660 rumores
1571 3648 1585 3669 ,
1629 3621 1791 3677 atque
1823 3608 1905 3663 id-

300 3679 452 3733 circo
478 3677 639 3732 rebus
665 3677 941 3738 ﬂagitimis
970 3678 1261 3733 abstinent.
1286 3678 1348 3732 Ili
1374 3688 1500 3732 sunt
1526 3689 1726 3734 tenerae
1759 3681 1906 3734 frona

301 3749 670 3822 tisbomines,
700 3751 936 3811 ἐπιεικεῖς
963 3759 1121 3819 atque
1178 3749 1434 3822 αἰδήμωες
1454 3791 1468 3814 ,
1501 3766 1637 3817 quos
1676 3751 1905 3821 improbi

302 3819 501 3881 δειλοὺς
556 3830 716 3889 atque
767 3822 966 3874 inertes
1020 3819 1393 3884 arbitrantur,
1449 3819 1905 3888 quemadmodum

301 3904 495 3970 contra
520 3895 641 3970 fuit;
669 3896 1045 3970 ἀνᾳισχιὲςιτους
1081 3902 1393 3970 constantes
1423 3903 1475 3970 et
1501 3892 1777 3970 ἀνδρεὶονές.
1816 3895 1906 3949 llis

301 3963 470 4038 igitur
502 3966 694 4038 verbis
714 3963 970 4020 describit
1011 3964 1281 4020 Arnobius
1327 3963 1601 4038 homini-ni
1645 3966 1902 4038 αἰδήμονα.

300 4035 404 4090 Est
428 4037 570 4091 enim
622 4034 843 4110 οιὶδήμῳν
865 4078 880 4103 ,
910 4037 998 4106 qui
1030 4037 1227 4110 metuit
1247 4038 1310 4110 τὰ
1340 4040 1410 4097 εἰς
1435 4035 1631 4101 ἀδοξίαν
1650 4034 1908 4110 parabam

303 4110 504 4191 pipere,
542 4118 600 4190 tit
629 4107 816 4191 dqliiiit
842 4109 1183 4191 Aristoteles,
1218 4108 1267 4191 id
1295 4120 1375 4191 est
1393 4110 1489 4189 'qui
1516 4107 1729 4191 infantia
1758 4107 1908 4179 atque

300 4179 644 4250 ignominiosa
674 4181 824 4250 fugit.
860 4192 910 4232 ut
947 4182 1178 4245 loquitur
1205 4179 1492 4233 Arnobius.
1530 4179 1771 4235 ΗειιΑιυ.

385 4248 504 4305 Non
530 4252 583 4305 in
604 4248 773 4305 omnia
790 4252 987 4321 ﬂagitia
1010 4267 1232 4321 praeceps
1257 4266 1309 4304 se
1328 4260 1462 4304 ruat.
1490 4251 1612 4305 Han:
1639 4266 1715 4307 eSt
1749 4252 1905 4307 lectio

302 4333 484 4387 vetus,
525 4338 808 4395 quamnon
841 4325 1101 4395 detinet-at
1138 4333 1345 4375 mutare
1361 4322 1636 4377 Gelenius.
1668 4324 1901 4395 Usnrpa-

302 4401 399 4468 tur
420 4395 562 4449 enim
590 4393 689 4447 ltoc
713 4395 936 4468 verbum
966 4394 1260 4463 saepissime
1282 4395 1628 4468 ἔχεργητικῷς.
1653 4393 1902 4468 ῨΙΙιῐιιΑὶυ.

302 4465 397 4521 Sic
425 4468 621 4521 irruere
648 4468 818 4520 active
843 4507 857 4526 ,
887 4466 977 4519 lib.
1016 4482 1063 4529 t,
1119 4468 1264 4533 (cap.
1298 4465 1407 4533 ὅθ’
1442 4467 1597 4520 dixit.
1644 4467 1731 4523 Sic
1755 4485 1907 4537 pene-

306 4548 467 4595 trare.
497 4554 765 4609 emergere,
795 4539 920 4606 alia,
949 4538 1185 4604 Plautus,
1219 4538 1495 4607 Apuleius,
1530 4539 1637 4593 alii.
1669 4538 1902 4607 Manus,

305 4609 363 4663 in
396 4609 635 4680 Append.
1418 4616 1423 4625 “

385 4681 655 4748 Supernae.
704 4682 776 4735 lta
821 4681 1119 4737 Salmasius
1149 4696 1215 4736 ex
1251 4680 1631 4737 emendatione
1662 4681 1903 4738 Meursii.

305 4753 414 4812 Alii
441 4772 456 4808 :
484 4755 733 4822 superbie.
765 4753 868 4808 Alii
895 4770 906 4807 :
938 4769 1151 4821 superte.
1183 4751 1384 4808 ORELL.

384 4824 554 4881 XXX.
603 4856 673 4866 —
732 4825 839 4880 Sed
882 4835 1182 4883 nteinoratte
1232 4825 1373 4894 apud
1413 4825 1607 4895 inferos
1650 4841 1811 4891 poena:
1860 4837 1906 4880 et

306 4898 680 4966 suppliciorum
735 4896 999 4966 generibus
1053 4897 1425 4965 multiformes?
1477 4897 1693 4950 Scilicet
1751 4907 1905 4966 pote-

305 4978 436 5025 runt
462 4984 583 5024 eum
615 4967 895 5025 territare?
919 4968 1069 5034 Quod
1097 4970 1448 5037 repetendum
1473 4983 1540 5022 ex
1562 4969 1742 5023 verbis
1770 4983 1908 5037 prte-

305 5040 629 5098 cedcntibus
660 5061 672 5096 :
702 5041 773 5096 Et
798 5042 883 5110 qui
912 5041 1093 5111 poterit
1120 5041 1344 5095 territuri
1365 5040 1656 5110 formidinis
1682 5041 1907 5113 alicujus

305 5114 564 5168 horrore?
592 5113 794 5170 ORELL.
1019 5124 1027 5134 '

382 5186 483 5237 Aut
532 5199 760 5240 rotarum
817 5185 1112 5243 volubilium
1160 5185 1520 5237 circumactus.
1578 5182 1694 5238 Jam
1750 5183 1908 5252 igitur

308 5258 649 5326 temporibus
681 5259 805 5323 illis,
840 5260 1035 5323 quibus
1068 5255 1270 5309 falndas
1296 5257 1425 5309 isms
1457 5256 1747 5325 fingebant,
1785 5268 1901 5309 rota

307 5329 544 5400 poenalis
592 5330 642 5385 iu
690 5347 788 5384 usu
831 5342 968 5385 erat.
1015 5326 1283 5400 Supplicia
1315 5328 1467 5400 enim
1493 5328 1798 5400 inferorum
1839 5327 1906 5382 ad

244 5402 251 5409 ’
307 5398 574 5469 supplicia
613 5402 917 5456 cmnmunia
961 5398 1457 5457 accmnmndabant.
1490 5399 1622 5469 Rata
1656 5400 1904 5468 paenulis,

307 5468 510 5539 de’uua
544 5472 804 5528 videndus
832 5471 1082 5540 Cujarius
1109 5470 1293 5531 Obss.,
1329 5470 1421 5524 lib.
1452 5486 1531 5531 ιιι,
1565 5468 1730 5524 fuerat
1776 5471 1904 5524 olim

308 5559 473 5614 pwna
505 5559 781 5598 servorum
813 5546 1063 5616 pmpria;
1094 5543 1188 5616 sed
1223 5553 1403 5616 anIca
1438 5547 1507 5616 ad
1536 5542 1770 5595 eruenda
1798 5543 1904 5597 cri-

308 5616 461 5671 mina
501 5617 554 5669 in
584 5614 974 5686 quaestionibus
1014 5615 1273 5669 adhibita.
1321 5614 1689 5683 Alligabantttr
1727 5627 1905 5686 autem

309 5696 447 5742 rota-
491 5698 545 5741 et
589 5684 1036 5742 distcndebantnr
1073 5705 1085 5739 :
1125 5695 1287 5753 atque
1330 5702 1391 5738 ea
1435 5694 1679 5739 contorta
1725 5684 1906 5754 ﬂigris

308 5757 678 5838 caedebantur.
724 5759 877 5838 _Unde
906 5758 1279 5838 στρεϐλοῦσθαι
1298 5758 1526 5838 proprie
1550 5766 1632 5812 est
1663 5758 1902 5838 torqueri.

307 5830 599 5887 Scholiast.
649 5832 920 5903 Aristoph.
966 5827 1033 5887 {id
1079 5831 1203 5885 l’ac.
1252 5831 1310 5886 Οἱ
1354 5827 1515 5886 δοῦλοι
1562 5829 1904 5903 aperientium,

2007 3252 2332 3327 manu.
2441 3252 2874 3331 ωὶτῷζΗεὶιΑιι).

2081 3348 2346 3401 Ambiatur
2387 3348 2629 3417 ﬂammis.
2684 3348 2879 3403 Annon
2935 3344 3226 3418 legendum
3278 3346 3622 3401 amburatur?

2008 3418 2161 3488 Quod
2200 3420 2424 3474 verbum
2468 3420 2742 3490 proprium
2774 3420 2842 3473 de
2877 3420 2963 3486 iis,
3004 3418 3094 3490 qui
3127 3418 3439 3490 cruciantur
3474 3419 3612 3489 igni,

2009 3507 2117 3562 non
2146 3492 2301 3555 plane
2324 3488 2611 3557 necantur,
2640 3490 2783 3562 quod
2816 3503 2896 3546 est
2929 3488 3240 3544 comburere.
3270 3488 3473 3544 ORBLL.

2083 3561 2348 3616 lllibatnm
2390 3578 2587 3615 necesse
2623 3561 2695 3616 est
2736 3572 3029 3631 permaneat
3065 3571 3111 3615 et
3149 3562 3419 3628 intactam,
3464 3577 3621 3629 neque

2011 3634 2174 3687 ullum
2224 3650 2426 3688 sensum
2473 3636 2750 3704 mortifera:
2798 3634 3053 3698 passionis
3102 3649 3381 3686 assumere.
3443 3632 3616 3687 Proba

2012 3706 2195 3760 lcetio.
2253 3704 2384 3758 Nam
2441 3704 2529 3775 qui
2588 3704 2935 3760 scribendum
2991 3704 3309 3759 exisumant
3363 3714 3613 3771 assuiitat,

2014 3777 2175 3847 plane
2218 3776 2491 3831 falluntur.
2540 3776 2630 3829 llis
2673 3776 2957 3847 modorum
3008 3775 3400 3847 mulatiooibus
3429 3776 3616 3830 delec-

2014 3845 2195 3902 iantur
2226 3847 2334 3901 Afri
2364 3848 2674 3917 scriptores.
2710 3849 2851 3902 Intra
2878 3866 2889 3901 :
2923 3845 3105 3917 Itaque
3137 3864 3249 3901 cum
3280 3846 3422 3900 nobis
3447 3846 3617 3905 inten-

2014 3921 2145 3974 datis
2169 3920 2477 3974 aversionem
2506 3936 2569 3973 ea:
2597 3920 2844 3989 religione
2872 3920 3127 3988 priorum,
3155 3936 3361 3972 causam
3386 3919 3596 3973 conveni

2012 4003 2067 4044 ut
2114 3992 2417 4058 inspiciatis,
2461 4007 2562 4045 non
2604 3995 2835 4062 factum,
2877 4007 2967 4045 nec
3012 3991 3135 4059 quid
3194 3992 3614 4061 relinqueremus,

2013 4079 2302 4131 apponere;
2333 4064 2421 4115 sed
2460 4065 2615 4116 secuti
2642 4063 2765 4126 quid
2798 4064 2976 4130 sinms,
3014 4063 3333 4131 potissimum
3366 4063 3614 4116 contueri.

2014 4135 2257 4189 HFBAIJJ.
2282 4165 2352 4176 -—
2392 4133 2487 4189 Ms.
2520 4150 2617 4204 pro
2642 4136 2917 4199 illibatam,
2947 4134 3088 4203 quod
3115 4143 3253 4187 este
3277 4135 3619 4204 correctione

2014 4207 2245 4273 Gelcnii,
2297 4203 2528 4260 il/tesunt
2560 4217 2749 4261 tamen.
2796 4204 3271 4261 Ont;t.t..——Conf.
3319 4203 3497 4276 ltttpp.
3548 4203 3616 4260 ad

2012 4279 2146 4333 Livii
2178 4294 2289 4339 χχι.
2316 4278 2401 4334 49.
2433 4277 2704 4333 Ocnsnun.

2094 4370 2280 4424 Verum
2307 4372 2456 4424 etiam
2494 4350 2844 4439 Philosophia
2866 4369 3027 4439 ipsius
3057 4384 3267 4423 causam
3299 4368 3453 4423 tollit.
3490 4368 3617 4424 llaec

2012 4443 2355 4513 explicantur
2413 4445 2588 4513 Capite
2629 4442 2899 4512 sequenti,
2950 4441 3032 4495 bis
3084 4441 3314 4513 verbis:
3365 4439 3618 4495 Medietas

1932 4510 1986 4572 Β
2011 4510 2129 4582 ει·ᾐο
2155 4516 2408 4585 quaedam,
2439 4510 2495 4567 et'
2517 4510 2809 4567 animarum
2837 4530 3024 4583 anceps
3060 4512 3401 4583 ambiguoque
3433 4521 3620 4565 natura

2011 4585 2174 4640 locum
2205 4586 2545 4655 philosonItite
2571 4587 2790 4657 peperit,
2821 4595 2868 4639 et
2888 4602 3119 4649 causam,
3146 4602 3238 4639 cur
3262 4594 3614 4656 appeteretur,

2007 4659 2211 4713 invenit.
2249 4658 2487 4713 "ERALD.

2080 4754 2153 4807 Ac
2195 4769 2284 4821 per
2325 4753 2496 4806 omnia
2539 4751 2808 4807 libidinum
2833 4768 3019 4823 genera
3045 4749 3349 4818 eﬂ'renalum
3374 4765 3618 4820 spargere

2008 4826 2270 4879 immensa:
2294 4823 2588 4891 cupiditatis
2615 4822 2871 4877 ardorem.
2904 4823 2982 4878 Ex
3010 4823 3273 4876 allinitate
3308 4822 3615 4877 litterarum

2010 4899 2232 4951 verlnnn
2267 4896 2491 4965 periisse
2531 4907 2771 4959 autumo,
2801 4895 2943 4963 quod
2979 4911 3084 4948 non
3127 4910 3313 4963 parum
3346 4893 3517 4965 possit
3546 4892 3613 4947 ad

2009 4963 2381 5026 CXttrllalldllm
2427 4978 2640 5037 tr0pum
2681 4984 2695 5020 :
2738 4982 2913 5036 coque
2956 4966 3202 5037 rescribo
3249 4984 3262 5020 :
3308 4963 3616 5037 effrenatam

2007 5042 2222 5111 spatiari
2260 5035 2528 5094 immensa!
2559 5035 2855 5110 cupiditatis
2907 5040 3114 5092 ardore.
3165 5035 3428 5091 Geminus
3469 5035 3613 5111 apud

2009 5108 2285 5167 auctorem
2325 5111 2467 5165 hunc
2510 5108 2661 5166 locus
2706 5111 2798 5165 lib.
2840 5125 2918 5165 tv.
2969 5110 3214 5179 ideoque
3245 5108 3613 5162 attexcndns:

2011 5182 2177 5237 Deum
2207 5186 2476 5237 adamasse
2502 5183 2716 5255 (Jovem
2752 5191 2879 5251 puto
2910 5177 3226 5255 Maximum)
3252 5195 3303 5255 et
3323 5194 3414 5241 per
3440 5194 3616 5255 onmes

2010 5256 2278 5309 libidinum
2314 5249 2522 5325 formas
2544 5249 2851 5309 incestarum
2888 5249 3229 5325 cupiditatum
3256 5249 3617 5325 circumegisse

2011 5327 2304 5399 pellaciam.
2370 5327 2782 5399 patiutoremﬁpro
2796 5336 2935 5399 errat
2943 5319 3039 5399 ire
3053 5322 3336 5399 collocavit
3363 5319 3408 5374 Μ
3420 5361 3433 5375 .
3456 5323 3613 5399 (_Iato,

2012 5392 2336 5454 iesmntibus
2362 5392 2619 5466 l‘onipeio
2644 5398 2804 5453 Festo
2832 5406 2887 5449 et
2914 5394 3185 5449 Macrobio
3218 5392 3311 5446 lib.
3338 5393 3613 5466 ξ’,ιιχΑριιίΙ

2010 5470 2323 5526 Petronium
2365 5462 2580 5540 quoque
2620 5470 2671 5524 id
2716 5468 2959 5522 vocabuli
3007 5475 3282 5540 repertum
3342 5462 3476 5531 Vidi,
3518 5465 3613 5540 _ait,

2009 5544 2257 5614 quosdam
2306 5535 2702 5610 conspa’tiantes.
2754 5535 3285 5614 δτιεινεςιι.έῖΝιιιι
3331 5551 3468 5607 opus
3518 5535 3616 5614 hac

2009 5609 2342 5682 conjectura.
2386 5609 2695 5682 liletapbora
2734 5612 2891 5665 ducta
2932 5628 2961 5665 a
3001 5611 3249 5674 navibus,
3283 5625 3405 5679 qua:
3438 5609 3616 5664 ventis

2010 5694 2335 5758 Sparguiitur
2370 5700 2729 5758 permilitum.
2763 5683 2963 5738 Οιιειιη

2086 5758 2144 5813 Si
2191 5753 2518 5811 aninne’letlii
2554 5753 2742 5810 adeant
2780 5759 2996 5826 janaas.
3032 5753 3249 5825 Epicuri
3285 5761 3340 5807 ut
3366 5754 3617 5808 sententia

2011 5830 2275 5888 delinitur.
2307 5830 2574 5901 Epicurus
2607 5827 2725 5884 scil.
2766 5827 3059 5898 statuebat,
3087 5827 3326 5884 animum
3357 5841 3457 5882 una
3491 5839 3614 5882 cum
