3970 6312
339 265 452 324 865

1693 274 1897 337 LIBER
1937 274 2313 338 SECUNDUS.

3541 293 3647 351 866

341 383 544 438 donum
579 384 674 441 Dei
715 393 766 451 ι,
812 393 960 443 certe
1002 387 1250 460 prolatis,
1302 400 1357 448 et
1382 394 1590 450 animas
1637 395 1739 451 hoc
1779 407 1936 467 pacto
1963 397 2014 458 Α
2043 396 2379 451 inoccitluam
2408 393 2568 450 vitam
2595 394 2876 469 principali
2907 396 3286 458 benevolentia
3327 411 3640 480 surrogari?

337 475 648 548 dignabitur
677 479 1080 537 immortalitate
1107 483 1330 550 donare,
1377 489 1622 556 quamvis
1664 504 1756 543 eas
1787 505 1936 544 mors

337 587 484 628 saeva
519 588 676 643 posse
721 575 968 632 videnlur
1007 579 1345 649 extinguere,
1403 590 1457 635 et
1485 581 1550 636 ad
1581 583 1806 637 nihilum
1850 598 1936 638 re-

339 666 529 722 dactas
557 667 889 725 irremeabili
939 671 1235 728 abolitione
1278 674 1482 729 delere.
1519 675 1673 730 Plato
1712 677 1802 731 ille
1847 677 1932 730 di-

333 757 492 813 vinus
520 761 684 815 multa
727 761 795 817 de
824 761 936 818 Deo
975 762 1134 834 digna
1160 807 1175 831 ,
1228 781 1327 822 nec
1357 767 1664 822 communia
1695 768 1934 824 sentiens

330 855 690 920 multitudini,
723 856 774 911 in
804 871 870 913 eo
901 873 1156 915 sermone
1198 875 1262 914 ac
1290 860 1456 927 libro,
1495 861 1580 916 cui
1610 877 1806 916 nomen
1840 861 1933 914 Ti-

340 963 514 1004 mmus
541 949 875 1018 inscribitur,
913 951 1054 1007 Deos
1088 953 1220 1008 dicit
1262 965 1315 1010 et
1362 955 1624 1010 mundum
1671 956 1940 1025 corrupti-

342 1039 491 1096 bilib
521 1056 642 1098 esse
672 1053 882 1110 natura,
931 1059 1104 1116 neque
1146 1061 1269 1101 esse
1313 1047 1534 1102 omnino
1565 1047 1939 1102 dissolutionis

338 1143 592 1204 expertes
625 1153 637 1190 :
667 1135 760 1191 sed
792 1137 1067 1194 voluntate
1101 1138 1192 1194 Dei
1223 1139 1365 1211 regis
1395 1155 1458 1195 ac
1486 1139 1747 1212 principis
1787 1140 1938 1196 vinc-

329 1228 483 1284 tione
533 1229 584 1283 in
636 1240 894 1300 perpetua
941 1233 1228 1289 contineri.
1279 1235 1433 1302 Quod
1479 1237 1622 1290 enim
1675 1247 1821 1292 recte
1866 1237 1937 1291 sit

329 1320 598 1391 vinctum,
629 1332 684 1379 et
705 1324 860 1380 nodis
892 1325 1302 1395 perfectissimis
1330 1329 1665 1400 colligatum,
1711 1331 1805 1384 Dei
1836 1329 1933 1384 bo-

331 1414 504 1470 nitate
544 1419 748 1472 servari
787 1436 800 1473 :
835 1435 1009 1492 neque
1056 1421 1164 1474 ullo
1209 1421 1276 1477 ab
1301 1421 1428 1490 alio,
1473 1421 1574 1475 nisi
1620 1421 1688 1475 ab
1733 1437 1799 1476 eo
1841 1422 1932 1492 qui

328 1507 504 1562 vinxit
530 1518 584 1563 et
609 1509 854 1579 dissolvi,
885 1513 930 1567 si
961 1528 1049 1569 res
1081 1525 1287 1585 poscat,
1323 1524 1379 1570 et
1409 1515 1628 1569 salutari
1659 1515 1933 1572 vinctione

325 1601 546 1658 donari.
579 1602 722 1675 Ergo
757 1604 802 1658 si
851 1621 938 1661 res
988 1617 1071 1662 est
1115 1608 1208 1672 ita,
1242 1623 1342 1663 nec
1389 1608 1534 1663 aliud
1564 1609 1817 1664 convenit
1847 1608 1932 1663 vel

327 1694 649 1752 existimare
679 1697 764 1752 vel
791 1699 1036 1766 credere,
1065 1701 1191 1770 quid
1221 1702 1432 1756 animas
1451 1701 1791 1756 admiramini
1817 1716 1928 1757 me-

2045 491 2099 544 Si
2134 491 2274 545 enim
2310 490 2448 545 forte
2495 491 2748 555 nescitis,
2801 501 2856 548 et
2899 503 3055 548 antea
3105 498 3258 552 vobis
3306 500 3636 569 incognitum

2045 590 2264 650 propter
2301 580 2376 635 rei
2407 583 2704 638 novitatem
2735 581 2852 651 fuit,
2901 585 3132 656 accipite
3169 605 3319 653 sero,
3364 604 3417 647 et
3451 594 3648 652 discite

2040 673 2110 728 ab
2134 689 2218 738 eo,
2250 676 2338 745 qui
2372 677 2538 739 novit,
2567 688 2620 732 et
2652 679 2874 746 protulit
2898 678 2953 733 in
2989 681 3223 738 medium
3251 683 3472 741 Christo
3494 730 3511 757 ,
3539 704 3648 746 non

2041 779 2161 821 esse
2187 766 2391 821 animas
2420 768 2561 840 regis
2593 771 2807 825 maximi
2835 771 2993 838 tilias,
3027 789 3129 830 nec
3155 777 3224 829 ab
3250 792 3338 846 eo,
3371 783 3638 850 quemad-

2047 859 2267 914 modum
2295 859 2511 928 dicitur,
2540 871 2821 932 generatas
2850 867 3083 935 coepisse
3103 882 3162 924 se
3188 885 3371 937 nosse,
3396 883 3558 945 atque
3587 876 3643 931 in

2047 955 2126 1008 sui
2161 953 2392 1008 nominis
2421 957 2654 1011 essentia
2691 957 3000 1026 priedicuri,
3051 962 3145 1016 sed
3176 964 3405 1021 alterum
3454 985 3646 1038 quem-

2048 1044 2187 1113 piam
2220 1046 2517 1115 genitorem
2544 1047 2626 1101 his
2658 1062 2779 1104 esse
2801 1090 2816 1112 ,
2849 1049 3123 1121 dignitatis
3149 1064 3204 1109 et
3229 1059 3484 1126 potentia:
3523 1076 3649 1132 gra-

2045 1135 2200 1191 dibus
2230 1139 2361 1192 satis
2394 1138 2638 1208 plurimis
2668 1140 2737 1194 ab
2778 1139 3108 1211 lmperatore
3137 1148 3501 1218 disjunctum:
3530 1153 3651 1225 ejus

2045 1239 2223 1285 tamen
2268 1247 2335 1287 ex
2378 1232 2498 1286 aula
2539 1244 2595 1289 et
2639 1233 2994 1292 eminentium
3027 1239 3268 1296 nobilem
3317 1245 3649 1304 sublimitate

2041 1327 2320 1380 natalium.

2112 1420 2376 1476 XXXVII.
2409 1421 2562 1490 Quod
2595 1424 2638 1478 si
2667 1434 2870 1492 essent,
2905 1433 2964 1480 ut
3013 1426 3154 1482 fama
3199 1438 3305 1496 est,
3349 1431 3637 1490 dominica:

2040 1517 2227 1584 prolis,
2260 1526 2316 1572 et
2355 1518 2634 1587 potestatis
2663 1517 2857 1574 anima:
2884 1523 3167 1592 generatio
3200 1525 3531 1594 principalis,
3561 1527 3646 1582 ni-

2040 1609 2112 1664 hil
2145 1611 2224 1665 eis
2268 1611 2334 1665 ad
2387 1610 2771 1681 perfectionem
2799 1612 3064 1671 defuisset
3111 1616 3309 1674 virtute
3360 1619 3642 1689 perfectis-

2038 1702 2174 1757 sima
2227 1705 2562 1770 procreatis:
2595 1722 2756 1759 unum
2802 1722 2995 1762 omnes
3043 1707 3377 1766 intellectum
3427 1712 3647 1770 habuis-

323 1785 435 1841 dia:
461 1787 567 1842 dici
599 1789 873 1859 qualitatis
901 1808 928 1844 a
963 1790 1120 1848 nobis
1147 1811 1158 1846 :
1191 1808 1312 1848 cum
1345 1795 1656 1850 numinibus
1687 1795 1815 1864 ipsis
1843 1795 1930 1850 di-
1961 1773 2009 1834 Β
2035 1803 2179 1864 sent,
2231 1810 2508 1866 unumque
2552 1812 2900 1865 consensum,
2945 1799 3124 1855 aulam
3167 1819 3382 1874 semper
3431 1806 3634 1863 incole-

321 1888 417 1935 cat
464 1880 619 1938 Plato
664 1883 872 1940 medias
916 1900 1038 1942 esse
1081 1897 1324 1956 naturas,
1375 1889 1470 1945 sed
1516 1891 1828 1946 centinuam
1872 1898 1929 1945 et

2031 1898 2152 1944 rent
2180 1891 2404 1966 regiam,
2439 1906 2538 1946 nec
2585 1891 2965 1962 praetermissis
3005 1895 3355 1955 beatitudinis
3385 1900 3627 1972 sedibus,

1562 2026 1950 2085 LECTIONES
1986 2024 2406 2083 VARIANTES.

393 2140 421 2170 "
454 2139 575 2192 Deis
595 2141 737 2192 Fulv.

2088 2139 2120 2178 ι)
2155 2143 2288 2191 Bene
2312 2142 2660 2208 corruptibiles
2680 2157 2770 2195 ms.

1708 2247 2270 2306 COMMENTARIUS.

316 2390 682 2444 immortalitas
735 2388 993 2460 largitoris
1025 2399 1099 2444 est
1147 2389 1337 2442 donum
1391 2387 1480 2442 Dei
1531 2389 1666 2443 circa
1697 2389 1925 2461 prolatos

320 2472 376 2516 et
403 2463 747 2526 animus,etc.
775 2464 843 2516 ad
875 2477 1090 2516 sensum
1120 2462 1335 2532 quidem
1367 2463 1589 2532 Optime,
1621 2465 1715 2516 sed
1756 2461 1922 2516 auda-

324 2533 468 2588 cius.
497 2537 700 2589 URELL.

399 2604 668 2659 Plato.....
701 2606 753 2659 in
783 2622 841 2659 eo
885 2621 1115 2659 sermone
1153 2623 1215 2659 ac
1267 2603 1416 2668 libro,
1454 2605 1542 2672 qui
1579 2603 1804 2659 Timaeus
1835 2605 1919 2660 in-

316 2677 581 2740 scribitur,
615 2687 718 2732 etc.
749 2677 924 2732 Locus
948 2687 1123 2731 exstat
1153 2679 1203 2731 iu
1229 2677 1432 2730 Timaeo
1459 2676 1718 2738 Platonis,
1742 2693 1793 2746 p.
1823 2679 1914 2742 41,

316 2749 412 2803 cd.
444 2751 504 2802 II.
535 2749 749 2816 Steplt.,
778 2751 883 2802 Vol.
918 2766 973 2803 Ill
1004 2749 1109 2815 (ed.
1149 2749 1388 2816 Bipont.,
1415 2749 1522 2801 vol.
1565 2765 1637 2812 tx,
1676 2765 1726 2816 p.
1763 2750 1914 2817 5‘23),

316 2837 486 2886 quem
511 2819 703 2875 Cicn-ro
731 2823 796 2875 de
832 2821 1094 2875 Universo
1123 2823 1199 2873 sic
1229 2821 1617 2890 interpretatur
1643 2839 1653 2873 :
1694 2818 1825 2872 Tant
1855 2820 1923 2873 ad

321 2894 450 2946 deos
499 2894 542 2946 is
575 2891 728 2955 Deus,
767 2894 853 2962 qui
893 2893 1066 2945 omnia
1111 2893 1306 2962 genuit,
1339 2898 1518 2961 fatur:
1547 2893 1651 2945 Iitec
1706 2909 1811 2953 ros,
1835 2893 1924 2963 qui

315 2963 534 3016 deorum
560 2975 675 3017 satu
707 2968 802 3017 orti
854 2964 994 3028 estis,
1028 2963 1274 3016 attendite
1294 2980 1313 3018 :
1341 2980 1556 3032 quorum
1588 2980 1797 3034 operum
1830 2982 1922 3034 ego

318 3052 536 3105 parens,
567 3034 871 3106 c/fectorqne
899 3053 1034 3095 sunt.
1065 3053 1166 3088 non
1197 3046 1314 3088 sunt
1357 3033 1714 3088 dissolutame
1743 3033 1918 3103 invito,

315 3124 634 3176 quamquam
687 3105 836 3162 omne
893 3107 1191 3177 colligatum
1239 3105 1366 3160 solvi
1395 3117 1575 3170 potest.
1625 3106 1731 3161 Sed
1754 3109 1922 3160 haud-

313 3195 580 3249 quaquam
607 3178 723 3233 boni
754 3190 846 3244 est,
879 3181 1075 3232 ratione
1099 3179 1318 3232 uinctum
1343 3179 1470 3232 velle
1493 3179 1801 3235 dissolvere:
1832 3180 1921 3234 sed

2031 2383 2311 2439 Faciamus
2339 2386 2590 2441 hominem
2618 2387 2687 2440 ad
2711 2387 2988 2459 imaginem
3026 2401 3073 2444 et
3105 2392 3494 2452 similitudinem
3524 2416 3644 2456 nos-

2032 2467 2163 2538 trant
2195 2462 2322 2539 :‘qui
2339 2474 2458 2539 cum
2482 2461 2648 2530 [actus
2665 2471 2791 2539 esset
2813 2473 2857 2513 et
2880 2478 2980 2514 non
3003 2466 3249 2539 potuisset
3271 2469 3400 2538 erigi
3419 2471 3641 2539 plasma,

2031 2547 2120 2604 per
2149 2529 2546 2604 imbecillitatem
2571 2531 2891 2603 angelorum,
2921 2529 3015 2586 sed
3033 2539 3181 2604 quasi
3209 2529 3514 2596 vermiculus
3531 2529 3644 2598 sca;

2026 2602 2214 2654 rizaret
2243 2603 2319 2671 (id
2348 2612 2432 2680 est
2463 2602 2746 2680 repleret),
2774 2602 3100 2680 iit-iset‘ante'm
3121 2610 3234 2675 ejus
3261 2610 3325 2663 de
3359 2629 3513 2680 super
3541 2617 3646 2669 vir-

2028 2682 2203 2752 tatem,
2229 2675 2469 2752 quoniam
2498 2674 2550 2752 in
2574 2675 2961 2752 similitudinem
2982 2679 3104 2752 _ejns
3139 2674 3266 2733 esset
3304 2674 3491 2752 Iactus,
3518 2689 3643 2741 emi-

2028 2745 2155 2824 sisse
2181 2745 2458 2824 scintillam
2481 2747 2621 2824 uiue,
2652 2762 2766 2824 gnte
2786 2749 2947 2824 ereajit
2970 2745 3223 2824 [rotantem
3253 2745 3641 2824 et'articulavit,

2031 2827 2078 2899 et
2112 2817 2272 2869 vivere
2302 2819 2436 2883 fecit.
2471 2817 2621 2899 Hanc
2650 2820 2804 2888 igitur
2831 2821 3108 2899 scintillant
3134 2823 3252 2899 uita:
3281 2837 3394 2893 post
3428 2817 3644 2899 defunc;

2031 2887 2217 2965 t_ionem
2238 2904 2495 2942 recurrere
2521 2889 2590 2965 ad
2611 2887 2688 2950 ea,
2719 2907 2831 2961 qua'
2858 2903 2974 2945 sunt
3000 2893 3226 2962 ejusdem
3253 2887 3468 2965 generis.
3493 2887 3638 2956 dicit.

2032 2957 2098 3011 Et
2124 2962 2340 3039 reliqua,
2369 2976 2442 3039 ea:
2449 2962 2631 3030 quibus
2656 2957 2795 3032 facta
2817 2975 2934 3039 sunt
2959 2957 3072 3026 illa,
3097 2957 3302 3028 resolui,
3328 2981 3434 3022 etc.
3465 2970 3637 3039 Idem,

2029 3044 2149 3098 cap.
2183 3031 2373 3110 24._de
2403 3031 2732 3110 Carpocrate
2759 3051 2775 3089 :
2809 3035 3146 3110 Carpocrates
3185 3051 3358 3092 autem
3390 3052 3435 3095 et
3461 3044 3548 3110 qui
3575 3031 3640 3100 ab

2031 3119 2109 3167 eo,
2128 3103 2392 3184 Intund‘unt
2424 3105 2628 3184 qttident
2655 3115 2701 3158 et
2732 3122 2812 3184 ett,
2850 3122 2964 3175 qua:
3005 3108 3058 3160 in
3077 3125 3143 3184 eo
3171 3123 3321 3175 sunt,
3351 3112 3414 3166 ab
3440 3103 3638 3184 angelis

2031 3177 2191 3248 mult!
2233 3175 2559 3245 inferioribus
2605 3177 2830 3244 ingenito
2877 3192 3022 3246 patre
3060 3180 3254 3248 factum
3299 3199 3406 3238 esse
3434 3175 3635 3242 dit'unt.

313 3230 875 3326 qttorjtiantortiestis,
909 3230 1342 3326 intittortales'uos
1379 3230 1591 3318 quidem
1611 3230 1614 3231 ν
1637 3230 1811 3326 esseet
1949 3230 1994 3292 Ε
2141 3230 2484 3326 Ter_ttillian.,
2521 3248 2588 3300 de
2617 3230 3416 3326 Picti-scriptionibits',tib
3435 3230 3635 3326 Ξῖ

315 3321 646 3376 dissolubiles
699 3340 798 3375 non
849 3322 1093 3392 potestis;
1124 3323 1415 3387 neutiquam
1458 3332 1623 3375 tamen
1678 3323 1922 3378 dissolve-

315 3394 468 3459 mini,
501 3395 810 3448 necvosullu
839 3394 1014 3447 mortis
1037 3394 1146 3462 fata
1175 3394 1440 3462 periment.
1471 3411 1560 3447 nec
1578 3397 1723 3464 fraus
1751 3398 1922 3450 valen-

313 3469 444 3525 tior,
471 3482 622 3534 quam
655 3466 924 3519 consilium
956 3482 1139 3530 meum,
1173 3466 1310 3534 quod
1356 3465 1522 3528 maius
1561 3477 1634 3518 est
1662 3468 1921 3522 vinculum

313 3538 391 3589 ad
423 3540 809 3610 perpetuitatem
844 3548 1268 3610 vestrampqnam
1313 3538 1427 3604 illa,
1450 3539 1631 3605 quibus
1648 3542 1764 3592 estis
1787 3552 1916 3610 tant,

313 3609 812 3679 cuntgignebantini,
829 3609 1072 3679 colligati.
1094 3609 1335 3663 ELMENH.

398 3678 576 3748 Neque
603 3681 711 3734 ullo
732 3680 794 3733 ab
819 3682 922 3734 alio
943 3678 1038 3735 nisi
1067 3681 1128 3732 ab
1155 3699 1212 3733 eo
1233 3683 1315 3750 qui
1339 3680 1498 3733 vinxit
1523 3692 1567 3733 et
1590 3680 1814 3734 dissolvi.
1844 3681 1919 3739 Ita

311 3750 474 3806 Fulv.
513 3753 764 3816 Ursinus,
795 3752 1054 3819 probante
1085 3751 1338 3817 Meursio,
1367 3764 1420 3805 et
1450 3752 1537 3805 ed.
1568 3751 1741 3819 Lugd.
1776 3753 1915 3822 Bat.,

312 3823 444 3878 Cod.
479 3837 580 3877 tus.
609 3832 665 3877 et
692 3825 858 3877 editio
890 3822 1136 3891 princeps
1163 3840 1300 3877 rom.
1329 3840 1488 3892 neque
1524 3825 1588 3876 ab
1620 3824 1729 3878 ullo
1755 3825 1919 3879 aboli-

312 3896 473 3948 tionis
499 3895 561 3947 ab
591 3911 648 3948 eo
678 3897 762 3962 qui
787 3896 968 3960 vinxit,
995 3896 1139 3948 nullo
1164 3910 1346 3958 sensu,
1387 3895 1527 3949 unde
1553 3893 1809 3951 Gelenius
1839 3899 1917 3952 le-

312 3978 467 4020 cerat
502 3984 516 4021 :
551 3983 804 4034 nexusque
838 3967 1113 4020 abolitione
1146 3966 1207 4018 ab
1253 3984 1308 4020 eo
1346 3972 1431 4036 qui
1482 3967 1662 4022 vinxit.
1707 3971 1914 4024 Stewe-

309 4037 474 4091 chius
502 4055 516 4092 :
549 4055 709 4108 neque
733 4037 796 4091 ab
821 4038 944 4095 ullo.
977 4039 1073 4092 nisi
1098 4039 1159 4091 ab
1185 4055 1241 4091 eo
1270 4039 1357 4106 qui
1380 4039 1558 4092 vinxit.
1595 4039 1683 4103 At,
1713 4050 1768 4093 ut
1801 4043 1913 4108 ipse

307 4108 515 4164 fatetur
534 4110 893 4172 Stt-wechius,
913 4109 1083 4164 Fulvii
1125 4109 1433 4164 emendatio
1463 4112 1682 4181 pr0pius
1706 4113 1915 4168 accedit

310 4182 383 4234 ad
412 4181 697 4236 lectionem
725 4182 928 4236 codicis
951 4183 1097 4236 msti.
1129 4181 1331 4237 Οιιειι.

389 4251 684 4308 Etsalutari
706 4255 952 4307 viuctione
975 4254 1180 4307 donari.
1208 4254 1298 4308 Sic
1321 4251 1461 4307 edidi
1486 4269 1607 4307 cum
1629 4255 1716 4307 ed.
1737 4253 1907 4325 Lugd.

311 4323 433 4378 But.
464 4325 660 4378 (Σαειρτί
692 4343 706 4380 :
740 4326 994 4379 missione.
1024 4326 1129 4380 Sed
1159 4326 1260 4379 hoc
1290 4326 1408 4378 loco
1454 4341 1558 4379 non
1606 4326 1672 4378 de
1719 4323 1912 4381 dim—is-

306 4397 468 4450 sione
497 4399 797 4451 animarum
827 4414 856 4452 e
885 4399 1162 4465 Corporeis
1190 4397 1446 4458 vinculis,
1482 4413 1604 4450 nam
1639 4399 1738 4448 hoc
1767 4409 1915 4454 esset

307 4469 509 4526 missio.
545 4484 726 4524 sermo
751 4479 852 4532 est,
877 4469 973 4522 sed
996 4469 1061 4522 de
1081 4468 1280 4522 vinculo
1304 4469 1394 4521 illo
1415 4471 1483 4520 ad
1508 4470 1911 4538 perpetuitatem,

307 4547 372 4593 ut
403 4543 474 4592 ait
501 4539 693 4594 Cicero
723 4540 775 4594 iu
817 4542 935 4594 loco
965 4556 1124 4610 supra
1153 4541 1314 4593 allato
1344 4556 1374 4594 e
1405 4537 1644 4594 Platonis
1673 4537 1874 4595 Timaeo
1895 4587 1909 4609 ,

305 4613 428 4666 sive
465 4611 534 4665 de
580 4614 880 4678 vinctiOue,
910 4628 1012 4681 qua
1053 4611 1245 4666 animm
1291 4622 1478 4666 natura
1521 4628 1614 4665 sua
1658 4615 1911 4669 mortales

305 4684 657 4738 Continentur
687 4699 716 4737 a
763 4685 906 4742 lleo,
941 4698 1006 4737 ne
1046 4685 1428 4738 dissttlvantur.
1477 4684 1576 4737 Ed.
1609 4683 1764 4738 Rom.
1794 4687 1907 4747 ius-

303 4755 488 4820 sione,
515 4757 654 4824 quod
690 4755 878 4824 prohat
919 4754 1020 4809 T-lt.
1053 4755 1316 4810 Canto-rus
1349 4773 1359 4804 :
1386 4755 1624 4823 jussione
1666 4758 1781 4810 scil.
1805 4799 1818 4823 ,
1853 4768 1909 4812 ut

304 4826 482 4882 Salvae
508 4836 832 4898 aeternaque
861 4836 1131 4880 maneant.
1173 4828 1377 4881 ORELL.

386 4898 507 4951 Non
549 4915 657 4952 esse
683 4915 883 4952 animas
929 4898 1080 4968 [legis
1121 4902 1326 4952 maximi
1368 4897 1536 4966 ﬁlias,
1575 4906 1682 4952 etc.
1717 4897 1904 4956 Hausit

301 4969 410 5025 ista
440 4971 710 5024 Arnobius
736 4985 768 5025 e
796 4969 1302 5038 NeOpIatOnicormu
1327 5012 1339 5030 ,
1375 4984 1488 5023 sive
1520 4971 1692 5033 potius
1723 4970 1902 5025 Gnos-

301 5043 543 5097 ticorum
567 5082 581 5106 ,
627 5043 897 5109 Simonis,
939 5041 1222 5105 Basilidis,
1255 5040 1529 5097 Saturnini
1553 5080 1567 5102 ,
1596 5041 1902 5110 tJarpocra-

301 5114 410 5188 t_is.
444 5124 586 5188 etc.g,
626 5114 904 5188 doctrina.
935 5117 1022 5182 qui
1056 5113 1363 5188 statuebant
1385 5155 1398 5176 ,
1431 5111 1688 5188 mundum
1735 5129 1838 5167 non
1871 5129 1903 5169 a
1939 5185 1942 5188 _

299 5185 438 5249 Deo,
468 5186 562 5240 sed
592 5186 661 5238 ab
685 5187 888 5255 angelis
916 5200 1037 5240 esse
1060 5185 1360 5251 conditum,
1393 5186 1664 5238 hominem
1688 5200 1903 5253 quouue

297 5256 374 5311 ab
400 5258 586 5312 iisdem
620 5256 926 5310 formatum.
965 5255 1218 5322 Iuetneus,
1251 5257 1345 5312 ιιι».
1379 5275 1426 5320 ι,
1457 5272 1578 5326 cap.
1603 5255 1692 5319 2i,
1733 5273 1782 5323 p.
1811 5257 1900 5319 ⁸52,

296 5327 392 5383 ed.
427 5329 635 5383 Erasmi
668 5328 838 5382 Paris.
867 5345 880 5381 :
911 5327 1223 5384 Saturninus
1253 5328 1485 5382 similiter
1522 5337 1576 5380 ut
1625 5328 1905 5382 Menander

296 5416 461 5454 unum
488 5411 685 5470 patrem
715 5401 1028 5471 inc0gnitum
1059 5399 1199 5453 nobis
1229 5400 1465 5462 ostendit,
1489 5400 1573 5468 qui
1600 5401 1718 5466 fecit
1749 5417 1905 5470 ange-

298 5471 382 5525 los
401 5513 414 5530 .
443 5472 806 5542 archungelos,
845 5473 1069 5538 virtutes,
1115 5481 1405 5542 potestates.
1429 5471 1473 5523 A
1498 5481 1686 5538 septem
1728 5483 1898 5524 autent

293 5544 602 5615 quibusdam
621 5545 816 5615 angelis
839 5545 1082 5596 mundum
1105 5549 1321 5615 factum,
1345 5553 1390 5595 et
1417 5545 1587 5596 omnia
1605 5559 1718 5610 qua:
1743 5543 1793 5596 in
1816 5560 1894 5597 eo.

296 5612 578 5670 Hominem
607 5612 775 5669 autem
803 5612 1232 5686 angelorunt'esse
1261 5616 1544 5680 facturum,
1576 5615 1837 5669 desursum
1866 5633 1898 5670 a

293 5703 503 5742 summa
531 5697 774 5758 potestate
813 5687 983 5740 lucida
1024 5687 1246 5758 imagine
1274 5697 1571 5758 apparente,
1603 5703 1756 5756 quant
1783 5705 1896 5742 cum

293 5768 560 5814 continere
585 5777 685 5814 non
713 5761 1010 5831 potuissent.
1045 5760 1209 5830 inquit
1228 5801 1240 5820 ,
1268 5773 1327 5812 eo
1353 5768 1485 5812 statu
1511 5762 1596 5829 qui
1624 5759 1793 5813 statim
1817 5776 1896 5814 re-

293 5833 515 5894 currerit
543 5848 766 5899 sursum,
805 5831 1064 5886 adhortati
1104 5840 1220 5886 sunt
1246 5831 1571 5902 semetipsos,
1631 5831 1894 5887 dicentes:

2031 3317 2196 3398 idem,
2226 3318 2295 3372 de
2319 3324 2676 3398 Amineaeap.
2698 3321 2790 3398 23.
2821 3321 3175 3398 Epiphanius,
3202 3317 3325 3380 adv.
3363 3317 3635 3398 lla'rescs,

2029 3388 2130 3467 an:
2151 3405 2189 3467 ε,
2227 3391 2450 3467 mense
2482 3411 2494 3445 ι
2531 3388 2879 3467 Phtlastrius,
2911 3388 2980 3467 de
3010 3396 3213 3450 llmres.
3240 3437 3256 3463 ,
3289 3413 3388 3467 cap
3419 3388 3631 3467 29,51;

2030 3471 2085 3515 et
2107 3459 2197 3522 36,
2227 3459 2315 3516 58:
2343 3461 2611 3516 Curti-runt
2636 3467 2702 3517 de
2732 3466 2796 3516 iis
2818 3466 3069 3519 otunihus
3088 3459 3634 3527 tecte'tanitmunodo

2029 3544 2082 3612 et
2109 3536 2340 3612 obscure
2372 3534 2606 3603 loquitur
2631 3535 2928 3612 Arnobius,
2958 3542 3227 3612 consulto,
3263 3553 3317 3612 ut
3349 3543 3476 3596 mihi
3511 3545 3630 3612 quii-

2029 3601 2151 3658 dem
2199 3601 2457 3670 Videtur,
2475 3615 2528 3660 et
2564 3605 2876 3673 prudenter,
2909 3623 2974 3662 ne
3005 3609 3126 3662 scil.
3157 3611 3200 3662 si
3233 3601 3540 3667 dietinctius
3565 3615 3636 3672 de

2032 3674 2096 3728 iis
2123 3675 2472 3730 disseruisset
2497 3676 2937 3746 n0minassetque
2966 3681 3147 3734 mundi
3179 3695 3452 3738 creatures
3482 3685 3630 3741 Gno-

2025 3758 2309 3828 sttcorutit,
2359 3747 2724 3818 Uemiurgum,
2759 3748 2964 3828 Legati,
3000 3751 3328 3828 l’uronesin,
3362 3759 3629 3828 Sophian,

2029 3817 2289 3898 Illynauitn
2316 3817 2685 3898 umerosque,
2715 3836 2852 3898 quos
2880 3821 3176 3898 dicebant,
3208 3817 3391 3883 mones
3411 3817 3577 3898 ,'ipse
3600 3817 3634 3887 si

2033 3887 2338 3944 Gentilibus
2380 3887 2960 3961 Polytheismiﬁquem
2994 3895 3232 3952 relutare
3269 3908 3324 3952 et
3353 3887 3635 3958 destiucre

2033 3963 2304 4029 cupit-bat,
2337 3971 2676 4032 argueretur.
2704 3963 2908 4018 OBELL.

2093 4032 2255 4104 Atque
2289 4035 2343 4086 in
2385 4035 2464 4086 sui
2505 4035 2724 4088 nominis
2771 4036 2989 4090 essentia
3033 4039 3323 4105 praedicari.
3355 4041 3624 4100 Meursius

2019 4101 2236 4158 Codtcis
2280 4105 2566 4159 lectionem
2610 4107 2663 4159 in
2702 4107 2784 4160 sui
2834 4101 3054 4161 nominis
3096 4113 3346 4165 sententia
3385 4116 3632 4172 del'emlit

2017 4175 2136 4229 IoCo
2166 4180 2381 4258 gemino
2413 4178 2630 4258 Arnobii
2652 4218 2666 4242 ,
2701 4177 2844 4258 libat
2877 4195 2890 4232 :
2927 4181 3173 4235 Dedimus
3195 4183 3445 4258 nosADeo,
3475 4188 3629 4258 cujus

2018 4258 2142 4300 nutu
2172 4257 2216 4302 et
2246 4249 2456 4302 arbitrio
2490 4265 2639 4303 omne
2669 4250 2806 4319 quod
2834 4260 2906 4305 est
2934 4263 3167 4319 constat,
3198 4264 3244 4306 et
3283 4255 3335 4308 in
3365 4249 3631 4314 sententia:

2017 4335 2124 4396 sua:
2150 4321 2478 4396 perpetuitate
2523 4321 2750 4396 deﬂeant
2789 4332 2894 4388 est,
2923 4334 2976 4376 et
3010 4324 3200 4378 eodem
3236 4325 3374 4381 libro
3406 4343 3420 4380 :
3453 4330 3625 4396 priore

2018 4391 2244 4468 detracto
2293 4393 2342 4445 in
2380 4393 2602 4468 aliorum
2632 4394 2860 4468 habitant
2885 4396 3298 4468 sententiamque
3335 4391 3622 4468 traducere,

2019 4473 2076 4537 ut
2106 4463 2176 4537 sit
2197 4466 2445 4537 sententia
2472 4465 2527 4517 h.
2561 4465 2597 4517 I.
2631 4466 2664 4517 i.
2696 4481 2748 4537 ιι.
2778 4463 3042 4531 αἴσθησις,
3071 4463 3286 4523 sensus.
3314 4472 3434 4537 Quo
3461 4463 3623 4529 sensu

2019 4534 2063 4606 si
2094 4535 2343 4591 absolute
2373 4537 2555 4590 dicere
2585 4535 2758 4606 potuit
2789 4543 3093 4598 Arnobius.
3130 4534 3542 4600 novum—tamen
3573 4555 3626 4602 et

2021 4605 2138 4660 sine
2168 4608 2420 4676 exemplo
2447 4605 2666 4662 nominis
2691 4609 2960 4662 sententia.
2991 4608 3196 4665 ORELL.

2092 4678 2235 4753 Satis
2274 4682 2524 4745 plurimis.
2568 4680 2673 4734 Pro
2711 4681 2837 4734 satis
2875 4681 3067 4753 multis.
3099 4684 3473 4753 Superlativus
3504 4689 3624 4745 loco

2017 4752 2267 4828 posittv‘i,
2292 4763 2350 4828 ut
2375 4755 2574 4821 saepius
2600 4754 2652 4806 itt
2681 4753 2941 4828 Arnobiu.
2979 4751 3110 4810 Vide
3135 4751 3321 4824 supra,
3354 4760 3421 4813 ad
3459 4761 3551 4814 lib.
3581 4777 3620 4828 ι,

2015 4837 2064 4874 c.
2093 4822 2370 4896 22_._(Satis
2391 4830 2580 4877 inultus
2606 4833 2786 4876 autem
2817 4822 3018 4896 dictum
3049 4836 3134 4881 est
3162 4822 3259 4896 pro
3289 4822 3455 4885 nimio
3484 4822 3622 4886 mul;

2014 4894 2297 4973 iltS:AV‘I(lC
2343 4895 2555 4973 Barth.,
2587 4897 2906 4973 adversam,
2939 4895 3031 4950 ιιι).
3068 4894 3245 4973 _x_xix.
3279 4915 3328 4953 c.
3365 4903 3454 4966 l5,
3485 4918 3622 4973 page

2016 4963 2204 5038 1580.)
2249 4966 2322 5038 Ita
2359 4967 2484 5020 satis
2517 4968 2896 5038 pulcherrimus
2937 4969 3078 5038 apud
3118 4963 3511 5038 Pomponium,
3555 4963 3624 5028 de

2009 5036 2226 5113 Origine
2253 5037 2397 5093 Juris
2433 5055 2454 5113 :_
2479 5036 2657 5113 Exstat
2679 5041 2790 5108 ejus
2810 5036 3139 5113 (Cicertmis)
3164 5036 3327 5095 oratio
3352 5045 3477 5096 satis
3497 5036 3622 5113 pul-

2010 5109 2286 5184 cherrima,
2305 5125 2420 5180 qua:
2439 5111 2735 5166 inscribitur
2762 5109 2856 5182 pro
2889 5113 2955 5178 ρ.
2981 5109 3214 5184 Ligario.
3247 5109 3541 5169 S'ruwecu.
3573 5125 3620 5171 et

2012 5182 2222 5236 URELL.

2086 5252 2354 5308 XXXVII.
2409 5283 2480 5294 —
2543 5253 2875 5309 Habuissent.
2945 5253 3099 5310 Fulv.
3167 5253 3352 5311 Ursin.
3419 5257 3621 5316 hausis-

2011 5335 2140 5378 sent.
2180 5325 2385 5403 O_ttt-:t.t..
2417 5335 2466 5403 _e_t
2505 5330 2702 5403 saccati
2747 5327 3152 5403 obsccenissimas
3195 5328 3376 5384 serias.
3423 5328 3619 5403 Sump-

2015 5405 2125 5450 tutn
2155 5414 2186 5451 e
2214 5398 2472 5464 Lucretii,
2502 5398 2596 5454 lib.
2630 5414 2708 5466 tv,
2742 5413 2883 5453 vers.
2920 5397 3061 5454 1020
3089 5417 3102 5455 :

2112 5509 2226 5576 Pusi
2248 5524 2382 5576 saepe
2408 5509 2566 5560 lacum
2593 5519 2814 5576 propter,
2839 5525 2920 5576 se,
2942 5524 3000 5560 ac
3022 5511 3148 5563 dolia
3171 5519 3311 5565 curta

2103 5572 2282 5622 Somno
2302 5572 2518 5623 devincti
2539 5572 2748 5623 credunt
2771 5575 3020 5624 extollere
3048 5584 3238 5626 vestem

2103 5635 2274 5688 Totius
2298 5638 2557 5688 humorem
2581 5645 2826 5687 saccatum
2852 5645 2906 5688 ut
2930 5641 3146 5701 corpori,
3171 5638 3396 5691 fundant.

3291 5723 3515 5776 Hnno.

2002 5831 2160 5902 Quod
2190 5833 2576 5891 sacco'vinum
2606 5831 2923 5905 eliquabant
2955 5841 3202 5906 veteres,
3230 5835 3374 5909 quod
3406 5848 3461 5896 et
3487 5852 3612 5900 sac-
