3970 6312
182 418 195 424 -
257 364 370 423 889

1612 363 1817 421 LIBER
1854 361 2242 425 SECUNDUS.

3460 363 3567 422 890

255 482 519 554 illigatae?
563 482 839 540 scaevitate
864 491 890 520 ⁸
942 482 1322 539 innumerabili
1351 464 1602 539 vitiorum
1634 482 1779 554 ipsos
1806 497 1866 539 se
1892 492 1944 553 Α
1971 483 2172 538 minum
2200 482 2428 539 forsitan
2454 482 3029 555 comprehensionibus
3056 481 3345 539 terminati.
3378 482 3449 539 At
3476 496 3570 555 ge.

256 577 505 633 indicare
543 591 647 633 non
675 590 797 632 esse
822 576 1030 647 patricii
1055 575 1301 646 generis,
1333 575 1429 632 sed
1474 591 1541 631 ex
1575 573 1863 631 mediocri-

254 671 361 728 bus
393 671 607 727 familiis
657 678 988 741 procrcatos.
1032 668 1272 741 Namque
1320 669 1455 724 alios
1483 668 1728 725 videmus
1756 668 1862 723 im-

253 764 441 831 mites,
477 765 829 832 facinorosos,
867 763 1118 826 audaces.
1155 763 1493 829 temerarios,
1523 762 1857 835 praecipites,

254 872 456 923 caecos,
500 857 676 923 fictos,
729 856 1174 919 dissimttlatores,
1206 860 1519 918 mendaces,
1569 856 1859 927 superbos,

253 959 597 1022 arrogantes,
616 965 826 1011 avaros.
848 949 1093 1021 cupidos,
1107 948 1447 1016 libidinosos,
1469 948 1857 1014 inconstantes,

252 1046 552 1107 invalidos.
585 1054 641 1102 et
666 1060 761 1100 sua
795 1046 942 1117 ipsos
967 1044 1186 1101 decreta
1219 1057 1545 1100 conservare
1586 1056 1865 1113 nequeun-

254 1146 347 1196 tes
376 1156 389 1194 :
419 1139 563 1210 quod
594 1140 778 1211 utique
804 1155 910 1195 non
936 1149 1140 1206 essent,
1172 1138 1215 1193 si
1241 1138 1578 1209 generositas
1601 1151 1697 1191 eos
1717 1150 1866 1191 asse-

253 1238 411 1287 reret
440 1231 772 1301 principalis,
804 1242 856 1286 et
885 1231 953 1287 ab
979 1245 1160 1285 rerum
1201 1229 1377 1301 capite
1419 1226 1870 1315 descendentium.

252 1321 521 1378 ducerent
542 1322 948 1378 honestamenta
979 1323 1264 1378 natalium.

330 1414 522 1471 XLIX.
552 1416 657 1473 Sed
681 1426 736 1473 et
764 1416 913 1481 boni,
943 1417 1158 1481 dicetis,
1185 1425 1311 1472 sunt
1339 1417 1393 1473 in
1416 1416 1581 1472 rebus
1608 1414 1858 1470 humanis

252 1509 381 1575 viri,
407 1510 701 1580 sapientes,
723 1508 874 1580 justi,
903 1509 1191 1580 inculpatis
1216 1519 1377 1581 atque
1402 1507 1859 1565 cmendatissimis

252 1603 519 1658 moribus.
552 1602 766 1659 Nullam
811 1604 1094 1660 referimus
1118 1604 1499 1676 quaestionem,
1529 1618 1596 1658 an
1629 1602 1720 1657 ulli
1759 1600 1859 1656 ali-

252 1692 475 1765 quando
496 1693 693 1751 fuerint
715 1696 872 1761 tales,
892 1696 1158 1768 inquibus
1183 1696 1406 1752 omnino
1431 1694 1565 1751 nihil
1596 1695 1695 1750 ista
1719 1695 1854 1765 ipsa,

252 1803 383 1860 quae
410 1787 629 1854 dicitur,
663 1788 996 1846 desideraret
1021 1790 1322 1862 integritas.
1350 1789 1470 1846 Sint
1496 1790 1623 1846 licet
1659 1787 1855 1860 perbo-

255 1882 422 1948 nesti,
450 1878 756 1952 fuerintque
782 1881 1097 1947 laudabiles,
1130 1883 1399 1938 tenuerint
1423 1883 1631 1953 apicem
1651 1881 1858 1953 perfec-

251 1973 420 2029 tionis
445 1988 738 2041 snmmum,
764 1989 863 2031 nec
890 1974 943 2030 in
970 1974 1148 2046 aliquo
1174 1975 1327 2046 lapsu
1355 1990 1543 2031 eorum
1569 1960 1857 2047 aliquando

251 2065 633 2123 claudicaverit
676 2066 788 2123 vita
821 2085 835 2122 :
862 2066 958 2124 sed
984 2068 1170 2124 audire
1203 2068 1546 2139 deposcimus
1570 2079 1698 2139 quot
1724 2069 1856 2135 sint,

252 2170 350 2216 aut
383 2160 584 2216 fuerint
610 2176 859 2227 numero,
897 2170 957 2216 ut
1001 2177 1066 2217 ex
1101 2160 1461 2218 multitudinis
1491 2160 1860 2233 magnitudine

250 2254 566 2322 metiamur,
594 2269 663 2310 an
690 2254 960 2326 oppositio
981 2254 1124 2325 iusta
1152 2255 1221 2311 sit
1250 2255 1409 2324 facta,
1434 2271 1502 2312 an
1523 2253 1551 2293 δ
1582 2256 1858 2326 aequalita-

252 2348 329 2405 tis
356 2349 801 2420 compensatione
828 2350 1040 2407 librata.
1075 2349 1245 2417 Unus,
1277 2350 1406 2417 duo,
1441 2362 1573 2417 tres,
1602 2359 1853 2421 quatuor,

250 2440 468 2510 decem,
492 2442 715 2514 vigenti,
744 2450 984 2510 centum,
1009 2451 1159 2500 certe
1185 2457 1414 2500 numero
1437 2442 1665 2509 definiti,
1684 2453 1740 2500 et
1759 2459 1857 2501 no-

1971 591 2073 631 nus
2103 576 2393 632 bumantnn
2424 592 2529 633 non
2560 591 2629 633 ex
2654 577 2813 633 bonis
2838 576 3102 648 pauculis.
3130 575 3224 632 sed
3250 591 3314 631 es
3356 575 3571 632 caeteris

1970 668 2219 724 omnibus
2271 669 2526 724 aestimari
2574 669 2854 736 convenit,
2882 678 2939 724 et
2986 668 3295 739 ponderari.
3344 666 3403 723 ln
3455 676 3569 723 toto

1971 762 2116 817 enim
2150 777 2272 831 pars
2312 770 2416 824 est,
2448 777 2553 817 non
2598 770 2767 817 totum
2799 763 2852 817 in
2903 769 3055 832 parte
3088 778 3102 813 ε
3144 770 3200 817 et
3239 759 3570 817 universitas

1969 852 2132 909 debet
2173 854 2448 910 attrahere
2477 854 2772 926 portiones,
2809 870 2914 910 non
2966 853 3304 924 portionibus
3350 852 3570 909 univer-

1970 947 2102 1005 sitas
2127 947 2404 1018 applicari.
2435 947 2572 1015 Quid
2604 949 2746 1004 euim
2776 948 2820 1002 si
2851 946 3123 1003 hominem
3170 945 3320 1002 dicas
3350 953 3568 1016 captum

1971 1039 2231 1095 membris
2259 1040 2531 1109 omnibus,
2561 1048 2616 1096 et
2639 1040 2933 1111 ejulantem
2959 1056 3025 1095 ex
3055 1038 3382 1095 cruciatibus
3408 1052 3569 1108 aspe-

1970 1137 2066 1199 ris,
2099 1134 2302 1191 idcirco
2325 1150 2446 1191 esse
2471 1150 2689 1201 sanum,
2714 1134 2856 1207 quod
2883 1135 3040 1190 unius
3066 1132 3338 1204 tmgniculi
3360 1131 3567 1188 nullum

1970 1228 2309 1301 perpetiatur
2341 1229 2625 1285 dolorem?
2652 1239 2746 1285 aut
2768 1244 2891 1287 esse
2916 1244 3134 1285 auream
3175 1236 3395 1295 terram,
3420 1225 3569 1298 quod

1969 1324 2025 1380 in
2075 1324 2362 1380 verrucula
2402 1324 2559 1380 collis
2611 1324 2770 1379 unius
2831 1323 2999 1379 insint
3053 1322 3269 1393 exigua
3328 1319 3563 1386 miculas,

1963 1418 2162 1491 quibus
2204 1419 2448 1474 nascitur
2487 1418 2882 1490 colliquefactis
2918 1432 3143 1486 aurum,
3175 1403 3231 1473 e't
3273 1414 3567 1471 admiratio

1963 1515 2384 1585 congregatione
2409 1513 2779 1586 conquiritur?
2805 1511 3131 1582 Qualitatem
3146 1507 3387 1565 materiae
3402 1517 3427 1548 ο
3447 1507 3567 1563 uni-

1964 1605 2196 1663 versitas
2242 1607 2497 1663 elementi
2542 1605 2754 1677 probat,
2807 1620 2914 1661 non
2968 1602 3251 1675 pulvisculi
3298 1598 3564 1657 stabiles:

1963 1714 2065 1755 nec
2092 1713 2240 1754 mare
2266 1698 2524 1754 continuo
2553 1697 2712 1753 dulce
2737 1706 2840 1760 est.
2871 1698 2915 1752 si
2949 1696 3178 1752 mitioris
3209 1710 3363 1766 aquae
3389 1700 3568 1764 guttas

1963 1793 2192 1864 alicujus
2232 1793 2501 1863 adieceris
2547 1803 2710 1863 atque
2751 1790 3043 1846 immiseris
3097 1788 3331 1851 numeri,
3369 1800 3567 1842 consu-

1967 1885 2134 1940 mitur
2158 1885 2300 1941 enim
2329 1884 2583 1939 minuties
2610 1884 2712 1939 ista
2742 1884 3006 1938 immenso
3030 1878 3056 1918 (ι
3092 1900 3105 1936 :
3137 1895 3237 1937 nec
3264 1879 3429 1935 modo
3457 1892 3567 1935 non

1967 1977 2135 2049 parvi,
2172 1976 2267 2032 sed
2313 1989 2433 2032 esse
2466 1974 2665 2030 nullius
2714 1973 3132 2031 existimandum
3178 1981 3264 2029 est
3300 1970 3564 2037 nominis,

1965 2069 2107 2141 quod
2133 2084 2231 2141 per
2254 2068 2436 2124 omnia
2469 2067 2719 2124 diffusum
2743 2068 2906 2140 perit,
2936 2077 2992 2125 et
3031 2067 3085 2123 in
3111 2066 3288 2139 magni
3315 2066 3566 2137 corporis

1961 2161 2306 2232 intercipitur
2333 2162 2601 2217 vastitate.

2035 2256 2098 2313 L.
2134 2255 2239 2313 Vos
2266 2256 2504 2311 humano
2534 2254 2589 2311 in
2616 2269 2816 2327 genere
2843 2254 3014 2311 bonos
3043 2269 3166 2312 esse
3189 2253 3365 2310 dicitis
3394 2250 3564 2321 viros,

1966 2352 2059 2424 qui
2095 2363 2153 2408 ut
2190 2366 2312 2408 esse
2343 2349 2664 2418 credantur,
2707 2350 3043 2420 comparatio
3083 2348 3309 2406 forsitan
3358 2344 3567 2402 efficiat

1961 2447 2347 2519 pessimorum.
2378 2446 2608 2513 Quinam
2656 2444 2745 2501 isti
2778 2445 2944 2502 sunt?
2981 2444 3168 2503 dicite.
3221 2439 3564 2514 PbilnsOphi,

1467 2605 1849 2667 LECTIONES
1886 2608 2302 2671 VARIANTES.

321 2742 352 2846 ἰ
383 2742 467 2858 ἕξ
478 2740 908 2857 .Servitute
943 2752 1037 2793 ms.
1061 2740 1283 2794 Savitate
1307 2739 1435 2796 male

2038 2750 2062 2780 ο
2102 2747 2277 2798 Ἔριδι-ω
2300 2746 2442 2798 Fulv.

2036 2809 2065 2851 εὶ
2103 2810 2160 2862 In
2180 2812 2421 2862 immenso
2441 2809 2581 2862 Fulv.

1658 2914 2220 2977 COMMENTARIUS.

333 3052 605 3109 Smitate
642 3053 1003 3110 innumerabili
1051 3053 1311 3110 vitiorum.
1351 3055 1428 3111 lta
1459 3055 1612 3113 Fulv.
1665 3057 1846 3116 Ursin.

251 3125 582 3200 rectissime.
613 3125 821 3200 Glosste
853 3144 865 3181 :
898 3126 1241 3200 serenitas...
1282 3128 1547 3200 iniquitas.
1597 3131 1806 3200 Apulei.
1832 3174 1847 3198 ,

253 3196 387 3271 hiet.
421 3212 474 3252 ιχ
498 3241 512 3264 ,
549 3212 669 3268 pag.
715 3197 815 3253 2‘21
840 3242 855 3267 ,
889 3198 977 3252 ed.
1002 3196 1244 3271 _Elmenb
1277 3216 1288 3253 :
1322 3196 1438 3266 En,
1466 3196 1735 3271 inquiunt,
1774 3196 1856 3258 in?

253 3268 467 3339 dignam
509 3271 583 3323 rei
632 3273 957 3346 serenitatem.
999 3269 1129 3325 lnde
1178 3287 1378 3346 serena,
1438 3268 1682 3346 sinistra,
1729 3292 1853 3346 per—

250 3355 401 3395 versa
422 3382 438 3406 ,
479 3342 758 3396 contraria.
797 3341 915 3395 Viti.
960 3356 1120 3412 supra
1151 3342 1217 3398 ad
1250 3344 1343 3398 lib.
1372 3360 1406 3397 t.
1439 3344 1645 3400 OBELL.

328 3432 613 3511 Invalidgs.
643 3435 720 3511 Ita
748 3436 962 3491 videtur
985 3437 1259 3511 grnobins
1286 3437 1560 3509 appellare
1580 3453 1698 3508 eos,
1720 3454 1857 3511 quos

252 3509 499 3584 ἀκρατεῖς
522 3506 699 3564 δι’ωοί
730 3517 945 3563 vocant.
983 3508 1222 3564 "ERALD.

334 3603 737 3677 Honestatnenla
767 3606 1038 3661 natalium.
1074 3605 1200 3661 Plus
1227 3615 1309 3662 est
1337 3622 1498 3677 quam
1529 3606 1726 3660 honesti
1756 3622 1855 3661 na-

254 3676 388 3732 tales
414 3718 449 3749 ,A
481 3676 575 3749 qui
619 3679 838 3746 pr0prie
864 3688 987 3732 sunt
1016 3678 1231 3746 iugentti
1259 3687 1311 3733 et
1343 3676 1595 3734 liberales
1615 3718 1629 3742 ,
1662 3693 1855 3748 quem-

251 3747 549 3804 admodum
580 3750 791 3803 honeste
817 3750 1013 3819 geniti,
1048 3750 1262 3818 ingenui
1285 3766 1348 3804 ac
1379 3750 1641 3804 libertina:
1670 3747 1857 3804 Condi-

249 3820 441 3876 tionis.
472 3821 549 3876 lta
577 3820 684 3875 Tit.
718 3821 859 3885 Liv.,
892 3822 984 3875 lib.
1023 3819 1272 3877 xxvrCn.
1306 3820 1548 3875 Fulvium
1574 3820 1854 3887 Quiritium

247 3893 552 3959 exercitum,
583 3893 789 3946 honeste
807 3894 1027 3963 genitos,
1062 3891 1338 3947 liberaliter
1364 3895 1621 3950 educatos.
1652 3893 1852 3947 servili-

247 3964 348 4018 bus
402 3964 540 4018 vitiis
592 3964 852 4020 imbuisse.
921 3965 1018 4019 llic
1083 3976 1265 4019 autem
1333 3966 1662 4035 signiﬁcatur
1711 3973 1853 4019 tanta

246 4045 452 4110 quanta
483 4035 775 4110 significari
805 4045 983 4110 potest
1008 4038 1374 4110 generositas,
1401 4038 1623 4110 εὐγένεια
1644 4038 1673 4096 ἡ
1694 4037 1849 4101 πάνυ,

246 4107 506 4162 nobilitas
528 4109 828 4163 animarum
858 4108 1070 4172 divina,
1099 4107 1136 4162 i.
1162 4124 1216 4177 q.
1249 4108 1410 4163 modo
1449 4107 1660 4163 dixerat
1700 4123 1853 4178 gene-

246 4180 442 4234 rositas
479 4180 814 4250 principalis.
840 4178 892 4234 id
930 4189 1014 4234 est
1041 4179 1278 4246 profecta
1305 4196 1336 4235 a
1363 4181 1472 4236 Deo
1491 4221 1506 4248 ,
1532 4194 1711 4235 rerum
1734 4194 1850 4233 om-

246 4251 402 4307 nium
432 4250 579 4308 fonte
610 4267 673 4308 ac
701 4252 966 4323 principe.
999 4252 1240 4307 “ERALD.

264 4394 275 4397 ⁷
322 4388 514 4445 XLIX.
545 4421 615 4430 —
645 4388 1094 4444 Emendatissimis
1142 4389 1384 4444 moribus.
1442 4388 1499 4444 ltl
1545 4399 1629 4445 est
1676 4389 1850 4460 perfeo

247 4462 547 4527 ctissimis,
592 4461 995 4531 integerrimis,
1056 4461 1207 4516 nullo
1245 4462 1452 4517 scrlere
1482 4461 1724 4530 pollutis.
1765 4462 1852 4517 Di-

246 4535 488 4589 ctinnem
533 4534 774 4602 pluribus
824 4535 1094 4589 illustrant
1144 4532 1361 4588 Juretus
1397 4534 1463 4588 ad
1511 4533 1846 4600 Simmaclt.,

244 4604 346 4678 l_ib.
381 4621 429 4672 t,
452 4606 609 4677 epiSI.
637 4606 709 4661 26
730 4648 746 4673 ,
780 4623 830 4678 p.
853 4607 927 4678 40
947 4647 962 4670 ,
987 4605 1267 4678 ειμιιεοιλὶἰ
1288 4650 1301 4672 ,
1334 4605 1419 4661 Jo.
1453 4604 1694 4678 Wower.
1719 4647 1734 4670 ,
1780 4606 1847 4678 ad

246 4676 471 4770 ξῗὲτξῖη·
490 4676 510 4746 γ’
526 4693 591 4770 J’;
615 4678 733 4770 .‘35
899 4677 1168 4770 _L“_‘_‘?"'.z
1210 4676 1278 4770 ’1.
1293 4678 1399 4770 δ’τὲ
1413 4677 1845 4770 9Ϊ⁰¹¹9Ρ⁷λτεμ³ί¹
1876 4710 1931 4770 Ι)

247 4749 448 4805 Senec.
472 4790 488 4816 ,
520 4749 587 4804 de
615 4749 696 4805 Ira
719 4792 732 4815 ,
769 4752 860 4806 lib.
899 4766 948 4815 ι,
978 4766 1100 4817 cap.
1133 4751 1164 4805 5
1185 4791 1200 4813 ,
1230 4760 1283 4804 ct
1327 4748 1492 4806 Corte
1513 4792 1527 4817 ,
1570 4750 1636 4806 ad
1667 4750 1806 4805 l’lin.
1832 4794 1847 4819 ,

245 4819 346 4877 lib.
375 4836 467 4889 Ill,
494 4822 655 4893 epist.
685 4838 743 4878 ut
764 4863 779 4889 ,
815 4838 867 4892 p.
902 4823 1027 4878 187.
1059 4822 1263 4878 ORELL.

322 4917 663 4974 Boni.....iu
707 4919 856 4973 rebus
882 4919 1121 4973 humanis
1161 4918 1289 4979 viri,
1322 4918 1597 4988 sapientes.
1632 4918 1729 4973 Alii
1758 4918 1853 4974 de-

248 4989 375 5047 lent
395 5004 605 5046 comma
631 4999 752 5061 post
779 4991 909 5053 viri,
941 4998 1001 5045 ttt
1024 5005 1216 5045 sensus
1252 4990 1361 5045 sit:
1389 4991 1646 5058 sapientes
1683 4992 1734 5043 in
1765 5007 1851 5044 re-

248 5063 348 5118 bus
373 5062 634 5117 humanis.
669 5062 774 5119 Sed
805 5062 978 5128 male,
1006 5063 1060 5116 in
1080 5062 1230 5117 rebus
1261 5062 1498 5117 humanis
1525 5072 1608 5116 est
1646 5062 1698 5116 itt
1728 5063 1851 5117 uni-

249 5148 415 5191 verso
440 5135 716 5190 hominum
744 5150 946 5205 genere
968 5176 983 5199 ,
1012 5135 1065 5189 in
1093 5134 1185 5189 der
1211 5132 1550 5190 Meu‘schheit.
1581 5133 1787 5189 OnELL.

324 5226 392 5282 In
419 5227 598 5297 quibus
642 5229 774 5284 nihil
812 5230 912 5283 ista
937 5228 1517 5300 ipsa.....desidcraret
1562 5229 1845 5297 integritas.

246 5299 326 5357 Ita
357 5315 389 5356 e
415 5302 537 5356 cod.
572 5316 675 5357 ms.
719 5299 1072 5357 t'cslitttited.
1119 5300 1289 5369 Lugd.
1325 5300 1441 5356 Bal.
1466 5342 1480 5367 ,
1526 5303 1763 5372 optimc,
1795 5307 1852 5354 ut

247 5387 447 5428 sensus
468 5373 656 5444 sitzin
702 5373 899 5444 quibus
944 5374 1057 5441 ipsa
1092 5374 1387 5444 integritas
1422 5371 1617 5444 (virtus
1664 5386 1850 5444 perso-

247 5442 495 5513 nilicata)
524 5445 653 5499 niltil
678 5441 1008 5499 desideraret
1030 5486 1042 5505 .
1077 5461 1141 5498 an
1165 5441 1327 5497 deuen
1355 5441 1439 5497 die
1455 5441 1671 5513 Tugend
1696 5442 1848 5497 selbsl

245 5516 417 5571 uichts
450 5527 776 5578 auszusetzen
803 5517 959 5571 hatte.
991 5515 1108 5571 Cet.
1154 5516 1318 5583 nihil,
1350 5516 1385 5570 i.
1417 5529 1467 5570 e.
1510 5515 1653 5570 nulla
1684 5515 1735 5570 iu
1764 5532 1845 5583 re,

246 5587 628 5644 desideraretur
652 5589 937 5660 integritas.
967 5589 1169 5644 0am"

326 5683 560 5738 Numero
609 5684 826 5750 deﬁniti.
877 5684 1136 5753 Appositc
1181 5682 1247 5737 ad
1270 5668 1520 5738 nostrum
1557 5682 1849 5751 Juvend.,

247 5766 358 5815 sat.
392 5771 486 5811 xm
513 5797 528 5822 ,
558 5770 701 5811 vers.
732 5756 822 5818 28.
849 5770 964 5827 seq.
998 5772 1011 5809 :

410 5892 532 5959 Bari
547 5894 730 5958 quippe
753 5893 890 5953 boni,
914 5894 1251 5959 numerusvix
1274 5892 1578 5959 est_t_o_tidem
1603 5932 1615 5956 ,
1637 5900 1759 5959 quot

412 5956 695 6007 'l’ltebtirttm
721 5966 894 6021 porta,
930 5957 1008 6011 vel
1032 5958 1199 6011 divitis
1220 5959 1343 6007 ostia
1355 5956 1472 6009 Nili.

2036 3061 2286 3118 ELIBNH.
2306 3092 2378 3103 —
2398 3060 2495 3118 Ms.
2521 3061 2757 3134 dif/initi.
2787 3060 2992 3119 ORELL.

2038 3178 2347 3233 Ponderari.
2384 3180 2457 3234 lta
2507 3194 2608 3235 ms.
2656 3178 2811 3235 Fulv.
2865 3177 3050 3235 Ursin.
3094 3174 3336 3248 penderi,
3382 3172 3567 3231 nescio

1962 3266 2067 3322 qua
2095 3266 2275 3306 caus:t.
2312 3252 2519 3307 UBELL.

2035 3370 2103 3425 In
2140 3371 2411 3426 verrucula
2450 3371 2596 3426 collis
2637 3371 2809 3425 unius.
2858 3366 3118 3423 Geminus
3167 3366 3319 3421 locus
3344 3363 3440 3420 lib.
3489 3378 3515 3415 ν
3549 3379 3564 3417 :

1966 3441 2206 3497 Etiamne
2245 3445 2526 3507 credemus,
2566 3443 2717 3501 deum
2760 3439 2986 3495 numinis
3032 3439 3163 3493 tanti
3205 3446 3423 3491 tractum
3459 3450 3568 3490 esse

1964 3515 2034 3568 ad
2076 3525 2270 3578 terras,
2304 3524 2350 3568 et
2395 3515 2449 3567 in
2489 3513 2759 3568 uerrucula
2800 3512 2949 3567 collis
2995 3510 3146 3563 unius
3184 3526 3300 3562 cum
3340 3509 3563 3578 homun-

1963 3587 2081 3640 culo
2118 3577 2339 3640 stantem
2368 3584 2716 3639 altercabilem
2741 3582 3059 3638 conseruisse
3088 3578 3422 3634 sermonem?
3449 3577 3561 3633 Ex-

1966 3657 2157 3726 pre~sit
2187 3669 2366 3712 autem
2410 3656 2476 3710 de
2522 3657 2626 3711 isto
2670 3655 2894 3711 Catenis
2935 3654 2989 3726 in
3036 3652 3185 3708 libris
3232 3652 3509 3726 Originum
3545 3666 3559 3704 :

1961 3721 2175 3796 Censeo,
2204 3730 2249 3782 si
2275 3745 2382 3781 rem
2401 3743 2603 3782 servare
2623 3728 2697 3781 vis
2715 3769 2730 3792 ,
2756 3725 3080 3795 faciendum,
3110 3735 3168 3796 ut
3191 3721 3564 3793 quadragintos

1962 3800 2162 3870 aliquos
2198 3800 2383 3853 milites
2410 3799 2479 3852 ad
2508 3814 2791 3870 verrucam
2814 3797 2959 3870 illam
2988 3797 3064 3849 ire
3085 3795 3270 3870 iubeas
3290 3836 3305 3859 ,
3348 3808 3561 3870 eamque

1961 3874 2035 3926 uti
2049 3863 2303 3941 occupent
2328 3872 2565 3941 imperes.
2600 3870 2738 3926 Vide
2766 3868 3032 3941 Agt-llium
3052 3863 3192 3941 (ηρ.
3221 3881 3277 3941 tit
3296 3908 3311 3929 ,
3353 3879 3475 3934 cap.
3493 3863 3559 3941 ‘7,

1961 3953 2017 3998 et
2044 3934 2289 4018 Nonium
2321 3934 2500 4018 verba
2533 3958 2768 3998 verruca.
2813 3934 3028 4018 Eleans.
3051 3968 3121 3980 —
3140 3937 3339 4018 Eadem
3362 3934 3562 4018 “verba

1959 4025 2253 4087 occurrunt
2281 4014 2417 4087 infra
2447 4014 2540 4068 lib.
2570 4031 2627 4080 v,
2660 4028 2781 4087 cap.
2811 4014 2865 4069 5.
2896 4012 3052 4087 Cato,
3088 4020 3226 4087 teste
3257 4013 3322 4063 Α.
3356 4006 3555 4087 Gellio,

1960 4085 2095 4142 Noct
2144 4087 2252 4142 Att.
2280 4130 2295 4153 ,
2326 4086 2419 4140 lib.
2450 4101 2506 4141 ttt
2530 4128 2542 4148 ,
2569 4100 2689 4154 Cap.
2715 4080 2770 4149 7,
2798 4084 3124 4140 verruculant
3153 4082 3330 4154 locum
3353 4080 3559 4154 editum

1960 4167 2017 4212 et
2046 4151 2297 4226 asperum
2327 4158 2580 4226 appellat.
2615 4151 2721 4212 Sed
2745 4165 2940 4226 auctor
2964 4164 3150 4209 nos-ter
3171 4151 3555 4207 diminutivum

1960 4225 2155 4285 nomen
2191 4245 2286 4299 pro
2313 4245 2464 4284 tnorc
2497 4244 2596 4284 suo
2621 4227 2864 4283 adhibet.
2899 4225 3197 4282 Novanius.

2039 4321 2255 4455 Exigis:
2277 4322 2499 4376 miculaz.
2520 4320 2746 4376 Miculas
2766 4318 2893 4375 dicit
2911 4317 3209 4374 imitatione
3230 4313 3490 4383 Lucretii,
3513 4329 3554 4384 ι,

2039 4409 2103 4450 rs.
2262 4410 2379 4455 seu.

1958 4409 2103 4450 vers.
2130 4409 2235 4455 tua
2262 4410 2379 4465 seq.

2082 4554 2154 4622 Ex
2181 4555 2388 4618 aurique
2412 4558 2550 4622 patet
2568 4553 2707 4622 micis
2725 4549 3000 4601 consistere
3024 4560 3170 4612 posse
3334 4610 3345 4622 .

2034 4680 2045 4692 .
2081 4618 2291 4678 Aurum,
2310 4617 2362 4669 et
2392 4617 2457 4668 de
2482 4617 2632 4667 terris
2652 4623 2839 4666 terram
2857 4623 3187 4731 concrescﬁrc
3208 4617 3394 4675 parvts.

3149 4689 3343 4729 ERALD.

2057 4805 2364 4880 Admiratiog
2402 4799 3178 4880 congregatim!e‘_cqnqtti.ritttr{.
3224 4796 3350 4852 Hmc
3392 4795 3554 4880 verba

1959 4877 2194 4933 diversis
2225 4875 2398 4937 modis
2418 4870 2764 4946 intérpolant.
2787 4870 2964 4942 (Fulv.
2995 4870 3173 4946 Ursin.
3199 4870 3552 4946 annotatione,

1961 4949 2371 5021 congregatione.
2402 4937 2677 5022 Stewécb.
2710 4937 3101 5022 annumeratio,
3134 4942 3269 5022 etc.)
3302 4938 3411 5022 Sed
3440 4937 3555 5022 νιιιτ

1959 5014 2082 5091 gata
2112 5014 2273 5076 leCtio
2305 5019 2515 5093 probari
2562 5026 2761 5089 potest.
2794 5015 3201 5093 Admirationem
3246 5014 3408 5093 igitur
3435 5014 3553 5091 auri

1962 5085 2128 5158 dicit,
2168 5085 2881 5165 quiapriestinguitoeulos
2919 5086 3037 5165 auri
3071 5085 3246 5165 fulgor
3282 5093 3346 5165 e.t_
3386 5085 3437 5135 in
3468 5085 3552 5134 sui

1961 5153 2470 5235 contemplationem
2503 5153 2664 5235 atque
2686 5160 3094 5235 atlmi_ra_tionem
3123 5153 3278 5235 rapit.
3305 5153 3549 5235 lienam).

1960 5223 2231 5291 Verteriiu
2280 5236 2440 5304 igitur
2472 5252 2486 5286 :
2521 5223 2639 5287 Erst
2682 5232 2847 5287 durch
2874 5227 3421 5304 Zusamnmthanfung
3461 5223 3556 5304 der

1956 5306 2156 5363 kleinen
2196 5295 2608 5361 Goldstaubchen
2660 5304 2787 5359 wird
2835 5319 2887 5359 es
2924 5317 3041 5356 sunt
3089 5298 3273 5365 mctal,
3323 5295 3420 5351 das
3470 5296 3552 5350 die

1962 5377 2097 5434 Welt
2129 5378 2434 5433 bewnndert.
2464 5378 2666 5433 URELL.

2027 5491 2355 5547 Consumitur
2405 5492 2540 5547 enim
2586 5490 2824 5545 minutias
2868 5488 2967 5543 ista
3012 5487 3277 5540 immenso.
3330 5481 3385 5537 [tl
3418 5488 3549 5537 est:

1960 5565 2208 5636 exiguum
2241 5565 2367 5619 illud
2415 5579 2567 5633 aqua!
2594 5561 2866 5617 ﬂuviatilis
2887 5558 3086 5636 ‘statim
3116 5557 3169 5611 in
3220 5554 3549 5636 salsuginem

1963 5631 2127 5692 maris
2159 5637 2387 5702 transit,
2421 5631 2594 5704 neque
2620 5648 2716 5701 pro
2751 5631 3015 5704 parvitate
3058 5643 3151 5704 sua
3185 5642 3336 5704 mare
3378 5633 3556 5694 potest

1962 5719 2318 5766 commutare.
2354 5699 2540 5764 Paton.
2574 5699 2730 5761 Fulv.
2751 5699 2944 5760 Ursin.
2978 5700 3103 5772 legit
3134 5701 3186 5754 in
3215 5699 3478 5826 imgtenso.

3323 5785 3478 5826 RELL.

3323 5785 3478 5826 RELL.

2040 5877 2253 5934 Nullius
2279 5874 2671 5932 existimandum
2702 5881 2775 5928 est
2792 5868 3050 5927 mominis.
3083 5866 3160 5925 ita
3185 5875 3240 5926 et
3262 5865 3349 5924 hic
3380 5865 3560 5939 legen-

1960 5949 2086 6005 dtnn
2117 5965 2211 6019 pro
2236 5949 2469 6004 nominis.
2505 5947 2746 6001 Henna.
2787 5958 2799 5995 ε
