3970 6312
436 331 557 388 891

1629 344 1909 409 ABNOBII
1946 347 2314 409 ADVERSUS
2351 350 2623 409 GENTES

454 450 644 518 crede,
677 454 768 524 qui
794 469 855 527 se
883 470 1006 513 esse
1040 457 1189 517 solos
1213 460 1642 530 sapientissimos
1671 471 1973 530 autumant,
2000 472 2056 524 et
2085 473 2135 531 Α
2164 483 2284 523 nam
2315 471 2577 527 transiliat
2600 471 2895 539 notionem,
2919 474 3140 545 etquod
3166 474 3235 529 sit
3265 475 3422 531 caecis
3443 475 3746 532 obscurita-

456 549 510 613 vi
541 548 700 621 [prius
747 550 982 611 nominis
1022 554 1374 623 supercilium
1417 557 1755 615 sustulerunt
1796 577 1809 614 :
1857 574 2053 631 nempe

458 642 555 706 illi.
586 643 675 714 qui
704 658 829 705 cum
873 645 988 702 suis
1014 646 1255 717 quntidie
1283 649 1670 719 cupiditatibus
1712 662 1969 723 pugnant,
1999 663 2051 710 et

453 735 681 796 stipatus
714 752 783 797 ex
809 737 1004 795 animis
1034 740 1223 797 insitos
1257 743 1599 812 proturbare,
1630 745 1853 814 pellere,
1888 748 2023 816 perii

456 830 576 889 nael
596 839 622 868 ⁸
648 830 942 889 moliuntur
956 833 1613 904 obluctationevirtutum,
1643 840 1732 909 qui
1760 854 1828 895 ue
1849 824 1901 895 in
1927 841 2057 896 vitia

461 922 713 995 proritat‘i
759 924 1029 984 litcttltatis
1057 929 1264 997 possint
1302 929 1530 1000 alicujus
1573 931 1851 995 instinctu,
1888 935 2054 1003 patri-

460 1016 640 1077 monia
665 1026 719 1077 et
745 1018 960 1089 divitias
988 1020 1218 1091 fugiunt,
1250 1031 1307 1078 ut
1329 1039 1520 1080 causas
1541 1025 1642 1079 sibi
1670 1025 1912 1082 auferant
1945 1029 2060 1099 iap-

458 1121 555 1169 sus
588 1129 603 1167 ι
631 1113 775 1184 quod
795 1128 919 1171 cum
943 1113 1145 1173 faciunt
1167 1126 1221 1171 et
1246 1126 1458 1185 curant,
1483 1121 1827 1188 apertissime
1847 1122 2055 1186 animas

456 1220 581 1263 esse
605 1206 845 1269 iudicant
870 1208 1077 1274 labiles,
1106 1218 1159 1265 et
1182 1210 1495 1267 inﬁrmitate
1522 1212 1591 1267 ad
1618 1214 1739 1268 vitia
1769 1216 2054 1285 proclives.

455 1299 652 1361 Nostra
676 1310 854 1357 autem
886 1303 1169 1371 sententia,
1207 1304 1347 1375 quod
1382 1304 1581 1360 bonum
1611 1316 1799 1361 natura
1832 1315 1934 1375 est,
1960 1325 2057 1365 ne-

457 1404 564 1466 due
585 1396 884 1465 emendari,
904 1411 1081 1468 neque
1119 1399 1317 1468 corripi
1345 1410 1404 1455 se
1432 1402 1605 1470 poscit
1637 1418 1651 1457 :
1686 1404 1850 1457 immo
1882 1404 2056 1473 ipsum

454 1489 625 1547 debet
660 1489 789 1560 quid
818 1491 889 1547 sit
930 1493 1129 1549 malum
1161 1494 1394 1563 nescire,
1427 1496 1470 1551 si
1499 1498 1714 1567 generis
1756 1497 1925 1554 forma
1957 1515 2055 1555 cu-

451 1584 651 1657 jusque
695 1586 750 1642 in
799 1601 897 1642 sua
942 1587 1143 1659 cogitat
1170 1590 1479 1662 integritate
1530 1602 1774 1662 perstare
1821 1610 1834 1649 :
1882 1611 2058 1666 neque

456 1679 603 1735 enim
631 1680 960 1736 contrarium
989 1680 1209 1738 insitum
1240 1698 1365 1739 esse
1386 1686 1661 1741 centrario
1691 1696 1870 1757 potest
1889 1687 1939 1755 ι),
1963 1697 2057 1745 aut

462 1771 518 1828 in
548 1772 740 1844 impari
772 1775 994 1845 paritas,
1026 1781 1120 1830 aut
1143 1775 1377 1833 dulcedo
1402 1777 1456 1834 in
1487 1780 1850 1838 amaritudine
1876 1783 2053 1838 eonti.

2163 562 2303 617 tibus
2336 564 2681 621 involutum?
2707 566 2762 622 Si
2811 568 3028 638 penitus
3067 579 3341 639 spectetur
3384 571 3461 625 rei
3488 572 3754 640 cujusque

2161 662 2374 718 natura,
2408 657 2461 712 in
2489 657 2650 712 simili
2682 673 2779 713 vos
2800 660 2954 724 estis,
2986 675 3146 731 quam
3189 662 3241 716 in
3276 662 3431 717 nobis
3460 662 3756 732 reprehen-

2160 744 2287 803 ditis
2307 789 2321 814 ,
2355 764 2535 805 causa.
2567 748 2683 805 Non
2727 751 2903 818 enim,
2935 753 3057 823 quia
3085 753 3259 807 dicitis
3286 753 3356 807 ab
3396 754 3512 824 ipso
3540 755 3755 811 animas

2161 858 2288 913 rege
2316 842 2670 911 descendere,
2714 860 2778 901 ac
2806 845 3104 902 succedere
3133 846 3187 901 in
3219 845 3496 902 hominum
3528 847 3756 913 formas,

2159 934 2496 1005 exploratum
2525 935 2732 1007 aliquid
2754 936 2952 1003 dicitis,
2986 946 3040 993 et
3081 939 3135 993 in
3167 938 3285 994 luce
3317 940 3545 1008 positum
3579 941 3756 996 mani-

2161 1028 2433 1084 lestisimce
2462 1030 2724 1086 veritatis.
2748 1029 3027 1099 Conjicitis
3047 1031 3214 1097 enim,
3236 1048 3339 1086 non
3363 1032 3512 1087 scitis
3536 1048 3551 1085 :
3575 1034 3757 1104 suspi-

2159 1121 2378 1188 camini,
2428 1137 2536 1177 non
2584 1123 2799 1178 tenetis.
2843 1122 2976 1177 Nam
3026 1124 3069 1178 si
3116 1123 3257 1178 scire
3305 1132 3387 1179 est
3428 1124 3585 1188 illud,
3618 1126 3758 1195 quod

2160 1216 2274 1283 ipse
2307 1226 2360 1270 tu
2391 1216 2613 1282 videris,
2648 1228 2736 1271 aut
2767 1216 3092 1286 cognoveris
3120 1215 3304 1277 animo
3330 1217 3644 1282 continere,
3674 1217 3758 1272 ni-

2161 1307 2236 1363 hil
2287 1324 2473 1365 eorum
2528 1325 2648 1379 qua}
2699 1311 2963 1375 asseritis,
3016 1311 3245 1380 potestis
3293 1325 3391 1366 vos
3433 1310 3625 1367 dicere
3665 1312 3760 1367 ali-

2157 1403 2375 1473 quando
2400 1404 2597 1459 vidisse
2629 1422 2641 1457 :
2678 1403 2730 1460 id
2755 1412 2836 1459 est
2865 1406 3073 1459 animas
3106 1405 3235 1461 Sede
3259 1404 3327 1460 ab
3354 1420 3551 1474 supera
3584 1417 3641 1462 et
3670 1424 3760 1463 re-

2157 1498 2319 1567 gione
2370 1496 2726 1553 descendere.
2782 1495 3104 1568 Suspicione
3149 1513 3279 1568 ergo
3330 1499 3544 1554 utimini
3575 1538 3592 1563 .
3655 1516 3757 1555 non

2156 1593 2482 1663 cognitionis
2513 1608 2788 1664 expressas
2815 1594 2937 1649 tide.
2969 1593 3109 1661 Quid
3153 1604 3238 1649 est
3274 1600 3452 1649 autem
3495 1597 3755 1664 suspicio,

2157 1685 2261 1741 nisi
2287 1687 2529 1757 opinatio
2558 1692 2742 1743 rerum
2772 1688 2997 1750 incerta.
3025 1698 3081 1744 et
3106 1689 3159 1745 in
3184 1688 3258 1743 nil
3276 1691 3586 1759 expositum
3609 1689 3759 1759 jacu-

2156 1778 2286 1834 latio
2323 1780 2521 1834 mentis
2556 1779 2745 1835 illata?
2773 1780 2915 1851 Ergo
2943 1781 3030 1851 qui
3059 1781 3390 1852 suspicatur,
3425 1795 3537 1836 non
3591 1791 3758 1847 tenet,

457 1868 593 1925 neri.
620 1868 721 1938 Qui
748 1865 879 1942 ergo
905 1872 1141 1929 luctatur
1162 1874 1465 1930 animorum
1491 1875 1760 1947 ingenitas
1781 1879 2050 1950 corrigere

2161 1886 2261 1929 nec
2290 1874 2343 1928 in
2396 1873 2602 1930 lumine
2628 1875 2836 1945 positus
2879 1875 3202 1946 cognititinis
3237 1875 3464 1932 incedit.
3512 1874 3672 1943 Quod
3716 1875 3760 1930 si

454 1964 779 2034 pravitates,
812 1966 859 2021 is
900 1967 1242 2038 apertissime
1272 1979 1539 2026 monstrat
1588 1972 1961 2043 imperfectum
1992 1986 2051 2033 se

453 2071 579 2121 esse
607 2075 623 2115 :
653 2054 899 2129 quamvis
930 2064 1077 2118 omni
1110 2074 1306 2120 conatu
1336 2073 1391 2121 et
1411 2067 1713 2138 pervicacia
1741 2070 2048 2127 contendat.

525 2147 614 2207 LI.
648 2151 752 2209 Sed
781 2155 914 2209 risui
946 2155 1101 2209 vobis
1129 2165 1214 2212 est
1240 2169 1424 2213 nostra
1447 2160 1732 2229 responsio
1758 2160 1899 2230 quod
1928 2174 2049 2216 cum

451 2243 631 2317 regias
672 2247 893 2305 soboles
921 2262 1045 2305 esse
1072 2248 1281 2307 animas
1318 2252 1676 2322 abnegemus,
1713 2268 1817 2309 non
1849 2255 2051 2311 relera-

451 2350 574 2391 mus
614 2348 826 2409 contra,-
859 2344 924 2395 es
958 2340 1152 2410 quibus
1182 2346 1288 2398 sint
1322 2345 1501 2399 causis
1544 2355 1707 2415 atque
1751 2347 2051 2418 originibus

451 2434 770 2502 procredtae.
798 2433 950 2502 Quod
973 2436 1058 2490 est
1079 2435 1221 2491 enim
1245 2436 1486 2492 criminis
1505 2452 1697 2509 genus,
1725 2450 1813 2493 aut
1834 2440 1909 2495 rei
1931 2454 2053 2505 esse

449 2522 679 2594 alicujus
711 2525 979 2595 ignarum,
1013 2537 1105 2582 aut
1135 2529 1330 2598 ipsum,
1366 2530 1509 2599 quod
1541 2530 1774 2595 nescias,
1802 2532 1920 2586 sine
1948 2532 2050 2586 ali—

452 2630 558 2686 qua
587 2617 825 2687 profiteri
860 2617 1290 2677 dissimulatione
1329 2622 1577 2677 nescire?
1603 2630 1695 2676 aut
1724 2628 1842 2678 liter
1879 2620 2049 2694 magis

450 2708 669 2765 videtur
717 2711 970 2797 irrisione
1022 2727 1144 2768 esse
1197 2713 1546 2785 dignissimus
1591 2715 1763 2779 vobis.
1806 2714 1897 2787 qui
1945 2716 2048 2771 sibi

449 2805 731 2859 scientiam
760 2807 961 2861 nullam
1000 2808 1305 2864 tenebrosae
1336 2809 1412 2863 rei
1443 2807 1669 2878 alicujus
1695 2804 1942 2877 assumit,
1976 2827 2042 2864 an

449 2895 540 2952 ille
570 2898 660 2969 qui
702 2908 850 2954 retur
877 2914 996 2955 sese
1026 2901 1366 2971 apertissime
1403 2900 1541 2957 scire
1571 2901 1641 2967 id,
1678 2901 1819 2973 quod
1860 2901 2049 2959 liluuar‘

2159 1983 2348 2024 verum
2396 1978 2451 2023 et
2496 1967 2659 2023 fixum
2709 1977 2795 2023 est
2840 1967 2980 2038 apud
3026 1977 3205 2026 rectos
3246 1979 3302 2024 et
3330 1970 3763 2041 sapientissimos

2156 2062 2366 2134 iudices
2401 2080 2414 2117 :
2444 2071 2500 2119 et
2530 2064 2629 2118 ista
2666 2070 2866 2129 vestra,
2908 2078 3012 2135 qua
3043 2063 3227 2132 iiditis,
3275 2078 3372 2135 pro
3416 2063 3762 2135 ignoratione

2159 2166 2243 2214 est
2273 2157 2516 2213 habenda
2549 2157 2806 2226 suspicio.

2231 2248 2342 2305 LII.
2393 2250 2473 2306 Ac
2502 2264 2570 2304 ne
2640 2258 2819 2303 tamen
2847 2248 3003 2303 vobis
3049 2248 3419 2303 tantummodo
3484 2249 3757 2304 censeatis

2158 2342 2483 2411 conjecturis
2508 2343 2583 2397 uti
2630 2356 2694 2396 ac
2747 2340 3147 2410 suspieionibu‘s
3172 2340 3359 2406 licere,
3391 2349 3446 2395 et
3496 2356 3599 2395 nos
3621 2342 3761 2398 idem

2156 2440 2445 2506 possumus
2465 2449 2480 2488 :
2500 2434 2753 2505 quoniam
2775 2447 3066 2488 commune
3090 2441 3195 2499 est,
3226 2432 3370 2503 quod
3392 2432 3764 2504 interrogatis

2155 2541 2499 2596 expromere.
2530 2525 2700 2588 Unde,
2732 2525 2974 2594 inquitis,
3006 2523 3277 2589 homines,
3307 2533 3362 2577 et
3394 2527 3638 2594 ipsorum
3662 2525 3761 2579 bo-

2155 2602 2363 2677 iitinum
2395 2616 2541 2690 quid,
2576 2628 2668 2673 aut
2700 2616 2841 2673 unde
2864 2626 2989 2672 sunt
3028 2616 3250 2671 animus?
3291 2616 3448 2672 Unde
3488 2627 3620 2671 sunt
3649 2618 3760 2674 ele-

2153 2716 2362 2786 phanti,
2435 2713 2593 2781 tauri,
2660 2711 2832 2777 cervi,
2905 2711 3055 2779 muli,
3109 2710 3271 2779 asini,
3330 2709 3487 2765 Unde
3541 2712 3753 2774 leones,

2152 2808 2296 2879 equi,
2347 2822 2528 2873 canes,
2589 2806 2720 2874 lupi,
2781 2804 3076 2874 pantherae,
3128 2818 3429 2873 eorumque
3484 2812 3607 2873 truta
3672 2798 3757 2857 vi-

2151 2908 2300 2969 sunt,
2345 2899 2470 2972 quid
2503 2907 2593 2954 aut
2627 2896 2770 2953 unde
2799 2906 2923 2952 sunt
2953 2895 3376 2967 animas?neque
3406 2895 3552 2951 enim
3601 2895 3759 2950 [idem

1701 3054 2082 3123 LECTIONES
2114 3050 2534 3122 vsnlaNTEs’.

513 3193 542 3229 ‘
574 3194 907 3251 Pertinaciuni
927 3212 1020 3251 ms.

2076 3203 2121 3265 (ζ
2216 3201 2246 3242 b
2280 3201 2423 3254 Potls
2445 3206 2523 3253 est
2545 3213 2636 3255 ms.

1830 3355 2395 3414 COMMENTARIUS.

520 3493 583 3550 L.
612 3524 683 3537 -—
726 3495 793 3551 Et
849 3496 898 3550 vi
942 3496 1097 3567 hujus
1147 3495 1752 3567 nominisisnpereilinm
1817 3494 2042 3550 sustule-

447 3578 585 3622 runt.
616 3568 690 3624 Ita
720 3568 985 3624 ileraldus
1005 3566 1057 3622 et
1080 3568 1144 3623 ed
1176 3568 1346 3637 Lugd.
1382 3566 1497 3621 Bal.
1530 3582 1629 3638 pro
1658 3584 1670 3619 :
1705 3567 1756 3621 in
1779 3567 1933 3631 huius
1961 3583 2044 3620 no-

448 3641 624 3706 minis,
681 3642 786 3695 etc.
837 3640 959 3696 Jan.
1000 3643 1207 3706 Dousa,
1260 3638 1325 3693 ad
1369 3639 1603 3701 Catull.,
1650 3654 1819 3694 carm.
1858 3652 2039 3701 vau,

449 3714 590 3765 vers.
635 3713 739 3779 45,
792 3728 845 3783 p.
877 3712 1002 3777 549,
1062 3711 1148 3766 ed.
1196 3711 1409 3773 Graux,
1457 3711 1787 3783 suspicatur,
1837 3707 2038 3783 aliquid

448 3783 720 3839 excidisse
748 3780 865 3846 posit
921 3783 1140 3838 verbum
1197 3784 1435 3836 nominis.
1470 3782 1767 3845 Meursius,
1806 3797 1924 3850 pag.
1975 3780 2042 3836 τά

447 3855 682 3922 supplet.
715 3855 776 3909 Et
798 3858 848 3909 in
874 3856 1025 3926 hujus
1052 3857 1272 3909 neminis
1292 3853 1539 3922 felicitate
1563 3854 1894 3924 supercilium
1924 3869 2040 3907 sus-

449 3926 691 3980 tulerunt.
725 3926 829 3984 Sed
861 3928 1037 3982 omnia
1071 3929 1224 3997 plana
1249 3935 1433 3991 erunt,
1469 3928 1511 3980 si
1546 3926 1827 3994 legamus:
1856 3927 1901 3979 vi

449 3998 688 4052 nominis.
723 4000 925 4055 UBELL.

526 4067 856 4135 Proturbare,
886 4070 1089 4140 pellere.
1125 4070 1456 4125 Proturbare.
1481 4110 1495 4134 ,
1520 4066 1684 4140 id'est
1719 4066 1954 4140 dejicere
1978 4066 2045 4123 de

447 4141 531 4195 vel
560 4156 626 4196 ex
658 4142 777 4198 loco
797 4182 809 4205 .
834 4138 1126 4211 erpellere.
1164 4141 1282 4195 Viti.
1308 4139 1655 4209 Oudendorp.
1678 4181 1692 4205 ,
1720 4138 1771 4194 iu
1795 4140 2006 4209 Apulei.
2026 4178 2042 4205 ,

447 4211 569 4268 Mel.
598 4213 686 4268 lib.
712 4231 766 4269 ix
792 4257 807 4277 ,
843 4231 894 4281 p.
926 4213 1051 4269 668.
1084 4214 1288 4269 OBELL.

523 4283 590 4338 Ut
619 4303 799 4340 causas
829 4287 926 4340 sibi
971 4285 1212 4355 auferant
1254 4287 1454 4357 lapsus.
1504 4284 1577 4338 ita
1608 4299 1709 4337 ms.
1742 4282 1883 4357 quod
1932 4282 2044 4348 alii,

448 4347 783 4422 ignorantes,
811 4347 1105 4427 antiquitus
1137 4356 1296 4411 scribi
1315 4347 1624 4409 'eonsuesse
1649 4347 1835 4426 aferre.
1863 4347 2045 4427 afore,

448 4440 547 4497 pro
573 4429 794 4495 auferre,
826 4425 1022 4497 abiere,
1049 4437 1100 4481 ct
1123 4444 1244 4481 cum
1273 4427 1594 4496 praecedenti
1626 4425 1689 4481 ne
1714 4430 1763 4478 in
1785 4425 1905 4479 vitia
1930 4442 2050 4492 pro-

447 4496 597 4571 rit_ari
624 4499 838 4571 possint,
871 4508 975 4571 etc.
1001 4500 1314 4571 juugcutes,
1358 4508 1629 4554 mutarunt
1655 4508 1699 4551 et
1728 4514 1910 4551 causas
1953 4497 2049 4551 sibi

446 4564 664 4640 a/I'erant
696 4568 887 4640 lapsus.
921 4564 1104 4626 STEW.

484 4602 664 4641 Ηιριηιιι
696 4602 887 4640 ευμᾱιιῡ-
922 4602 1104 4626 ora“.
1198 4642 1201 4647 _
1232 4642 1233 4647 η
1468 4630 1473 4635 ,
1719 4640 1731 4652 .
2077 4602 2131 4662 D

521 4636 698 4713 Neque
748 4642 1027 4707 entendari,
1078 4659 1237 4709 neque
1289 4641 1772 4713 corrigiseposcu.
1822 4638 1903 4713 Ita
1956 4639 2043 4713 ed.

447 4707 623 4781 Lugd.
653 4709 769 4764 But.
793 4755 806 4778 ,
842 4728 990 4767 more.
1024 4707 1267 4779 Arualdi,
1300 4707 1448 4780 plura
1483 4707 1855 4781 hujusceumdi
1886 4710 2051 4764 verba

448 4779 588 4854 idem
611 4781 962 4854 significantia
993 4785 1384 4854 conjungentis,
1417 4799 1519 4838 ms.
1543 4779 1756 4847 corripi,
1787 4781 1928 4850 quod
1956 4783 2050 4836 de-

447 4850 617 4907 fendit
659 4850 942 4920 Heraldus,
1000 4850 1291 4911 observans
1344 4857 1601 4924 corripere
1652 4866 1748 4924 pro
1797 4854 2051 4923 corrigere

448 4924 691 4997 usurpari
720 4925 860 4997 apud
904 4926 1045 4981 illius
1091 4929 1190 4982 aevi
1235 4928 1546 4997 scriptorcs,
1597 4923 1694 4981 sed
1745 4928 2047 4994 exetnplum

446 4995 650 5050 nullum
684 4996 937 5053 aiI'erens.
979 4998 1181 5053 UnELL.’

520 5087 582 5145 Si
626 5090 826 5165 generis
856 5095 1025 5165 forma
1054 5092 1299 5165 cujusque
1339 5093 1399 5165 in
1423 5100 1518 5144 sua
1549 5089 1738 5160 cogitat
1765 5086 2052 5165 integritate

448 5160 693 5235 perstare.
718 5160 943 5235 Cogitat,
979 5160 1121 5235 idem
1151 5161 1292 5235 quod
1314 5162 1447 5235 vult,
1479 5174 1600 5214 nam
1631 5163 1847 5235 generis
1877 5160 2048 5235 forma

448 5231 854 5304 intelligentiam
881 5240 986 5290 non
1015 5231 1195 5290 habet.
1230 5233 1306 5289 Ita
1337 5234 1561 5304 cogitare
1601 5233 1774 5304 etiam
1797 5232 1863 5304 de
1890 5234 2051 5287 rebus

448 5300 796 5431 iutfgizgemia
816 5307 1062 5380 privatis,
1090 5306 1236 5360 verbi
1261 5300 1421 5362 causa
1443 5305 1584 5375 apud
1613 5300 1800 5373 Virgil.
1826 5303 2058 5377 Georg,

448 5390 484 5431 ι.
666 5395 680 5431 :

448 5390 484 5442 ι,
520 5390 631 5431 402
666 5395 680 5433 :

700 5551 722 5578 ,Α
787 5550 798 5578 .
870 5552 882 5564 .
953 5553 963 5565 .
1033 5514 1364 5578 Quidcogitct
1382 5512 1612 5565 humidus
1637 5518 1834 5570 auster,

640 5574 725 5625 Sol
752 5577 836 5627 tibi
857 5579 997 5642 signa
1021 5574 1174 5630 dabit.

1660 5636 1866 5695 Οιιιῑιι..

527 5778 628 5845 Qui
656 5782 779 5857 ergo
812 5786 1035 5841 luctatur
1062 5788 1347 5841 animorum
1370 5784 1625 5856 ingenitas
1652 5783 1902 5853 corrigere
1928 5798 2050 5851 pra—

448 5859 653 5926 uiltties,
702 5857 745 5906 is
793 5860 1109 5924 apertissime
1157 5869 1402 5913 monstrat
1447 5859 1802 5926 imperfectum
1828 5870 1879 5907 se
1922 5866 2048 5926 ᾂξδεν

450 5923 681 5996 quanivis
707 5922 845 5982 omni
874 5941 1059 5983 conatu
1081 5939 1127 5984 et
1157 5931 1439 6002 pervicacia
1466 5922 1758 5985 contendat.
1784 5923 1859 5981 Ita
1883 5922 2054 5981 edito-

2153 3509 2238 3548 res
2286 3508 2496 3555 omues,
2557 3500 2785 3563 excepto
2830 3490 3345 3561 Lugdune-Batavo.
3383 3492 3490 3549 Pro
3518 3492 3761 3563 imperfe-

2151 3574 2310 3629 ctum,
2363 3564 2485 3620 cod.
2538 3579 2639 3634 ms.
2698 3563 3296 3634 liabetimprobabilcm,
3346 3564 3491 3629 quod
3544 3567 3761 3619 minime

2154 3628 2470 3690 mutandum
2499 3628 2664 3691 fuisse
2694 3636 2829 3691 bene
2857 3628 3191 3689 demonstrat
3217 3633 3586 3690 Stewccbius.
3631 3635 3761 3689 Tra-

2152 3718 2295 3779 ctum
2324 3704 2442 3779 soil.
2477 3723 2670 3762 nomen
2692 3724 2717 3779 a
2740 3707 3117 3779 probattiribus
3146 3722 3369 3779 operum
3396 3702 3756 3779 publicorum,

2154 3778 2220 3835 de
2244 3778 2435 3847 quibus
2464 3777 2836 3848 inscriptiones
2860 3787 3071 3833 veteres
3092 3785 3145 3831 el
3171 3777 3757 3848 scriptarRomauorum

2154 3846 2352 3906 tuillics
2385 3846 2701 3923 meminere.
2730 3849 2863 3923 Yid.
2884 3849 3006 3923 Jan.
3038 3846 3314 3923 Guilielm.
3345 3846 3686 3923 Yerosimil.,
3717 3851 3755 3923 i.

2152 3940 2208 3981 ll.
2241 3939 2289 3978 c.
2317 3923 2381 3988 8;
2417 3920 2691 3977 Francisc.
2728 3922 2935 3979 Modius
2960 3920 3270 3988 Novantiq.,
3296 3916 3457 3990 epiSI.
3488 3922 3591 3985 39;
3629 3916 3755 3976 Liui.

2153 3994 2361 4061 Carrio,
2393 3995 2485 4049 lib.
2517 4011 2574 4054 il,
2608 3993 2894 4058 Emendd.,
2921 4008 3039 4063 cap.
3067 3991 3117 4047 5.
3147 3992 3217 4047 At
3243 3992 3319 4047 sic
3342 4009 3560 4065 quoque
3586 3995 3755 4065 oratio

2154 4069 2339 4133 manca
2356 4077 2436 4121 est
2454 4074 2505 4121 et
2517 4065 2715 4134 biulca,
2734 4081 2855 4120 nam
2870 4080 3097 4135 sequens
3110 4064 3377 4118 contendat
3395 4080 3503 4119 non
3526 4065 3683 4120 liabet
3696 4063 3760 4118 ad

2195 4136 2296 4193 uod
2330 4136 2610 4193 referatur.
2642 4139 2819 4209 Quare
2849 4137 3026 4209 editor
3056 4135 3235 4209 Lugd.
3265 4135 3381 4209 Bal.
3414 4136 3640 4206 vestigia
3670 4151 3758 4209 co-

2195 4156 2296 4193 lIOG
2330 4156 2610 4193 reteratur.
2642 4156 2819 4209 uitare
2849 4156 3026 4193 eﬂllill‘
3056 4156 3128 4191 LII
3169 4156 3224 4189 (I.
3265 4156 3381 4190 Diu.
3414 4156 3640 4206 vesugta
3670 4156 3758 4189 (10·

2155 4156 2291 4265 iiieis
2337 4226 2437 4264 ms.
2493 4218 2710 4263 secutus
2765 4210 2940 4263 locum
2989 4206 3060 4279 ita
3115 4156 3301 4279 dgedit:
3335 4205 3389 4261 Is
3444 4208 3762 4274 apertissime

2154 4291 2404 4336 ntonstrat
2426 4283 2800 4349 imperfectum,
2825 4278 3137 4351 probabilem
3161 4296 3214 4334 se
3235 4295 3341 4333 esse
3356 4279 3601 4351 quamvis
3628 4279 3760 4332 omni

2156 4365 2345 4434 conatu
2369 4350 3039 4434 et_pewicacia_contendat.
3063 4351 3324 4434 Equidem
3354 4350 3647 4434 legendum
3669 4365 3758 4404 su-

2156 4427 2336 4496 SpiCor
2367 4442 2380 4479 :
2415 4422 2473 4478 Iis
2504 4425 2820 4492 apertissime
2846 4432 3094 4496 monstrat
3123 4422 3510 4496 improbabilent
3558 4439 3612 4476 se
3638 4437 3755 4496 esse,

2155 4492 2385 4568 quamvis
2400 4496 2541 4568 omni
2560 4505 2754 4568 conatu
2769 4504 2813 4550 et
2828 4494 3118 4568 pervicacia
3135 4492 3404 4568 contendat
3422 4494 3754 4568 contrarium,

2156 4562 2296 4637 quod
2333 4566 2412 4622 vel
2447 4568 2647 4623 excidit
2676 4562 2759 4622 vel
2789 4562 3104 4635 absnrptum
3133 4582 3160 4618 a
3195 4564 3521 4633 pra-cedenti
3556 4576 3758 4618 conten-

2155 4636 2262 4695 dat.
2297 4641 2396 4695 Pro
2424 4640 2710 4694 animorum
2757 4636 3021 4692 Meursius
3061 4637 3264 4692 mavult
3291 4638 3611 4704 animarum,
3640 4648 3754 4691 cum

2152 4708 2268 4766 llaec
2298 4713 2370 4766 sit
2402 4718 2659 4766 constans
2687 4709 2909 4764 Arnobii
2942 4707 3230 4778 scriptura.
3264 4704 3470 4765 OnsLL.

2229 4804 2311 4858 LI.
2343 4836 2412 4844 —
2435 4803 2461 4857 Ι
2470 4822 2501 4857 ιι
2531 4804 2604 4857 nil
2630 4803 2917 4871 expositum
2945 4801 3199 4873 jaculatio
3247 4802 3431 4857 mentis
3460 4801 3633 4855 illata.
3670 4799 3757 4855 Nil

2152 4878 2440 4946 expositum
2488 4876 2609 4931 scil.
2655 4874 2978 4942 cogitatione
3000 4916 3013 4939 ,
3061 4873 3112 4927 id
3145 4881 3235 4946 est
3255 4888 3343 4928 res
3378 4874 3566 4940 nihili,
3601 4887 3754 4944 quam

2154 4943 2309 5004 vobis
2338 4957 2513 5002 tamen
2547 4947 2816 5017 cogitatis,
2864 4943 3269 5017 repraaseuialis
3321 4952 3595 5013 tamquam
3636 4958 3758 5017 vere

2154 5024 2495 5079 existentem.
2522 5019 2602 5074 ein
2620 5012 3143 5083 ‘Non-ens,'elivas.
3200 5016 3293 5070 das
3348 5017 3484 5069 nichl
3530 5012 3755 5070 wirkliclt

2154 5093 2371 5153 existit-1,
2399 5090 2496 5144 das
2518 5090 2625 5144 blos
2653 5088 2802 5143 [daal
2832 5089 2913 5143 ist.
2946 5086 3148 5143 Similis
3178 5087 3532 5157 proverbialis
3566 5088 3755 5140 locutio

2153 5162 2293 5234 apud
2342 5162 2643 5219 Germanos
2701 5180 2714 5217 :
2763 5176 2920 5232 gegen
2964 5160 3110 5214 einen
3164 5159 3489 5286 δινοΙιιιιαιιῧ
3538 5159 3748 5229 fechtcn.

3492 5247 3653 5286 neua.

3492 5247 3653 5287 ιιειι..

2227 5326 2295 5380 Id
2322 5336 2395 5381 est
2424 5326 2624 5381 animos
2645 5324 2760 5379 sede
2786 5324 2846 5378 ab
2894 5340 3079 5395 supera
3108 5334 3157 5378 et
3187 5323 3392 5395 regione
3434 5324 3749 5378 descendere.

2154 5396 2323 5455 Valde
2351 5398 2511 5454 velim
2536 5395 2697 5452 verba
2721 5395 2835 5452 haec
2857 5392 3076 5463 ejicere,
3104 5407 3159 5450 ut
3188 5392 3480 5466 glossema,
3513 5396 3617 5450 nisi
3639 5410 3753 5465 pro—

2155 5480 2418 5542 pugnaret
2467 5470 2639 5542 Stylus
2688 5468 3058 5525 Arnobianum
3107 5466 3295 5524 nescio
3325 5466 3455 5593 qlhliid
3486 5466 3748 5522 redoleas.

3418 5554 3581 5595 suns.

2227 5633 2337 5703 LII.
2372 5664 2442 5676 ——
2480 5632 2770 5703 Eorumque
2809 5647 2923 5700 qua:
2965 5631 3135 5703 vivunt
3180 5631 3305 5703 quid
3348 5640 3435 5685 aut
3476 5632 3613 5685 unde
3647 5638 3753 5685 sunt

2154 5694 2383 5761 adiutae?
2441 5706 2515 5761 lla
2572 5694 2726 5760 Fulv.
2787 5694 3033 5760 Ursinus.
3090 5694 3225 5758 Cod.
3265 5718 3366 5758 ms.
3417 5704 3507 5773 qui
3555 5704 3749 5767 vivunt,

2154 5780 2294 5844 quod
2342 5789 2487 5834 stare
2534 5793 2639 5832 non
2673 5786 2883 5848 potest;
2934 5792 3059 5830 nam
3114 5775 3441 5848 pricccdunt
3478 5777 3750 5844 panthera.

2158 5848 2231 5904 Ea
2289 5866 2407 5921 qua:
2469 5846 2687 5905 vivum
2718 5858 2843 5904 sunt
2896 5848 3075 5920 itaque
3133 5846 3383 5904 animalia
3413 5847 3490 5975 6n
3540 5860 3750 5916 genere.

3462 5933 3620 5974 ιιειι..

3462 5933 3620 5974 ΜΞΝ...

2506 6036 2523 6061 \
