3970 6312
254 294 354 354 915

1568 297 1773 354 LIBER
1808 252 2190 358 SECUNDUS.

3429 308 3539 367 9η

318 410 498 468 LXVI.
539 410 690 468 Licet
734 426 863 484 ergo
912 421 968 468 tu
1010 427 1197 484 purus,
1244 422 1300 470 et
1349 414 1418 470 ab
1466 415 1613 470 omni
1666 413 1835 470 fueris
1861 422 1993 484 Aet
2046 417 2365 474 lautioribus
2417 421 2758 477 successibus
2808 422 3083 491 institutis,
3133 438 3239 479 non
3290 426 3540 495 antiquas

252 506 490 562 vitiorum
521 506 977 562 contaminatione
1003 518 1280 578 purgatus.
1314 507 1689 564 conciliaveris
1717 509 1835 563 illas

251 608 404 668 atque
451 599 720 655 iullexeris
761 609 1070 669 potestates,
1116 601 1183 656 ad
1234 604 1428 658 cmlum
1475 603 1718 658 redeunti
1772 619 1839 660 ne

251 691 358 746 vias
382 691 601 746 cludant
626 702 784 762 atque
811 692 1094 763 obsepiant
1120 696 1425 758 transitum,
1463 697 1526 750 ad
1560 698 1839 751 immorta-

250 783 407 838 litatis
453 784 714 840 accedere
762 785 925 840 nullis
970 788 1171 855 poteris
1216 788 1654 844 contentionibus
1703 803 1839 858 prae-

249 876 427 943 mium,
456 876 576 945 nisi,
602 875 745 947 quod
775 877 942 945 ipsam
974 878 1428 933 immortalitatem
1452 880 1597 944 l'acit,
1620 878 1837 935 Christo

246 970 567 1028 attribuente
605 969 933 1039 perceperis,
962 980 1015 1025 et
1046 986 1227 1027 veram
1269 970 1436 1027 lueris
1464 972 1730 1027 admissus
1770 973 1837 1029 ad

247 1065 425 1119 vitam.
458 1062 594 1118 Nam
626 1064 767 1132 quod
796 1063 952 1119 nobis
980 1064 1254 1136 objectare
1280 1067 1607 1132 consuestis,
1649 1066 1839 1121 novel-

246 1159 345 1215 lam
388 1174 509 1215 esse
553 1159 868 1230 religionem
912 1172 1177 1228 nosuam,
1227 1171 1281 1217 et
1324 1172 1450 1217 ante
1492 1162 1612 1218 dies
1660 1172 1838 1216 natam

245 1249 627 1322 pronemodum
678 1264 899 1319 paucos,
932 1267 1107 1323 neque
1145 1269 1241 1309 vos
1285 1253 1525 1322 potuisse
1564 1255 1838 1318 antiquam

245 1352 294 1399 et
325 1342 551 1413 patriam
594 1343 862 1414 linquere,
909 1351 965 1398 et
1008 1344 1061 1399 in
1104 1344 1365 1401 barbaros
1413 1344 1550 1399 ritus
1594 1344 1839 1415 peregri-

244 1449 443 1504 uOSque
481 1434 712 1501 traduci,
756 1435 968 1493 ratione
998 1436 1140 1491 istud
1171 1436 1467 1491 intenditur
1493 1436 1659 1490 nulla.
1700 1435 1840 1502 Quid

243 1529 377 1584 enim
404 1529 450 1583 si
481 1526 583 1584 hoc
610 1528 771 1583 modo
795 1529 1007 1599 culpam
1038 1527 1266 1586 velimus
1295 1529 1539 1601 inﬂigere
1568 1529 1838 1599 prioribus

244 1620 341 1675 illis
368 1630 532 1691 atque
558 1621 950 1691 antiquissimis
987 1622 1225 1690 saeculis,
1271 1621 1413 1693 quod
1456 1621 1689 1677 inventis
1724 1620 1839 1676 fru-

240 1714 389 1786 gibus
417 1714 642 1784 glandes
680 1715 987 1784 spreverint
1024 1725 1081 1771 et
1121 1716 1521 1785 repudiaverim
1561 1714 1748 1771 arbuta
1773 1715 1836 1768 αἳ

243 1806 378 1877 quod
426 1805 717 1862 corticibus
768 1809 978 1879 contegi
1019 1818 1075 1865 et
1122 1810 1329 1865 amiciri
1375 1808 1637 1865 desierint
1686 1806 1840 1879 pelli-

241 1901 361 1963 bus,
398 1910 683 1970 postquam
728 1901 894 1956 vestis
931 1901 1228 1973 excogitata
1270 1912 1352 1957 est
1393 1888 1613 1968 textilis,
1646 1917 1742 1957 usu
1785 1912 1842 1959 et

1948 508 2312 565 adamaverint
2358 512 2586 582 casulas,
2637 530 2736 571 nec
2781 516 2882 571 sub
2928 516 3149 587 rupibus
3193 527 3248 574 et
3297 520 3546 575 cavernis

1950 604 2362 672 prmoptaverint
2408 614 2463 659 ut
2506 606 2701 662 bellum
2741 609 3095 677 permanere?
3130 607 3429 666 Commune
3459 619 3544 668 est

1945 696 2214 762 omnibus,
2240 706 2294 751 et
2314 699 2380 753 ab
2401 699 2529 768 ipsis
2557 716 2691 767 pene
2717 700 3057 757 incunabulis
3088 704 3365 771 traditum,
3389 705 3535 760 bona
3618 766 3623 773 ,

1947 789 2102 844 malis
2131 790 2420 858 anteferre,
2449 793 2727 849 inutilibus
2754 795 2901 848 utilia
2942 810 3275 866 prceponere,
3308 808 3360 852 et
3398 797 3544 867 quod

1945 896 2067 938 esse
2109 884 2414 940 constiterit
2455 888 2761 955 pretiosius,
2809 887 3005 955 laetius,
3046 889 3098 944 id
3137 892 3440 945 consectari
3486 901 3543 947 et

1944 987 2129 1046 petere
2153 994 2166 1029 :
2192 976 2245 1031 in
2270 993 2440 1049 eoque
2460 977 2695 1050 deﬁgere
2714 994 2865 1050 spem
2890 981 3101 1049 salutis,
3128 990 3185 1038 et
3211 982 3533 1040 salutarium

1890 1129 1897 1137 ,
1944 1072 2373 1127 commodorum.

2017 1163 2228 1223 LXVII.
2269 1165 2455 1237 Itaque
2500 1182 2624 1222 cum
2674 1168 2829 1224 nobis
2879 1168 3159 1224 intenditis
3203 1169 3547 1225 aversionem

1947 1272 2013 1313 ex
2041 1257 2300 1328 religione
2329 1260 2589 1330 priorum,
2612 1275 2830 1316 causam
2861 1263 3113 1317 convenit
3141 1272 3199 1316 ut
3226 1262 3549 1335 inspiciatis.

1956 1365 2064 1405 non
2110 1353 2346 1407 factum:
2382 1367 2480 1407 nec
2518 1353 2644 1424 quid
2686 1354 3084 1426 reliquerimus,
3129 1370 3422 1424 Opponere,
3450 1355 3548 1411 sed

1953 1443 2119 1497 secuti
2151 1443 2276 1511 quid
2306 1444 2497 1510 simus,
2525 1446 2859 1514 pmissimum
2891 1447 3155 1502 contueri.
3189 1447 3321 1502 Nam
3349 1448 3393 1503 si
3422 1464 3545 1503 mu-

1951 1542 2065 1589 tare
2096 1535 2414 1590 sententiam
2445 1538 2602 1606 culpa
2627 1546 2711 1592 est
2741 1538 2866 1603 ulla,
2897 1538 2979 1593 vel
3007 1538 3236 1603 crimen,
3268 1547 3323 1594 et
3343 1553 3373 1592 a
3402 1547 3553 1594 vete-

1950 1626 2101 1682 ribus
2133 1627 2391 1682 institutis
2420 1629 2471 1682 in
2508 1629 2643 1684 alias
2679 1642 2769 1685 res
2803 1644 2971 1684 novas
2999 1630 3415 1700 voluntatesque
3445 1631 3551 1686 mi-

1952 1734 2141 1789 grare;
2170 1719 2473 1775 criminatio
2496 1722 2593 1775 ista
2620 1731 2671 1775 et
2702 1736 2799 1776 vos
2822 1730 3049 1791 spectat,
3078 1723 3167 1792 qui
3193 1722 3353 1778 toties
3380 1722 3546 1778 vitam

1949 1811 2504 1881 consuetudinemque
2544 1813 2793 1869 mutastis
2823 1830 2836 1866 :
2867 1813 2959 1881 qui
2987 1814 3039 1867 in
3072 1828 3250 1869 mores
3278 1814 3436 1881 alios,
3468 1822 3550 1867 at-

1949 1917 2056 1972 que
2103 1902 2240 1958 alios
2292 1903 2428 1959 ritus
2478 1905 2715 1975 priorum
2761 1906 3209 1961 condemnatione
3256 1906 3548 1961 transisnis.

243 1968 624 2048 commoditate
654 1994 1019 2051 succinctior?
1041 1968 1134 2050 aut
1162 1996 1303 2068 quod
1326 1996 1545 2052 structis
1571 1994 1840 2062 domibus,
1871 1968 1920 2028 Β
1946 1968 2219 2067 Numquid
2260 1998 2404 2052 enim
2459 1968 2694 2069 quinque
2734 1998 2787 2054 in
2820 1998 3025 2055 classes
3057 1996 3266 2074 habetis
3291 1997 3546 2070 populum

1474 2110 1860 2171 LECTIONES
1897 2112 1985 2169 VA
1996 2110 2317 2172 BlANTES.

292 2237 319 2267 ⁸
354 2235 573 2290 Arbusta
597 2249 690 2288 ms.
712 2233 855 2287 male.

1662 2333 2233 2395 COMMENTARIUS.

305 2438 493 2497 LXVI.
550 2470 621 2484 --
668 2441 751 2497 Ad
800 2440 983 2497 caelum
1040 2456 1103 2495 ne
1155 2437 1388 2493 redeunti
1440 2437 1548 2491 vias
1600 2433 1831 2491 cludant.

237 2510 335 2575 Ne.
364 2513 509 2584 quod
539 2514 693 2569 deest
722 2515 776 2568 in
818 2512 938 2568 cod.
977 2525 1075 2584 ms.
1108 2508 1513 2584 elgeditiouibus
1544 2506 1831 2584 prioribus,

235 2578 395 2639 sensti
422 2583 698 2657 ﬂagitante
725 2584 995 2640 revocavit
1025 2581 1311 2657 Her-aldus.
1346 2579 1573 2635 Cludant
1608 2578 1830 2657 verbum

234 2653 520 2725 antiquum
538 2673 635 2724 pro
665 2657 939 2718 claudant,
986 2654 1125 2725 quod
1169 2654 1465 2723 legebatur,
1503 2670 1532 2706 e.
1562 2653 1684 2708 cod.
1720 2669 1820 2706 ms.

233 2724 463 2781 restiiuit
492 2728 596 2783 Th.
617 2726 1006 2783 Canterns.Sic
1038 2724 1196 2789 infra,
1232 2727 1324 2779 lib.
1352 2741 1444 2780 vu.
1479 2725 1597 2779 Non
1618 2727 1663 2778 si
1685 2725 1825 2780 mille

235 2805 286 2851 tu
331 2799 563 2868 pondera
616 2799 832 2855 masculi
878 2799 1042 2851 thuris
1084 2798 1348 2856 incendas.
1398 2798 1677 2865 caelnniqne
1728 2796 1825 2850 hoc

235 2877 386 2923 totum
420 2871 816 2926 redundantiam
847 2886 1090 2939 raporum
1118 2868 1448 2923 nebulosilale
1467 2868 1742 2931 cludatur;
1770 2877 1825 2922 et

234 2938 598 2996 Tertullianus
632 2960 644 2994 :
676 2938 959 3010 Apologet.
992 2955 1109 3006 cap.
1141 2941 1229 3002 ll,
1265 2941 1576 3009 preparavit,
1614 2941 1820 3009 opinor,

233 3013 483 3084 etcwlum
507 3014 661 3067 semel
683 3015 873 3069 clusit:
898 3012 983 3084 ubi
1016 3012 1101 3065 ed.
1128 3011 1506 3084 llavercanip.,
1543 3029 1661 3084 pag.
1693 3010 1819 3068 122.

232 3080 388 3139 Plura
417 3084 663 3147 exempla
694 3086 911 3154 collegit
931 3083 1211 3148 Meursius,
1238 3080 1442 3137 ORBLL.

304 3154 387 3209 Ne
406 3158 518 3209 uias
538 3157 767 3211 cludant.
800 3156 873 3209 Ita
907 3154 1188 3224 legendum
1214 3170 1279 3207 ex
1307 3169 1527 3208 romana
1561 3154 1820 3218 editione,

233 3240 335 3281 non
383 3227 654 3286 claudant.
700 3227 840 3294 quod
881 3225 1138 3282 Gelenius
1181 3225 1540 3293 interpolavit.
1603 3227 1821 3294 Antiqui

233 3299 368 3352 enim
402 3314 500 3367 pro
532 3298 773 3353 claudere
808 3299 1056 3353 dicebant
1092 3296 1316 3350 cludere.
1348 3296 1480 3351 Vide
1508 3297 1727 3364 Meurs.,
1757 3297 1823 3352 ad

232 3367 372 3424 hunc
403 3371 579 3424 locum
610 3370 872 3437 imprimis
895 3369 980 3424 1Ιιι.
1012 3367 1297 3429 Rhodium,
1323 3368 1627 3438 quinubetn
1642 3383 1825 3423 exem-

270 3440 443 3495 lorum
486 3443 617 3496 citat
647 3441 697 3495 in
747 3441 946 3495 Lexico
978 3440 1353 3496 Scriboniano.
1384 3440 1474 3493 Sic
1500 3439 1614 3507 ipse
1644 3438 1823 3493 Arno-

272 3512 351 3566 ius
384 3513 545 3577 intra,
574 3513 666 3565 lib.
701 3528 809 3566 vn:
845 3512 965 3565 Non
995 3512 1039 3565 si
1076 3509 1214 3563 mille
1254 3520 1305 3562 tu
1344 3510 1569 3579 pondera
1614 3511 1826 3565 masculi

234 3582 395 3637 thuris
426 3584 671 3636 intendas
707 3585 987 3653 caelumque
1014 3583 1293 3653 lioc_totum
1320 3582 1714 3635 redundantiam
1733 3598 1824 3636 va-

234 3669 413 3723 porum
442 3655 774 3709 nebulositate
798 3650 1067 3708 condatur.
1095 3650 1298 3706 ORELL.

305 3724 487 3795 Neque
514 3742 601 3779 vos
632 3741 777 3794 posse
804 3725 1066 3794 antiquam
1104 3733 1148 3776 et
1171 3724 1388 3795 patriam
1428 3723 1670 3793 linquere.
1702 3732 1746 3778 et
1774 3724 1827 3776 in

234 3794 487 3880 barbaros
505 3798 651 3880 ritus_
661 3798 1054 3880 peregrinosque
1070 3795 1286 3880 .tradnci
1333 3794 1589 3877 Nationes
1614 3795 1828 3865 religio-

234 3884 356 3922 nem
386 3868 488 3924 sibi
539 3866 786 3922 traditam
819 3884 846 3920 a
894 3866 1188 3937 majntihns
1236 3866 1662 3934 pertinacissime
1708 3877 1826 3919 tueo

234 3939 428 3994 bantur
456 3950 509 3994 et
536 3941 926 4003 defendebant;
971 3954 1069 3992 nec
1099 3937 1220 3990 ullis
1258 3937 1553 3991 rationibus
1584 3946 1829 4003 poterant

233 4025 299 4065 eo
322 4011 543 4076 deduci,
576 4022 633 4064 ut
668 4010 1019 4064 inveteratam
1055 4010 1387 4078 patriamque
1422 4009 1741 4077 linquerent.
1775 4017 1830 4063 et

236 4097 403 4137 novos
431 4085 610 4137 cultus
638 4086 1109 4150 amplecterentur.
1143 4078 1320 4143 Cotta,
1355 4094 1442 4149 ap.
1473 4080 1585 4132 Cic.
1612 4079 1678 4133 de
1708 4078 1825 4150 Nat.

237 4153 409 4217 deor.,
450 4170 484 4207 ιι
522 4170 535 4206 :
572 4151 693 4207 Non
722 4149 801 4206 me
831 4169 895 4206 ea:
924 4169 982 4205 ea
1027 4150 1286 4215 Opinione,
1315 4167 1466 4217 quant
1498 4167 1527 4201 a
1554 4149 1835 4217 majoribus

237 4227 409 4294 accepi
447 4225 511 4277 de
551 4225 689 4277 cultu
733 4226 943 4294 deorum
989 4222 1829 4294 immortalium,ullius_umquant

236 4291 746 4349 oratioautdactiaut
765 4291 955 4349 indocti
971 4294 1199 4346 movebit.
1221 4292 1281 4345 Ι).
1298 4292 1548 4346 Clemens
1567 4291 1827 4361 Ri-COgn.,

236 4366 327 4422 lib.
351 4383 385 4422 v
413 4385 425 4421 :
459 4366 681 4434 lmpium
707 4378 778 4419 est
830 4367 874 4420 si
913 4383 1011 4419 non
1046 4366 1295 4431 colamus,
1325 4381 1438 4430 qua:
1469 4362 1612 4416 nobis
1643 4366 1832 4417 tradita

238 4451 350 4493 sunt
378 4458 410 4491 α
440 4438 670 4507 patribus
701 4438 885 4491 nostris
904 4479 917 4498 ,
957 4446 1000 4490 et
1042 4436 1335 4505 religionem
1377 4438 1772 4507 prwimricirmur
1801 4453 1833 4489 a

237 4511 519 4595 majoribus
546 4508 875 4595 dalantﬂjd.
900 4507 1163 4595 Portiltyr.
1187 4510 1307 4595 napi
1326 4509 1534 4579 ἀποχῆς
1552 4506 1825 4595 ξῇψύλςωη

239 4578 329 4635 lib.
362 4598 422 4649 tt;
451 4581 717 4645 Lactant..
751 4580 845 4635 lib.
880 4596 936 4645 ιι,
967 4594 1083 4647 cap.
1118 4580 1171 4642 6;
1204 4578 1295 4631 lib.
1322 4593 1373 4638 ν,
1404 4578 1524 4645 cap.
1554 4578 1654 4638 l9;
1686 4578 1823 4649 ’ζει--

240 4653 471 4715 tullian.,
503 4653 808 4721 Apuloget.,
842 4667 963 4722 cap.
1006 4650 1068 4713 6;
1097 4649 1342 4722 Isocrat.,
1391 4650 1541 4722 Orat.
1583 4650 1648 4703 ad
1674 4648 1832 4704 Nico-

239 4723 399 4801 clem,
458 4720 599 4801 napi
617 4720 876 4795 βασιλείας
897 4720 924 4786 ;V
974 4720 1541 4801 Euselixfra-parat.“
1564 4722 1831 4789 evangel.,

238 4794 330 4853 lib.
361 4812 401 4860 ι,
427 4791 549 4862 σςιιὶ.
582 4791 632 4859 ii
664 4805 872 4849 nostras
897 4803 1048 4848 notas
1078 4792 1142 4846 ad
1173 4791 1469 4846 Minatium.
1508 4793 1748 4846 liLMENu.

313 4868 469 4932 Quod
499 4867 711 4921 inventis
738 4866 968 4935 frugibus
986 4864 1199 4936 glandes
1215 4864 1562 4936 spreverintet
1594 4863 1832 4936 repudia-

241 4941 401 4992 verint
451 4940 646 4991 arbuta.
700 4932 867 4992 llubét
914 4932 1030 4990 iure
1077 4951 1104 4988 τι
1149 4932 1416 4989 Luet‘etio.
1462 4932 1553 4988 Sic
1577 4932 1718 4987 enim
1748 4934 1840 4988 ille

241 5010 335 5066 lib.
365 5027 420 5075 v,
450 5025 591 5068 ναι-μ.
630 5009 734 5065 937
763 5025 882 5078 sqq.
932 5008 1021 5063 ubi
1069 5008 1361 5077 primorutn
1413 5004 1689 5060 hominum
1718 5004 1839 5060 vita:

243 5084 509 5138 rationem
536 5080 792 5136 deseribit
826 5098 839 5135 :

369 5175 679 5226 Glandiferas
698 5175 831 5224 inter
855 5173 1092 5223 curabant
1110 5183 1316 5234 corpora
1342 5182 1561 5233 quercus

368 5239 696 5299 Plerumque,
722 5246 775 5287 et
793 5248 905 5299 (piae
925 5249 1055 5285 nunc
1079 5231 1287 5299 hiberno
1312 5231 1537 5295 tempore
1555 5231 1722 5281 cernis

370 5303 564 5351 Arbuta
588 5296 823 5362 iteniceo'
838 5298 943 5348 fieri
957 5306 1153 5362 matura
1176 5296 1343 5362 colore
1370 5309 1382 5362 ξ

370 5355 597 5414 Plurima
613 5372 713 5413 tum
731 5361 882 5412 tellus
898 5361 1045 5411 etiam
1060 5358 1240 5421 majora
1264 5355 1476 5407 ferebat.
1496 5418 1537 5474 Η

1516 5435 1736 5475 'IERALD.

321 5520 565 5576 Inventis
614 5519 853 5586 frugibus
894 5513 1305 5587 glandeivesci,
1357 5513 1697 5587 proverbium
1725 5527 1848 5569 esse

252 5593 475 5649 videtur
500 5593 636 5660 apud
670 5585 985 5646 Cicemnem
1019 5589 1069 5643 in
1096 5586 1323 5660 Oratore
1352 5602 1401 5660 cp.
1432 5585 1487 5660 9.
1519 5585 1789 5660 Ocususn.

329 5663 487 5732 Quod
505 5656 775 5716 corticibus
805 5662 1027 5731 contegi,
1057 5670 1100 5712 et
1122 5658 1322 5732 amiciri
1353 5657 1588 5732 desierint
1605 5656 1840 5732 pellibus,

254 5726 525 5806 posiquam
548 5736 697 5790 vestis
727 5726 1019 5805 excogitaia
1041 5741 1112 5786 est
1133 5727 1715 5806 textilis._[trittiaﬂcnim
1741 5726 1848 5798 pri-

256 5797 472 5864 inoritm
501 5806 775 5862 hominum
808 5797 1112 5875 tegimenta
1156 5817 1185 5856 e
1230 5800 1517 5856 corticibus
1546 5797 1711 5854 fuisse
1740 5797 1848 5854 tra-

1861 4470 1915 4531 D

1943 2428 2166 2496 debant,
2196 2431 2441 2501 proxima
2472 2448 2503 2488 e
2532 2433 2765 2503 pellibus
2797 2451 2811 2489 :
2843 2433 2927 2489 his
2956 2433 3284 2490 successisse
3335 2441 3544 2490 vestem

1944 2503 2209 2557 textilem.
2242 2503 2528 2560 Lucretius
2552 2522 2610 2572 v,
2639 2506 2767 2569 951,
2801 2521 2953 2575 seqq.
2990 2524 3002 2559 :

2063 2593 2284 2658 chcdum
2307 2609 2394 2646 res
2417 2597 2515 2658 igni
2540 2598 2726 2647 scibant
2755 2604 2985 2654 tractare,
3005 2609 3103 2646 nec
3127 2598 3199 2648 uti

2064 2656 2287 2722 I’ellibus
2305 2668 2356 2707 et
2378 2656 2549 2720 spuliis
2572 2672 2750 2722 corpus
2768 2660 2956 2709 vestire
2980 2658 3197 2722 ferarum
3217 2672 3231 2707 :

2056 2720 2156 2770 Sed
2183 2718 2416 2773 nemora.
2431 2730 2585 2783 atque
2604 2718 2748 2770 cavos
2764 2728 2978 2783 montes.
3004 2719 3256 2780 silvasque
3274 2718 3523 2781 colebant,

2055 2784 2118 2834 Et
2138 2784 2491 2833 l'ruticesinter
2503 2781 2790 2832 condebant
2806 2781 3026 2845 squalida
3046 2783 3285 2841 membra,

2058 2844 2283 2897 Verbera
2304 2850 2561 2895 ventorum
2578 2846 2754 2907 vitare,
2778 2844 3064 2907 imbresque
3094 2844 3267 2961 coatﬁi.

3238 2924 3267 2961 ε

2002 3002 2352 3058 Successibus.
2384 2999 2438 3054 Id
2462 3008 2545 3054 est
2564 2999 2837 3063 domibus,
2870 2998 3181 3053 domiciliis.
3214 2997 3350 3053 Vide
3377 3012 3540 3068 supra

1929 3073 1995 3129 ad
2031 3073 2123 3129 lib.
2160 3089 2196 3136 ι,
2221 3087 2340 3142 cap.
2370 3071 2462 3133 50,
2486 3079 2544 3126 et
2572 3070 2797 3136 Meurs,
2832 3070 2885 3125 in
2915 3069 3044 3123 (:rit.
3074 3085 3192 3138 pag.
3224 3068 3314 3126 80.
3335 3069 3540 3142 (lustr.

1854 3125 1899 3188 C
1932 3125 2117 3198 rlech
2146 3125 2237 3197 sub
2273 3125 2555 3212 r'upilniset
2584 3125 2815 3196 cavernis
2851 3125 3251 3211 prwoptdve‘rint
3275 3125 3337 3193 ut
3365 3140 3549 3195 bellum

1932 3231 2249 3287 permanere.
2278 3213 2524 3277 Juvenal,
2556 3222 2658 3268 sat.
2688 3228 2760 3278 VI,
2791 3214 2826 3265 Ξ
2856 3226 3008 3281 seqq.

2124 3343 2134 3354 .
2174 3341 2188 3355 .
2228 3343 2239 3353 .
2279 3340 2291 3353 .
2332 3343 2344 3356 .
2385 3340 2397 3352 .
2440 3341 2451 3353 .
2494 3343 2505 3366 .
2544 3338 2558 3353 .
2616 3303 2776 3363 Quum
2800 3301 2980 3361 frigida
3006 3316 3185 3366 parvas

2117 3368 2381 3417 ι’τσςειιρνρι
2401 3365 2635 3429 Spelunca
2651 3365 2843 3425 domos,
2865 3364 3158 3429 ignemque,
3188 3364 3447 3429 laremque

2116 3430 2181 3481 Et
2204 3443 2377 3493 pecus,
2400 3427 2453 3480 et
2469 3429 2696 3479 dominos
2713 3429 2957 3478 communi
2982 3427 3239 3543 claudeéet
3256 3427 3446 3477 umbra.

3191 3505 3395 3544 LIENH.

2007 3584 2319 3639 Constiterit.
2340 3583 2412 3637 Ita
2440 3582 2594 3637 Fulv.
2618 3581 2800 3637 Ursin.
2827 3581 2928 3636 Alii
2948 3580 3536 3651 constituerintﬂueu.

2005 3654 2217 3710 LXVII.
2259 3684 2327 3695 —-
2374 3654 2475 3720 Qui
2517 3655 2571 3707 in
2623 3670 2789 3707 mores
2844 3654 2975 3707 alios
3029 3663 3182 3721 atque
3232 3652 3363 3707 alios
3409 3654 3541 3707 ritus

1937 3728 2164 3793 primunt
2208 3726 2629 3780 condemnatione
2673 3725 2945 3778 transistis.
2987 3723 3313 3778 Prudentius
3345 3734 3539 3793 contra

1935 3797 2273 3871 Synunacb.,
2304 3797 2397 3850 lib.
2430 3812 2488 3860 ιι,
2518 3811 2659 3850 vers.
2691 3794 2819 3859 503,
2850 3809 2967 3863 seq.

2062 3886 2212 3950 βοτηε
2235 3887 2429 3950 antiqua
2454 3887 2550 3936 sibi
2575 3899 2669 3935 non
2691 3892 2883 3950 constat.
2903 3897 3047 3935 versa
3079 3898 3171 3950 per
3194 3897 3354 3936 aevum

2062 3948 2123 3999 Et
2142 3956 2334 4010 inutata
2353 3946 2522 4006 sacris,
2542 3955 2733 4010 ornatu,
2763 3946 2977 4010 legibus,
3006 3946 3157 4010 armis
3184 3960 3196 3996 :
3326 3993 3332 3999 .

2040 4024 2043 4025 '
2064 4009 2215 4074 Multa
2238 4010 2370 4066 colit,
2390 4025 2500 4074 quae
2521 4022 2615 4058 non
2628 4008 2785 4074 coluit
2806 4008 2901 4059 sub
2922 4022 3047 4074 rege
3068 4008 3295 4074 Quirino.

2066 4072 2283 4123 Instituit
2305 4070 2525 4135 quaedam
2542 4070 2738 4130 melius,
2767 4070 3005 4121 nonnulla
3020 4072 3231 4135 refugit.

2064 4135 2127 4184 Et
2147 4134 2333 4184 morem
2360 4136 2548 4184 variare
2574 4146 2717 4182 suum
2742 4146 2837 4182 non
2861 4134 3073 4192 dest'lit,
3102 4141 3155 4183 et
3180 4146 3292 4196 qua:

2065 4197 2262 4246 Pridem
2284 4196 2569 4246 condiderat
2580 4196 2708 4257 jura,
2736 4197 2784 4244 in
2788 4196 3040 4257 contraria
3065 4194 3230 4245 vertit.

2068 4260 2191 4318 Quid
2211 4259 2326 4309 mihi
2351 4267 2402 4307 tu
2423 4258 2546 4308 ritus
2563 4255 2753 4314 solitos,
2788 4255 3005 4306 Romane
3031 4263 3245 4316 senator,

2064 4319 2335 4383 ijectas?
2367 4334 2517 4383 qtium
2541 4320 2660 4368 scita
2687 4325 2895 4383 patrum,
2923 4318 3187 4383 populique
3208 4318 3510 4382 frequentes

2066 4380 2319 4445 Instabilis
2336 4380 2495 4445 placiti
2519 4380 2768 4445 sententia
2791 4380 3168 4445 ﬂexanovarit?

2063 4444 2207 4495 Nuuc
2227 4442 2373 4493 etiam
2397 4446 2594 4506 quoties
2611 4444 2770 4506 solitis
2784 4443 3034 4506 decedere
3060 4442 3261 4504 prodest

2061 4503 2452 4569 Praeteritosque
2476 4506 2675 4556 habitus
2695 4504 2828 4555 cultu
2853 4503 3085 4554 damnare
3112 4505 3325 4569 recenti.

3136 4567 3419 4623 llsLusun.

2014 4660 2281 4729 Numquid
2325 4660 2456 4715 enim
2499 4660 2722 4730 quinque
2763 4659 2815 4713 in
2857 4659 3045 4712 classes
3076 4657 3269 4713 habetis
3295 4657 3546 4727 populum

1942 4733 2284 4787 distributum.
2318 4731 2494 4798 Quare
2531 4745 2768 4798 quinque
2800 4739 3005 4783 tantum
3051 4730 3253 4784 cIaSses
3297 4739 3547 4785 numeret

1943 4804 2235 4869 Arnobius,
2265 4818 2385 4857 cum
2424 4815 2516 4857 sex
2545 4800 2711 4855 fuisse
2737 4810 2950 4855 conSIet
2993 4816 3058 4856 ex
3092 4800 3261 4863 Livio,
3294 4800 3388 4855 lib.
3422 4816 3457 4866 I,
3490 4809 3547 4855 et

1946 4878 2015 4931 Α.
2058 4873 2251 4934 Gellio,
2287 4874 2380 4927 lib.
2419 4889 2474 4937 χ,
2508 4887 2628 4939 cap.
2660 4872 2754 4937 28,
2782 4887 2941 4926 causa
2979 4883 3063 4926 est
3110 4872 3253 4938 quod
3280 4881 3429 4926 sexta
3459 4871 3545 4924 vel

1947 4946 2132 5001 intima
2172 4946 2395 5008 classis,
2426 4944 2478 4998 in
2507 4959 2664 5012 quam
2693 4946 2839 4998 cives
2874 4944 3234 5013 pauperrimi,
3267 4940 3546 5013 proletarii

1949 5026 2004 5074 et
2047 5019 2222 5087 capite
2259 5018 2406 5072 censi
2434 5014 2880 5081 detrudebantur,
2912 5012 3009 5083 pro
3035 5012 3175 5067 nulla
3190 5012 3542 5087 habebatur;

1949 5082 2128 5159 quare
2143 5089 2365 5157 quinque
2393 5094 2596 5159 tantum
2629 5088 2830 5140 classes
2858 5082 3156 5159 memorant
3189 5082 3404 5159 Livio},
3503 5097 3543 5150 ι,

1950 5150 2003 5214 et
2033 5150 2328 5225 Charisius,
2361 5157 2503 5228 quod
2542 5157 2680 5228 bene
2708 5164 2892 5228 monet
2917 5154 3181 5228 Meursius
3222 5153 3277 5228 in
3317 5150 3542 5228 Critico,

1953 5230 2048 5285 lib.
2079 5246 2136 5296 ιι,
2167 5244 2288 5298 cap.
2316 5223 2411 5294 ⁷16,
2444 5244 2496 5297 p.
2530 5227 2620 5292 81,
2651 5236 2839 5282 contra
2868 5225 3076 5280 .lustum
3104 5223 3342 5298 Lipsium
3372 5226 3548 5298 corri-

1951 5316 2078 5372 gere
2121 5296 2389 5355 volentem
2432 5296 2484 5372 in
2512 5315 2617 5372 sea:
2642 5300 2847 5372 classes.
2873 5298 3148 5372 ⁸(ἓιιιιιει-ιιιιι
3183 5297 3369 5372 locum
3402 5296 3548 5372 l_i_unc

1953 5365 2163 5442 Egregie
2190 5371 2479 5425 illustravit
2509 5370 2674 5423 Henr.
2708 5368 2974 5442 Valesius,
3006 5366 3072 5442 ad
3102 5365 3373 5442 Ammiani
3404 5365 3546 5442 hlar-

1954 5435 2133 5498 céllini
2154 5443 2312 5507 llist.,
2338 5442 2430 5495 lib.
2460 5456 2565 5507 xiv,
2591 5456 2644 5509 p.
2667 5441 2755 5505 tl,
2779 5440 2976 5493 verba:
3007 5435 3073 5509 Et
3095 5437 3215 5491 olim
3238 5437 3350 5490 licet
3369 5436 3548 5509 otiosi:

1954 5515 2053 5567 sint
2094 5513 2251 5567 tribus
2280 5507 2891 5583 pacataque—centuriis;
2932 5507 3086 5583 cujus
3132 5508 3548 5583 integra__verba

1956 5585 2044 5640 hic
2070 5575 2374 5640 exscribere
2418 5575 2597 5637 liceat.
2631 5581 2833 5635 Otiosas
2874 5575 3130 5633 centurias
3157 5575 3279 5631 dicit
3325 5575 3553 5631 Marcet.

1956 5658 2110 5721 linus,
2140 5659 2259 5726 quia
2287 5654 2478 5709 scilicet
2511 5665 2615 5707 tum
2647 5655 2804 5704 nulla:
2830 5660 2971 5726 erant
3004 5651 3197 5726 tribus,
3235 5649 3400 5726 nullm
3433 5664 3553 5702 cen-

1956 5720 2120 5784 turia).
2153 5720 2296 5781 Nam
2333 5726 2575 5780 centuria:
2604 5726 2806 5794 quidem
2835 5722 2924 5775 diu
2952 5732 3070 5794 ante
3109 5720 3558 5794 Marcelliniwta-

1957 5810 2055 5855 tem
2109 5799 2388 5864 desierunt,
2438 5806 2494 5850 ut
2542 5789 2683 5854 tesiis
2727 5803 2799 5849 est
2845 5792 3099 5849 Arnobius
3151 5792 3351 5864 (nostra
3398 5789 3562 5863 loco),
