3970 6312
233 321 335 381 921

1552 316 1759 375 LIBER
1796 315 2177 377 SECUNDUS.

3425 322 3535 385 922

231 435 467 512 morum,
504 438 793 497 industrias
821 438 1167 497 testiﬁcantes
1202 440 1363 497 suas?
1396 436 1701 511 potionibus
1740 433 1837 491 ab-
1862 436 1917 496 A
1941 431 2071 503 quid
2101 440 2185 487 est
2212 445 2241 487 a
2269 432 2425 489 nobis
2454 434 2649 491 factum
2676 444 2867 493 contra
2897 450 3138 504 sensum,
3161 436 3535 512 iudiciumque

230 533 434 590 stinent
461 532 607 589 vini?
634 532 885 591 afﬁnibus
913 545 968 591 et
994 534 1310 606 propinquis
1364 530 1599 588 osculari
1627 542 1720 585 eas
1742 528 1832 599 jus

232 637 340 695 est,
370 639 423 683 ut
453 630 662 687 sobrias
691 630 1048 701 comprobent
1075 639 1234 700 atque
1261 627 1552 684 abstemias
1582 639 1641 679 se
1670 622 1830 679 esse?

299 718 533 775 LXVIII.
576 720 633 775 In
666 720 873 777 Albano
917 721 1210 792 antiquitus
1259 729 1444 774 monte
1481 716 1659 772 nullos
1690 715 1826 771 alios

229 814 445 881 licebat,
476 829 637 887 quam
670 814 811 870 nivei
842 825 1023 870 tauros
1052 812 1333 869 immolare
1360 811 1613 867 candoris
1641 828 1655 866 :
1689 824 1823 864 non-

227 920 300 963 ne
336 908 496 961 istum
539 921 743 963 morem
775 906 1197 977 religionemque
1242 904 1523 967 mutastis,
1567 911 1728 972 atque
1763 911 1819 955 ut

226 995 436 1053 rululos
459 995 647 1052 liceret
676 996 815 1064 dari,
846 995 1080 1053 Senatus
1117 995 1465 1052 constitutum
1502 992 1822 1049 sanctione?

224 1087 362 1146 Cum
409 1089 673 1153 Romulo,
722 1088 1094 1161 Pompilioque
1141 1087 1519 1159 regnantibus,
1569 1092 1819 1157 percocta

223 1185 408 1257 plane,
441 1200 504 1240 ac
533 1183 744 1240 madida
783 1192 1263 1240 concremarentur
1291 1182 1395 1237 diis
1440 1189 1562 1237 exta
1595 1198 1608 1234 :
1643 1192 1822 1233 nonne

222 1294 353 1352 rege
389 1278 492 1334 sub
532 1278 751 1335 Tullios
782 1277 1083 1334 semicruda
1111 1276 1372 1349 coepistis,
1402 1286 1456 1330 et
1493 1273 1683 1330 leviter
1705 1272 1822 1327 ani-

220 1381 367 1428 mata
392 1371 681 1441 porricere,
708 1375 881 1441 prisca
902 1371 1279 1428 observatione
1307 1368 1654 1438 contempta?
1680 1366 1821 1421 Ante

219 1464 510 1519 adventum
552 1464 607 1519 in
634 1463 838 1520 Italiam
870 1463 1137 1532 Herculis,
1165 1478 1285 1519 cum
1312 1478 1383 1519 ex
1406 1459 1672 1533 Apollinis
1699 1474 1818 1514 mo-

122 1588 125 1591 -
217 1556 339 1613 nitu
367 1559 502 1628 patri
536 1556 639 1613 Diti
669 1573 733 1614 ac
772 1558 1005 1614 Saturno
1045 1556 1292 1613 humanis
1317 1555 1583 1626 capitibus
1612 1552 1815 1623 suppli-

216 1663 439 1706 caretur
462 1667 480 1706 :
506 1658 563 1707 et
592 1651 734 1707 hunc
761 1651 1012 1707 similiter
1039 1666 1272 1715 morem,
1305 1664 1410 1705 non
1441 1649 1631 1704 fraude
1656 1646 1813 1703 calli-

216 1740 370 1809 dula,
398 1754 455 1799 et
482 1743 754 1798 nominum
785 1744 1133 1814 ambiguitate
1172 1741 1457 1799 mutastis?
1496 1741 1628 1797 Cum
1658 1740 1817 1811 igitur

216 1841 277 1888 et
297 1848 393 1889 vos
419 1834 521 1904 ipsi
553 1833 714 1890 modo
731 1834 854 1890 illos
874 1850 1077 1901 mores,
1102 1834 1263 1891 modo
1283 1834 1415 1890 alias
1437 1826 1583 1905 leges
1606 1832 1814 1889 fueritis

212 1930 411 1995 secuti,
439 1929 712 2002 multaque
741 1930 825 1985 vcl
867 1930 1145 1986 erroribus
1170 1929 1422 1999 cognitis,
1454 1928 1537 1983 vel
1566 1926 1813 1982 animad-

213 2022 470 2079 versione
489 2023 768 2079 meliorum
788 2025 896 2079 sint
915 2040 946 2080 a
967 2024 1119 2079 vobis
1139 2022 1438 2094 repudiata,
1467 2029 1773 2089 contempta
1796 2037 1810 2074 :

1939 537 2246 591 commune,
2279 525 2324 580 si
2356 526 2579 598 majora,
2602 538 2657 584 et
2684 530 2912 585 certiora
2947 529 3281 603 delegimus,
3314 546 3415 589 nec
3439 547 3532 590 su-

1937 631 2058 672 mus
2085 633 2185 671 nos
2216 620 2357 689 passi
2389 619 2644 675 falsorum
2678 621 3030 694 religionibus
3059 626 3315 681 attineri?

2005 711 2193 770 LXIX.
2238 713 2343 769 Sed
2369 717 2637 771 novellum
2671 733 2866 774 nomen
2884 702 2983 775 'est
3019 733 3284 786 nosuum,
3322 731 3376 778 et
3404 732 3533 780 ante

1929 803 2051 860 dies
2078 820 2279 875 paucos
2312 808 2501 879 religio
2518 819 2599 865 est
2628 819 2773 875 nata,
2796 826 2954 882 quam
2981 813 3274 883 sequimur.
3300 813 3369 871 Ut
3395 813 3534 871 inte-

1928 896 2030 952 rim
2063 899 2394 964 concedam,
2448 900 2499 955 id
2542 902 2683 970 quod
2727 903 2883 960 nobis
2927 904 3181 976 objicitur
3217 907 3532 965 intentionis

1927 1005 2051 1048 esse
2079 1008 2186 1047 non
2219 993 2366 1049 falsae
2394 1010 2407 1049 :
2438 994 2566 1065 quid
2597 1004 2680 1050 est
2722 997 2864 1051 enim
2893 997 2946 1052 in
2974 999 3201 1070 negotiis
3222 999 3527 1067 hominum,

1927 1087 2069 1157 quod
2097 1089 2178 1143 vel
2207 1102 2373 1158 opere
2402 1088 2650 1158 corporis
2668 1088 2697 1128 ιι
2739 1098 2794 1144 et
2837 1092 3085 1148 manibus
3112 1093 3223 1156 liat,
3249 1093 3329 1149 vel
3360 1093 3530 1151 solius

1927 1182 2092 1237 animi
2112 1182 2389 1253 disciplina
2425 1193 2480 1239 et
2506 1185 2811 1254 cognitione
2844 1194 3114 1250 teneatur.
3148 1187 3291 1257 quod
3320 1203 3425 1242 non
3452 1203 3523 1245 ex

1928 1274 2110 1344 aliquo
2135 1279 2361 1347 coeperit
2384 1289 2646 1348 tempore,
2671 1286 2726 1333 et
2759 1278 2811 1332 in
2842 1288 2994 1333 uSum
3020 1279 3215 1334 exierit
3239 1280 3528 1351 experien-

1929 1368 2160 1439 tiamque
2206 1370 2553 1424 mortalium?
2602 1370 2811 1425 Etenim
2869 1369 3240 1442 philosophia,
3298 1372 3528 1441 musica,

1926 1471 2246 1534 caateraeque
2287 1478 2478 1519 omnes
2528 1475 2695 1532 artes,
2739 1464 2933 1535 quibus
2972 1465 3081 1520 vita
3128 1474 3213 1521 est
3232 1465 3445 1522 exculta
3474 1477 3532 1524 et

1925 1555 2164 1625 expolita
2215 1557 2539 1623 communis,
2585 1571 2707 1612 cum
2752 1556 3059 1612 hominibus
3100 1569 3239 1613 nata:
3282 1568 3439 1626 sunt,
3471 1568 3528 1618 et

1926 1662 2033 1702 non
2053 1648 2230 1716 potius
2250 1664 2442 1718 nuper.
2466 1648 2765 1719 quinimmo
2788 1664 2924 1720 pene
2949 1650 3108 1721 paulo
3124 1661 3272 1716 ante,
3307 1653 3521 1723 agitari,

1925 1738 2169 1810 intelligi,
2224 1740 2594 1809 celebrarique
2634 1742 2948 1811 coeperunt?
2996 1742 3301 1813 Antequam
3351 1743 3524 1816 Tages

1920 1830 2169 1888 'lhuscus
2195 1846 2320 1887 oras
2344 1842 2366 1871 ο
2398 1833 2742 1903 contingeret
2767 1832 3008 1901 luminis,
3042 1835 3324 1905 quisquam
3354 1835 3528 1891 homi-

1922 1940 2051 1981 num
2083 1925 2305 1990 scicbat,
2339 1934 2432 1979 aut
2458 1941 2579 1981 esse
2599 1925 2951 1993 noscendum,
2993 1926 3519 1997 condiscendumque

1921 2020 2144 2074 curabat
2172 2018 2224 2072 in
2259 2018 2541 2074 fulminum
2560 2019 2797 2088 casibus,
2819 2029 2912 2076 aut
2939 2030 3186 2076 extorum
3209 2019 3338 2091 quid
3355 2019 3521 2091 signi-

1429 2114 1820 2173 LEG’I‘IONES
1858 2112 2283 2171 VABIANTI'IS.

284 2230 312 2262 "
343 2234 486 2287 Tullo
516 2251 611 2289 ms.

285 2300 315 2342 δ
348 2299 575 2364 Corporis
597 2296 725 2351 delet
749 2295 890 2350 Fulv.

1990 2223 2015 2261 ⁸
2050 2227 2149 2281 Ore
2172 2244 2264 2283 ms.
2287 2228 2430 2282 ntale.

1580 2381 2139 2442 COMMENTARIUS.

286 2499 591 2557 Potionibus
620 2501 872 2556 abstinent
898 2500 1005 2556 vini
1022 2501 1049 2556 ?
1074 2500 1195 2558 Vini
1237 2515 1366 2558 usus
1392 2501 1520 2557 olim
1549 2501 1808 2557 Romanis

206 2572 449 2630 [neminis
473 2572 814 2637 interdictus,
841 2573 1007 2628 immo
1029 2572 1540 2644 capitalisPliuius,
1570 2574 1664 2629 lib.
1693 2588 1805 2639 xlv,

205 2659 334 2714 cap.
363 2646 465 2709 l5;
489 2644 708 2716 Dionys.
739 2644 934 2716 Halic.,
959 2644 1053 2700 lib.
1080 2643 1140 2712 It,
1172 2661 1221 2713 p.
1242 2643 1349 2710 96;
1372 2645 1596 2712 Gellius,
1629 2645 1723 2700 lib.
1750 2660 1805 2712 x,

204 2730 335 2787 cap.
381 2716 498 2781 23;
542 2715 863 2771 Tertttlliatt.
892 2757 910 2782 ,
960 2717 1243 2786 Apologet.
1276 2757 1293 2784 ,
1352 2732 1473 2787 cap.
1512 2717 1582 2781 6;
1629 2716 1811 2771 Valer.

203 2787 378 2854 Man,
410 2788 501 2843 lib.
534 2803 589 2856 tt,
621 2803 739 2856 cap.
774 2788 799 2842 I
827 2803 842 2853 ;
898 2787 1117 2844 Servius
1144 2788 1209 2842 ad
1241 2803 1278 2842 ι.
1327 2788 1480 2854 Em,
1531 2804 1651 2843 vers
1679 2788 1805 2842 758.

205 2857 461 2931 Euenit.
506 2869 563 2915 et
608 2857 897 2931 S'rswscnr.
954 2858 1035 2915 Cf.
1086 2861 1289 2931 Auson.
1328 2859 1540 2929 Popm.,
1574 2860 1638 2912 ad
1669 2858 1805 2915 Var-

203 2944 336 2987 ron.
371 2930 609 3001 Fragtn.,
645 2945 765 3000 pag.
798 2930 903 2987 506
928 2946 1068 3002 seq.,
1097 2930 1186 2986 ed.
1216 2930 1432 3001 Bipont.
1466 2931 1671 2988 Οιιειι..

287 3000 546 3074 Afﬁnibus
569 3012 614 3058 et
632 3002 937 3074 propinquis
964 3000 1186 3057 osculari
1207 3000 1297 3056 eas
1304 3004 1398 3072 jus
1423 3013 1515 3064 est,
1548 3014 1654 3058 etc.
1675 3000 1808 3059 Vide

204 3071 560 3138 Tertullian.,
609 3071 895 3144 Apologet.
944 3090 1065 3145 cap.
1114 3074 1179 3140 6;
1220 3071 1617 3145 Plinius,Hi~'t.
1668 3086 1805 3139 nat.,

204 3144 311 3201 lib.
342 3161 451 3210 xiv,
483 3160 604 3215 cap.
635 3146 736 3211 l5;
766 3145 1035 3212 .luvenal.,
1066 3162 1140 3212 γι,
1169 3161 1310 3201 vers.
1341 3148 1365 3202 I
1392 3162 1406 3212 ;
1439 3144 1666 3211 Gellius,
1712 3145 1793 3203 lib.

204 3231 240 3271 ι
266 3257 286 3282 ,
316 3231 417 3286 cap
439 3204 746 3277 lim-Plaut.
798 3216 993 3280 Stich.,
1021 3204 1138 3272 act:
1182 3234 1233 3283 t,
1270 3204 1420 3273 scen'.
1472 3234 1526 3272 ll.
1561 3204 1805 3274 ELllENﬂ.
1839 3204 1885 3267 C

207 3316 290 3329 -—
326 3286 489 3359 ConI‘.
512 3287 787 3359 Plutarch.
812 3299 1003 3358 quaest.
1034 3305 1199 3348 rom..
1232 3304 1352 3359 cap.
1386 3289 1439 3344 6.
1468 3290 1672 3344 OnsLL.

285 3358 496 3415 LXVIII
544 3389 617 3399 —
658 3357 848 3415 Nonne
884 3361 977 3415 sub
1024 3376 1142 3430 rege
1170 3357 1344 3415 Tullio
1389 3362 1679 3416 semicruda
1708 3377 1808 3416 cae-

203 3432 363 3504 pistis
385 3441 435 3486 et
475 3432 652 3504 leuiter
673 3432 902 3504 animata
941 3433 1237 3504 porricere.’
1277 3432 1527 3488 Giraldus
1569 3447 1655 3503 ap.
1699 3432 1803 3488 Th.

202 3503 501 3559 Canterum
552 3502 683 3568 legit
707 3521 719 3555 :
745 3501 950 3557 Leviter
969 3513 1213 3559 cremata.
1245 3504 1315 3559 Is.
1342 3501 1710 3564 (Iasauhmins.
1739 3504 1807 3557 ad

202 3573 436 3646 Sueten.
458 3576 711 3645 August.,
740 3589 859 3643 cap.
892 3575 944 3636 1.
966 3591 1083 3646 pag.
1100 3574 1227 3640 255,
1246 3576 1349 3631 vol.
1368 3592 1447 3639 ιιι,
1467 3576 1550 3629 ed.
1574 3574 1765 3631 Wolsii
1792 3592 1805 3628 :

202 3645 416 3701 Leviter
444 3647 757 3701 exanimata.
785 3646 890 3701 Sed
922 3645 1055 3702 nihil
1096 3647 1429 3701 tnutandut’n.
1459 3648 1718 3709 Animare,
1754 3656 1809 3701 ut

204 3716 355 3773 bene
384 3718 617 3787 explicat
657 3717 1109 3780 Elmenhorstius,
1142 3732 1220 3773 est
1257 3719 1399 3773 idem
1444 3718 1586 3787 quod
1619 3733 1805 3773 accen-

205 3788 364 3851 dere,
384 3803 645 3853 cremare,
668 3790 772 3859 igni
797 3789 1026 3845 mollire.
1057 3788 1145 3845 Sic
1170 3788 1306 3845 infra
1331 3790 1422 3845 Iih.
1446 3804 1539 3850 vn.
1565 3804 1681 3858 cap.
1703 3789 1805 3843 ‘24:

208 3860 347 3928 ρυω
369 3861 422 3913 in
447 3862 660 3916 verubus
690 3878 805 3915 assa
834 3871 972 3923 sunt,
1002 3862 1228 3915 animata
1259 3862 1402 3929 prius
1448 3871 1495 3914 et
1535 3861 1809 3927 torrefm-ta

205 3931 554 3998 carbonibus;
581 3942 638 3989 et
662 3931 910 3989 Cludian.
940 3932 1007 3992 de
1039 3932 1195 4004 Rapt.
1224 3933 1500 4004 Proserp.,
1556 3948 1633 3999 nt,
1678 3932 1807 4001 586,

204 4018 330 4075 seq.
359 4020 374 4059 :

400 4097 571 4157 Qualis
593 4097 856 4160 pestiferas
879 4100 1095 4150 animare
1120 4098 1178 4150 ad
1194 4100 1396 4149 crimina
1420 4105 1561 4150 taxos

399 4162 560 4214 Torva
583 4162 799 4225 Megaera
818 4163 937 4213 ruit.

200 4267 316 4326 Ubi
347 4268 459 4326 vid.
490 4268 674 4324 Ileins.
706 4278 761 4324 et
786 4268 1013 4325 Gesner.
1046 4267 1181 4323 Male
1220 4267 1400 4338 itaque
1438 4266 1698 4321 Hcraldus
1729 4266 1808 4321 in-

202 4350 539 4409 terpretatur
563 4340 626 4395 de
650 4341 779 4395 extis
803 4341 978 4395 leviter
997 4340 1389 4411 trepidantibus,
1416 4339 1801 4408 palpitantibus,

242 4427 353 4477 nte,
383 4423 568 4483 erepta
595 4412 712 4467 scil.
743 4422 898 4467 utero
928 4413 1102 4467 adhuc
1122 4411 1800 4483 viventiutnvictimarum,

242 4428 353 4477 nte,
383 4428 568 4483 erepta
595 4428 712 4467 seu.
743 4428 898 4467 utero
928 4428 1102 4467 annuc
1122 4428 1419 4467 viventium
1444 4428 1800 4477 victimarum,

199 4428 443 4539 gustum
501 4494 653 4538 erant
701 4484 752 4538 in
805 4483 1086 4538 sacriliciis
1138 4485 1369 4552 signum.
1420 4481 1538 4536 Vid.
1587 4481 1801 4552 Virgil.,

199 4553 340 4611 En.
370 4570 446 4619 tv,
473 4555 563 4610 64.
593 4563 648 4610 et
673 4555 890 4621 Senec.,
915 4552 1077 4618 ΟΕιι..
1107 4552 1235 4619 555,
1265 4570 1380 4625 seq.
1408 4552 1520 4608 Non
1543 4554 1684 4608 enim
1719 4553 1807 4607 hic

199 4627 278 4682 de
310 4626 629 4695 extispicina
658 4640 861 4693 sermo,
912 4625 1006 4681 sed
1052 4637 1169 4681 exta
1211 4626 1399 4681 latiore
1446 4639 1607 4680 sensu
1658 4626 1803 4679 acci-

201 4698 402 4769 pienda
434 4698 503 4753 de
530 4700 801 4769 ominibus,
825 4713 945 4768 quae
974 4707 1097 4754 cute
1129 4707 1399 4767 teguntur,
1426 4711 1588 4751 carne
1616 4696 1800 4750 etiam.

201 4768 503 4833 Porricere,
562 4768 704 4824 idem
748 4771 889 4840 quod
931 4769 1029 4823 diis
1075 4770 1367 4839 porrigere,
1406 4769 1629 4822 verbum
1675 4781 1801 4840 pro-

197 4842 386 4966 grium
436 4840 503 4895 de
529 4838 829 4896 sacriﬁciis.
862 4840 979 4895 Vid.
1018 4838 1279 4924 macron.
1327 4850 1425 4893 sat.
1460 4855 1536 4900 tn,
1564 4853 1682 4907 cap.
1733 4838 1803 4921 2.;

255 4926 403 4966 arro.
435 4912 504 4966 de
530 4911 596 4966 R.
632 4912 781 4966 R..lt.
812 4911 883 4966 29
937 4910 1073 4966 Exta
1102 4912 1202 4966 dus
1231 4928 1345 4964 cum
1373 4909 1562 4964 dabant
1583 4951 1597 4966 .
1634 4926 1803 4966 narrt-

255 4926 403 4973 arro.
435 4912 504 4968 de
530 4911 596 4967 Β.
632 4912 781 4977 Βηιι,
812 4911 883 4968 29
937 4910 1073 4967 Exta
1102 4912 1202 4966 diis
1231 4928 1345 4964 cum
1373 4909 1562 4964 dabant
1583 4951 1597 4978 ,
1634 4911 1806 4981 porri-

203 4998 323 5040 cere
351 4984 603 5040 dicebant.
627 4983 843 5056 Virgil.,
870 4982 1022 5050 ιλΕιιη
1049 4999 1102 5052 v,
1135 4998 1277 5040 vers.
1300 4981 1406 5038 257
1433 4998 1448 5038 :

405 5138 417 5149 .
488 5137 502 5151 .
571 5136 583 5148 .
657 5136 670 5150 .
738 5136 753 5151 .
818 5098 1220 5164 Extaquesalsos

365 5162 637 5214 Porriciam
657 5165 703 5214 in
725 5165 920 5215 ﬂuctus.

203 5269 313 5344 ριή
342 5271 449 5344 vid.
474 5271 629 5328 Serv.
661 5282 715 5327 et
742 5271 926 5344 Heyne
955 5271 1019 5327 V.
1046 5270 1153 5337 CL,
1187 5285 1287 5344 nec
1319 5285 1423 5325 non
1453 5269 1715 5344 Brisson.,
1740 5266 1808 5323 de

201 5341 503 5409 Formulis,
536 5344 655 5405 lih..
701 5361 737 5409 ι,
769 5341 942 5413 ιι.’27,
972 5353 1045 5406 et,
1078 5344 1166 5413 qui
1199 5343 1393 5397 nubem
1435 5341 1804 5413 exemplorum

201 5414 361 5476 citat,
386 5413 435 5469 J.
465 5415 554 5470 Fr.
583 5410 823 5472 Gronov.
846 5416 897 5469 in
923 5410 1272 5471 Lerufl'lant
1299 5454 1315 5479 ,
1345 5428 1463 5482 pag.
1482 5410 1590 5464 254
1610 5420 1666 5482 et
1687 5426 1803 5482 seq.

201 5485 319 5541 Pro
346 5484 541 5550 Tullio.
570 5486 741 5543 editio
769 5488 1017 5556 princeps
1046 5486 1205 5540 habet
1237 5481 1597 5556 Tullosblale.
1648 5481 1808 5556 Intel-

204 5557 459 5628 Iigcndus
485 5559 692 5615 scilicet
709 5552 917 5615 servius
938 5556 1163 5624 Tullius,
1188 5572 1293 5611 non
1321 5552 1802 5680 ΤιιιῧιέεΙέἷειὶιὶιω.

1474 5640 1630 5680 ιιειι..

289 5699 355 5754 Et
382 5702 516 5756 hunc
551 5698 785 5760 similiter
803 5719 993 5758 morem
1016 5719 1118 5757 non
1146 5698 1328 5773 fraude
1350 5698 1599 5773 callidula
1617 5704 1669 5773 et
1713 5712 1808 5751 no-

207 5772 410 5846 minum
439 5776 767 5846 ambiguitate
793 5773 1061 5830 mutastis?
1084 5768 1256 5830 Prisci
1278 5769 1467 5846 Latini
1495 5768 1583 5846 diu
1617 5768 1806 5837 huma-

206 5845 301 5900 nis
340 5839 601 5917 capitibus
647 5844 820 5904 Ditem
850 5855 904 5902 et
949 5846 1188 5902 virorum
1241 5840 1470 5900 victimis
1516 5839 1805 5896 Saturnum

1917 2499 2345 2573 p_lacat_-ttnt.Vid.
2372 2500 2590 2573 Dionys.
2620 2501 2815 2567 Halic.,
2839 2502 2933 2559 lib.
2968 2519 3004 2566 t,
3032 2517 3150 2573 pag.
3182 2504 3281 2571 50;
3314 2502 3515 2560 Minue.

1915 2569 2031 2644 Ecl.
2063 2571 2285 2636 Octav.,
2340 2587 2459 2641 cap.
2511 2569 2624 2644 50.,
2655 2574 2895 2629 Tandem
2950 2569 3208 2631 Hercules
3256 2569 3524 2644 persuasit

1918 2641 2043 2715 illis,
2076 2653 2134 2697 ut
2174 2644 2401 2698 infausta
2458 2643 2720 2700 sacriﬁcia
2764 2645 2953 2701 faustis
3003 2641 3306 2708 mutarent,
3338 2656 3393 2699 et
3424 2661 3523 2715 pro

1917 2711 2169 2769 humanis
2195 2716 2461 2782 capitibus
2488 2717 2705 2778 oscilla,
2741 2717 2795 2770 in
2835 2716 3242 2773 similitudinem
3275 2711 3518 2773 hominis

1916 2783 2188 2856 efﬁgiata,
2244 2785 2539 2841 obferrent.
2594 2788 2850 2851 Macrob.,
2906 2804 2941 2852 ι,
2994 2789 3236 2853 Saturn.,
3290 2802 3407 2856 cup.
3441 2789 3517 2855 7;

1915 2853 2186 2930 Laetoria.
2223 2857 2310 2912 lib.
2345 2873 2398 2930 ι,
2430 2874 2547 2924 cap.
2583 2859 2676 2925 21;
2713 2859 2935 2930 Dionys.
2967 2859 3108 2927 Hal.,
3142 2860 3178 2914 I.
3202 2876 3239 2914 t.
3269 2853 3515 2916 Enimn.

1918 2926 2098 2993 Conf.,
2131 2928 2223 2984 lib.
2250 2944 2301 2995 v,
2328 2928 2445 2983 init.
2476 2931 2678 2987 URELL.

1988 2998 2177 3052 Contra
2230 3016 2433 3055 sensum
2484 3003 2843 3073 judiciumque
2895 3019 3201 3070 commune,
3271 3004 3321 3057 id
3386 3010 3513 3069 est,

1915 3078 2102 3124 contra
2148 3085 2364 3125 scusqu
2406 3087 2748 3132 communem
2785 3073 3155 3145 judiciumque
3207 3089 3514 3130 commune.

3127 3146 3332 3203 Οιιειι..

1986 3210 2173 3267 LXIX.
2244 3242 2312 3253 —
2376 3214 2579 3269 Etenim
2652 3213 3033 3287 Philosophia,
3101 3217 3301 3272 Musica
3368 3227 3520 3272 crete-

1912 3298 2080 3352 raeque
2123 3301 2297 3359 omnes
2342 3297 2496 3359 ιιι-ῳ,
2528 3287 2713 3359 quibus
2743 3289 2844 3342 vita
2871 3299 2943 3344 est
2984 3289 3186 3344 exculta
3216 3300 3263 3344 et
3292 3291 3519 3359 expolita

1913 3357 2219 3428 communis,
2252 3366 2357 3412 etc.
2392 3356 2618 3419 Etenim.
2660 3359 2804 3428 quod
2858 3371 2942 3415 est
2973 3362 3024 3415 in
3072 3360 3194 3414 cod.
3227 3356 3368 3427 lllS.,-
3394 3376 3517 3415 cum

1913 3426 2035 3499 aliis
2063 3428 2357 3481 editoribus
2388 3426 2696 3499 expungere
2727 3446 2833 3485 non
2885 3432 3079 3485 ausim.
3121 3426 3343 3486 Videtur
3366 3433 3513 3486 enim

1914 3496 2198 3572 ⁸έιίιιιιιιίιιεΔ
2216 3499 2351 3572 hanc
2371 3496 2684 3572 particulam
2708 3503 2950 3572 posuisse
2968 3517 3065 3572 pro
3080 3501 3315 3571 Exempli
3330 3518 3511 3555 causa.

1917 3567 2017 3622 Ed.
2053 3569 2222 3643 Lugd.
2254 3567 2380 3643 Bal.
2405 3571 2565 3625 habet
2597 3589 2610 3624 :
2647 3567 2757 3625 Ede
2783 3590 2849 3626 an
2873 3567 3366 3643 Plu-losOpbia,'etc.
3406 3572 3513 3628 Pro

1916 3642 2140 3705 exculta,
2189 3641 2330 3711 quod
2376 3651 2517 3697 este
2545 3644 2881 3699 correctione
2930 3641 3100 3697 Fulv.‘
3138 3642 3349 3709 Ursini,
3391 3644 3513 3698 cod.

1917 3724 2018 3783 ms.
2050 3712 2209 3766 habet
2235 3722 2490 3767 exstructa
2514 3755 2529 3780 ,
2558 3713 2701 3783 quod
2732 3714 3278 3769 defendereconatur
3296 3716 3507 3769 Stewe~

1916 3780 2088 3854 chius.
2114 3782 2219 3839 Sed
2266 3786 2532 3853 exetnpla,
2566 3780 2687 3854 quin
2716 3785 2889 3850 δῦθι-ι,
2942 3784 3008 3840 ad
3056 3797 3299 3840 nostrum
3333 3787 3509 3840 locum

1917 3851 2246 3928 niI_I'aciunt.
2273 3854 2405 3909 Nam
2429 3851 2540 3910 dici
2571 3851 2785 3924 quidem
2834 3865 3007 3925 potest
3054 3857 3310 3911 hominem
3356 3858 3517 3928 fabri-

1916 3925 2026 3998 cari
2038 3966 2060 3998 Α,
2087 3925 2274 3979 liberos
2299 3936 2515 3994 struere,
2550 3928 2745 3995 prolem
2774 3928 3102 3994 concinnare,
3152 3925 3477 3998 compingere
3499 3942 3520 3982 :

1916 3996 2010 4049 sed
2037 3995 2530 4070 locutioais,vitam
2555 4009 2816 4052 exstruere
2843 3999 3068 4066 artibus,
3099 3995 3342 4070 exetnpla
3361 3995 3512 4054 ’frus-

1917 4074 2114 4138 tra_me
2144 4069 2455 4138 quaesiviSse
2477 4068 2669 4124 fateor.
2702 4074 2903 4125 URELL.

1990 4136 2174 4208 Tages,
2219 4139 2439 4195 Tuscus.
2481 4139 2834 4209 Censorinus,
2867 4144 2933 4195 de
2984 4143 3076 4197 Die
3106 4150 3241 4207 nat-.,
3284 4155 3402 4208 cap.
3442 4140 3513 4194 ιε

1918 4207 2033 4263 Nec
2062 4207 2162 4264 non
2198 4212 2266 4283 in
2292 4229 2416 4282 agro
2446 4207 2827 4280 Tarquiniensi
2857 4230 2986 4283 puer
3029 4213 3223 4267 dicitur
3270 4207 3515 4283 divinitus

1914 4293 2153 4335 exoratus
2186 4281 2662 4354 (Iterrorgep/ligltt)
2694 4281 2897 4355 nomine
2928 4283 3110 4355 Tages,
3152 4284 3240 4355 qui
3280 4282 3515 4355 discipli-

1913 4367 2030 4404 nam
2061 4353 2296 4407 cecinerit
2324 4355 2782 4426 extispiciiaquam
2811 4353 3130 4409 Lucuntones
3155 4353 3260 4408 tum
3292 4353 3517 4426 Etruria:

1913 4432 2137 4496 potentes
2157 4427 2552 4496 exscripsertntt.
2581 4424 2679 4487 Ubi
2710 4426 2832 4481 vide
2862 4441 2997 4496 qttOs
3021 4427 3148 4481 citat
3180 4424 3516 4496 Lindenbro-

1832 4495 2310 4592 Dgllls£,£P;gﬁ.ﬁ%i-,
2334 4497 2422 4592 ed.
2458 4497 2683 4552 Ilavcrc.
2732 4498 2810 4553 De
2857 4495 3049 4554 eodem
3092 4497 3349 4561 Ovidius,
3382 4495 3510 4554 Met.

1911 4580 1999 4634 xv,
2024 4567 2131 4623 555
2160 4582 2309 4639 seqq.
2344 4584 2363 4622 :

2036 4698 2177 4766 ljaud
2205 4700 2351 4766 aliter
2373 4704 2577 4766 stupuit,
2597 4715 2744 4766 quam
2768 4715 2877 4752 cum
2898 4701 3184 4766 Tyrrhenus
3204 4702 3368 4752 arator

2038 4761 2257 4828 Ifatalem
2281 4761 2483 4826 glebem
2504 4761 2683 4828 mediis
2704 4767 2901 4828 aspexit
2924 4761 2975 4814 in
3000 4765 3135 4814 arvis

2037 4824 2223 4891 Sponte
2246 4824 2331 4877 sua
2359 4829 2566 4891 primum
2589 4824 2825 4890 nulloque
2845 4830 3087 4891 agitante,
3110 4827 3321 4891 moveri,

2038 4887 2250 4953 Sumere
2274 4887 2388 4939 mox
2415 4890 2643 4948 hominis,
2670 4887 2920 4953 terraeque
2944 4890 3414 4953 amittercl‘ormam,

2038 4948 2234 5014 Oraque
2265 4954 2487 5001 venturis
2508 4956 2708 5011 aperire
2733 4948 2963 5003 recentia
2985 4952 3111 5001 fatis.

2040 5011 2292 5077 Indigenas
2316 5015 2491 5064 dixere
2517 5014 2708 5075 Tagen,
2730 5016 2814 5077 qui
2844 5017 3028 5077 primus
3040 5015 3291 5064 Etruscam

2041 5074 2245 5125 Edocuit
2268 5086 2473 5139 gentem
2497 5074 2640 5127 casus
2677 5074 2877 5141 aperire
2904 5080 3109 5127 futuros.

1914 5174 2071 5252 Conf.
2121 5178 2325 5252 Davis,
2370 5181 2434 5233 ad
2464 5178 2605 5242 Cic.,
2637 5181 2705 5237 de
2755 5183 2951 5245 Divin.,
2981 5197 3041 5246 ιι,
3093 5196 3213 5252 cap.
3245 5179 3392 5252 25_et
3419 5179 3511 5247 58,

1914 5258 1969 5303 et
1999 5249 2244 5322 inprimis
2287 5252 2611 5321 Detnpster"
2645 5253 2823 5309 Etrur.
2859 5252 3070 5322 Regal.,
3096 5249 3172 5310 ut.
3208 5253 3257 5308 l.
3298 5249 3507 5305 OnELL.

1993 5318 2127 5374 Oras
2155 5318 2468 5391 contingeret
2493 5324 2720 5379 luminis.
2753 5318 2969 5380 Phrasis
2992 5323 3333 5391 Lucretiana,
3367 5322 3518 5377 verbi

1912 5404 2074 5447 causa
2106 5390 2197 5446 lib.
2227 5408 2265 5457 t,
2296 5390 2416 5448 vers
2445 5394 2517 5449 25
2567 5411 2685 5466 seq.
2720 5415 2733 5451 :

2042 5528 2148 5595 ﬁec
2169 5534 2276 5579 sine
2295 5536 2347 5580 te
2372 5532 2631 5595 quicquam
2655 5533 2760 5582 dias
2778 5535 2827 5582 in
2848 5532 3050 5583 luminis
3070 5546 3183 5581 oras

2046 5592 2298 5655 Exoritur,
2321 5592 2485 5658 neque
2505 5592 2564 5645 lit
2586 5595 2750 5646 lzetum
2769 5632 2783 5657 ,
2812 5608 2979 5660 neque
2998 5595 3210 5646 amabile
3233 5594 3516 5659 quicquam.

1918 5705 1972 5755 et
1998 5697 2316 5766 saepissime.
2350 5696 2553 5753 OBELL.

1988 5767 2055 5824 lu
2081 5769 2355 5841 fulminum
2377 5770 2595 5845 casibus,
2618 5779 2722 5827 etc.
2749 5771 2973 5845 Fulmen
2999 5773 3044 5828 si
3067 5773 3193 5845 quid
3214 5771 3515 5845 amaverat,

1916 5852 2032 5898 erat
2069 5850 2336 5896 ostentum
2379 5858 2485 5896 non
2528 5842 2675 5909 leve,
2706 5853 2757 5899 et
2785 5844 2848 5898 ad
2884 5844 3018 5900 iram
3059 5842 3281 5902 deorum
3313 5843 3519 5900 lenien-
