3970 6312
426 292 533 352 εει

1570 298 1855 357 ARNOBII
1882 298 2253 358 ADVERSUS
2289 300 2475 358 GENT
2485 302 2566 358 ES

3624 305 3731 361 928

427 406 680 464 Latinum
706 408 905 482 gradus
924 450 939 476 ,
968 410 1095 466 trini
1126 426 1141 466 :
1170 418 1230 466 ut
1258 410 1460 468 indicat
1478 413 1666 469 series.
1699 413 1870 469 Vultis
1900 413 2041 469 Fau-
2066 422 2121 481 Α
2144 416 2556 487 quamplurimis
2576 416 2801 485 anteire,
2821 432 2941 473 cum
2966 432 2993 472 a
3012 425 3162 474 certo
3182 419 3449 485 «crerint
3469 423 3734 491 tempore?

429 514 565 564 nus,
596 500 854 570 Latinus,
884 510 939 558 et
966 502 1145 570 Picus,
1177 504 1335 559 anuis
1361 506 1595 560 vixerint
1621 505 1826 562 vicenis
1874 516 2037 577 atque

432 595 720 650 centenis?
767 596 903 650 ultra
950 596 1093 652 enim
1147 606 1379 668 negatur
1433 613 1598 670 posse
1645 599 1881 655 hominis
1931 601 2037 653 vita

432 685 678 757 produci.
708 685 1018 743 ASstimatio
1037 688 1183 760 justa
1205 699 1261 745 ct
1280 690 1481 762 liquida
1504 701 1607 747 est.
1630 691 1880 747 Trecenti
1910 707 2039 763 ergo

432 789 560 836 sunt
601 780 747 851 pleni
796 794 849 839 et
869 782 1147 855 sexaginta
1177 795 1296 854 post
1324 784 1428 841 hos
1454 786 1584 841 anni
1612 802 1626 839 :
1655 802 1745 841 res
1773 785 1844 841 ita
1873 797 1957 842 est
1984 795 2042 842 ttt

432 876 635 934 indicat
660 881 992 951 supputatio.
1022 879 1192 949 Cujus
1220 896 1378 938 socer
1409 883 1632 939 Latinus
1656 883 1788 939 fuit?
1825 884 2035 942 Encas.

434 966 660 1026 Genitor
687 971 735 1026 is
780 971 982 1042 cujus?
1033 973 1230 1030 Albani
1279 975 1462 1045 oppidi
1509 975 1827 1031 conditoris.
1895 977 2039 1044 Quot

435 1064 577 1134 apud
603 1066 792 1121 Albam
826 1076 1109 1138 regnatum
1141 1076 1224 1123 est
1276 1070 1472 1125 annis?
1501 1069 1928 1141 quadringentis,
1987 1080 2041 1125 et

435 1169 604 1227 prope
655 1157 740 1213 bis
769 1156 943 1213 denis.
993 1157 1193 1214 Etatis
1244 1160 1373 1216 urbs
1408 1159 1581 1215 Rotua
1631 1161 1786 1232 cujus
1826 1175 1947 1217 esse
1983 1160 2038 1217 in

434 1247 717 1304 annalibus
770 1249 1068 1305 indicitur?
1120 1266 1290 1306 annos
1340 1251 1489 1308 ducit
1555 1253 1937 1324 quinquaginta
1987 1264 2043 1310 et

435 1345 607 1410 mille,
633 1354 727 1400 aut
756 1361 862 1400 non
895 1347 1121 1402 multum
1149 1349 1219 1404 ab
1242 1348 1324 1403 his
1375 1349 1572 1404 minus.
1604 1349 1745 1420 Ergo
1774 1349 1841 1405 ab
1866 1349 1999 1406 Jove
2023 1392 2039 1418 ,

437 1438 526 1508 qui
560 1436 727 1493 frater
771 1448 858 1494 est
908 1438 1042 1507 Pici,
1085 1441 1283 1511 quique
1334 1454 1488 1512 pater
1513 1451 1599 1497 est
1647 1444 1939 1510 minorum,
1988 1452 2042 1498 et

438 1530 773 1603 reliquorum
792 1532 1039 1602 deorum,
1062 1535 1187 1589 anui
1206 1535 1272 1589 ad
1297 1534 1411 1590 hzec
1433 1543 1671 1605 tempora
1693 1550 1863 1606 prope
1880 1535 2042 1591 millia

439 1622 549 1679 duo
592 1634 739 1691 sunt,
768 1635 863 1681 aut
888 1626 1052 1696 pleni,
1086 1636 1144 1682 ut
1186 1627 1479 1697 largiamur
1507 1628 1674 1684 aetati.
1719 1627 1873 1695 Quod
1919 1643 2040 1684 cum

439 1716 688 1789 redargui
738 1734 843 1774 non
875 1721 1065 1790 possit,
1095 1735 1202 1775 non
1234 1732 1437 1776 tantum
1468 1736 1660 1777 recens
1702 1730 1821 1776 nata
1853 1722 2043 1792 religio

2143 522 2236 565 aut
2265 512 2421 583 spatii
2451 512 2604 581 cujus
2630 521 2756 567 sunt
2783 513 2948 568 millia
2980 528 3242 570 annorum
3263 514 3394 580 dtto,
3422 515 3737 572 satculorutn

2143 605 2305 659 lautis
2335 615 2645 673 comparata
2677 621 2797 659 cum
2829 605 3089 661 millibus?
3108 607 3187 662 Ac
3212 617 3389 662 tamen
3423 623 3491 663 ne
3521 623 3731 664 causam

2142 706 2246 751 tant
2274 697 2428 768 longa
2457 686 2682 766 prodere
2708 696 3135 753 dissimulatione
3159 697 3462 764 videamur,
3492 700 3596 754 nisi
3623 715 3735 755 mo-

2140 789 2337 845 lestum
2389 800 2495 857 est,
2524 789 2707 853 dicite,
2738 789 3101 859 omnipotens,
3132 798 3187 844 et
3217 791 3421 859 primus
3451 789 3593 845 Deus
3638 805 3733 845 nec

2140 882 2275 938 vella
2299 882 2453 937 vobis
2480 883 2690 937 videtur
2734 897 2821 938 res
2863 898 3006 949 esse,
3035 892 3088 936 et
3112 884 3200 953 qui
3242 898 3364 938 eum
3416 893 3734 939 venerantes

2142 976 2347 1041 colunt,
2383 976 2669 1040 inauditas,
2688 978 3009 1047 incognitas,
3028 978 3333 1047 repentinas
3354 978 3561 1049 agitare
3581 989 3737 1045 atque

2145 1068 2409 1124 inducere
2453 1070 2775 1140 religiones?
2801 1070 2967 1126 Estne
3012 1071 3102 1125 illo
3132 1071 3402 1142 antiquius
3429 1072 3736 1141 quidquam,

2141 1170 2233 1213 aut
2275 1161 2415 1231 quod
2443 1177 2564 1214 eum
2600 1161 2869 1229 praecedat
2896 1178 2976 1228 re,
3002 1172 3267 1233 tempore,
3296 1162 3536 1225 nomine,
3573 1171 3741 1229 potest

2142 1247 2339 1323 aliquid
2372 1252 2648 1307 inveniri?
2691 1253 2880 1310 Nonne
2906 1257 3053 1310 solus
3084 1256 3350 1325 ingenitus
3371 1297 3386 1322 ,
3422 1255 3738 1311 immortalis

2142 1354 2194 1402 et
2224 1357 2513 1416 perpetuus
2541 1350 2689 1402 solus
2714 1349 2842 1403 est?
2887 1348 3020 1415 Quis
3040 1357 3221 1418 caput,
3248 1363 3339 1403 aut
3389 1349 3511 1404 fons
3565 1365 3737 1405 rerum

2144 1440 2267 1496 est?
2298 1456 2402 1495 non
2434 1441 2587 1509 ipse?
2613 1442 2696 1495 cui
2723 1440 2883 1497 debet
2933 1442 3204 1497 aeternitas
3233 1442 3337 1497 hoc
3378 1442 3580 1513 ipsum,
3602 1442 3739 1513 quod

2144 1543 2484 1602 nunCupatur
2511 1533 2826 1589 mteruitas?
2849 1550 2953 1589 non
2984 1533 3121 1603 ipsi?
3145 1534 3350 1588 inﬁnita
3381 1544 3440 1589 ut
3479 1535 3741 1605 prodeant

2143 1628 2358 1693 Saecula,
2392 1644 2497 1683 non
2526 1644 2593 1685 ex
2621 1628 2736 1699 ejus
2762 1628 3120 1699 perpetuitate
3155 1628 3473 1699 perficitur?
3516 1628 3729 1684 [ndubi-

2145 1721 2310 1777 tabile
2333 1722 2471 1775 istud
2502 1730 2557 1776 et
2586 1737 2805 1776 verum:
2837 1736 2941 1775 non
2974 1736 3103 1791 ergo
3142 1719 3285 1790 quod
3330 1721 3610 1790 sequimur
3646 1738 3734 1775 no-

441 1811 784 1880 osteuditur,
833 1828 994 1884 quam
1032 1813 1197 1870 obitis
1224 1834 1238 1869 ι
1263 1814 1361 1871 sed
1412 1813 1644 1871 infantes
1689 1825 1744 1870 et
1789 1814 2041 1879 paranos
2070 1806 2118 1866 B
2146 1830 2266 1869 vum
2298 1822 2399 1880 est,
2445 1814 2538 1869 sed
2577 1828 2675 1869 nos
2722 1829 2848 1870 sero
2888 1813 3266 1877 addidicimus,
3296 1813 3555 1883 quidnam
3599 1815 3745 1884 sequi

442 1917 565 1960 esse
590 1905 737 1975 ipsos
764 1904 941 1961 adhuc
967 1906 1119 1973 deos,
1144 1908 1339 1979 quibus
1367 1917 1550 1964 tauros
1577 1919 1737 1979 atque
1758 1909 1891 1965 alias
1914 1910 2038 1965 hos-

441 1996 544 2052 tias
570 2012 691 2053 cum
731 1997 973 2069 periculo
995 2001 1359 2071 corruptionis
1379 2003 1704 2074 suggeritisll
1721 2018 1857 2073 quos
1881 2018 2042 2074 opor-

441 2087 591 2146 tebat
610 2090 795 2149 adhuc
818 2092 1068 2149 mammis
1088 2103 1249 2166 atque
1269 2094 1470 2151 stillato
1493 2095 1627 2151 lacte
1655 2095 1865 2152 nutriri.

513 2181 726 2239 LXXII.
771 2185 843 2241 At
869 2185 1158 2256 religiones
1185 2198 1382 2243 vestra:
1402 2188 1584 2243 multis
1631 2188 1788 2245 annis
1839 2203 2040 2259 praece-

440 2272 577 2329 dunt
605 2284 948 2342 nostram,et
975 2292 1042 2335 eo
1072 2287 1198 2336 sunt
1250 2280 1511 2351 veriores,
1567 2282 1710 2354 quod
1760 2282 2041 2338 vetustatis

2147 1916 2390 1977 Oporteat
2421 1916 2472 1961 et
2522 1907 2701 1962 colere
2733 1924 2747 1960 :
2776 1914 2866 1959 aut
2896 1906 3110 1961 ubinam
3146 1905 3453 1972 conveniat,
3500 1914 3561 1960 et
3601 1920 3743 1974 spent

2147 2000 2335 2056 salutis
2360 1999 2581 2071 afﬁgere
2601 2044 2615 2068 ,
2649 2008 2706 2055 et
2734 1999 2988 2055 salutaria
3016 1997 3252 2082 subsidia
3281 1999 3574 2054 collocare.
3606 1998 3744 2053 Nou-

2148 2093 2273 2148 dum
2302 2092 2445 2148 enim
2472 2091 2765 2158 affulserat,
2795 2091 2884 2162 qui
2906 2091 3044 2145 viam
3069 2100 3397 2145 monstraret
3417 2090 3740 2155 errantibus,

2149 2193 2203 2241 et
2227 2183 2453 2254 caligine
2492 2184 2544 2238 in
2575 2183 2833 2239 altissima
2862 2181 3168 2239 constitutis
3193 2181 3517 2251 cognitionis
3567 2181 3739 2237 lumen

2148 2281 2477 2346 immitteret,
2503 2289 2559 2336 et
2584 2278 2932 2351 ignorationis
2957 2276 3248 2335 discuteret
3271 2276 3598 2334 caecitatem.

440 2368 759 2425 auctoritate
802 2370 1025 2427 munita:
1071 2380 1217 2428 sunt.
1253 2371 1464 2446 thuid
1484 2389 1578 2431 eas
1627 2374 1848 2447 prodest
1889 2376 2047 2431 annis
2127 2402 2137 2411 -

1722 2489 2014 2548 LECTION
2019 2490 2101 2547 ES
2138 2485 2551 2545 VARIANTES.

507 2606 534 2638 ³
566 2603 829 2671 Oggeritis
846 2604 988 2661 Fulv.

1820 2693 2390 2752 COMMENTARIUS.

443 2797 786 2868 μανιώδεις.
839 2796 914 2851 De
963 2796 1178 2853 Saturni
1225 2812 1392 2868 regno
1438 2796 1646 2867 profugi
1691 2796 1928 2851 adventu
1978 2797 2030 2851 in

441 2864 678 2930 Italiam,
706 2867 855 2931 Pico,
887 2868 1107 2935 Fauno,
1134 2877 1241 2925 etc.
1265 2864 1452 2927 fvide’
1477 2869 1723 2938 inprimis
1754 2868 2030 2922 Aurelium

440 2937 715 3011 Victorem
736 2980 752 3001 ,
776 2940 844 2993 de
870 2939 1090 3011 Origine
1117 2940 1306 2995 Gentis
1335 2937 1605 3009 romanae,
1634 2956 1753 3009 cap.
1786 2957 1841 2995 ιιι
1874 2951 1927 2996 et
1956 2956 2031 3003 tv,

441 3010 623 3076 ibique
651 3011 991 3077 interpretes.
1021 3012 1225 3068 Οιιειι..

527 3064 697 3135 Vultis
729 3064 945 3136 qunus
976 3064 1258 3138 Latinus—et
1285 3083 1439 3139 Picus
1468 3083 1617 3138 annis
1642 3083 1865 3138 vixerint
1905 3084 2039 3138 vice-
2071 3064 2116 3126 (ἶ

444 3153 527 3226 nis
555 3164 707 3226 atque
729 3154 993 3226 centenis?
1018 3156 1156 3209 ultra
1201 3155 1336 3209 enim
1386 3165 1602 3226 negatur
1632 3170 1779 3222 posse
1823 3154 2044 3226 hominis

444 3225 550 3279 vita
579 3223 811 3291 produci.
862 3224 996 3281 Nota
1050 3226 1271 3279 historia
1300 3223 1477 3295 magni
1528 3226 1691 3280 Panis
1739 3225 1939 3278 mortui
1991 3236 2045 3277 et

446 3295 678 3368 aliorum
705 3295 1009 3368 ‘geniornm
1060 3297 1306 3353 intr-ritus
1350 3297 1491 3368 apud
1545 3296 1927 3368 Plutarchum.
1976 3295 2046 3351 de

447 3365 661 3421 defectu
694 3364 1070 3422 Oraculorum.
1124 3364 1405 3424 Manifestti
1448 3368 1651 3424 Statius
1697 3367 1869 3422 Tlteb.
1897 3408 1913 3433 ,
1945 3383 1995 3420 vt
2027 3409 2043 3429 ,

447 3438 550 3511 96,
586 3437 913 3493 deteriorem
954 3438 1215 3511 Nymphis
1241 3438 1542 3493 Faunorum
1571 3438 1936 3493 conditionem
1969 3437 2047 3491 fa-

448 3510 558 3572 cit,
615 3525 736 3563 cum
781 3526 955 3581 eorum
992 3510 1168 3581 greges
1212 3510 1464 3565 interiisse
1507 3511 1645 3565 dicat
1698 3511 1916 3564 durante
1953 3510 2049 3563 hac

448 3582 601 3636 silva.
637 3582 858 3637 Servius
886 3580 952 3635 ad
994 3580 1122 3636 Ain.
1148 3624 1162 3642 ,
1193 3598 1242 3648 ι,
1278 3582 1419 3641 572ξ
1457 3581 1714 3652 Nympha:
1738 3599 1838 3635 non
1875 3582 2050 3635 omnia.

448 3653 657 3717 sitiunt;
696 3669 817 3707 nam
860 3662 908 3706 et
951 3653 1241 3707 moriuntur
1284 3654 1562 3709 secundum
1607 3653 1960 3715 Aristotelem,
1995 3663 2049 3707 ut

452 3722 629 3852 gigni
675 3724 958 3795 Panesque.
990 3723 1271 3781 Claudian.
1296 3767 1310 3793 ,
1344 3725 1413 3781 de
1457 3724 1615 3795 Itapt.
1667 3724 1920 3795 Proserp.
1955 3739 2046 3792 ιιι,

578 3941 592 3956 .
633 3944 645 3955 .
686 3944 698 3956 .
736 3943 749 3955 .
789 3945 823 3957 ..
862 3943 878 3958 .
913 3944 926 3958 .
980 3908 1177 3960 Pariter
1196 3914 1403 3960 traxere
1419 3910 1640 3967 ruinam,

576 3968 639 4035 Et
660 3970 847 4029 pariter
869 3983 1081 4035 posuere
1102 3984 1309 4029 comam,
1334 3985 1610 4035 campoque
1628 3970 1929 4021 recumbunt

579 4031 1233 4097 Faunorum_Dryadumque
1267 4034 1428 4084 dolor.

850 4095 1082 4163 mum,
1111 4098 1181 4151 ad
1202 4096 1362 4165 Stat.,
1385 4097 1487 4152 vol.
1517 4112 1596 4161 ιιι,
1629 4112 1749 4167 pag.
1784 4095 1910 4151 58:2.

526 4207 732 4281 liueat.
778 4207 988 4264 Genitor
1028 4210 1073 4281 is
1102 4211 1296 4281 cujus?
1324 4209 1508 4281 Albani
1536 4208 1717 4280 Oppidi
1752 4208 2047 4281 conditoris.

454 4278 531 4335 Ita
578 4279 722 4334 edidi
754 4296 816 4335 ex
869 4278 1251 4336 emendatione
1297 4278 1651 4336 Freinshemii
1697 4281 1750 4335 in
1783 4280 1958 4333 Iudice
1989 4279 2054 4333 ad

457 4349 679 4404 Florum
708 4352 877 4405 verbo
910 4350 1078 4406 Iulus.
1108 4351 1241 4406 Cod.
1290 4368 1387 4406 ms.
1425 4362 1480 4407 et
1508 4352 1775 4406 editiones
1805 4367 1927 4404 eum
1962 4366 2054 4405 se-

440 4421 821 4493 cutmhabent
851 4441 864 4476 :
893 4421 1111 4487 ﬁnem,
1145 4424 1385 4493 genitoris
1425 4423 1573 4478 latini
1599 4423 1826 4491 :cujus?
1866 4420 2053 4475 Albani

460 4491 637 4561 oppidi
667 4494 964 4560 conditoris,
1011 4491 1377 4561 vitiosissime,
1407 4505 1460 4549 et
1505 4503 1694 4549 contra
1726 4507 1941 4547 omnem
1997 4496 2056 4543 ti—

460 4560 605 4633 dem,
639 4562 973 4617 historicam.
1026 4565 1126 4621 01).
1176 4560 1423 4622 Gifauins
1477 4566 1601 4630 legit
1638 4562 1870 4618 :zEnea:
1913 4564 2056 4633 geni-

462 4632 615 4686 toris?
643 4635 812 4689 cuins.
838 4643 923 4689 etc
951 4676 967 4701 ,
1016 4637 1276 4702 probante
1326 4637 1427 4691 Th.
1471 4636 1724 4690 Cautero.
1770 4632 1925 4687 Fulv.
1958 4633 2058 4690 Ur-

462 4702 616 4776 sinus
635 4721 648 4758 :
671 4703 858 4776 ZEnetP
878 4708 1117 4773 genitoris
1136 4708 1550 4775 Asranii,Albani
1565 4706 1744 4776 Oppidi
1760 4705 2055 4760 conditoris.

465 4773 783 4846 salmasius,
816 4775 867 4829 iu
896 4776 961 4829 ed
993 4777 1159 4846 Lugd.
1209 4773 1352 4840 Bat.,
1383 4778 1552 4833 edidit
1580 4773 1634 4831 et
1674 4778 2011 4841 interpuuxit
2042 4793 2054 4829 :

465 4843 918 4921 agnem-Genitor
945 4849 1005 4921 is
1036 4843 1260 4903 Ascanii.
1282 4849 1484 4921 Cujus?
1512 4848 1699 4921 Albani
1718 4848 1902 4921 oppidi
1934 4864 2060 4902 cou-

466 4916 647 4970 ditaris
678 4934 697 4972 :
731 4918 801 4970 ita
834 4927 891 4971 ιιι
931 4919 1190 4972 Ascanius
1232 4916 1379 4974 Alba}
1417 4920 1670 4974 conditor
1698 4918 2063 4986 distinguatur

466 4986 696 5061 abgaliig
725 4990 1184 5061 Ascaniis,verbi
1227 5006 1386 5046 causa
1428 4990 1653 5046 ductore
1698 4990 1967 5061 Phrygum
2008 4990 2061 5041 in

466 5058 612 5113 bello
654 5058 912 5127 Trojano,
941 5060 1094 5127 cujus
1116 5063 1359 5116 meminit
1403 5061 1689 5117 Homerus.
1724 5058 1895 5124 l|.,'tt,
1935 5060 2061 5122 862,

467 5139 522 5183 et
542 5145 666 5202 Astu,
700 5131 826 5186 792.
859 5131 964 5186 Sed
1013 5134 1435 5202 quotusquisque
1486 5142 1602 5186 erat
1653 5131 1933 5202 lcctorumi
1965 5134 2065 5185 Ar-

468 5200 638 5272 nobii.
668 5203 757 5271 qui
808 5203 971 5256 alium
1004 5200 1290 5257 Ascanium
1324 5204 1631 5272 cogitasset,
1675 5217 1834 5272 quam
1875 5201 2064 5257 AEnea:

469 5270 661 5336 lilium,
692 5270 1056 5328 conditorem
1091 5274 1272 5327 Albae?
1302 5270 1564 5329 Meursius
1596 5270 1815 5331 tandem
1859 5277 1937 5329 sic
1981 5290 2063 5329 re-

469 5342 622 5411 ﬁugit
652 5362 666 5396 ε
697 5341 904 5398 (Fuere.
940 5342 1150 5400 Generis
1182 5344 1371 5399 Latini.
1404 5344 1607 5401 OnsLL.

540 5433 718 5488 Annos
763 5434 903 5488 ducit
954 5436 1322 5508 quinquaginta
1366 5446 1413 5492 et
1467 5438 1626 5492 mille.
1670 5437 1856 5508 Ducit,
1890 5436 1957 5508 id_
1994 5445 2068 5489 est

470 5514 751 5569 computat,
783 5516 1033 5571 numerat,
1073 5517 1129 5561 ut
1157 5506 1293 5561 bene
1325 5509 1705 5576 interpretatur
1731 5508 1780 5563 J.
1812 5507 1899 5562 Fr.
1927 5506 2065 5561 Gro-

474 5576 899 5650 novius,»0bss.,
931 5576 1048 5650 lih.,
1077 5594 1137 5643 tt,
1167 5594 1287 5648 cap.
1316 5580 1402 5644 10,
1435 5595 1553 5650 pag.
1592 5581 1709 5636 l50.
1742 5593 1882 5645 seq..
1905 5589 1958 5633 et
1987 5592 2069 5633 re-

476 5647 610 5701 futat
654 5648 829 5701 virum
872 5648 1172 5709 eruditum,
1208 5651 1391 5706 nescio
1436 5647 1594 5715 quem
1617 5692 1632 5713 ,
1660 5651 2015 5716 explicantem
2050 5665 2065 5701 :

476 5716 661 5798 Durat.
698 5717 890 5774 Ducere
919 5720 1139 5803 verbum
1171 5721 1537 5803 arit_l_unetices
1565 5732 1618 5778 et
1649 5721 1913 5803 ratiocinii
1947 5734 2072 5803 prof

481 5787 677 5856 prium,
704 5803 810 5847 non
857 5800 1062 5847 tantum
1087 5791 1157 5849 de
1180 5792 1473 5860 additionc,
1505 5804 1566 5850 ut
1604 5792 1715 5851 vult
1747 5787 1982 5858 Ernesti,
2017 5791 2070 5847 in

2141 2795 2275 2849 clavi
2306 2793 2440 2860 Cic.,
2461 2792 2562 2846 hoc
2590 2791 2774 2850 verbo.
2796 2789 2890 2845 sed
2922 2787 2989 2845 de
3004 2789 3150 2843 omni
3181 2788 3553 2856 computo.lta
3584 2788 3744 2854 Gell.,

2146 2866 2239 2920 lib.
2270 2882 2286 2920 ι
2311 2906 2325 2929 ,
2356 2880 2475 2934 cap.
2510 2864 2581 2918 “20
2613 2883 2625 2917 :
2660 2861 2725 2916 In
2754 2862 2975 2934 numeris
2994 2863 3147 2914 etiam
3171 2860 3406 2934 similiter
3420 2862 3589 2934 κύϐος
3614 2862 3748 2914 duci-

2145 2948 2227 2991 tur
2257 2953 2372 2989 cum
2400 2932 2548 2989 omne
2576 2935 2710 2988 latus
2735 2933 2963 3000 ejusdem
3012 2934 3208 2985 numeri
3238 2932 3509 2999 trquuliter
3549 2938 3605 2987 tu
3651 2948 3749 2987 sese

2146 3010 2381 3065 solvitur.
2415 3009 2544 3061 sicut
2575 3008 2652 3071 fit,
2678 3022 2792 3059 cum
2819 3014 2893 3058 ter
2914 3004 3045 3057 dena
3072 3004 3351 3057 ducuntur.
3377 3002 3586 3058 Ottch.

2220 3081 2321 3133 Aut
2349 3079 2504 3147 pleni.
2552 3079 2623 3131 lla
2665 3075 2950 3140 legendum
2980 3090 3101 3147 esse
3135 3089 3256 3129 cum
3306 3073 3746 3147 FulvioAUrsino,

2147 3144 2653 3216 docent—sequentia
2686 3148 2849 3203 verba
2878 3155 2933 3201 ut
2960 3146 3248 3217 largiantur
3285 3146 3449 3200 aetati.
3484 3144 3620 3201 Cod.
3653 3162 3748 3200 ms.

2150 3223 2289 3276 haud
2322 3221 2479 3289 pleni.
2509 3222 2716 3276 ORELL.

2228 3293 2515 3363 Religio....
2546 3309 2697 3362 quam
2720 3291 2892 3363 abitis.
2923 3289 2981 3363 ld
3010 3297 3092 3344 est
3116 3304 3276 3363 quam
3320 3289 3529 3363 colitis.
3553 3289 3646 3363 Sic
3672 3289 3749 3342 itt-

2152 3366 2230 3419 lra
2273 3361 2361 3418 lib'.
2414 3381 2499 3429 ιιι,
2545 3361 2662 3429 cap.
2713 3362 2747 3417 5
2796 3380 2808 3414 :
2844 3361 3176 3431 Reliquorum
3203 3361 3415 3413 deorum
3447 3361 3615 3430 ofﬁcia
3658 3377 3751 3412 non

2154 3436 2322 3500 abitis,
2357 3453 2453 3503 pro
2486 3456 2497 3488 :
2531 3434 2650 3488 Non
2685 3435 2940 3502 prmstalis
2966 3431 3175 3498 reliquis
3212 3431 3311 3485 diis
3333 3432 3517 3556 rigida.
3553 3432 3749 3486 Onus.

2224 3506 2348 3556 Cum
2378 3506 2603 3556 periculo
2630 3505 2975 3556 corruptionis
3018 3503 3310 3556 suaaeritis.
3390 3504 3628 3556 orrnntio
3659 3520 3749 3556 sa:-

2224 3506 2348 3562 Cum
2378 3506 2603 3575 periculo
2630 3505 2975 3574 corruptionis
3018 3503 3310 3575 suggeritis.
3348 3503 3628 3575 corruptio
3659 3520 3752 3556 sa:-

2156 3573 2469 3647 pissimcde
2499 3578 2709 3640 morbo,
2739 3573 2881 3646 quod
2913 3589 3109 3644 corpus
3138 3574 3342 3647 invadit
3348 3573 3482 3647 .-εἰς
3506 3585 3625 3627 ater
3646 3590 3753 3627 cor-

2152 3643 2289 3718 rupti
2315 3650 2542 3716 corporis
2568 3643 2861 3715 Immor'ap.
2896 3643 3143 3718 Lucret..
3169 3661 3248 3718 ttt,
3278 3643 3408 3718 502ἶ
3441 3644 3754 3718 Prosngge-

2152 3716 2287 3784 ritis,
2322 3720 2474 3774 Fulv.
2507 3718 2690 3776 Ursin.
2726 3718 2927 3773 mavult
2974 3717 3234 3788 oggeritis,
3267 3716 3411 3788 quod
3446 3716 3750 3788 antiquius.

2154 3792 2259 3845 Sed
2293 3793 2365 3846 nil
2395 3791 2726 3845 mutaudttm.
2763 3788 2909 3843 Cibos
2936 3804 3206 3857 suggerere
3234 3787 3392 3842 alicui
3422 3787 3559 3842 dicit
3600 3787 3751 3842 etiam

2156 3863 2378 3922 Statius,
2408 3862 2606 3925 Theb.,
2642 3879 2716 3923 ιχ,
2747 3861 2871 3916 740.
2902 3861 3107 3915 Onus.

2227 3934 2440 3990 LXXII.
2469 3962 2537 3975 --
2567 3936 2641 3986 Ac
2690 3944 2855 3986 tamen
2903 3949 2965 3985 ne
3018 3948 3225 3985 causam
3279 3942 3383 3984 tant
3433 3931 3595 4000 longa
3646 3947 3755 3998 pra-

2155 4007 2333 4062 cedere
2364 4004 2771 4059 dissimulatione
2798 4004 3083 4058 videamur.
3121 4002 3193 4056 lta
3227 4002 3369 4057 edidi
3406 4018 3475 4056 ex
3506 4004 3754 4056 eluenda-

2157 4079 2302 4132 tione
2329 4077 2432 4132 Th.
2465 4076 2701 4138 Cauteri,
2736 4091 2895 4143 quam
2932 4074 3124 4143 prohat
3148 4074 3323 4128 editor
3352 4074 3523 4144 Lugd.
3555 4073 3675 4128 Bat.
3708 4083 3754 4127 ct

2156 4148 2566 4204 Freinshemius
2622 4148 2673 4200 in
2716 4147 2894 4200 Iudice
2948 4144 3013 4199 ad
3071 4146 3291 4200 Florum
3337 4150 3505 4199 verbo
3553 4156 3752 4199 vetem.

2155 4218 2288 4275 Cod.
2321 4236 2422 4275 ms.
2456 4230 2508 4271 et
2537 4217 2622 4275 ed.
2659 4218 2907 4287 princeps
2933 4216 3093 4271 Rom.
3128 4218 3325 4271 habent
3356 4235 3369 4271 :
3400 4217 3474 4269 Ac
3503 4226 3675 4270 tamen
3701 4231 3757 4268 ne

2158 4307 2367 4345 causam
2418 4301 2521 4343 tam
2568 4286 2793 4357 longam,
2823 4286 2955 4353 elc.,
3004 4288 3148 4357 quod
3195 4286 3493 4343 defendere
3537 4297 3755 4341 conatur

2161 4363 2423 4417 Heraldus
2455 4371 2648 4431 putans
2672 4375 2939 4415 excusare
2965 4375 3023 4414 se
3052 4360 3373 4419 Arnohimu,
3403 4360 3547 4428 quod
3580 4360 3633 4431 in
3666 4358 3753 4411 hac

2081 4448 2135 4507 1)
2159 4429 2743 4507 disputatioue‘diutius
2774 4432 3112 4507 humaretur,
3138 4431 3318 4507 dicere
3338 4431 3545 4501 itaque,
3579 4429 3679 4484 ltoc
3703 4444 3755 4507 se

2160 4499 2407 4561 consulto
2450 4504 2659 4567 fecisse,
2715 4518 2782 4557 ne
2831 4503 3048 4557 brevius
3073 4502 3304 4567 agendo,
3336 4511 3390 4556 et
3431 4499 3494 4557 ea
3538 4518 3661 4572 quae
3697 4499 3754 4553 ad

2162 4588 2276 4631 rem
2328 4574 2666 4644 pertinebant
2694 4573 2992 4638 reticendo,
3023 4573 3294 4629 videretur
3328 4589 3572 4633 causam,
3605 4586 3754 4644 quam

2162 4647 2554 4702 defendendam
2606 4653 2941 4711 susceperat,
2970 4645 3200 4716 prodere
3245 4645 3506 4700 voluisse.
3533 4644 3645 4699 Sed
3680 4658 3754 4716 ea,

2162 4735 2283 4789 qua:
2312 4732 2464 4772 antea
2496 4717 2550 4770 iu
2582 4717 2681 4769 hoc
2714 4717 2851 4769 libro
2880 4713 3248 4789 disputaverat
3279 4718 3583 4789 Arnobius,
3616 4713 3755 4789 verbi

2163 4786 2347 4856 causa,
2385 4789 2451 4843 de
2493 4798 2612 4843 ortu
2654 4790 2976 4850 animarum,
3021 4788 3085 4842 ad
3133 4804 3347 4843 causam
3381 4788 3523 4841 illam
3549 4786 3758 4841 minime

2165 4860 2457 4929 pertinent,
2492 4870 2545 4913 et
2573 4861 2640 4913 ab
2661 4859 2841 4928 operis
2872 4860 3104 4914 consilio
3135 4876 3355 4928 prorsus
3384 4869 3513 4914 sunt
3539 4859 3712 4913 aliena
3740 4875 3754 4929 ς

2165 4926 2295 4986 dicit
2325 4934 2503 4998 itaque
2552 4926 2710 5000 plane
2744 4932 3095 4995 contrarium,
3131 4926 3406 4993 nimirum,
3453 4947 3513 4986 se
3556 4931 3667 4999 jam
3696 4926 3756 4981 ad

2165 5004 2347 5072 operis
2379 5004 2711 5070 propositum
2740 5002 3037 5064 reﬂectere,
3072 5019 3138 5056 ue
3167 5002 3410 5056 videatur
3460 5003 3623 5057 rebus
3663 5001 3757 5054 mi-

2167 5089 2269 5129 nus
2323 5074 2643 5129 necessariis
2691 5073 2889 5127 diutius
2943 5073 3283 5128 immorando
3331 5088 3552 5127 causam
3608 5086 3749 5126 suam

2167 5145 2396 5216 prodere
2425 5145 2658 5199 voluisse
2700 5164 2712 5197 :
2749 5144 3008 5199 hactenus
3032 5152 3174 5199 cuitu
3216 5144 3494 5199 distulerat
3530 5145 3756 5216 veri_ar-

2166 5213 2404 5286 gutuenti
2452 5216 2617 5270 rubttr
2661 5231 2927 5283 promere.
2982 5216 3288 5285 Legendutu
3337 5217 3518 5284 itaque
3574 5234 3589 5269 :
3639 5213 3757 5286 Tum

2168 5282 2411 5356 longa....
2462 5282 2885 5341 dissimulatione.
2920 5282 3298 5351 Dissiiuulatio,
3329 5282 3672 5346 dissimulare,
3698 5282 3758 5336 de

2168 5360 2234 5412 iis
2259 5359 2351 5427 qui
2390 5360 2635 5412 consulto
2665 5359 2888 5414 reticent
2925 5360 3228 5422 veritatem,
3258 5360 3515 5413 omittunt
3541 5373 3603 5411 ea
3628 5367 3758 5427 qua:

2169 5431 2234 5483 ad
2264 5426 2478 5483 causam
2533 5431 2821 5496 pertinent.
2851 5430 2984 5486 Vide
3012 5446 3174 5499 supra
3222 5430 3287 5484 ad
3334 5445 3455 5497 cap.
3488 5428 3577 5483 M.
3608 5426 3758 5499 Gele-

2169 5504 2292 5556 nius
2315 5501 2481 5555 cdidit
2510 5519 2522 5554 :
2563 5501 2643 5554 Ne
2671 5519 2879 5555 causam
2903 5511 3003 5555 tum
3023 5498 3208 5556 bonum
3233 5503 3448 5572 prodere
3477 5498 3759 5554 dissimula-

2171 5573 2305 5627 tione
2331 5572 2612 5627 rideantur.
2639 5572 2796 5627 Male.
2827 5574 3033 5628 OaELL.

2246 5643 2395 5711 Quod
2421 5654 2745 5712 nuncupatur
2769 5648 3049 5700 mentitus.
3079 5645 3155 5699 Ita
3203 5643 3471 5701 Meursius
3500 5651 3551 5696 et
3594 5640 3759 5695 editor

2170 5715 2341 5787 Lugd.
2371 5715 2485 5769 Bal.
2516 5716 2617 5769 Alii
2644 5734 2656 5769 :
2687 5718 2801 5783 Quo
2835 5727 3161 5787 nuncupatur
3180 5717 3458 5771 a'trrnitas.
3487 5716 3690 5787 (lacu.

2250 5785 2470 5843 Ubinam
2499 5790 2787 5853 conveniat,
2813 5795 2923 5847 etc.
2946 5785 3021 5844 Ita
3052 5786 3202 5844 Fulv.
3229 5787 3477 5844 Ursinus.
3499 5786 3632 5841 Cod.
3658 5799 3749 5841 ms.-
