3970 6312
206 292 316 350 937

1551 284 1754 343 LIBER
1796 282 2114 343 TERTIUS.

3412 276 3517 334 958

214 428 3499 468 MM

1232 470 1711 655 LIBER
1774 462 2493 651 TERTIUS.

1529 927 1785 993 INDEX
1812 904 2201 990 'CAPITUM.
2334 925 2343 1014 ξ

204 1113 506 1173 Christiana
533 1111 714 1184 religio
739 1108 803 1165 ab
828 1107 1025 1165 eximiis
1067 1106 1191 1162 uiris
1225 1101 1539 1176 jamdudum
1567 1097 1693 1154 satis
1718 1112 1808 1151 su-
1839 1096 1893 1156 A
1917 1094 2082 1152 Suam
2118 1097 2420 1152 sententiam
2459 1097 2730 1167 conﬁrmat
2756 1108 2955 1165 auctor,
2996 1100 3181 1156 horum
3209 1100 3514 1173 officiorum,

279 1222 471 1278 perque
497 1205 736 1271 adserto;
765 1218 880 1274 qua:
905 1211 1071 1257 tamen
1098 1198 1243 1254 nullo
1274 1211 1483 1269 prorsus
1512 1191 1712 1248 vindice
1731 1189 1815 1245 in-

280 1304 421 1373 diget
450 1317 539 1374 per
559 1300 777 1372 seipsam
805 1298 957 1372 plane
985 1297 1308 1351 inconcussa.
1579 1286 1710 1357 Cap.
1759 1286 1811 1340 1.

205 1394 558 1465 Interceptam
600 1390 942 1463 defensionem
988 1400 1247 1444 resumens
1287 1382 1562 1448 Arnobius,
1600 1377 1816 1435 ethnicis

282 1484 594 1556 respondet,
624 1499 715 1537 cur
740 1481 1011 1538 christiani
1036 1479 1158 1535 deos
1186 1494 1279 1534 nec
1305 1476 1526 1532 colerent
1545 1480 1644 1527 'nec
1679 1471 1813 1526 ado-

278 1589 476 1634 rarent.
509 1576 578 1632 In
608 1574 719 1631 Deo
745 1591 915 1631 rerum
940 1573 1169 1630 ontnium
1200 1581 1431 1627 creatore
1458 1567 1706 1641 quidquid
1726 1582 1812 1621 co-

284 1673 497 1729 lendum
527 1681 576 1727 et
601 1669 922 1726 adorandum
959 1677 1054 1737 est,
1092 1686 1125 1723 a
1165 1665 1460 1722 christianis
1490 1664 1588 1718 coli
1617 1672 1662 1718 et
1686 1660 1811 1715 ado-

280 1765 414 1821 rari.
448 1764 510 1821 Si
537 1765 623 1836 qui
646 1778 768 1835 ergo
797 1762 871 1817 dii
896 1761 1021 1829 sint,
1067 1761 1241 1816 abillo
1270 1758 1520 1831 originem
1541 1772 1689 1811 suam
1719 1753 1816 1808 du-

281 1870 407 1915 cunt
436 1858 663 1931 atquein
693 1873 751 1913 eo
777 1851 1039 1913 coluntur.
1498 1849 1626 1919 Cap.
1654 1847 1710 1915 2,
1754 1847 1808 1902 5.

207 1953 278 2011 At
324 1953 446 2010 illos
486 1968 660 2008 revera
698 1966 804 2007 esse
841 1950 961 2006 deos
997 1947 1203 2022 probari
1238 1959 1513 2016 numquam
1552 1940 1715 2015 potuit
1747 1940 1811 1995 ab

284 2046 505 2104 ethnicis
530 2045 713 2117 quibus
742 2045 1110 2114 incompertum
1150 2056 1349 2112 semper
1373 2038 1473 2111 fuit
1494 2080 1511 2104 ,
1562 2032 1653 2090 aut
1679 2032 1816 2089 unde

291 2140 504 2195 nomina
526 2154 622 2194 sua
661 2136 970 2208 acceperint,
1013 2143 1103 2190 aut
1132 2142 1323 2206 quanta
1349 2131 1413 2187 sit
1443 2145 1616 2186 eorum
1643 2126 1815 2182 multi.

289 2234 441 2289 tudo.
1504 2220 1635 2293 Cap.
1665 2221 1718 2286 4,
1759 2219 1815 2276 5.

218 2326 456 2384 Ulterius
486 2324 812 2398 progreditur
837 2330 1017 2377 auctor
1050 2328 1198 2390 atque
1221 2333 1285 2373 ex
1311 2317 1390 2372 his
1414 2330 1526 2387 qua:
1552 2312 1739 2369 ethnici
1758 2312 1821 2366 de

1993 1191 2176 1262 quibus
2200 1192 2274 1247 dii
2300 1201 2548 1264 prtesttnt,
2581 1195 2959 1251 enumeratione
2980 1205 3209 1269 peracta.

2905 1289 3036 1360 Cap.
3067 1288 3157 1356 εξ,
3186 1290 3278 1359 25,
3310 1291 3400 1358 24,
3429 1291 3522 1348 25.

1924 1398 2074 1455 Idem
2114 1402 2432 1472 persequitur
2478 1413 2871 1475 arguntentum,
2916 1404 3271 1475 concluditque
3326 1406 3521 1476 placita

1997 1493 2252 1564 ejusmodi
2272 1495 2527 1550 neminem
2549 1513 2787 1567 umquam
2812 1514 3172 1569 persuasurum
3193 1494 3525 1565 Christianis,

1991 1589 2357 1658 quantumlibet
2373 1590 2520 1659 impii
2540 1600 2587 1644 et
2601 1591 2741 1646 athei
2764 1592 3022 1646 dicantur.
3046 1591 3177 1665 Cap.
3201 1592 3297 1659 26,
3321 1593 3414 1658 ‘27,
3432 1594 3524 1650 ‘28.

1920 1678 2159 1736 Fictitios
2203 1692 2448 1751 praeterea
2489 1685 2697 1739 omnino
2737 1700 2843 1739 esse
2888 1685 3155 1754 gentilium
3188 1684 3321 1741 Deos
3365 1686 3517 1741 lucu-

1993 1775 2151 1830 lenter
2177 1775 2494 1831 demonstrat
2521 1776 2779 1831 Arnobius
2806 1794 2870 1832 ea:
2905 1778 3060 1832 variis
3091 1777 3297 1833 illorum
3324 1780 3525 1849 opinio-

1993 1868 2161 1934 nibus,
2195 1884 2310 1939 qute
2337 1869 2400 1923 de
2440 1869 2617 1924 iisdem
2646 1869 2938 1924 numinibus
2969 1870 3422 1942 circumferuntur,
3479 1881 3525 1927 et

1996 1959 2217 2029 primum
2242 1961 2306 2014 de
2333 1964 2494 2029 Juno,
2526 1960 2773 2031 Saturno,
2809 1961 2936 2017 Jove
2962 1972 3011 2017 et
3038 1960 3072 2017 J
3081 1979 3269 2019 unone.

3135 2058 3264 2130 Cap.
3296 2059 3391 2127 29,
3433 2060 3524 2117 30.

1925 2168 2123 2225 Deinde
2142 2170 2205 2224 de
2231 2169 2482 2237 Minerva,
2510 2169 2771 2244 Neptuno,
2800 2170 3077 2241 Mercurio,
3106 2171 3299 2245 Magna
3327 2172 3519 2243 Matre,

1998 2263 2181 2319 Libero
2228 2274 2379 2336 atque
2416 2265 2674 2335 Apolline.
2721 2266 2803 2321 Ad
2846 2267 2953 2323 htec
2992 2267 3057 2322 de
3089 2267 3260 2323 Diana
3287 2312 3300 2332 ,
3343 2268 3529 2326 Cerere

1999 2356 2230 2428 aliisque,
2278 2373 2370 2412 nec
2408 2374 2510 2413 non
2540 2357 2605 2413 de
2636 2356 2856 2423 Mundo,
2891 2376 3039 2429 quem
3069 2363 3263 2431 frustra
3292 2362 3535 2417 nonnulli

288 2420 393 2476 diis
434 2420 544 2475 suis
581 2417 958 2493 prtedicabaut,
1001 2414 1173 2470 nullos
1216 2427 1323 2468 esse
1360 2408 1681 2481 apertissime
1726 2406 1818 2461 αθ·
1858 2432 1906 2492 Β
2001 2406 2601 2507 ’ᾗέᾶχὲιᾶἶυᾶἔπζ
2636 2406 2856 2423 ””””
2891 2406 3039 2429 ""'"
3069 2406 3265 2464 """"',

452 2522 463 2527 _
533 2521 545 2527 -
624 2510 661 2527 η
697 2512 710 2524 .
998 2509 1103 2527 .-η
1141 2522 1304 2527 ,ΜΨ
1342 2513 1382 2527 ,.
1416 2502 1632 2527 ηωεη,
1661 2514 1809 2527 MM
2620 2462 2885 2522 putarunt.
2920 2451 3006 2509 Ea:
3040 2470 3141 2521 qua
3179 2454 3382 2527 quidem
3419 2472 3533 2525 ορι-

290 2521 566 2569 monstrat.
616 2510 796 2566 Primo
825 2512 958 2566 enim
987 2509 1109 2563 deos
1139 2522 1305 2560 mares
1334 2513 1382 2559 et
1412 2502 1632 2573 feminas
1661 2514 1814 2554 uene.

292 2606 567 2673 rebantur,
595 2614 647 2661 at
675 2605 900 2661 divinam
920 2613 1157 2659 naturam
1181 2599 1374 2656 nullius
1402 2613 1510 2654 esse
1537 2612 1690 2652 sexus
1730 2610 1822 2649 ca—

299 2715 481 2773 pacem
506 2698 887 2767 comprobatur.
921 2695 1178 2752 Praeterea
1204 2694 1250 2748 si
1292 2691 1366 2747 dii
1393 2690 1620 2763 gentium
1661 2703 1817 2759 gene-

289 2809 411 2850 rare
437 2809 499 2849 ac
513 2791 748 2864 generari
764 2798 990 2859 possent,
1011 2803 1171 2853 quum
1189 2786 1457 2856 fingantur
1482 2778 1817 2845 immortales,

283 2890 404 2960 jam
432 2885 665 2955 infinitus
692 2891 822 2938 esset
851 2897 1028 2937 eorum
1057 2893 1315 2934 numerus.
1363 2875 1493 2947 Cap.
1519 2873 1574 2938 6,
1599 2874 1653 2937 7,
1678 2872 1733 2940 8,
1760 2871 1817 2928 9.

214 2980 301 3037 Ad
332 2979 444 3035 hinc
472 2977 622 3051 [tedis
642 2974 1010 3045 cupiditatibus
1040 2987 1101 3026 ac
1127 2966 1473 3039 uoluptatibus
1495 2964 1815 3021 contamina-

288 3080 467 3128 rentur
490 3068 584 3124 dii.
619 3068 741 3123 Non
781 3076 857 3123 est
896 3081 1039 3139 ergo,
1092 3080 1184 3118 cur
1208 3060 1398 3117 ethnici
1441 3053 1578 3132 aegre
1627 3060 1817 3130 ferant,

287 3165 416 3219 deos
459 3160 715 3232 ejusmodi
769 3164 1069 3232 generantes
1119 3171 1180 3209 ac
1227 3152 1428 3226 genitos
1476 3149 1741 3221 reprobari
1788 3165 1822 3203 a

288 3255 604 3313 ohristianis.
1288 3242 1417 3316 Cap.
1460 3244 1551 3310 10,
1595 3243 1683 3310 11,
1729 3240 1818 3297 12.

226 3348 433 3408 Deinde
464 3344 757 3420 perstringit
785 3344 994 3418 gentiles
1020 3340 1274 3397 Arnobius
1292 3380 1308 3408 ,
1352 3337 1488 3411 quod
1517 3351 1820 3408 persuasum

286 3443 565 3509 habebant,
589 3438 1016 3513 quemadmodum
1034 3435 1281 3502 saducwi,
1303 3434 1423 3491 deos
1438 3448 1685 3505 corporea
1709 3432 1810 3486 hu-

287 3552 547 3609 manaque
560 3535 730 3606 forma
757 3533 975 3606 figurari
988 3541 1140 3602 atque
1167 3527 1425 3598 componi.
1455 3525 1585 3598 Cap.
1611 3525 1702 3590 12,
1727 3524 1819 3580 15.

215 3631 338 3689 Hoc
368 3641 538 3686 autem
561 3628 717 3684 semel
753 3626 1001 3693 admisso,
1035 3624 1108 3678 dii
1137 3622 1234 3678 sibi
1258 3620 1474 3676 invicem
1503 3627 1590 3672 aut
1627 3616 1820 3672 similes

286 3733 380 3780 aut
425 3721 700 3779 dissimiles
727 3719 832 3775 dici
872 3718 1124 3774 deberent.
1178 3713 1462 3785 Utrumque
1503 3727 1620 3767 vero
1665 3711 1818 3765 abso-

288 3833 438 3873 num.

1442 3805 1571 3877 Cap.
1609 3807 1698 3871 14,
1730 3804 1819 3860 15.
1849 3768 1895 3833 C

2004 2544 2213 2599 trionum
2256 2544 2409 2615 plane
2435 2544 2771 2599 ridiculorum
2800 2545 3044 2601 varietate
3068 2557 3370 2602 cceterorum
3403 2547 3529 2601 deo-

2002 2653 2118 2690 rum
2145 2637 2349 2709 falsitas
2378 2636 2748 2693 evidentissime
2773 2638 3079 2694 ostenditur.
3159 2637 3290 2709 Cap,
3313 2639 3403 2706 51,
3435 2639 3529 2695 56.

1929 2730 2081 2787 Idem
2108 2748 2211 2786 non
2236 2732 2405 2787 minus
2434 2733 2701 2803 efficaciter
2723 2735 2932 2805 conficit
2958 2735 3212 2790 Arnobius
3238 2752 3302 2791 ea:
3325 2754 3532 2794 eorum-

2007 2825 2122 2879 dem
2166 2823 2486 2880 ethnicorum
2516 2826 2751 2882 absurdis
2781 2827 3009 2883 dissidiis
3039 2828 3102 2882 de
3136 2829 3331 2901 origine
3359 2840 3405 2885 et
3435 2848 3533 2885 mt-

2001 2934 2140 2973 mero
2153 2918 2365 2974 deorum
2386 2936 2619 2976 suorum.
2642 2920 2742 2977 Ubi
2758 2923 2980 2994 printum
2997 2923 3061 2989 de
3078 2922 3260 2979 Musis.
3286 2923 3417 2995 Cap.
3436 2926 3531 2982 57.

1928 3009 2009 3067 De
2038 3010 2422 3068 Novensilibus.
3144 3014 3276 3089 Cap.
3306 3018 3525 3085 38,-39.

1927 3104 2008 3161 De
2037 3104 2341 3162 Penatibus.
3271 3110 3403 3184 Cap.
3435 3114 3531 3171 40.

1928 3195 2010 3254 De
2037 3196 2278 3254 Laribus.
3146 3203 3275 3276 Cap.
3305 3207 3397 3272 41,
3438 3207 3533 3264 12.

1928 3312 2093 3387 Atque
2111 3315 2242 3370 inter
2266 3325 2435 3371 tantas
2457 3316 2800 3374 dissensiones
2821 3319 2953 3373 nulli
2980 3319 3175 3375 homini
3202 3323 3407 3377 etlmico
3427 3324 3536 3378 dis-

1997 3422 2202 3462 cernere
2230 3408 2394 3475 licuit,
2426 3410 2541 3478 quis
2567 3426 2629 3465 ea:
2650 3409 2759 3466 illis
2786 3427 2930 3466 verus
2959 3421 3066 3466 erat
3094 3410 3254 3480 Deus,
3294 3416 3406 3486 quis
3436 3415 3529 3470 ho-

2000 3498 2283 3565 norandus,
2313 3499 2625 3557 invocandus
2652 3511 2700 3556 et
2721 3502 3032 3557 exorandus.
3146 3503 3275 3576 Cap.
3307 3505 3400 3571 45,
3431 3507 3526 3563 44.

1997 3610 2041 3665 l.
2069 3610 2393 3668 Jamdudum
2423 3613 2636 3684 quidem
2664 3614 2977 3670 criminibus
3005 3616 3089 3672 bis
3119 3617 3391 3681 omnibus,
3412 3634 3532 3674 ma-

1927 3701 2306 3759 ledictionibus
2332 3704 2528 3775 potius,
2553 3713 2613 3760 ut
2638 3721 2765 3761 vera
2789 3707 3032 3763 dicamus
3056 3709 3123 3766 ab
3145 3711 3535 3771 excellentibus

1929 3798 2082 3868 parte
2130 3798 2182 3854 in
2232 3797 2332 3855 hac
2376 3799 2524 3862 viris.
2568 3810 2623 3856 et
2665 3802 2946 3858 veritatem
3000 3803 3154 3860 istam
3201 3810 3535 3866 commeritis

216 3911 409 3984 Neque
435 3926 522 3966 eos
551 3924 663 3964 esse
689 3907 974 3964 audiendos
993 3946 1009 3971 ,
1056 3903 1143 3977 qui
1170 3904 1271 3960 diis
1300 3904 1577 3959 humanam
1603 3904 1825 3973 formam
1930 3909 2114 3962 nosse,
2142 3894 2273 3949 satis
2298 3894 2459 3966 plene
2480 3904 2837 3975 accurateque
2864 3912 3188 3969 responsum
3215 3911 3328 3968 est;
3358 3918 3534 3974 neque

287 4005 686 4074 accommodari,
734 4003 944 4059 honoris
974 4010 1175 4057 tantum
1204 4017 1380 4069 causa,
1425 3998 1820 4071 respondebant,

297 4100 482 4179 evincit
511 4098 781 4153 Arnobius.
1566 4089 1696 4160 Cap.
1731 4090 1820 4146 16.

221 4192 397 4252 Nulla
423 4192 582 4264 igitur
620 4188 751 4256 Dei,
797 4188 996 4245 tametsi
1042 4186 1252 4252 audiat,
1301 4184 1498 4252 uideat,
1546 4182 1817 4254 intelligat,

286 4286 485 4357 species
521 4293 610 4339 aut
640 4283 811 4355 ﬁgura
847 4298 954 4338 esse
992 4289 1175 4353 potest.
1227 4276 1398 4334 Unum
1442 4276 1652 4342 scimus,
1685 4274 1815 4329 nihil

288 4377 523 4449 corporei
537 4385 629 4432 aut
653 4376 994 4430 humanorum
1016 4371 1293 4440 affectuum
1308 4385 1415 4426 esse
1431 4369 1483 4424 in
1505 4366 1635 4436 Deo,
1665 4368 1816 4441 cujus

288 4481 482 4531 natura
507 4470 651 4527 nullo
678 4476 843 4542 potest
869 4466 1120 4539 explicari
1149 4463 1360 4520 mortali
1389 4477 1640 4518 sermone.

1295 4555 1425 4628 Cap.
1458 4556 1546 4622 t7,
1588 4555 1678 4619 18.
1722 4553 1813 4611 t9.

210 4661 416 4723 Irridet
446 4661 701 4720 Arnobius
729 4660 977 4723 ethnicos,
995 4656 1132 4730 quod
1152 4655 1273 4711 deos
1301 4652 1550 4709 inducant
1577 4651 1818 4706 humanis

1929 4004 2068 4061 apex
2108 3988 2251 4045 ullus
2298 3989 2460 4045 ullius
2507 3993 2899 4060 prietermissus
2939 4002 3024 4050 est
3066 3996 3401 4065 quaestionis,
3436 4000 3530 4069 qui

1931 4096 2037 4137 non
2068 4081 2139 4137 sit
2168 4080 2343 4139 modis
2374 4082 2524 4138 mille
2568 4092 2623 4139 et
2669 4083 2970 4141 rationibus
3000 4087 3347 4146 validissimis
3378 4092 3526 4148 relu-

1932 4185 2091 4232 tatus.
2150 4175 2267 4253 Non
2317 4186 2401 4234 est
2454 4177 2614 4249 igitur
2675 4181 3037 4236 necessarium
3110 4194 3262 4253 parte
3315 4185 3367 4239 in
3428 4187 3551 4243 hac.

1922 4283 2099 4325 causa:
2124 4268 2326 4325 diutius
2358 4270 2652 4326 immorari.
2691 4269 2876 4341 Neque
2919 4275 3065 4329 enim
3106 4284 3251 4331 stare
3293 4277 3410 4333 sine
3440 4293 3529 4335 as-

1923 4361 2222 4418 sertoribus
2261 4376 2367 4418 uon
2397 4371 2574 4434 potest
2602 4361 2792 4435 religio
2820 4364 3149 4421 christiana?
3176 4378 3272 4425 aut
3296 4385 3362 4425 eo
3402 4386 3527 4429 esse

1923 4455 2363 4527 comprobabitur
2391 4471 2552 4522 vera,
2584 4456 2628 4513 si
2676 4457 3094 4529 adstipulatores
3124 4461 3371 4520 habuerit
3399 4465 3518 4535 plu-

1924 4550 2128 4618 rimos,
2185 4559 2243 4606 et
2288 4551 2663 4607 auctoritatem
2713 4550 2782 4606 ab
2830 4551 3137 4611 hominibus
3193 4561 3525 4629 sumpserit?

1923 4641 2048 4700 Suis
2092 4641 2184 4698 illa
2232 4651 2487 4699 contenta
2533 4652 2618 4700 est
2646 4642 2872 4709 viribus,
2915 4652 2971 4701 et
3004 4647 3245 4704 veritatis
3287 4652 3522 4721 propriae

286 4759 489 4832 officiis,
522 4755 762 4830 negotiis,
788 4753 1036 4825 rebusque
1063 4750 1182 4807 aliis
1221 4747 1325 4806 sive
1351 4746 1498 4802 bonis
1535 4745 1639 4800 sive
1667 4743 1819 4798 malis
1841 4825 1878 4832 _
1926 4737 2333 4797 fundaminibus
2360 4738 2586 4793 nititur:
2614 4752 2715 4821 nec
2752 4738 3014 4809 spoliatur
3053 4742 3102 4797 vi
3142 4756 3235 4798 sua
3261 4785 3278 4811 ,
3307 4745 3520 4802 etiamsi

286 4850 642 4923 prasidentes.

1445 4836 1578 4910 Cap.
1602 4836 1699 4907 20,
1723 4837 1814 4892 21.
1841 4825 1895 4887 1)
1921 4834 2133 4890 nullum
2159 4832 2355 4891 habeat
2374 4832 2678 4899 vindicem;
2707 4832 2872 4889 immo
2891 4833 2937 4889 si
2962 4834 3158 4907 linguae
3182 4851 3372 4895 omnes
3393 4854 3524 4895 con-

1509 5024 1519 5033 .
1600 4970 2169 5033 COMMENTARIUS.

283 5132 328 5188 1.
360 5159 434 5172 -
470 5128 655 5198 Neque
701 5127 835 5184 enim
879 5120 1016 5183 stare
1037 5195 1049 5198 Δ
1074 5124 1184 5198 sine
1227 5118 1561 5198 assertoribus
1584 5133 1688 5172 non
1727 5130 1819 5188 po-

206 5214 309 5261 test
331 5202 512 5273 religio
537 5190 837 5273 cltristiana.
863 5198 1016 5254 Stare
1036 5194 1296 5273 boc__l‘oco.
1312 5190 1815 5273 signiﬂmt‘mrma-

205 5292 347 5335 nere
387 5262 454 5334 οἵ
494 5272 823 5346 perdurare},
879 5279 943 5326 ut
990 5284 1079 5340 ap.
1133 5262 1811 5338 Virgil.,'IEn.1v,539:

397 5410 462 5463 Et
477 5411 611 5462 bene
629 5408 760 5473 apud
781 5418 1032 5458 memores
1053 5404 1244 5457 veteris
1265 5406 1364 5453 stat
1379 5402 1541 5465 gratia
1563 5398 1700 5450 facti.

201 5552 436 5613 Sueton.
462 5552 518 5608 in
557 5550 709 5616 0th.,
741 5565 793 5606 c.
821 5550 855 5606 5
885 5567 899 5604 :
937 5547 1114 5620 Neque
1141 5547 1273 5601 enim
1298 5544 1689 5620 dissimulabat,
1715 5546 1815 5600 nisi

201 5626 495 5700 principem
519 5635 732 5700 sestare
757 5630 858 5676 non
877 5617 1301 5700 _posse_nilt_ilqtte
1336 5620 1545 5700 referre,
1564 5617 1813 5700 abhoste

199 5688 266 5755 in
296 5688 424 5764 acie,
456 5691 525 5751 an
570 5696 626 5750 in
672 5696 785 5765 foro
810 5688 907 5748 sub
930 5688 1271 5765 creditoribus
1292 5688 1516 5765 caderet.
1564 5688 1685 5745 Vel.
1736 5689 1812 5743 in—

199 5761 425 5837 terpres
451 5766 598 5824 Libri
637 5761 954 5825 Ecclesiast.
992 5762 1168 5837 ,(Jesu
1217 5761 1522 5837 Sir_aci_da:),
1570 5775 1620 5837 c_.
1672 5776 1758 5837 ζει..
1795 5778 1810 5817 :

203 5832 372 5905 Rides
397 5840 453 5897 in
480 5840 726 5897 saxulum
753 5838 926 5893 stabit.
958 5832 1416 5895 Ebusum—Cod.
1462 5832 1566 5890 ms.
1599 5832 1763 5891 habet
1795 5849 1810 5887 :

685 5933 972 6001 ΡΑτιοι.
1022 5933 1102 5996 ν.

1925 5112 2118 5198 {fsque
2153 5113 2539 5198 enimlrestare,
2588 5123 2711 5198 etc.2
2751 5112 2899 5198 quod
2953 5112 3245 5198 defeltdére
3296 5126 3525 5198 conatur

1923 5183 2186 5258 Meursius
2213 5187 2267 5241 in
2290 5183 2564 5258 Append..
2597 5194 2652 5242 et
2679 5183 2932 5258 Salinas.
2966 5187 3018 5240 in
3051 5185 3311 5243 Exercitt.
3345 5188 3485 5245 Plin.
3507 5234 3523 5258 ,

1921 5255 1990 5312 ad
2016 5257 2211 5320 Solin.,
2244 5273 2295 5326 p.
2319 5256 2407 5330 2|.
2441 5256 2654 5312 Restare
2682 5257 2914 5330 verbum
2932 5258 3208 5328 antiquum
3239 5275 3338 5329 pro
3361 5255 3519 5330 stare,

1920 5343 2237 5456 permanere,
2284 5326 2572 5385 adstruens
2608 5329 2860 5399 exemplo
2890 5326 3153 5399 Propertii
3180 5326 3259 5392 ut,
3303 5332 3374 5388 el.
3406 5326 3523 5402 vui,

2014 5511 2147 5564 Dum
2170 5514 2367 5565 vincunt
2387 5511 2561 5575 Danai,
2588 5512 2703 5563 dum
2722 5518 2881 5564 restat
2897 5512 3139 5565 barbarus
3159 5513 3364 5566 Hector.

1918 5617 2065 5675 Idem
2110 5630 2291 5675 tamen
2335 5627 2658 5676 retractasse
2701 5617 2913 5675 videtur
2960 5619 3098 5677 hanc
3145 5622 3466 5678 sententiam
3501 5644 3517 5689 ;

1919 5705 2042 5775 nam
2076 5692 2128 5746 in
2163 5690 2400 5775 editione
2444 5691 2613 5762 Lugd.
2646 5690 2765 5775 Bat‘.
2812 5692 2991 5765 locum
3022 5693 3107 5775 ita
3122 5692 3308 5748 dedit:
3340 5692 3521 5775 Neque

1920 5764 2055 5839 enim
2086 5780 2169 5839 res
2193 5772 2331 5839 stare
2355 5763 2465 5819 sine
2495 5763 2832 5839 assertoribus
2861 5763 2976 5839 non
3023 5772 3202 5839 potest,
3245 5774 3313 5839 et_
3341 5763 3520 5839 religio

1920 5834 2220 5905 christiana,
2240 5835 2331 5893 ubi
2353 5844 2400 5892 et
2416 5844 2562 5893 esset
2577 5833 2720 5891 idem
2738 5835 2878 5908 quod
2897 5836 2949 5889 id
2966 5844 3068 5891 est.
3088 5834 3222 5893 Vide
3249 5836 3316 5893 ad
3346 5833 3520 5910 libftt,

2864 5927 2944 5994 30
