3970 6312
379 265 490 324 94⁸5

1495 267 1777 326 ARNOBII
1815 263 2181 326 ADVERSUS
2208 266 2480 326 GENTES

3581 270 3681 328 θιι

374 384 563 457 Neque
601 383 746 439 enim
781 383 903 440 sciri
932 391 1016 438 est
1044 381 1219 447 facile,
1248 381 1469 439 deﬁnita
1497 393 1550 440 et
1580 396 1726 440 certa
1767 386 1836 439 sit
1877 400 1971 439 eo-
1999 385 2050 445 Α
2148 384 2237 438 Vl.
2282 385 2349 440 Et
2390 393 2588 450 tamen,
2622 395 2686 438 ne
2714 395 2813 438 nos
2839 385 3120 453 quisquam
3151 379 3513 452 pervicaciter
3537 382 3681 436 arbi-

377 494 497 534 rtini
560 479 767 533 numeri
819 477 1156 532 multitudo:
1197 493 1262 531 an
1316 477 1434 532 sine
1485 477 1590 530 nlla
1649 479 1980 547 populositas

376 587 590 628 summa
641 574 730 638 sit,
786 586 883 626 nec
936 570 1357 640 computationis
1406 569 1631 641 alicujus
1685 571 1982 625 rationibus

380 666 686 720 terminata.
720 663 1012 734 Fingamus
1039 664 1180 718 enim
1212 679 1307 717 vos
1337 663 1468 718 deos
1503 663 1646 718 mille
1677 664 1979 732 perculere,

376 757 465 812 vel
499 757 662 812 millia
693 757 870 827 potius
901 756 1136 826 quinque
1163 774 1178 811 :
1206 765 1261 810 at
1292 759 1345 812 in
1374 773 1552 812 rerum
1585 768 1772 812 natura
1807 768 1982 826 potest

376 848 605 914 forsitan
637 847 773 911 ﬁeri.
803 858 862 903 ut
901 848 1126 902 deorum
1172 849 1338 903 millia
1375 859 1591 903 centum
1633 849 1767 913 sint;
1803 861 1981 918 potest

377 950 435 997 ut
479 941 579 994 lioc
622 941 875 1010 amplius,
919 941 1105 1005 immo,
1156 941 1298 1012 quod
1347 940 1582 995 diximus
1627 942 1784 1011 paulo
1829 953 1974 1010 ante,

377 1044 555 1107 potest
597 1034 818 1090 deorutn
863 1050 1074 1088 summa
1121 1049 1243 1089 esse
1284 1034 1450 1094 nulla,
1501 1049 1598 1088 nec
1657 1035 1977 1089 nttinerabili

375 1129 876 1199 circumscriptione
915 1126 1084 1182 linita.
1134 1127 1238 1182 Aut
1279 1127 1439 1195 igitur
1468 1136 1522 1181 et
1550 1142 1647 1181 vos
1680 1128 1847 1197 impii,
1887 1128 1978 1198 qui

377 1235 574 1296 praeter
603 1224 734 1278 deos
780 1238 979 1294 paucos
1026 1221 1353 1291 reliquorum
1403 1221 1580 1276 oflicia
1625 1239 1729 1275 non
1772 1222 1973 1280 obitis:

373 1329 469 1373 aut
494 1318 540 1373 si
565 1317 714 1372 vobis
736 1316 946 1371 veniam
975 1325 1296 1370 c:eterorum
1326 1317 1640 1386 ignorantia:
1669 1317 1972 1385 postulatis,

374 1409 620 1465 eamdem
659 1419 713 1462 et
752 1407 904 1462 nobis
942 1407 1299 1462 conciliabitis
1339 1408 1548 1462 veniam
1577 1425 1588 1460 :
1623 1408 1669 1462 si
1698 1424 1794 1478 pro
1827 1424 1976 1480 parte

374 1501 644 1559 consimili
685 1516 873 1557 eorum
917 1500 1267 1572 religionibus
1306 1500 1661 1568 abStiuenius,
1692 1517 1828 1572 quos
1855 1518 1976 1559 esse

375 1596 599 1654 omnino
631 1595 914 1651 nescimus.

2091 488 2262 533 trctur
2301 489 2634 532 sacramenta
2678 477 2819 532 nolle
2858 479 3132 543 suscipere
3170 485 3515 538 cancrorum,
3545 491 3686 544 qua:-

2087 587 2317 642 cumque
2356 581 2502 636 sunt,
2536 572 2815 626 numinum
2851 589 2863 625 :
2896 570 3117 626 devotas
3145 569 3352 625 eti-nim
3396 577 3608 624 mentes
3637 578 3688 625 et

2090 679 2278 718 manus
2318 664 2689 734 protendimus
2737 663 3031 732 supplices,
3073 677 3247 732 neque
3277 660 3684 729 adspernamur,

2089 772 2432 828 quocumque
2477 757 2832 811 invitaveritis
2872 754 3177 809 accedere:
3211 754 3254 807 si
3302 752 3465 807 modo
3515 752 3688 807 disca-

2089 867 2210 905 mus
2249 852 2467 919 quinam
2507 850 2593 906 isti
2624 859 2750 904 sunt
2785 849 2916 914 divi,
2951 862 3088 918 quos
3126 845 3281 901 nobis
3326 847 3596 917 ingeritis,
3643 855 3692 900 ct

2087 962 2223 1017 quos
2254 961 2351 1016 par
2389 945 2458 999 sit
2494 943 2710 1014 adjungi
2748 946 2942 997 summi
2974 941 3114 1011 regis
3143 956 3206 994 ac
3241 940 3503 1011 principis
3532 954 3689 994 vene-

2088 1041 2300 1095 rationi.
2357 1039 2641 1104 Saturnus,
2695 1038 2888 1104 inquit,
2942 1047 2996 1092 et
3047 1035 3217 1090 Janus
3267 1045 3370 1099 est,
3424 1034 3683 1100 Minerva,

2087 1135 2251 1201 Juno,
2286 1135 2505 1206 Apollo,
2537 1134 2738 1196 Venus,
2774 1131 3154 1201 Triptolemus,
3189 1129 3466 1195 llercnles,
3501 1127 3690 1183 [ESCU-

2086 1228 2281 1300 lapius,
2332 1238 2494 1299 atque
2545 1227 2635 1282 alii
2686 1227 2890 1292 caueri,
2941 1224 3135 1295 quibus
3181 1222 3496 1292 magnificas
3545 1222 3689 1290 a-tles

2083 1323 2290 1378 cunctis
2318 1337 2454 1392 pene
2485 1322 2536 1376 in
2567 1321 2786 1375 urbibus
2811 1319 3060 1388 religiosa
3087 1315 3428 1372 consecravit
3451 1314 3687 1386 antiqui-

2085 1424 2185 1470 tas.
2227 1415 2461 1470 lnvitare
2496 1430 2595 1468 nos
2640 1413 2862 1468 forsitan
2904 1410 2972 1465 ad
3021 1411 3247 1464 istorum
3280 1409 3560 1462 numinum
3595 1423 3687 1476 po-

2085 1509 2323 1564 tuissetis
2367 1507 2590 1568 cultum,
2636 1507 2678 1560 si
2726 1519 2830 1559 non
2875 1503 2976 1572 ipsi
3017 1517 3116 1556 vos
3161 1501 3316 1571 primi
3368 1499 3685 1570 Opinionum

2004 1596 2052 1656 B
2081 1603 2315 1672 turpium
2347 1601 2585 1658 lteditate
2612 1599 2737 1655 talia
2759 1600 2826 1654 de
2854 1597 2963 1654 illis
2988 1596 3396 1668 conlingeretis,
3427 1612 3551 1666 quin
3581 1610 3688 1651 non

1743 1711 2308 1773 COMMENTARIUS.

375 1817 496 1866 crat
545 1807 704 1862 etiam
747 1807 854 1866 θεὸς
911 1805 1000 1859 ille
1042 1801 1305 1877 ἄγδῳᾳτος
1350 1803 1778 1870 Atheniensium,
1821 1807 1972 1874 cujus

375 1896 524 1936 aram
560 1881 618 1933 ι).
652 1878 848 1933 Paulus
877 1875 1124 1944 inSpexit.
1158 1875 1273 1930 Vid.
1311 1880 1424 1929 Aci.
1463 1878 1673 1945 Apost,
1707 1894 1810 1930 xvu
1837 1920 1852 1942 ,
1878 1881 1968 1934 ‘25.

375 1951 446 2006 In
474 1952 778 2022 cognitione,
811 1949 950 2020 quod
982 1949 1033 2001 iii
1068 1964 1166 2000 ius.
1200 1949 1416 2022 legitur,
1449 1949 1616 2022 multo
1646 1950 1836 2003 melius
1863 1961 1966 2014 cst,

377 2020 550 2094 quaint
593 2024 644 2077 in
700 2023 1057 2094 cognitionem,
1114 2021 1254 2094 qiioi_l
1310 2020 1636 2094 substituere
1692 2023 1972 2077 voluerunt

375 2091 638 2151 Meursius
689 2103 743 2147 et
785 2092 958 2148 editor
1003 2091 1168 2160 Lugd.
1218 2091 1366 2151 Bat.;
1417 2106 1536 2142 nam
1580 2092 1632 2143 in
1683 2094 1972 2160 cognitione

375 2167 642 2238 penderet
669 2181 697 2218 ιι
732 2164 1054 2238 praecedenti
1081 2172 1217 2215 sunt.
1268 2161 1402 2238 Sunt
1437 2163 1490 2214 in
1504 2165 1808 2238 cognitione
1834 2166 1970 2221 vobis

377 2233 523 2294 idem
554 2233 743 2306 itaque
759 2245 844 2292 est
876 2233 1024 2308 quod
1055 2245 1171 2286 sunt
1201 2235 1340 2308 vobis
1366 2233 1575 2304 cogniti.
1613 2235 1681 2308 At
1709 2236 1761 2287 in
1791 2241 1966 2308 cogni-

378 2312 568 2364 tionem
592 2305 718 2362 et'in
740 2306 971 2361 notitiam
996 2306 1209 2375 perferri
1234 2307 1388 2374 plane
1410 2321 1571 2359 unum
1599 2305 1973 2375 idemqiie'est.

379 2382 639 2438 Novimus
677 2380 929 2448 quidem,
982 2376 1277 2430 Arnobiqu
1322 2379 1620 2445 saepissime
1651 2380 1773 2431 talia
1818 2382 1978 2435 verba

378 2455 524 2509 idem
555 2450 907 2522 signiﬁcantia
940 2448 1286 2522 conjungere.
1316 2449 1421 2522 Sed
1455 2449 1563 2522 lich
1588 2449 1738 2514 loco,
1775 2451 1819 2503 si
1852 2452 1978 2520 quid

380 2526 542 2580 video
565 2565 580 2589 ,
611 2520 793 2577 'verba
835 2527 888 2574 in
927 2537 1073 2574 usum
1104 2520 1382 2589 aliquando
1423 2521 1753 2591 notitiamque
1800 2525 1982 2590 perlati

381 2598 669 2654 manifeste
715 2593 970 2662 disjungit
1007 2607 1037 2645 a
1094 2591 1521 2660 praei-edentibus
1570 2593 1619 2644 in
1671 2598 1979 2662 cognitione.

381 2667 720 2726 Stewcctiius
765 2664 1046 2734 legendum
1086 2664 1390 2731 suspicatur
1420 2679 1436 2721 :
1463 2681 1531 2716 an
1563 2675 1678 2716 sunt
1709 2668 1868 2732 aliqui
1899 2684 1986 2720 eo-

381 2741 460 2795 bis
488 2742 540 2794 in
575 2739 916 2808 cognitionem
944 2752 1097 2799 quant
1128 2735 1180 2787 in
1212 2752 1359 2788 usum
1397 2734 1728 2804 notitiamque
1760 2739 1946 2808 perlati
1968 2781 1982 2804 ,

382 2826 673 2882 suppressa
703 2812 820 2882 scil.
856 2809 1114 2882 partit-uia
1146 2808 1288 2882 prius
1315 2849 1334 2882 ,
1371 2824 1530 2878 quam
1569 2809 1765 2882 sti-pius
1809 2812 1984 2864 oinitti

383 2878 722 2939 ιιιίᾹνιιιὼὶο
749 2923 764 2943 ,
799 2879 913 2949 ipse
940 2878 1278 2934 Stewecuins
1305 2879 1461 2933 docet
1494 2895 1655 2948 sulira
1685 2881 1752 2934 ad
1784 2882 1876 2935 lib.
1911 2898 1943 2936 ιι
1964 2925 1976 2942 ,

383 2970 505 3025 cap.
538 2955 603 3006 77
627 2993 642 3018 ,
674 2954 746 3025 ita
792 2964 849 3025 ut
897 2952 1117 3025 cognitio
1142 2993 1154 3012 ,
1208 2950 1308 3004 hoc
1339 2959 1435 3025 est
1463 2951 1616 3025 plena
1656 2963 1710 3005 et
1754 2954 1987 3022 perlecta

384 3021 612 3081 deorum
665 3023 886 3076 acii-utin
915 3064 930 3084 ,
980 3021 1340 3090 distinguatur
1389 3023 1456 3075 ab
1501 3022 1726 3076 obscura
1757 3021 1985 3078 tantum

385 3112 579 3152 eorum
611 3095 810 3148 notitia.
856 3094 960 3148 Pro
988 3094 1042 3146 in
1070 3110 1217 3146 usum
1259 3094 1522 3148 Meursius
1553 3103 1607 3147 et
1639 3094 1900 3150 lleraldus
1934 3097 1984 3150 iii
2015 3096 2060 3159 C

387 3167 544 3224 Curis
571 3166 820 3221 secundis
851 3167 1053 3218 malunt
1080 3166 1132 3218 in
1163 3167 1344 3233 visum,
1371 3166 1530 3220 male.
1569 3163 1707 3220 Usus
1736 3177 1818 3221 est
1846 3168 1988 3222 idem

385 3240 533 3310 quod
566 3239 754 3292 cultus.
787 3236 990 3292 OBELL.

465 3309 752 3380 Fingamus
792 3310 923 3362 enim
953 3323 1038 3361 vos
1085 3307 1206 3361 deos
1249 3307 1388 3380 inille
1420 3308 1696 3375 percolere.
1743 3309 1992 3380 Orpbeus

389 3398 479 3454 ap.
514 3378 874 3454 Ttieoiiliiltiin
905 3420 919 3444 ,
952 3380 1131 3454 lib._iii
1153 3421 1168 3444 ,
1196 3378 1270 3454 ad
1292 3379 1636 3454 Autolycum.
1667 3381 1797 3434 deos
1825 3378 1994 3438 CCCLx

390 3449 914 3524 coiiﬁtetur.’Varro,
931 3450 1394 3524 ap._'l‘ertullian.,
1416 3449 1676 3522 Apologet
1705 3495 1718 3516 ,
1738 3467 1858 3524 cap.
1878 3470 1991 3522 XIV,

392 3534 668 3584 trecentos
694 3523 855 3579 Joves
883 3526 994 3578 sive
1022 3522 1312 3590 Jupiteres.
1357 3524 1738 3579 unusuuousr.

465 3597 644 3652 Potest
688 3606 742 3649 ut
783 3595 878 3650 hoc
916 3595 1158 3665 amplius.
1204 3592 1318 3647 Hoc
1344 3595 1567 3664 amplius
1595 3597 1714 3650 scil.
1751 3612 1992 3652 numero.

395 3671 569 3738 Supra
620 3669 711 3723 lib.
741 3683 774 3721 ll
802 3711 813 3728 ,
847 3681 969 3736 cap.
1007 3667 1099 3720 28.
1124 3675 1255 3738 ante
1279 3683 1442 3720 annos
1465 3667 1636 3736 plures
1657 3709 1671 3733 ,
1702 3669 1744 3722 si
1768 3669 1888 3723 velis
1913 3671 1967 3723 di
1983 3699 1996 3710 -

394 3737 528 3804 cere,
560 3740 637 3793 vel
663 3740 920 3810 octoginta
941 3781 955 3804 ,
1004 3737 1204 3810 vel/ioc
1229 3739 1454 3806 amplius
1477 3780 1490 3800 ,
1522 3741 1608 3793 tibi
1645 3741 1824 3809 suppl.
1863 3752 1999 3796 tem-

398 3827 551 3884 pore.
591 3811 720 3866 Vide
748 3809 818 3884 tle
851 3810 953 3864 hoc
999 3809 1185 3878 Ellipsi
1220 3811 1407 3884 Satict.
1465 3810 1686 3865 Minerv.
1710 3854 1723 3876 ,
1779 3813 1870 3867 lib.
1906 3829 1957 3867 tv
1981 3855 1995 3879 ,

397 3880 520 3955 ἑτερο
554 3883 620 3947 4,
651 3893 705 3936 et
746 3882 1081 3955 Bunetnaiin.
1107 3921 1122 3942 ,
1168 3880 1234 3933 ad
1263 3880 1506 3936 Lactant.
1543 3884 1670 3938 lnst.
1701 3924 1716 3950 ,
1749 3883 1841 3936 lib.
1887 3901 1956 3940 vti
1982 3927 1995 3951 ,

397 3952 521 4026 cap.
553 3956 639 4014 14.
671 3969 789 4023 pag.
822 3952 948 4007 951.
982 3952 1186 4026 Quem“

477 4025 583 4080 Pro
613 4036 758 4099 parte
783 4025 1052 4078 consimili.
1090 4023 1144 4078 Id
1172 4033 1253 4078 est
1286 4037 1382 4093 pro
1407 4039 1512 4079 uno
1536 4040 1663 4080 vero
1683 4026 1812 4093 Deo,
1841 4043 2000 4099 quem

402 4094 654 4156 colimus.
683 4094 866 4151 ORELL

476 4171 656 4226 V|.-——
685 4167 1024 4223 Sacramenta
1065 4165 1204 4220 nolle
1241 4167 1498 4236 suscipere
1541 4179 1862 4237 cwlerorum,
1898 4180 2002 4226 etc.

402 4243 541 4310 Apte
584 4243 748 4296 utitur
796 4241 960 4294 verbo
1007 4240 1231 4292 militiae.
1282 4238 1555 4305 Vegetius,
1602 4242 1692 4293 lib.
1736 4259 1792 4305 ll,
1845 4258 1896 4296 c.
1946 4244 2001 4306 5,

404 4315 676 4368 Festinant
715 4312 912 4365 militia:
950 4320 1271 4363 sacramenta
1299 4313 1580 4379 suscipere.
1625 4311 1828 4366 Glossm
1859 4333 1869 4366 :
1903 4313 2008 4369 Sa-

404 4396 719 4459 craiitetttunt
745 4412 816 4459 —_-
841 4380 984 4459 ὃρκρς
1030 4383 1414 4459 στρατινιιτικός.
1431 4383 1711 4459 “ELMENII.
1727 4412 1812 4459 _-—-
1829 4385 2005 4440 lleral-

405 4456 510 4510 dtis
541 4466 687 4523 putat
711 4495 725 4516 .
775 4453 1072 4508 Ariioliiuni
1099 4453 1220 4506 "hoc
1247 4454 1365 4505 loco
1395 4454 1635 4508 alludere
1675 4455 1741 4509 ad
1775 4472 2000 4519 morem,

2153 1811 2372 1866 Devotas
2399 1819 2605 1872 mentes,
2637 1808 2776 1863 idem
2803 1808 2943 1880 quod
2974 1809 3106 1876 pias,
3140 1808 3440 1878 religiosas.
3472 1806 3548 1861 [ta
3581 1806 3689 1861 La-

2079 1887 2333 1946 ctantius,
2372 1884 2463 1936 lib.
2499 1898 2573 1936 vit
2600 1898 2612 1934 :
2645 1880 2793 1934 Hunc
2819 1896 3088 1950 sequamur
3116 1896 3307 1943 omnes,
3344 1880 3480 1933 hunc
3512 1880 3691 1933 audia-

2079 1973 2214 2022 mus,
2249 1956 2367 2008 huic
2398 1955 2719 2008 devotissime
2750 1969 3019 2020 parcamus
3041 1995 3054 2019 ,
3093 1960 3147 2006 et
3190 1951 3464 2008 Juveticus
3488 1993 3503 2019 ,
3556 1953 3688 2007 llist.

2082 2031 2308 2098 Evaiig.,
2346 2027 2437 2080 lib.
2469 2042 2508 2091 i,
2540 2040 2682 2080 vers.
2717 2024 2821 2078 407
2854 2043 2865 2078 :

2298 2144 2362 2192 Ut
2376 2145 2533 2206 justus
2555 2141 2665 2192 caeli
2695 2139 2957 2190 Dominum
2977 2139 3186 2190 devotus
3204 2138 3402 2190 adoret.

2087 2250 2187 2307 Ubi
2218 2249 2454 2317 Kmiiig.,
2500 2262 2618 2316 pag.
2666 2245 2771 2304 80.
2805 2245 2890 2300 ed.
2941 2245 3199 2309 Reusclu,
3237 2255 3479 2299 nostrum
3522 2243 3693 2300 locum

2087 2323 2257 2376 citans
2287 2323 2556 2382 observat,
2587 2319 2794 2371 devotus
2823 2333 2920 2387 pro
2951 2317 3067 2386 pius
3098 2332 3281 2372 vocem
3309 2332 3430 2372 αδδεδ
3461 2318 3692 2372 latinita-

2091 2395 2157 2448 tis
2182 2391 2580 2447 ecclesiasdcm.
2624 2389 2829 2444 Οιιειι.

2167 2464 2234 2518 Et
2267 2480 2446 2517 manus
2471 2461 2817 2530 protendimus
2841 2461 3118 2531 supplices.
3153 2460 3398 2516 Proiecto
3424 2461 3694 2528 exiSIimo,

2094 2536 2180 2590 hic
2209 2551 2328 2590 esse
2365 2535 2653 2604 glos~enia.
2702 2534 2972 2600 Quorsum
3021 2533 3161 2586 enim
3211 2533 3512 2602 supplices?
3555 2533 3698 2587 lianc

2093 2624 2277 2663 vocem
2312 2608 2505 2673 adjecit
2533 2606 2746 2676 aliquis,
2770 2621 2966 2676 quum,
2991 2609 3131 2676 unde
3165 2606 3277 2658 haec
3307 2614 3493 2658 essvnt
3526 2615 3697 2659 Iratis-

2094 2679 2222 2745 lata,
2257 2694 2360 2732 non
2394 2680 2732 2747 intelligeret.
2765 2675 2956 2729 Milites
2987 2675 3146 2744 igitur
3174 2692 3335 2745 quum
3368 2678 3516 2729 citati
3548 2693 3699 2745 para-

2097 2758 2177 2804 tos'
2217 2766 2276 2804 se
2305 2761 2644 2802 sacramento
2687 2749 2867 2801 dicere
2911 2748 3107 2801 vellent
3156 2747 3444 2802 ostendere
3469 2789 3484 2814 ,
3519 2762 3702 2801 manus

2097 2821 2408 2876 tendebant.
2445 2821 2577 2874 llinc
2604 2823 2763 2890 igitur
2790 2818 3073 2890 legendum
3102 2820 3391 2875 existimo:
3422 2819 3486 2872 Et
3521 2836 3699 2874 manus

2097 2894 2466 2963 protendiinus.
2550 2894 2787 2946 ΙΙειιΑιι).

2174 2964 2350 3034 Neque
2362 2981 2721 3032 aspernamur,
2740 2979 3052 3034 quocumque
3066 2963 3418 3024 invitaveritis,
3444 2962 3699 3016 accedere.

2100 3036 2168 3091 Et
2201 3033 2300 3090 lioC
2326 3053 2355 3090 a
2385 3035 2568 3089 militia
2603 3035 2845 3104 petitum.
2886 3033 3146 3088 Jtirabant
3175 3036 3316 3089 enim
3351 3035 3552 3089 milites
3572 3076 3588 3100 ,
3618 3050 3699 3090 se-

2091 3120 2311 3163 cuturos
2340 3123 2397 3162 se
2427 3107 2614 3171 duces,
2657 3121 2996 3176 quocumque
3024 3105 3234 3159 ducturi
3263 3118 3469 3177 essent.
3506 3107 3700 3177 Diony-

2095 3181 2208 3255 sius
2249 3179 2543 3255 llalicarii.,
2593 3178 2684 3255 lib.
2737 3193 2801 3255 χι
2841 3195 2852 3230 :
2893 3177 2963 3255 '0_
2999 3181 3370 3253 στρατιωτικὸς
3413 3176 3562 3255 ὅρκος
3589 3220 3601 3237 .
3647 3176 3700 3233 ὂν

2095 3251 2334 3306 ἁπάντων
2379 3251 2601 3322 μάλιστα
2644 3247 2918 3334 ξμπεδῶσι.
2951 3247 3202 3334 "Psithiae,
3246 3259 3357 3334 rei;
3393 3247 3702 3324 σὲρατγηοίς

2096 3320 2612 3395 ᾁκολονθεῑΰκελεῷει,
2646 3320 2761 3376 ὅποι
2799 3322 2918 3376 ποτ’
2946 3320 3008 3395 ᾖν
3040 3321 3253 3395 ἄγωσιν.
3287 3321 3403 3377 Huc
3434 3320 3704 3377 a‘tludebat

2097 3393 2369 3462 Horatius,
2400 3394 2562 3448 110d.
2599 3409 2729 3460 xvu,
2762 3408 2904 3448 vers.
2937 3393 2970 3448 9
2999 3403 3052 3447 et
3078 3393 3232 3464 Seqq.
3262 3411 3275 3446 :

2353 3546 2365 3559 .
2404 3546 2416 3557 .
2458 3547 2470 3558 .
2510 3547 2521 3559 .
2561 3543 2574 3556 .
2617 3547 2628 3558 .
2664 3507 2771 3557 Non
2795 3521 2892 3570 ego
2915 3507 3156 3570 perﬁdum

2347 3573 2463 3622 Dixi
2489 3580 2849 3621 sacramentum
2869 3572 3068 3629 ibimus,
3093 3571 3295 3629 ibimus,

2353 3635 2630 3697 Utcumque
2656 3633 2931 3695 prazcedes,
2947 3647 3232 3696 supremum

2413 3697 2746 3760 Carperejter
2770 3697 2980 3746 comites
2996 3698 3174 3760 parati.

3361 3782 3587 3835 Ηειιλω.

2177 3865 2470 3929 Saturnus;
2491 3864 2676 3935 inquit,
2701 3875 2747 3918 et
2767 3864 2956 3918 Janus.
2984 3863 3178 3936 Inquit,
3205 3865 3322 3919 scil.
3341 3866 3704 3930 adversarius,

2103 3954 2262 4009 quem
2287 3939 2386 3991 sibi
2419 3952 2635 4009 causam
2664 3938 2940 4006 gentilium
2965 3952 3125 4008 agere
3155 3937 3387 4007 tingebat
3413 3937 3704 3992 Aiuobius.

2106 4008 2238 4064 Vide
2270 4024 2428 4078 supra
2475 4009 2540 4061 ad
2587 4008 2680 4060 lib.
2713 4025 2765 4069 ι.
2795 4023 2914 4078 cap.
2945 4009 2978 4062 5
3005 4019 3058 4061 et
3084 4009 3154 4063 54
3179 4050 3193 4071 ,
3227 4012 3422 4078 quibus
3453 4011 3560 4065 hoc
3593 4012 3708 4064 loco

2104 4081 2304 4134 addere
2335 4081 2509 4144 lii-eat,
2539 4095 2658 4149 qua:
2689 4095 2897 4134 mecum
2936 4079 3352 4134 enniuimiicavit
3384 4082 3465 4134 vir
3491 4083 3709 4135 amicis-

2106 4153 2274 4206 simus
2299 4151 2410 4205 Jac.
2444 4151 2752 4206 Oclisnerus
2778 4168 2788 4202 :
2820 4151 3032 4204 lleraldi
3063 4151 3523 4218 observationem,
3553 4154 3709 4216 inquit

2107 4239 2203 4292 pro
2230 4224 2485 4292 inquiunt,
2520 4233 2714 4292 printer
2744 4222 2954 4276 Ernest.
2985 4224 3128 4276 Clav.
3157 4221 3271 4276 Cic.
3300 4222 3571 4278 illustrant
3601 4225 3712 4280 lucc

2110 4295 2370 4350 Benteleii
2401 4295 2465 4348 ad
2500 4295 2706 4356 Ilorat.,
2735 4309 2772 4357 ι,
2805 4308 2968 4348 serm.
3003 4310 3074 4358 tv,
3105 4295 3172 4349 79
3201 4313 3212 4346 :
3240 4292 3420 4365 Inquit
3454 4309 3708 4364 perpetua

2109 4368 2277 4421 forma
2308 4378 2409 4420 est.
2445 4367 2530 4418 tibi
2561 4365 2758 4434 aliquid
2803 4381 2867 4420 ex
2897 4367 3125 4420 adverso
3153 4365 3308 4420 nobis
3336 4367 3499 4436 olijici
3543 4380 3594 4422 et
3621 4383 3712 4437 op-

2110 4439 2231 4508 poni
2264 4437 2532 4507 litigimns.
2563 4437 2675 4490 sive
2707 4437 2755 4490 id
2790 4437 2856 4490 ab
2889 4454 2992 4508 uno
3017 4479 3031 4502 ,
3067 4453 3161 4491 seu
3204 4438 3478 4506 pluribus,
3511 4439 3623 4493 sive
3645 4441 3711 4495 ab

405 4504 836 4595 Ξῦῐυτρὶὶῖιέὲηῐιῖ
855 4504 1054 4578 milites
1079 4567 1093 4588 ,
1119 4504 1214 4578 *ιιι-
1237 4504 1338 4579 lioc
1371 4504 1536 4594 paulo
1550 4504 2006 4584 'i'.i'iii'iia{"c3ii;él
2031 4504 2084 4564 D
2110 4504 2360 4595 §'|t§e]‘lle;
2374 4525 2466 4563 seu
2489 4517 2754 4595 prasente
2780 4509 2891 4595 litt-t.
2912 4504 3267 4595 Sitlliiiler'l‘i“.
3286 4511 3709 4595 (titgraeefnai)

407 4607 588 4652 cratus
617 4607 672 4668 ct
707 4595 930 4668 devotos
957 4611 1016 4650 se
1059 4596 1356 4660 discerent,
1398 4613 1515 4665 qua:
1547 4608 1685 4650 notat
1711 4602 1863 4668 quasi
1895 4616 2003 4654 me-

410 4667 684 4722 moracula
717 4666 960 4735 qua'dam
1006 4679 1158 4721 erant
1197 4669 1517 4721 sacramenti
1550 4666 1836 4735 militaris,
1869 4681 1925 4723 ut
1955 4673 2005 4723 in

411 4737 687 4810 mysueriis
726 4738 885 4790 etiam
920 4739 1195 4810 _u0taculis
1230 4738 1548 4806 ψιίὺιιεὼιίι
1590 4739 1938 4808 signabiniur
1965 4743 2010 4795 οἱ

411 4808 722 4885 μεμυημέγρι
742 4848 758 4869 ,
791 4808 1313 4885 quod__splirag_itit_lus_
1339 4811 1569 4885 accipere
1609 4813 1731 4864 dicit
1770 4811 2010 4885 Pruden-

415 4879 543 4948 tius,
572 4879 624 4936 in
652 4880 904 4950 Martyrio
933 4879 1179 4933 Romani.
1212 4882 1318 4935 Sed
1351 4881 1470 4935 vide
1498 4897 1657 4951 supra
1678 4922 1693 4947 ,
1723 4883 1791 4936 ad
1825 4885 1915 4938 lib.
1946 4900 2004 4948 ii,

411 4963 530 5022 ‘cap.
566 4952 618 5007 5.
652 4953 852 5006 URELL.

487 5023 707 5078 Devotas
745 5022 924 5076 etenim
967 5031 1173 5074 mentes.
1219 5022 1459 5089 Pi-Opiie.
1505 5024 1635 5077 Nam
1677 5024 2012 5080 devovebaiit

413 5109 476 5149 se
501 5096 717 5155 milites,
753 5108 919 5163 st-que
948 5103 1088 5163 totos
1119 5093 1427 5161 reipnlilicie
1456 5105 1547 5147 aut
1589 5095 1785 5150 Utesari
1822 5113 2012 5152 conse-

413 5166 658 5220 crabant.
717 5162 1248 5238 Vegetiusiluru‘ut
1288 5173 1458 5216 autem
1501 5183 1590 5235 per
1631 5166 1796 5220 Deum
1837 5180 1882 5221 et
1923 5185 2012 5238 per

416 5237 674 5310 Christum
700 5246 744 5310 et
777 5253 866 5305 per
896 5235 1148 5310 Spiritum
1177 5235 1424 5310 Sanctum
1450 5277 1465 5301 ,
1504 5247 1550 5289 et
1583 5255 1670 5306 per
1697 5235 2010 5310 niajestatem

415 5307 740 5377 imperatoris
760 5349 773 5371 ,
815 5323 930 5376 qua:
952 5307 1227 5360 secundum
1269 5307 1431 5360 Deum
1459 5311 1626 5377 generi
1655 5307 1875 5363 humano
1903 5312 2013 5364 dili-

417 5379 581 5448 genda
612 5389 703 5437 est.
749 5387 797 5452 et
819 5379 1048 5431 colenda.
1090 5377 1227 5430 Nam
1269 5380 1561 5443 imperatori
1600 5398 1754 5449 quum
1798 5384 2014 5452 Augusti

418 5464 602 5502 nomen
629 5449 818 5517 accepit
847 5457 1103 5520 tamquam
1133 5452 1368 5515 prwsenti
1395 5460 1438 5502 et
1466 5452 1716 5513 corporali
1754 5454 1857 5506 Deo
1880 5449 2013 5520 ﬁde-

419 5519 484 5572 lis
504 5530 576 5594 est
605 5519 894 5594 privstandtt
912 5521 1118 5594 devotio
1138 5562 1163 5594 ,_
1200 5531 1245 5572 et
1277 5523 1642 5594 impendendus
1683 5526 1893 5594 pervigil
1934 5529 2013 5592 fa-

422 5591 664 5642 mulatus.
695 5591 871 5662 Quare
904 5590 985 5662 illi
1027 5591 1167 5660 apud
1205 5594 1424 5646 Uioueiii
1469 5592 1560 5662 lib,
1607 5610 1715 5648 Llll.
1757 5590 1841 5650 σοῖ
1875 5590 2013 5650 καθο-

423 5661 665 5730 σιώμεθα.
717 5658 848 5714 Nam
878 5658 1116 5714 devovere
1141 5670 1223 5715 est
1247 5658 1554 5728 καθοσιοῦνί
1584 5675 1640 5718 ut
1689 5675 1832 5720 recte
1861 5672 2016 5721 inter-

424 5742 703 5805 pretantur
731 5741 942 5805 veteres
967 5735 1178 5801 glossae.
1214 5739 1522 5790 licitum—
1552 5734 1704 5790 Cotil‘.
1741 5737 1911 5805 Lips.,
1947 5740 2010 5794 ad

333 5857 360 5872 ρ
425 5795 598 5854 Tacit.
629 5802 768 5859 Ann.
800 5841 814 5867 ,
846 5801 882 5854 l.
916 5795 1022 5871 in",
1070 5819 1119 5858 c.
1151 5805 1239 5870 (i7,
1274 5821 1392 5878 pag.
1441 5806 1596 5864 1005.
1641 5808 1728 5864 ed.
1771 5795 2008 5866 Oberlin.

2110 4581 2384 4634 indeﬁnite
2415 4582 2592 4649 posuit
2623 4580 2762 4634 idem
2814 4581 3062 4634 Iloratius
3092 4597 3140 4646 i,
3171 4579 3341 4649 Epist.
3378 4597 3464 4635 XIX
3493 4625 3507 4645 ,
3537 4579 3648 4647 45).
3689 4579 3706 4633 i

2109 4651 2328 4706 Frustra
2364 4654 2540 4718 itaque
2576 4651 2931 4705 sollieitarnnt
2974 4651 3116 4706 hunc
3161 4655 3333 4707 locum
3379 4651 3536 4710 Fulv.
3572 4655 3715 4709 Ursi-

2112 4740 2208 4776 nus
2238 4738 2283 4778 et
2315 4722 2398 4776 Jo.
2432 4721 2739 4777 Sabelli-rus
2769 4721 3243 4792 Argeutoratetisis
3274 4726 3324 4777 iii
3356 4725 3712 4780 Adversario-

2109 4810 2226 4868 rum
2270 4794 2408 4868 libro
2441 4795 2642 4868 inserto
2677 4792 2835 4868 Obss.
2884 4793 3104 4868 Misce”.
3141 4795 3297 4862 Crit.,
3332 4797 3439 4851 vol.
3471 4813 3550 4864 ix,
3592 4813 3709 4868 pag.

2111 4865 2236 4928 165,
2269 4864 2370 4932 legi
2403 4866 2646 4920 volentes
2673 4866 2925 4926 inquiunt.
2968 4866 3171 4921 ORELL.

2183 4935 2518 5004 zEsculapius
2547 4947 2696 5004 atque
2737 4937 2828 4989 alii
2875 4947 3064 4991 conteri.
3111 4939 3184 4991 lla
3225 4939 3570 4994 scribendum
3618 4955 3713 5008 pro

2111 5008 2201 5081 alii
2233 5019 2276 5081 et
2299 5009 2465 5081 cwteri
2486 5010 2580 5081 (ex
2603 5008 2982 5081 emendatione
3012 5009 3273 5081 Melll‘Sil).
3306 5010 3406 5063 Alii
3436 5014 3608 5066 caeteri
3630 5021 3712 5065 est

2112 5079 2417 5152 Arnobiana
2449 5079 2673 5147 phrasis.
2727 5078 2866 5133 Infra
2909 5080 3000 5134 lib.
3034 5097 3084 5133 VI
3107 5122 3121 5144 ,
3155 5078 3273 5152 cap.
3310 5083 3370 5136 Η
3405 5100 3416 5133 :
3445 5082 3713 5151 Suffragi-

2113 5167 2219 5209 nes.
2254 5151 2414 5213 talos,
2463 5153 2783 5224 membraque
2824 5152 2927 5204 alia
2975 5163 3155 5204 cratera
3183 5151 3235 5206 et
3260 5155 3489 5224 lignum,
3521 5156 3714 5220 lapides

2113 5233 2262 5291 atque
2291 5238 2425 5283 assa,
2460 5239 2634 5292 resque
2659 5223 3051 5296 aliuscwteras,
3083 5224 3262 5294 quibus
3299 5223 3446 5296 signa
3474 5237 3713 5280 consueta

2114 5304 2252 5351 sunt.
2280 5303 2326 5346 et
2358 5297 2622 5346 numinum
2646 5295 2921 5348 simulacra
2949 5307 3201 5349 constare.
3235 5295 3711 5352 limitum—Cant

2115 5363 2480 5438 piuleiitlorp.,
2512 5364 2576 5438 ad
2622 5365 2862 5438 Apidei.,
2901 5366 3023 5420 Met.
3059 5383 3129 5421 vit
3157 5410 3170 5430 ,
3206 5383 3325 5438 pag.
3371 5371 3501 5423 .589.
3539 5369 3716 5424 Editio

2115 5435 2283 5503 Lugd.
2319 5436 2430 5488 Bai.
2469 5436 2621 5489 liabet
2652 5434 3029 5505 :ixEsculnpius
3059 5449 3103 5491 et
3131 5434 3320 5493 caveri.
3363 5441 3568 5495 ORELL.

2187 5506 2571 5581 (ionﬁiigeretis.
2633 5523 2726 5574 pro
2765 5509 3162 5576 caiiﬁnxissetis.
3209 5512 3281 5565 lle
3333 5515 3431 5565 liac
3465 5512 3718 5581 Euallage

2116 5579 2467 5645 scriptoribus
2497 5582 2610 5631 istis
2639 5584 2829 5632 usitata
2852 5591 3008 5634 antea
3035 5581 3370 5637 dicebamus.
3401 5579 3718 5639 Hanno}—

2120 5649 2251 5703 Vide
2281 5664 2439 5718 supra
2469 5649 2537 5702 ad
2571 5649 2662 5702 lib.
2691 5665 2728 5709 ι,
2762 5665 2880 5721 ciip.
2914 5651 3003 5707 54.
3047 5655 3252 5708 υιιειι.

2192 5742 2320 5819 Qua:
2357 5758 2460 5819 non
2506 5742 2657 5796 modo
2686 5743 2896 5819 illorum
2939 5743 3223 5814 polluerent
3255 5747 3585 5819 dignitatem,
3626 5748 3721 5801 sed

2118 5813 2326 5869 minime
2351 5813 2466 5868 illos
2505 5830 2613 5869 esse
2639 5813 2969 5884 qualitatibus
3004 5813 3392 5889 comprobarént
3437 5822 3714 5892 adjsnrtis.
