3970 6312
548 299 610 354 .‘il
1578 294 1855 351 ARNOBII
1892 292 2267 351 ADVERSUS
2306 292 2580 350 GENTES
3654 304 3739 363 953

505 415 699 470 liorum
728 428 940 477 semper
967 414 1018 469 in
1046 411 1389 483 expeditione
1412 420 1644 481 paratas.
1677 413 1834 479 Avct,
1860 413 2102 484 inquam,
2132 415 2187 475 Α
2212 424 2347 465 nova
2374 425 2603 482 qumque
2626 410 2868 483 quotidie
2889 419 3123 480 struere,
3152 411 3344 484 quibus
3372 412 3539 471 ulcisci
3565 431 3617 474 se
3639 435 3740 491 pos.

510 506 696 561 videre
720 506 850 562 deas
876 505 1146 575 gravidas,
1177 506 1305 559 deus
1328 503 1508 570 fmtas,
1534 505 1990 575 gliscctttibusque
2014 520 2108 575 per

507 599 627 655 dies
647 600 781 654 alvis
800 598 1038 654 intestini
1068 597 1323 668 ponderis
1349 598 1663 653 morositate
1687 597 1949 662 cunctari,
1983 613 2106 667 par-

507 693 674 747 turire
705 692 837 746 alias
860 699 1031 745 tractu
1063 690 1246 758 longo,
1277 698 1333 745 et
1361 704 1554 745 manus
1594 688 1935 744 obstetricias
1960 702 2108 759 quaa-

504 799 671 840 rere:
728 782 847 838 illas
897 782 1019 839 telis
1057 782 1343 853 gravibus,
1390 792 1445 836 et
1472 782 1719 838 dolorum
1769 782 2109 838 acuminibus

508 875 643 932 ﬁxas
686 876 891 946 cjulare
917 918 932 939 ,
988 876 1178 930 tortari
1206 884 1263 932 et
1293 876 1433 932 inter
1460 874 1577 930 ltwc
1606 875 1786 930 omnia
1836 874 2109 945 suppetias

505 968 735 1025 Junouis
776 968 1064 1039 implorare
1093 968 1331 1024 Lucium.
1374 967 1565 1023 Nonne
1605 967 1773 1022 multo
1802 976 1886 1023 est
1914 966 2111 1023 rectius

506 1061 832 1116 maledicere
854 1062 1172 1130 conviciari,
1191 1073 1354 1133 atque
1372 1061 1477 1117 alia
1502 1062 1747 1132 ingerere
1769 1061 1869 1117 diis
1892 1061 2106 1132 probra,

503 1169 663 1225 quam
692 1156 914 1210 obtentu
950 1164 972 1191 α
1006 1156 1092 1225 pio
1125 1155 1248 1210 talia
1275 1154 1344 1211 de
1374 1154 1461 1210 his
1497 1164 1735 1210 monstra
1791 1155 2106 1225 opinionum

504 1247 820 1313 indignitate
850 1246 1218 1317 prmsuutere?

580 1336 670 1393 XI.
702 1337 768 1392 Et
794 1339 1001 1393 audetis
1030 1338 1340 1394 adscribere
1366 1353 1580 1394 causam
1608 1339 1765 1395 nobis
1795 1338 2107 1397 offensionis

504 1432 731 1489 deorum
757 1475 770 1498 ,
802 1447 920 1487 cum
948 1474 961 1495 ,
993 1434 1036 1486 si
1063 1433 1323 1502 iudicatio
1370 1434 1500 1501 fiat,
1553 1434 1848 1489 certiSsima
1880 1434 1931 1488 in
1957 1433 2107 1489 vobis

505 1525 805 1594 reperiatur
832 1524 948 1581 hare
972 1540 1114 1589 esse,
1147 1541 1249 1582 nec
1275 1528 1329 1581 in
1350 1526 1701 1593 contumelia,
1727 1541 1888 1597 quam
1920 1527 2109 1597 apina-

508 1618 660 1679 miui,
695 1627 859 1672 stare.
891 1618 1023 1673 Nam
1047 1620 1090 1674 si
1121 1618 1217 1683 dii,
1249 1628 1307 1675 ut
1334 1620 1541 1686 dicitis,
1575 1621 1883 1677 afficiuntur
1912 1622 2013 1688 ira,
2054 1630 2111 1678 et

504 1710 807 1768 animorum
857 1712 1314 1785 indignationibus
1342 1715 1677 1772 incalescunt
1711 1734 1723 1771 :
1756 1732 1853 1772 cur
1880 1732 1976 1774 eos
2002 1733 2109 1773 non

504 1814 754 1875 putemus
780 1823 923 1878 aegre
949 1816 1109 1878 atque
1136 1809 1401 1863 acerrime
1425 1809 1697 1864 sustinere
1727 1850 1743 1874 ,
1789 1809 1905 1864 dari
1949 1809 2052 1864 sibi
2081 1825 2110 1865 a

2216 503 2326 558 sint
2344 513 2422 558 tot
2440 518 2470 556 a
2492 503 2647 558 vobis
2668 503 2882 574 injuriis
2903 514 2960 560 et
2981 503 3440 562 maledictionihus
3459 512 3736 580 exasperati:

2217 595 2702 663 Maledictionibus,
2737 597 2977 668 inquam,
3008 608 3061 654 et
3094 597 3321 669 injuriis,
3346 615 3473 669 quas
3492 604 3656 671 partim
3677 604 3739 661 fa-

2216 687 2361 745 hulis
2385 691 2653 759 turpibus,
2686 691 2887 762 partim
2914 691 3255 762 opinionibus
3283 692 3534 750 indecoris
3558 693 3602 762 δ,
3639 713 3739 769 quas

2216 780 2379 836 vestri
2412 781 2643 851 theol0gi
2665 825 2681 849 ,
2715 798 2848 854 quas
2876 793 3085 855 poetae,
3133 798 3268 856 quas
3313 784 3412 856 ipsi
3451 802 3537 843 vos
3572 805 3737 862 quoque

2212 872 2587 944 ignominiosis
2613 874 2899 931 celebratis
2929 876 2981 931 in
3010 876 3201 932 ritibus
3220 916 3236 941 ,
3268 891 3356 933 res
3380 879 3592 949 perditas
3622 881 3737 939 inre-

2215 968 2376 1023 nietis
2415 971 2678 1025 humanas
2703 1011 2719 1033 ,
2759 981 2816 1025 et
2842 960 3110 1042 abjecisse
3137 972 3346 1028 clavum
3372 972 3525 1042 deos;
3555 976 3594 1031 si
3618 977 3738 1036 modo

2213 1058 2428 1136 illorum
2454 1075 2637 1116 curam
2680 1072 2928 1133 spectat,
2980 1063 3285 1120 mortalium
3311 1081 3489 1137 regere
3512 1078 3648 1140 atque
3668 1073 3736 1127 ad-

2215 1153 2521 1211 ministrare
2547 1153 2811 1211 fortunas.
2845 1155 2977 1211 Nam
3005 1156 3164 1212 nobis
3190 1157 3405 1227 quidem
3432 1173 3522 1215 cur
3543 1160 3731 1218 irascan~

2216 1254 2323 1310 tur,
2356 1262 2462 1302 non
2495 1246 2694 1304 habent
2722 1266 2736 1302 :
2774 1263 2910 1320 quos
2939 1249 3122 1305 vident
3146 1260 3202 1306 et
3228 1251 3486 1317 sentiunt,
3514 1268 3658 1324 neque
3690 1270 3733 1311 se

2212 1340 2426 1406 colere,
2456 1356 2632 1412 neque
2661 1341 2910 1399 deridere
2930 1384 2947 1411 ,
2975 1342 3120 1414 quod
3150 1343 3346 1400 dicitur
3366 1386 3381 1411 ,
3427 1354 3480 1401 et
3521 1344 3738 1405 honestius

2192 1424 2371 1505 'quam
2399 1449 2493 1491 vos
2523 1436 2693 1492 multo
2719 1435 2787 1491 de
2814 1437 2896 1491 sui
2923 1437 3159 1492 nominis
3187 1437 3446 1509 dignitate
3465 1439 3735 1510 existimare,

2213 1528 2453 1584 credere.

2287 1545 2433 1678 if:
2448 1622 2523 1679 De
2543 1637 2677 1679 sexu
2720 1621 3001 1680 hactenus.
3030 1622 3184 1681 Nunc
3223 1624 3290 1681 ad
3330 1624 3550 1696 speciem
3594 1626 3729 1681 venia-

2218 1730 2337 1772 mus
2362 1724 2418 1771 et
2443 1714 2643 1771 formas
2660 1757 2676 1783 ,
2716 1715 2913 1786 quibus
2943 1730 3066 1772 esse
3091 1715 3398 1788 descriptos
3422 1715 3541 1773 deos
3567 1732 3740 1789 superos

2217 1807 2477 1864 creditis:
2507 1806 2703 1879 quibus
2731 1808 2895 1863 immo
2939 1806 3182 1864 formatis
3220 1817 3277 1864 et
3325 1808 3621 1878 templorum
3654 1822 3739 1864 ant-

503 1898 662 1953 vobis
688 1877 848 1953 sexus
873 1941 888 1965 ,
932 1877 1130 1970 quibus
1157 1915 1322 1957 canes
1345 1901 1597 1973 porcique
1622 1902 1832 1957 formati
1865 1904 2030 1958 sunt?
2055 1914 2107 1960 et
2143 1877 2190 1937 Β
2218 1899 2476 1971 plissimis
2516 1877 2794 1956 collocatis
2834 1899 2889 1954 in
2917 1899 3159 1956 sedibus.
3196 1898 3382 1970 Neque
3403 1877 3650 1971 quisquam
3676 1901 3739 1970 ju-

502 2004 625 2046 cum
657 1990 726 2045 ita
752 1991 1014 2057 credatis,
1048 2007 1155 2048 non
1180 1993 1338 2049 aliter
1363 2009 1423 2049 se
1458 1994 1614 2065 tingi,
1651 2005 1707 2050 et
1745 1995 2113 2067 ignominiosa
2158 2024 2163 2031 -

503 2097 627 2139 cum
681 2085 1044 2141 ostentatione
1093 2086 1361 2157 proponi?
1407 2086 1551 2159 Ergo
1589 2102 1711 2143 cum
1739 2089 1854 2144 haec
1883 2089 1954 2144 ita
1977 2090 2108 2155 sint,

502 2178 842 2233 miseriarum
871 2179 1113 2235 omnium
1140 2195 1300 2236 causa
1330 2196 1426 2236 vos
1446 2183 1599 2247 estis,
1624 2197 1722 2238 vos
1753 2183 1885 2239 deos
1912 2184 2110 2255 impel-

505 2269 638 2338 litis,
667 2285 763 2327 vos
785 2273 1033 2329 excitatis
1061 2272 1318 2331 infestare
1365 2275 1617 2333 omnibus
1642 2276 1795 2333 malis
1831 2286 2023 2341 terras,
2056 2286 2112 2333 et

2216 1991 2394 2046 daieas
2436 1990 2489 2045 in
2519 1989 2621 2047 hoc
2652 1991 2770 2045 loco
2814 1991 2970 2047 nobis
2999 2000 3238 2062 opponat
3277 1999 3331 2047 et
3377 1990 3587 2046 saductei
3609 2005 3731 2062 gene-

2218 2085 2295 2142 ris
2323 2084 2561 2149 fabulas,
2596 2094 2868 2156 tamquam
2900 2083 3104 2140 formas
3133 2085 3431 2141 tribuamus
3457 2095 3507 2141 et
3532 2087 3739 2141 nosheo:

2220 2178 2322 2236 hoc
2349 2178 2492 2235 enim
2526 2186 2744 2249 putatur
2775 2178 2827 2232 in
2857 2193 3046 2234 eorum
3090 2178 3289 2234 litteris
3325 2177 3458 2245 dici,
3486 2187 3535 2233 et
3560 2178 3741 2233 velutire

2218 2285 2386 2343 certa,
2410 2284 2570 2345 atque
2589 2275 2908 2330 auctoritate
2932 2271 3136 2330 ﬁrmari
3161 2292 3174 2329 :
3206 2288 3334 2346 quae
3352 2282 3441 2330 aut
3466 2272 3584 2329 nihil
3605 2271 3657 2329 ad
3673 2286 3741 2328 nos

1747 2393 2129 2451 LECTIONES
2169 2389 2585 2448 VABIANTES.

570 2485 594 2512 "
631 2486 785 2546 Quam
806 2494 859 2537 ut
880 2487 1103 2546 obtenta,
1129 2500 1218 2539 ms.
1243 2484 1384 2538 male.

2274 2482 2305 2522 b
2342 2483 2611 2535 Indeeorus
2626 2497 2716 2535 ms.

1866 2568 2428 2631 COMMENTARIUS.

505 2682 627 2739 pag.
666 2667 791 2732 448.
824 2667 910 2742 ed.
960 2668 1178 2742 Grmvii.
1226 2668 1345 2723 Fuit
1392 2668 1508 2742 lucc
1547 2669 1772 2725 honesta
1819 2671 2100 2742 expressio

504 2743 582 2794 rei
616 2742 804 2807 turpis.
836 2739 910 2793 Ita
944 2742 1081 2809 apud
1121 2740 1339 2795 Latinos
1371 2758 1383 2794 :
1423 2740 1546 2794 ch
1569 2742 1750 2805 multa,
1779 2743 1872 2797 illa
1896 2739 2096 2809 ’mnlta,

504 2811 587 2865 Ita?
613 2827 692 2865 res
724 2812 928 2884 multis;
954 2811 1093 2884 apud
1117 2812 1337 2867 Grmcos
1371 2830 1384 2867 :
1408 2816 1576 2884 πάντα
1600 2819 1784 2881 ταῦτα,
1815 2813 1883 2868 de
1909 2816 2095 2884 volup-

506 2883 704 2937 tatibus
723 2881 963 2942 nefarii“,
983 2893 1032 2937 et
1051 2882 1279 2939 Veneris
1301 2883 1590 2939 ludo.Vide
1609 2886 1823 2940 Herald.
1837 2928 1850 2948 ,
1869 2884 1937 2939 ad
1958 2881 2099 2941 hunc

503 2953 703 3012 locum.
750 2952 1011 3008 Similiter
1062 2954 1372 3010 Wielandus
1410 2954 1473 3010 ν.
1507 2954 1617 3022 CL,
1664 2956 1716 3011 in
1761 2958 2098 3012 versionibus

506 3025 620 3079 suis
649 3026 793 3083 talia,
827 3042 944 3088 qum
980 3025 1203 3081 honeste
1231 3026 1382 3082 ell‘ari
1405 3025 1572 3093 nefas,
1602 3027 1779 3084 verbis
1805 3029 2096 3085 circumlo-

507 3097 690 3165 quitttr
721 3114 733 3148 :
772 3095 897 3149 Was
924 3097 1004 3149 iltr
1031 3099 1160 3152 wist.
1193 3096 1398 3153 ORELL.

582 3165 895 3241 Prteliorum
942 3168 996 3221 in
1043 3169 1359 3240 expeditione
1408 3181 1639 3241 paratas.
1696 3172 1886 3227 Prmlia
1942 3188 2106 3229 sensu

510 3246 648 3316 turpi
681 3237 748 3292 de
776 3252 1072 3316 congressu
1101 3237 1351 3295 venereo.
1387 3237 1462 3295 Ita
1491 3242 1766 3312 Virgilius,
1801 3244 1998 3316 Georg.
2026 3260 2104 3313 ut,

507 3307 581 3364 98
606 3309 674 3365 de
700 3324 839 3381 equo
862 3310 1109 3367 confecto
1140 3328 1153 3365 :

726 3465 736 3476 .
805 3462 817 3474 .
894 3466 903 3476 .
977 3466 986 3475 .
1060 3464 1071 3474 .
1138 3426 1408 3490 Siquando
1427 3428 1484 3478 ad
1508 3428 1891 3493 praeliaventum
1916 3440 2010 3482 est.

509 3530 597 3603 ubi
645 3531 752 3586 vid.
800 3532 985 3603 Hcyne
1031 3531 1085 3603 γ.
1118 3531 1175 3587 S.
1209 3541 1263 3587 et
1306 3534 1510 3588 Auson.
1548 3533 1737 3603 Popm.
1778 3536 1846 3591 ad
1873 3536 2100 3594 Varron.

508 3602 815 3673 Fragment.
852 3618 970 3673 pag.
1000 3602 1126 3669 5‘27,
1150 3604 1239 3658 ed.
1267 3603 1474 3673 Bipont.
1506 3602 1709 3661 Onam.

583 3672 825 3749 Intestini
855 3675 1095 3749 ponderis
1137 3672 1449 3749 morasitale.
1489 3675 1795 3731 lnlestinum
1826 3681 2023 3749 pondus
2053 3681 2105 3738 id

508 3745 827 3818 qnod__uteri
862 3748 1084 3805 carsina.
1117 3761 1204 3817 ap.
1235 3746 1579 3810 Tcrlulliau.,
1614 3749 1708 3804 lib.
1742 3767 1782 3816 ι,
1810 3745 1874 3804 ad
1909 3751 2103 3818 Uxor,,

507 3830 626 3879 cap.
660 3816 712 3870 5.
748 3815 1024 3871 Morositas
1070 3815 1193 3888 hoc
1216 3818 1332 3873 loco
1361 3818 1499 3872 idem
1549 3821 1692 3888 quod
1743 3822 1990 3877 molestia
2018 3815 2105 3879 vel

507 3888 679 3959 active
720 3889 859 3956 qtmd
894 3903 1136 3942 morosas
1177 3887 1305 3943 facit
1335 3887 1583 3955 gravidas
1613 3907 1627 3943 :
1660 3907 1767 3959 quo
1807 3909 1968 3948 sensu
2004 3894 2105 3953 hoc

506 3958 823 4013 vocabulum
847 3958 971 4013 alibi
1008 3975 1091 4011 me
1122 3960 1315 4029 legisse
1343 3961 1481 4015 hami
1513 3958 1752 4016 memini.
1781 3962 1987 4020 OnELL.

581 4030 711 4107 Aliis
756 4030 867 4107 telis
909 4029 1441 4107 gravibus_....._[i_a:as.
1496 4032 1837 4089 Stewecltius
1886 4038 2105 4107 conjicit

506 4102 667 4173 tricis,
701 4110 758 4154 ιιι
789 4101 919 4173 infra
948 4115 1067 4173 cap.
1098 4103 1160 4155 21
1203 4121 1215 4157 :
1245 4101 1481 4173 Diﬂiciles
1512 4108 1899 4171 puerperiorum
1924 4101 2098 4165 tricas.

504 4171 1025 4250 At‘nilmu‘tamlntn‘
1057 4172 1163 4250 hoc
1183 4171 1435 4250 locoliui
1464 4192 1575 4250 una
1596 4189 1729 4250 nntai
1748 4177 1847 4232 tela
1872 4177 2099 4250 Lucium,

505 4244 737 4321 xalsrréu
956 4244 1226 4307 Εἰλειθυίας
1272 4260 1303 4300 e
1351 4244 1661 4314 Theocrito,
1711 4249 1864 4321 ldyll.
1924 4244 2100 4319 XXVII,

502 4315 648 4369 vers.
672 4315 780 4369 28?
805 4316 1006 4370 Οιιιςιι..

579 4384 806 4457 Tartari.
846 4388 914 4440 Ita
948 4388 1034 4439 vd.
1068 4386 1236 4457 Lugd.
1269 4388 1385 4442 Bal.
1419 4405 1450 4444 e
1481 4388 1789 4445 felicissima
1824 4391 1925 4446 'l‘h.
1956 4392 2100 4448 Can-

506 4456 606 4535 teri
653 4457 1028 4535 emendatione
1061 4473 1157 4535 pro
1204 4460 1405 4535 inepto,
1438 4461 1581 4531 quod
1610 4474 1765 4535 antea
1798 4463 2099 4535 legebatur,

506 4526 723 4581 Iwrtari.
756 4527 866 4582 Vox
900 4526 1237 4595 Lucretiana,
1269 4526 1362 4584 lib.
1390 4526 1469 4597 tu,
1505 4548 1645 4588 vers.
1680 4533 1779 4589 661
1817 4551 1829 4587 :

631 4616 802 4679 Omnia
820 4619 918 4679 jam
943 4623 1151 4670 seorsim
1171 4634 1354 4672 cernes
1375 4626 1552 4673 amcisa
1569 4626 1763 4675 recenti

633 4677 849 4729 Volnere
872 4683 1062 4741 tortari,
1088 4690 1140 4732 et
1161 4690 1343 4735 terram
1365 4698 1702 4751 conspergere
1721 4689 1853 4738 tabo.

508 4779 714 4864 I‘Vuutus
724 4780 964 4864 'z‘Tortar:
978 4826 987 4837 .
1001 4824 1013 4836 .
1026 4802 1124 4864 pro
1141 4796 1396 4864 torqueor.
1419 4788 1736 4860 Pomponius
1753 4794 1982 4848 Decuma
2000 4798 2106 4864 ful-

508 4852 641 4934 lonis
673 4869 691 4908 :
718 4852 782 4934 [Et
824 4855 909 4906 ubi
936 4855 1115 4910 insilui
1134 4858 1187 4911 in
1215 4852 1509 4934 cadentum
1526 4852 1775 4934 eculeum,
1808 4865 1876 4919 ibi
1903 4852 2105 4923 tolutim

507 4933 686 4978 tortor.
718 4926 920 4981 ORELL.
1499 4926 1509 4935 ’

579 4996 864 5076 Suppetias
880 4997 1123 5076 {uacuis
1144 5000 1420 5076 implorare
1445 5003 1670 5060 Lucina:-
1709 5008 1852 5062 Juno
1878 5008 2095 5076 Lucina,

504 5077 642 5146 tuam
671 5068 822 5146 [idem
844 5067 1065 5146 !Plat1t_.
1096 5067 1302 5146 Attlt'th
1334 5074 1452 5128 Act.
1480 5093 1550 5144 tv,
1582 5079 1986 5146 scen.wi,vers.
2014 5067 2098 5139 Ιοί

504 5136 647 5210 Viae
671 5140 970 5210 inira,cap.
996 5140 1086 5195 21.
1120 5136 1322 5197 UnsLn.

576 5207 668 5289 Xl.
700 5240 770 5289 —.—
809 5209 878 5264 Et
916 5207 1116 5267 audetis
1154 5215 1442 5289 adscribere
1484 5234 1690 5275 causam
1747 5222 1891 5278 nobis
1935 5222 2099 5289 o/fen-

503 5280 664 5359 siaais
716 5281 947 5359 deorum,
989 5299 1126 5359 cum,
1179 5286 1223 5339 si
1263 5286 1510 5352 iudicatio
1556 5292 1678 5359 ﬁat,
1715 5280 1994 5349 certissima
2041 5297 2098 5352 in

502 5350 642 5433 vobis
698 5355 981 5436 reperiatur
1001 5355 1139 5438 'haec
1160 5350 1318 5438 “esse,
1365 5350 1911 5438 necjn'contumelia,
1942 5350 2097 5438 quam

501 5423 787 5500 opinamini
813 5435 967 5500 stare.
1001 5425 1076 5500 Ita
1110 5426 1251 5500 edidi
1291 5438 1344 5484 et
1386 5423 1690 5500 interpunxi
1732 5454 1796 5492 ex
1837 5423 2095 5494 etuc'nda-

499 5493 997 5577 tioneﬂcertissjtna
1044 5497 1106 5577 .l._
1146 5498 1501 5577 Erejnshemii
1530 5493 1608 5558 'ad
1659 5505 1825 5577 Flor.,
1882 5510 1973 5565 lib.
2014 5493 2088 5577 1v,

501 5578 621 5647 cap.
734 5569 1013 5647 ιιᾳερϋῦ,
1042 5570 1128 5647 ed.
1147 5569 1377 5647 _Duke_ri.
1410 5572 1581 5647 Antea
1605 5567 1864 5635 edebatur
1893 5599 1905 5634 :
1939 5567 2090 5647 Cum,

497 5636 543 5718 si
559 5636 817 5717 judicatio
849 5640 938 5718 ﬁat
964 5640 1278 5718 certissima,_
1294 5645 1345 5697 in
1366 5644 1502 5718 vobis
1526 5649 1808 5715 reperiatur
1834 5652 1940 5706 haec
1960 5636 2087 5718 esse,

500 5715 544 5757 et
573 5706 628 5782 in
658 5706 987 5782 contumelia,
1009 5727 1163 5780 quam
1192 5714 1476 5782 apinamini
1501 5706 1658 5772 stare.
1688 5718 1826 5776 Male
1857 5740 1869 5776 :
1898 5706 2090 5779 sensus

497 5776 643 5865 enim
671 5788 753 5865 est
784 5795 796 5831 :
830 5778 897 5834 In
937 5776 1109 5865 capiat
1129 5784 1172 5836 si
1189 5776 1447 5856 judicatio
1489 5788 1611 5865 ﬁat,
1633 5794 1911 5847 certissima
1938 5776 2090 5865 repe;

492 5849 653 5899 rietnr
680 5849 887 5904 deorum
924 5850 1160 5920 o/fensio,
1189 5849 1296 5910 'aon
1321 5849 1500 5912 autem
1516 5861 1572 5914 in
1589 5849 1905 5919 "contumelia
1929 5849 2084 5938 sttire,

2210 2667 2263 2721 id
2303 2676 2387 2722 est
2412 2666 2734 2739 consistere,
2776 2682 2929 2738 quant
2977 2664 3261 2739 apinamini
3305 2665 3423 2724 scil.
3456 2680 3481 2721 a
3523 2665 3649 2722 nobis
3671 2661 3742 2720 diis

2210 2738 2299 2793 illa
2309 2747 2437 2793 tam.
2468 2737 2677 2795 OssLL.

2284 2809 2452 2882 zEgre
2478 2822 2628 2881 atque
2655 2812 2901 2865 acerrime
2922 2811 3185 2866 sustinere.
3218 2808 3528 2867 Necessario
3551 2808 3740 2882 mendum

2206 2890 2324 2946 est;
2358 2880 2480 2937 nam
2505 2880 2752 2937 acerrime
2776 2882 3025 2937 sustinere
3047 2898 3143 2953 pro
3173 2897 3261 2947 eo,
3297 2883 3435 2953 quod
3455 2893 3527 2937 est
3555 2880 3741 2935 molestis-

2205 2954 2352 3017 sime,
2378 2953 2689 3008 Latiuorum
2720 2969 2878 3025 nemo
2912 2969 3191 3025 umquam,
3219 2955 3325 3008 nisi
3356 2970 3440 3009 me
3461 2953 3644 3025 egregie
3662 2965 3742 3025 mc-

2206 3025 2566 3108 moria_fallat,
2601 3025 2754 3108 disit.
2789 3024 2934 3108 Lego
2959 3042 2983 3108 τ’
3003 3024 3171 3108 gre
3192 3037 3349 3108 atque
3368 3022 3603 3108 egeram

2126 3094 2171 3157 C
2206 3113 2341 3152 nere.
2375 3096 2499 3152 Haec
2533 3099 2763 3166 genuina
2805 3094 3017 3166 phrasis
3047 3094 3273 3152 A'rnobii
3304 3099 3488 3152 nostri.
3522 3095 3738 3159 Similiter,

2215 3168 2305 3224 lib.
2327 3184 2363 3223 tt
2385 3186 2399 3224 :
2428 3168 2620 3236 Quibus
2640 3170 2760 3223 mali
2788 3185 2964 3224 sumus
2981 3180 3026 3221 et
3048 3169 3275 3236 pessimi,
3296 3167 3641 3236 cupiditatibus,
3659 3176 3736 3220 etc.

2213 3238 2283 3294 Et
2311 3255 2456 3309 saepe
2487 3241 2538 3294 in
2571 3240 2675 3295 hoc
2700 3255 2884 3309 opere.
2919 3241 3150 3306 Menas,
3185 3254 3313 3311 pag.
3345 3240 3432 3295 89.

2286 3311 2348 3367 Si
2382 3313 2532 3365 modo
2568 3311 2776 3366 illorum
2800 3327 2977 3367 curam
3014 3309 3227 3382 spectat.
3258 3312 3339 3368 Ita
3364 3311 3449 3368 ed.
3476 3310 3621 3381 Lugd.
3647 3309 3733 3382 Bat.

2210 3381 2315 3437 Alii
2353 3402 2367 3437 :
2398 3382 2458 3438 Si
2489 3382 2638 3455 modo
2663 3382 2731 3436 ad
2778 3383 2987 3455 illorum
3024 3378 3202 3437 curam
3241 3392 3454 3455 spectat.
3483 3378 3606 3437 ade.
3631 3378 3731 3436 Cod.

2213 3468 2314 3508 ms.
2346 3454 2555 3511 addidit
2578 3454 2850 3511 Stewech.
2880 3453 3085 3512 Οιιειι.

2284 3544 2560 3619 Honestius
2598 3563 2754 3618 quam
2778 3563 2864 3619 vos
2904 3546 3079 3619 multo
3109 3546 3172 3600 de
3200 3546 3297 3619 fui
3317 3549 3524 3604 nominis
3545 3547 3738 3619 dignitate

2210 3617 2532 3689 existimare,
2564 3619 2786 3674 credere.
2819 3617 2910 3674 Sic
2945 3618 3032 3673 ed.
3066 3618 3233 3689 Lugd.
3262 3619 3383 3674 Bat.
3422 3637 3482 3676 ex
3528 3617 3652 3676 more
3670 3619 3741 3673 Ar-

2210 3688 2356 3761 n_obii
2387 3691 2631 3759 copulam
2652 3691 2950 3761 saepissime
2975 3688 3293 3761 omittentis.
3320 3690 3452 3747 Cod.
3477 3707 3567 3748 ms.
3590 3691 3737 3745 habet:

2215 3758 2524 3833 Existimare
2545 3777 2696 3829 quam
2719 3758 2942 3829 credere,
2968 3761 3110 3833 quod
3137 3760 3336 3833 [rustra
3359 3773 3528 3819 lttetttr
3561 3762 3741 3819 Steweco

2210 3828 2349 3884 hius.
2374 3828 2631 3887 Gelenius
2651 3850 2666 3889 :
2684 3834 2847 3902 Atque
2858 3828 3078 3889 credere.
3105 3832 3207 3888 Alii
3233 3853 3245 3888 :
3271 3836 3342 3890 Et
3362 3838 3570 3891 credere.
3587 3834 3737 3890 Ottstt.

2282 3921 2395 3997 XII.
2447 3955 2521 3964 —
2569 3923 2746 3994 Neque
2791 3927 3061 3997 quisquam
3125 3929 3382 3985 .Iudaicas
3428 3931 3478 3984 in
3524 3928 3606 3983 hoc
3661 3926 3739 3979 loco

2207 3994 2351 4075 uobis
2378 4006 2604 4075 apponat
2654 4009 2700 4051 et
2740 3994 3020 4075 δάάάιίειξὶ
3046 4003 3258 4075 generis
3276 4001 3500 4071 fabulas,
3524 4011 3739 4075 tamquam

2207 4066 2426 4139 formam
2448 4069 2729 4139 tribuamus
2757 4080 2802 4123 et
2832 4086 2923 4125 nos
2959 4066 3086 4128 Deo.
3118 4066 3303 4129 Lectio
3328 4075 3460 4128 bena
3489 4081 3555 4139 et,
3579 4066 3737 4125 ututihi

2208 4138 2425 4211 quidem
2453 4138 2683 4197 videtur.
2715 4155 2998 4211 perperam
3032 4156 3234 4200 mutata
3263 4162 3293 4197 a
3326 4146 3576 4200 Salmasio
3609 4139 3738 4211 eden-

2209 4220 2292 4287 te;
2325 4207 2608 4287 Tamquam
2641 4207 2835 4281 formas
2862 4215 3086 4287 tribuant
3112 4228 3262 4287 atque
3312 4234 3367 4271 os
3401 4215 3520 4270 Deo.
3558 4210 3739 4287 Gentiles

2206 4281 2348 4351 enim
2372 4278 2711 4337 Christianus
2746 4298 2868 4338 cum
2904 4284 3104 4344 .ludaeis
3129 4278 3536 4351 confundentes,
3574 4283 3641 4339 vel
3671 4295 3738 4350 pro

2205 4349 2533 4426 .ludaeornm
2574 4353 2827 4426 peculiari
2870 4357 3100 4426 quadam
3137 4366 3284 4415 secta
3322 4349 3586 4423 habentes,
3618 4349 3739 4410 multa

2206 4421 2339 4503 ipsis
2385 4422 2604 4503 crimini
2641 4424 2863 4503 dabant,
2888 4421 3029 4503 iquae
3070 4431 3375 4503 intimorum
3418 4421 3615 4503 quidem
3653 4440 3739 4503 pro;

2210 4494 2344 4563 pria,
2371 4503 2426 4548 at
2454 4511 2482 4546 a
2511 4496 2769 4566 religione
2794 4494 3086 4556 christiana
3115 4494 3449 4557 alienissima
3461 4502 3610 4563 fuere.
3632 4494 3738 4550 verbi

2132 4545 2186 4606 D
2213 4545 2383 4644 causa
2399 4565 2580 4644 odium
2610 4545 2825 4644 generis
3521 4545 3738 4644 audientes

2213 4634 2265 4715 i_n
2290 4634 2636 4715 judaicoruui
2662 4640 2944 4715 doctorum
2964 4645 3185 4715 scriptis
3214 4634 3439 4700 formam
3465 4639 3736 4715 corporalem

2215 4706 2323 4784 [leo
2337 4708 2493 4784 tribui
2502 4750 2517 4771 ,
2534 4710 2666 4784 tales
2677 4712 2904 4784 ineptias
2916 4706 3233 4771 Christianis
3244 4716 3405 4771 etiam
3421 4706 3736 4784 impingebant.

2211 4778 2276 4832 Et
2297 4779 2439 4858 hunc
2453 4780 2554 4858 loci
2569 4778 2743 4858 nostri
2767 4778 2984 4840 sensum
2999 4801 3143 4850 esse,
3167 4788 3444 4858 sequentia
3472 4778 3614 4858 verba
3632 4800 3643 4835 :
3660 4793 3739 4850 φα

2207 4862 2298 4929 aut
2311 4852 2439 4905 nihil
2458 4852 2527 4905 ad
2548 4871 2640 4908 nos
2653 4856 2885 4920 attinent,
2902 4872 2993 4911 nec
3012 4874 3076 4912 ea:
3095 4852 3267 4929 aliqua
3283 4864 3512 4928 porticus
3526 4857 3737 4927 quicquam

2208 4922 2392 4997 habent
2419 4939 2684 4978 commune
2704 4929 2982 4991 nobiscum,
3013 4940 3103 4983 aut
3128 4922 3337 4997 si'sunl,
3368 4942 3417 4983 ut
3439 4922 3659 4997 creditur,
3674 4938 3736 4976 to-

2205 4994 2299 5048 cite
2338 5002 2468 5055 etc.,
2506 4998 2843 5065 apertissime
2886 4999 3181 5055 declarant.
3214 4994 3476 5057 Caeterum
3519 4999 3611 5055 hoc
3654 4996 3737 5049 Ιοίο

2205 5065 2473 5139 Arnobius
2500 5071 2666 5139 tangit
2690 5071 3073 5127 absurdissima
3095 5074 3183 5129 illa
3203 5083 3503 5129 commenta
3525 5067 3738 5139 Rabbino-

2204 5151 2346 5204 rum,
2371 5137 2609 5211 formant
2631 5150 2792 5211 alqtte
2820 5156 2882 5196 os
2921 5142 3213 5200 humanum
3245 5155 3297 5199 et
3327 5157 3617 5200 mensuram
3637 5137 3736 5193 adeo

2201 5208 2535 5284 corporalem
2557 5210 2664 5284 Deo
2685 5208 3111 5282 attribueutium,
3148 5216 3216 5271 de
3245 5216 3443 5284 quibus
3470 5213 3681 5284 plurimi“
3694 5221 3736 5260 ²⁶

2199 5280 2437 5363 βίί.ἓίνί⁸
2474 5280 2818 5363 d‘t°“§si!""3
2839 5284 2981 5363 alii?
3078 5280 3239 5363 ἀνίας
3260 5280 3434 5363 HQ!"
3474 5280 3734 5363 Commi“

2202 5349 2254 5403 iu
2282 5349 2420 5406 libro
2466 5353 2551 5407 cui
2597 5355 2805 5410 titulus:
2842 5349 3228 5413 Critischle'des
3249 5359 3572 5419 Cliitiasmus,
3599 5352 3731 5413 νοω.

2201 5435 2320 5491 pag.
2354 5422 2440 5484 79,
2475 5437 2591 5493 seq.
2618 5424 2680 5480 Et
2702 5428 2922 5481 omnino
2943 5428 3153 5484 videtur
3168 5430 3440 5486 Arnobius
3466 5427 3735 5484 Sadducatos

2198 5495 2288 5574 qui
2320 5508 2533 5574 omnem
2577 5497 2922 5574 traditionem
2950 5512 3191 5574 veterum
3222 5502 3527 5574 rejiciebant
3558 5497 3736 5574 idecque

2198 5562 2466 5637 “taeduit
2504 5565 2860 5637 habebantur,
2914 5572 3225 5628 confttdisse
3272 5562 3394 5629 cum
3472 5562 3735 5627 Pltaristcds

2194 5635 2418 5712 aliisque
2440 5635 2751 5712 {admoram
2794 5635 3064 5712 magistris
3105 5644 3286 5699 talium
3342 5644 3733 5701 fabularumauc-

2196 5707 2421 5762 toribus.
2451 5707 2655 5766 ORELL.

2265 5797 2332 5881 ls‘t
2352 5799 2504 5881 relati
2529 5818 2584 5881 re
2600 5813 2760 5881 certa,
2792 5814 2894 5881 etc.
2922 5805 2998 5881 ita
3022 5805 3158 5864 Cod.
3190 5825 3296 5881 ms.
3313 5823 3471 5881 quam
3497 5804 3733 5881 lectionem

2191 5877 2371 5925 tuetur
2424 5871 2685 5930 Ileraldus
2716 5877 2767 5931 iu
2808 5874 2967 5933 Curis
2998 5880 3253 5939 seminudis
3301 5871 3345 5935 τ’
3372 5894 3540 5951 neque
3586 5872 3731 5933 video,
