3970 6312
229 334 345 394 955

1597 339 1795 396 LIBEB
1837 338 2154 397 TERTIUS.

3435 340 3539 399 954

237 453 502 522 attinent,
533 468 634 510 nec
686 469 754 511 ex
798 455 977 527 aliqua
1021 453 1270 527 portione
1309 453 1597 526 quidquam
1639 455 1837 512 habent
1863 461 1916 518 Α
1943 472 2046 512 no:
2077 467 2130 511 et
2156 456 2298 527 quod
2323 455 2591 526 indignius
2619 455 2791 512 multo
2817 465 2902 512 est
2925 497 2942 524 ,
2971 464 3315 514 terrenarum
3343 473 3542 531 corpo-

238 561 528 604 commune
558 550 868 606 uobiscum:
899 560 992 606 aut
1015 552 1060 606 si
1089 560 1233 615 sunt,
1259 559 1317 606 ut
1343 549 1612 616 creditur,
1649 552 1830 619 sociae,

238 642 519 711 quaerendi
548 650 673 697 sunt
706 643 858 698 vobis
895 642 1103 698 altioris
1145 642 1516 712 intelligentia:
1544 642 1832 710 doctores,

243 746 343 803 per
367 749 503 804 quos
536 735 756 804 possitis
787 733 1068 791 addiscere
1087 777 1102 802 ,
1131 735 1324 806 quibus
1353 734 1528 790 modis
1553 735 1841 790 conveniat

242 829 551 886 litterarum
593 832 806 887 illarum
832 833 1035 897 nubes,
1083 843 1244 904 atque
1269 832 1543 888 involucra
1572 832 1833 887 relaxare.

239 924 438 981 Nostra
479 926 545 982 de
585 927 691 982 hoc
715 928 985 983 sententia
1037 928 1157 982 talis
1188 938 1291 984 est.
1324 927 1577 982 Naturam
1620 941 1836 981 omnem

240 1017 504 1084 divinam,
537 1037 655 1091 qua:
679 1037 855 1091 neque
877 1036 996 1077 esse
1019 1023 1243 1092 coeperit
1260 1020 1568 1092 aliquando,
1591 1037 1688 1075 nec
1712 1020 1843 1074 vita-

240 1110 352 1168 lem
379 1113 445 1166 ad
486 1114 772 1169 terminum
803 1115 882 1170 sic
905 1113 1194 1186 aliquando
1220 1124 1446 1169 ventura
1466 1155 1478 1178 ,
1515 1113 1843 1168 liniamentis

239 1221 436 1263 carere
463 1210 764 1279 corporeis,
786 1225 962 1280 neque
993 1210 1129 1264 ullas
1161 1209 1451 1266 formarum
1493 1210 1700 1282 efﬁgies
1719 1223 1844 1279 pos-

242 1300 459 1368 sidere,
503 1305 699 1372 quibus
748 1305 945 1361 extima
996 1304 1428 1376 circumscriptio
1474 1305 1840 1359 membrorum

239 1393 387 1448 solet
417 1404 736 1466 coagmenta
761 1395 933 1451 ﬁnire.
967 1395 1235 1467 Quidquid
1264 1396 1408 1451 enim
1439 1397 1544 1450 tale
1567 1404 1670 1461 est,
1693 1411 1844 1450 mor-

245 1486 357 1542 tale
384 1501 508 1544 esse
553 1488 882 1544 arbitramur
900 1498 956 1544 et
996 1489 1157 1544 labile
1190 1507 1204 1543 :
1239 1503 1338 1545 nec
1365 1488 1610 1543 obtinere
1654 1501 1843 1559 perpe-

247 1588 395 1636 tuam
427 1597 582 1651 posse
609 1583 882 1640 credimus
898 1583 1163 1640 :evitatem
1191 1626 1205 1650 ,
1239 1585 1382 1656 quod
1410 1582 1667 1640 extremis
1684 1595 1839 1637 coer-

243 1671 413 1726 citum
446 1672 640 1730 ﬁnibus
666 1677 968 1732 necessaria
993 1677 1365 1734 circumcludit
1391 1677 1752 1734 extremitas.-

315 1764 455 1822 Xlll.
497 1767 566 1823 At
589 1783 718 1823 vero
747 1783 842 1824 vos
871 1768 1000 1826 deos
1037 1785 1224 1840 parum
1253 1781 1336 1827 est
1368 1773 1660 1828 formarum
1691 1766 1836 1840 quod

1945 567 2062 606 rum
2090 552 2498 606 circumcresura
2533 551 2714 606 liuitis.
2735 549 2872 620 Quid
2893 565 3024 622 ergo
3051 550 3134 607 dit
3159 553 3344 607 smus?
3371 551 3547 624 Caput

1947 646 2079 702 deos
2105 655 2318 715 gestare
2372 645 2526 700 tereti
2574 644 2904 700 rotunditate
2949 644 3237 700 collectum
3267 689 3282 713 ,
3338 647 3541 702 retina-

1947 739 2082 794 culis
2127 746 2411 793 nervorum
2452 740 2614 793 dorso
2668 738 2929 808 illigatum
2958 753 3021 794 ac
3082 741 3320 809 pectori.
3373 751 3428 795 et
3470 739 3540 796 ad

1948 831 2214 888 cervicum
2231 832 2564 886 necessarias
2581 832 2842 888 ﬁexioues
2859 833 3292 890 consertiouibus
3307 833 3544 889 verticu-

1949 925 2142 992 larum,
2169 915 2336 996 atque
2361 940 2513 980 ossea
2529 927 2937 982 substructione
2971 927 3185 984 fulciri?
3206 929 3358 998 Quod
3383 930 3426 984 si
3449 944 3544 986 ac-

1948 1023 2208 1090 cipiemus
2235 1029 2292 1074 ut
2323 1036 2506 1074 verum
2538 1020 2636 1084 sit,
2673 1037 2832 1076 aures
2864 1023 3024 1076 etiam
3065 1023 3313 1094 sequitur
3345 1032 3402 1078 ul
3441 1022 3541 1078 ba-

1951 1116 2106 1171 beant
2135 1116 2311 1171 curxis
2342 1117 2734 1186 perterebratus
2761 1117 3092 1172 anfractibus
3114 1135 3128 1172 :
3148 1118 3427 1173 oculorum
3455 1132 3547 1172 or-

1949 1207 2154 1262 biculos
2185 1208 2432 1275 mobiles,
2458 1210 2867 1279 superciliorum
2893 1209 3222 1280 marginibus
3249 1210 3542 1265 obumbrao

1949 1308 2081 1354 tos:
2127 1315 2446 1370 suspensum
2508 1301 2783 1356 imbricem
2839 1302 3046 1356 narium
3077 1344 3091 1367 ,
3136 1302 3538 1359 inunctionibus

1949 1393 2298 1447 mucculentis
2322 1402 2374 1447 et
2397 1393 2627 1463 spiritali
2652 1393 3066 1448 commeabilem
3091 1395 3314 1449 tractui:
3347 1395 3544 1450 subac-

1949 1485 2184 1540 tionibus
2211 1485 2450 1540 ciborum
2485 1485 2672 1540 dentes
2693 1485 2818 1541 triui
2846 1487 3084 1557 generis,
3107 1497 3268 1559 atque
3299 1489 3351 1543 in
3369 1487 3545 1546 ofﬁcia

1949 1580 2086 1635 trina
2117 1579 2443 1649 compositos
2469 1597 2482 1632 :
2516 1593 2706 1634 manus
2740 1579 3016 1635 ministras
3062 1595 3284 1650 operum
3304 1621 3319 1646 ,
3344 1580 3546 1637 articu-

1947 1675 2043 1741 lis,
2076 1674 2274 1745 digitis,
2309 1683 2362 1729 et
2381 1675 2682 1729 cubitorum
2711 1674 3014 1730 mobilitate
3037 1675 3387 1733 tractabiles:
3419 1691 3548 1733 cor-

1950 1769 2168 1841 poribus
2199 1768 2528 1823 sustinendis
2555 1767 2754 1839 pedes,
2793 1767 3126 1838 explicandis
3162 1770 3462 1840 gressibus,
3491 1780 3548 1827 et

239 1857 627 1929 amplectimini
661 1860 961 1928 meusioue,
989 1861 1078 1916 ﬁlo
1103 1872 1158 1918 et
1186 1851 1546 1918 atterminatis
1576 1873 1602 1900 τι
1639 1863 1825 1918 huma-
1861 1861 1908 1920 B
1934 1861 2285 1934 suggereudis
2308 1860 2782 1932 auticipatiouibus
2814 1862 3060 1916 itionum.
3089 1862 3242 1932 Quod
3261 1864 3305 1920 si
3324 1877 3548 1942 ea,qu:e

1478 1980 1862 2040 LECTIONES
1900 1977 2314 2042 VARIA‘NTES.

311 2090 340 2120 α
381 2090 461 2142 Ita
485 2087 626 2152 Sab.,
655 2085 1142 2153 Dctcrminatisalii.

1599 2206 2157 2268 COMMENTARIUS.

244 2331 350 2376 cur
370 2321 622 2401 mutanda
653 2324 742 2380 sit.
773 2325 991 2401 Fulvius
1025 2326 1205 2401 Ursin.
1238 2344 1250 2382 :
1285 2338 1330 2383 et
1372 2329 1482 2400 lege
1507 2337 1741 2401 certaque
1759 2339 1838 2385 at-

285 2409 351 2469 ue
401 2395 719 2469 auctoritate.
751 2399 876 2469 Ed.
928 2399 1099 2469 Lugd.
1161 2399 1372 2454 Bat.:et
1414 2395 1567 2456 utve!
1597 2395 1836 2456 re'certa.

306 2465 522 2519 eursius
549 2476 717 2541 totum
747 2468 925 2526 locum
958 2465 1038 2526 ita
1051 2470 1294 2541 retingit:
1329 2472 1509 2527 litteris
1530 2489 1548 2526 :
1579 2474 1735 2528 dicier
1754 2490 1841 2528 ve-

253 2534 334 2589 lut
354 2551 441 2611 res
463 2549 600 2611 certa
628 2539 832 2611 absque
863 2543 968 2598 ulla
1002 2534 1342 2598 necessitate.
1371 2544 1574 2600 ORELL.

328 2607 431 2686 {iul
455 2609 498 2662 si
517 2619 654 2686 sunt,
687 2607 757 2686 ut;
772 2615 1016 2686 creditur.
1040 2616 1208 2668 sociae.
1235 2613 1308 2669 Ita
1337 2616 1510 2670 editor
1527 2615 1696 2686 Lugd.
1723 2615 1840 2671 Bat.

253 2676 436 2754 Editio
452 2676 702 2751 princeps
727 2683 900 2739 Subtei
923 2696 1038 2740 :aut
1059 2687 1102 2740 si
1123 2696 1242 2740 sunt
1263 2687 1470 2740 creditae
1493 2676 1664 2754 socia},
1685 2687 1846 2743 Fulv.

252 2747 580 2828 Ursiuj‘aut
609 2747 652 2808 si
679 2766 793 2828 sunt
821 2757 1016 2811 credita
1046 2758 1190 2812 socii.
1223 2757 1328 2812 Sed
1347 2758 1479 2813 bene
1495 2747 1661 2812 liabet
1675 2761 1846 2828 socia’,

249 2821 609 2902 .s'cil.__fabulw,
659 2826 709 2902 id
724 2837 807 2884 est
836 2829 990 2902 nobis
1015 2831 1173 2884 etiam
1199 2845 1531 2894 communes,
1558 2831 1774 2899 utquod
1799 2821 1850 2886 in

250 2893 321 2974 iis
352 2893 562 2965 dicitur,
605 2899 766 2974 etiam
803 2898 880 2974 ad
910 2916 1008 2974 nos
1039 2903 1305 2969 pertinere
1339 2893 1594 2962 videatur,
1632 2893 1686 2955 ut
1705 2917 1850 2959 recte

251 2969 636 3036 interpretatur
657 2969 934 3026 l-leraldus.
963 2972 1165 3028 ORELL.

295 3035 638 3119 .Litterar’um
669 3042 876 3119 illarum
905 3047 1059 3099 nubes
1107 3055 1255 3114 atque
1283 3045 1546 3119 involucra
1589 3046 1842 3119 relaxare.

249 3105 516 3183 Similiter
536 3111 1120 3170 Claudian.Matnertus
1154 3105 1219 3172 de
1242 3128 1382 3172 statu
1413 3118 1627 3183 animai,
1659 3117 1751 3172 lib.
1785 3134 1841 3172 ll.

250 3194 376 3249 cap.
409 3182 524 3259 Β)
553 3184 658 3238 Sed
682 3186 734 3240 in
760 3187 854 3240 hoc
880 3204 1041 3257 opaco
1081 3205 1248 3242 rerum
1289 3182 1621 3259 caligantium
1676 3189 1848 3244 nubilo

254 3266 321 3304 ea:
349 3253 519 3330 adytis
543 3253 976 3330 supercalestium
997 3260 1357 3330 doctrinarum
1387 3253 1619 3314 consulta
1647 3273 1847 3330 repeta-

249 3339 388 3378 mus.
416 3325 502 3381 ubi
528 3328 633 3382 vid.
665 3327 828 3401 Gasp.
862 3329 1044 3386 Barth.
1071 3332 1123 3385 in
1148 3331 1442 3388 Clossario.
1475 3332 1680 3388 ORELL.

327 3416 468 3473 XIII.
522 3450 592 3460 ——
651 3420 771 3477 Fila
841 3435 889 3478 et
949 3425 1302 3479 adterminatis
1361 3427 1604 3479 lmmano.
1675 3423 1851 3480 Filum

251 3493 748 3568 vocat_Arnobius,
789 3495 1112 3551 lineamenta
1158 3506 1211 3552 et
1253 3497 1628 3552 extremitates
1659 3512 1851 3568 corpo-

251 3575 398 3617 ru'n.
429 3562 502 3618 Ita
536 3563 840 3632 Lucretius,
874 3584 928 3634 ιι,
961 3568 1059 3622 541
1099 3585 1110 3621 :

441 3674 565 3726 Esse
586 3678 686 3740 pari
707 3676 803 3740 ﬁlo,
829 3678 1080 3744 similique
1100 3679 1272 3732 aﬁ'ecta
1299 3681 1470 3745 ﬁgura.

257 3757 481 3839 liliivid.
503 3761 736 3839 Greecb.
758 3770 820 3818 Α.
838 3764 1066 3839 Gellius,
1090 3767 1178 3821 lib.
1198 3783 1283 3822 xrv
1298 3813 1310 3829 .
1326 3784 1445 3838 cap.
1465 3769 1517 3823 4.
1537 3768 1855 3839 Chrysippus

252 3833 383 3957 {acit
411 3833 682 3904 imaginem
705 3835 1052 3892 Iustitiae..."
1102 3842 1270 3908 forma
1295 3833 1443 3910 atque
1479 3842 1569 3910 filo
1616 3833 1854 3908 virginali

280 3903 424 3957 dem.
454 3905 543 3957 lib.
574 3922 612 3957 ι.
647 3922 765 3957 ean.
799 3909 831 3957 9
863 3929 874 3957 :
909 3909 1078 3957 Mores
1107 3923 1413 3957 naturamne
1436 3913 1697 3957 hominum
1729 3929 1851 3957 inn-

280 3903 424 3981 dern,
454 3903 543 3961 lib.
574 3922 765 3981 t,_cap.
799 3909 831 3962 9
863 3929 874 3960 :
908 3909 1078 3963 Mores
1102 3903 1413 3981 naturasque
1435 3903 1851 3966 hominum-ion-

243 3976 474 4054 jectione
492 3976 724 4054 quadam
745 3982 807 4054 de
835 3982 937 4054 oris
967 3993 1013 4035 et
1036 3982 1203 4036 vultus
1231 3976 1455 4054 ingenio,
1498 3989 1659 4046 deque
1701 3985 1854 4037 totius

252 4047 485 4117 corporis
507 4049 596 4116 ﬁlo
612 4060 760 4120 atque
786 4053 1078 4106 habitudine
1093 4047 1360 4108 sciscitari.
1382 4055 1620 4110 lienam.
1638 4064 1691 4108 et
1716 4054 1854 4109 litat.-

254 4121 581 4175 IENﬂ.-Il.a
600 4130 653 4176 et
671 4121 842 4178 Plaut.
863 4124 1084 4192 Mercat,
1102 4134 1204 4180 act.
1234 4142 1308 4194 tv,
1328 4142 1475 4181 scen.
1499 4143 1568 4194 tv,
1594 4143 1733 4180 vers.
1762 4127 1851 4183 l5:

509 4237 638 4288 Satis
660 4241 836 4290 scitum
861 4240 991 4290 ﬁlum
1015 4242 1255 4293 mulieris.

255 4321 437 4396 Filum
491 4325 544 4379 ia
575 4341 773 4394 genere
800 4327 866 4382 de
905 4328 1142 4396 cujusvis
1191 4330 1435 4396 corporis
1483 4329 1758 4384 extremiis
1795 4329 1855 4382 li-

256 4395 380 4471 nteis
409 4395 786 4471 (ﬁcipluribus
817 4395 1051 4454 ostendit
1083 4395 1376 4456 Salmasius
1404 4403 1469 4455 ail
1502 4401 1699 4462 Soliu.,
1735 4419 1852 4471 pag.

253 4466 389 4543 {63.
422 4466 625 4543 Eodem
653 4486 816 4543 sensu
837 4472 1029 4526 dicitur
1059 4475 1313 4541 scriptura
1349 4475 1487 4543 apud
1521 4466 1852 4538 Petronium,

255 4538 376 4593 Sat.
410 4554 528 4610 cap.
569 4541 710 4618 126.:
743 4544 1034 4613 Supercilia
1066 4538 1223 4618 usque
1250 4545 1318 4618 ad
1340 4538 1590 4618 malarum
1629 4546 1855 4611 scriptu-
1885 4557 1938 4618 D

255 4626 374 4687 ram
397 4615 672 4687 currentia,
701 4625 745 4687 et
790 4631 968 4668 rursus
1004 4617 1226 4684 confinio
1269 4616 1518 4671 luminum
1543 4633 1685 4687 pame
1736 4633 1855 4686 per-

256 4682 448 4754 mixta.
475 4685 562 4738 ubi
588 4685 708 4740 vide
731 4686 898 4754 iutpp.
934 4682 1137 4741 Unam}.

333 4751 754 4831 Cii'cumcarsura.
783 4751 1208 4831 Circnnicwsura,
1242 4765 1508 4820 περικοπή.
1538 4759 1684 4814 Idetn
1716 4759 1859 4831 quod

255 4825 428 4882 modo
457 4827 666 4883 dixerat
692 4829 858 4896 filum.
893 4829 1199 4896 Lurretius,
1232 4847 1306 4896 ιιι,
1334 4832 1460 4886 2:20.
1485 4850 1498 4886 :

448 4938 642 4990 Extima
665 4943 998 4991 membrorum
1024 4944 1400 4992 circumcaesura
1429 4951 1594 4993 tamen
1613 4959 1668 4994 se

453 5001 749 5054 Incolumem
777 5013 976 5068 praestat
1000 5019 1011 5053 :
1037 5020 1131 5055 nec
1155 5005 1285 5056 desit
1308 5008 1527 5069 corporis
1554 5007 1727 5058 hilum.

255 5107 420 5164 Conl’.
454 5125 525 5173 tv,
558 5110 682 5167 651.
719 5111 1036 5166 ΙΙειιΑιυ.--
1060 5109 1216 5167 Coni.
1243 5111 1504 5178 Turneb.,
1537 5112 1858 5180 Adversum,

255 5182 354 5236 lib.
393 5197 504 5246 χιιι,
535 5197 634 5252 cap
663 5182 752 5237 ‘20.
783 5183 988 5238 Ont-zLL.

336 5252 744 5307 Consertionibus
800 5256 1178 5309 verticulurum.
1211 5256 1282 5309 Ita
1337 5255 1478 5310 edidi
1507 5272 1570 5311 ex
1601 5255 1859 5312 emenda-

257 5327 413 5380 tione
441 5327 716 5379 verissima
744 5326 804 5380 F.
840 5327 1028 5380 Dousa:
1057 5327 1122 5380 ad
1153 5327 1338 5382 Lucilii
1368 5327 1705 5397 Fragment..
1739 5343 1858 5397 pag.

254 5397 393 5461 29:),
425 5397 510 5452 ed.
545 5397 896 5468 llavcrcanip.
930 5397 1014 5451 Ver
1029 5399 1204 5463 ticum,
1235 5400 1375 5468 quod
1401 5400 1450 5453 in
1479 5399 1727 5452 omnilnts
1748 5402 1862 5452 eili-

259 5468 504 5523 tionilius
548 5469 759 5538 legitur.
810 5469 914 5524 hoc
957 5469 1076 5523 loco
1110 5471 1324 5525 tolerari
1357 5485 1460 5523 non
1516 5480 1714 5539 potest.
1753 5469 1858 5526 Sed

258 5541 552 5611 legendum
585 5542 960 5604 verticalarum,
998 5543 1100 5602 vel,
1129 5544 1268 5611 quod
1300 5541 1518 5595 Solinus
1548 5542 1708 5595 habet
1738 5557 1856 5611 cap.

259 5614 355 5680 δι,
412 5612 788 5666 verticulorum.
845 5611 1114 5666 Verticula:
1177 5623 1300 5666 sunt
1359 5614 1610 5676 articuli,
1667 5614 1860 5682 quibus

258 5686 422 5752 Spina
454 5684 598 5738 dorsi
639 5699 760 5738 cum
795 5685 972 5752 capite
1001 5686 1364 5754 eoajuugitur.
1401 5685 1506 5739 Alii
1536 5685 1717 5753 legunt
1745 5701 1857 5738 ver-

258 5755 524 5811 tebrarum
551 5755 740 5810 eodem
773 5771 953 5811 sensu.
989 5756 1094 5810 vid.
1150 5757 1378 5811 Salinas.
1412 5756 1491 5826 ad
1524 5755 1719 5822 Solin.,
1755 5757 1790 5809 Ι.
1819 5771 1858 5810 ι.

259 5843 389 5903 pag.
420 5827 544 5903 {illi}.
578 5828 781 5903 anLL.

339 5901 500 5953 Aures
529 5900 678 5954 etiam
710 5900 934 5972 sequitur
962 5909 1014 5956 ut
1041 5902 1262 5956 habeant
1292 5901 1458 5956 curvis
1490 5899 1861 5972 perterebratus

1944 2331 2284 2402 anfractibus.
2320 2327 2670 2402 Inazqualibus
2690 2325 3009 2402 anfractibus
3039 2324 3171 2382 dicit
3199 2323 3345 2402 Zeno
3372 2321 3548 2402 Vero-

1947 2394 2133 2457 ne'usis
2159 2417 2410 2456 sermone
2439 2394 2506 2455 de
2527 2394 2910 2454 Attende'tibi:
2945 2399 3106 2452 Aures
3139 2413 3255 2452 vero
3280 2394 3554 2465 inrequali-

1950 2474 2043 2528 bus
2091 2474 2394 2542 quibusdam
2450 2472 2767 2538 anfractibus
2810 2469 3072 2542 adaperta:
3107 2469 3419 2542 ictate_ae'ris
3463 2483 3551 2542 so-

1951 2562 2072 2599 num
2103 2539 2346 2602 distincta
2389 2544 2735 2598 modulatione
2779 2539 3056 2610 accipiunt.
3105 2539 3352 2610 Appellat
3394 2540 3552 2610 paqu

1954 2629 2074 2686 post
2105 2619 2323 2686 inflexus
2352 2621 2639 2685 anfractus,
2674 2613 3127 2682 quemadmodum
3167 2611 3439 2666 Arnobius
3464 2612 3550 2666 itt-

1957 2687 2035 2742 ira
2068 2690 2283 2760 iii/laxos
2314 2689 2558 2741 tramites.
2595 2686 2835 2760 Hannon.
2898 2753 2928 2760 _
3007 2754 3017 2760 _
3215 2719 3224 2724 -

2034 2753 2310 2815 Oculorum
2336 2759 2592 2812 orbiculos
2630 2758 2860 2811 mobiles.
2889 2753 3177 2808 Oculorum
3207 2754 3350 2808 orbes
3377 2761 3434 2809 et
3466 2769 3552 2807 or-

1961 2833 2131 2894 biculi,
2169 2841 2225 2885 ut
2261 2831 2464 2887 Gra-cis
2486 2831 2649 2886 κύκλοι
2686 2829 2854 2885 Soliu.
2888 2868 2901 2890 ,
2950 2841 3071 2893 cap.
3103 2826 3172 2880 ’50
3205 2844 3218 2880 :
3255 2823 3551 2897 Numquam

1958 2905 2156 2960 cohibet
2187 2906 2346 2957 aciem
2377 2901 2595 2957 orbium.
2628 2908 2832 2958 Seneca
2865 2899 2916 2952 in
2943 2897 3222 2968 OEdipode
3252 2915 3266 2950 :

2112 3017 2365 3066 Scrutatur
2389 3017 2560 3065 avidus
2581 3015 2806 3064 manibus
2829 3013 2966 3062 uncis
2988 3010 3170 3060 lumina
3192 3026 3203 3060 :

2113 3080 2295 3128 Badice
2318 3081 2380 3128 ab
2401 3083 2492 3128 ima
2516 3078 2736 3128 funditus
2762 3075 2924 3126 vulsos
2944 3073 3087 3124 simul

2108 3143 2302 3194 Evolvit
2324 3143 2492 3192 orbes.

1956 3250 2176 3321 Dixerat
2226 3249 2523 3319 Sophocles
2552 3251 2604 3301 in
2657 3246 2844 3301 eadem
2876 3243 3097 3321 fabula;
3140 3241 3296 3321 ’Ἄρας
3345 3243 3552 3321 {autem

1955 3320 2118 3400 ἄρθρα
2165 3330 2263 3377 τῶν
2302 3315 2458 3376 ὰύτοῦ
2505 3321 2821 3400 nebulamve!
2863 3318 2926 3400 .in
2977 3315 3242 3400 Antigone
3285 3335 3317 3398 ε,
3345 3319 3552 3378 κύκλους

1955 3388 3011 3468 obiici-mm”snat.n.—Conl'.I$euelieu.;
3031 3388 3548 3468 iuSamouie.,vers.

1955 3459 2080 3533 6'69,
2115 3468 2165 3520 iu
2199 3465 2352 3520 Poet.
2385 3466 2501 3519 Lat.
2534 3465 2688 3524 min.,
2721 3461 2781 3514 P.
2837 3459 3128 3533 Burmanni
3173 3469 3304 3533 toni.
3337 3475 3393 3533 ιι,
3427 3474 3546 3529 pag.

1957 3530 2084 3603 519,
2140 3538 2500 3600 Bitueiuaun.,
2545 3535 2610 3588 ad
2667 3533 2938 3596 Lactant.,
2991 3530 3057 3585 de
3087 3530 3228 3601 Opif.
3262 3530 3374 3597 Dei,
3427 3545 3547 3600 cap.

1959 3610 2046 3671 10,
2077 3624 2195 3679 pag.
2220 3607 2381 3662 H68.
2411 3606 2616 3660 ORELL.

2031 3672 2350 3750 suspensum
2381 3679 2635 3732 imbricem
2681 3675 2902 3750 uariunt,
2928 3672 3550 3750 _etc._Eleganter_com-

1958 3765 2110 3822 parat
2138 3744 2409 3805 Arnobius
2437 3764 2596 3822 nares
2627 3763 2747 3802 cum
2789 3745 3017 3808 imbrice,
3051 3744 3100 3798 id
3144 3745 3426 3822 esttegula
3456 3760 3550 3799 ca-

1957 3815 2044 3887 va,
2078 3840 2196 3888 qua:
2229 3822 2383 3875 lectis
2427 3821 2838 3888 applicaturtul
2886 3831 2978 3885 per
3010 3831 3126 3869 eam
3159 3815 3359 3870 deﬂuat.
3389 3833 3548 3886 aqua,

1958 3887 2295 3957 Dachirinne,
2349 3887 2684 3960 Dachtraufe.
2732 3887 3001 3960 Caeterum
3040 3902 3163 3960 cum
3196 3898 3379 3960 nostro
3403 3903 3553 3942 com-

1959 3966 2227 4036 parandus
2261 3966 2406 4018 locus
2437 3958 2765 4036 Aristo-telis,
2799 3959 2938 4036 Hist:
2973 3959 3175 4023 Auitti.,
3210 3958 3301 4036 lib.
3337 3975 3373 4023 ι,
3430 3974 3549 4036 cap.

1961 4026 2048 4091 il.
2101 4037 2175 4093 ἔτι
2217 4040 2498 4113 προσώπου
2542 4037 2693 4113 μέρος
2719 4033 2774 4087 τὸ
2796 4035 2883 4106 μὲν
2907 4026 2959 4113 ὂςδ
2985 4039 3059 4104 τῷ
3104 4032 3354 4113 aucupari
3389 4032 3554 4113 Iarbae;

1958 4111 2056 4184 ῥίς·
2091 4113 2174 4164 καὶ
2197 4101 2294 4184 γάρ
2325 4111 2533 4162 ἀναπνεῖ
2542 4101 2636 4160 ’κάί
2659 4101 2825 4184 sursus?
2852 4101 3041 4184 rati-tri,
3063 4101 3434 4184 καὶὸπταρμᾲς
3473 4102 3556 4158 διὰ

1957 4163 2372 4253 2τοιεᾶ-τιοςγῖνεὲαι,
2390 4191 2674 4250 πνευματος
2701 4176 2881 4250 ἀθρόον
2908 4163 3098 4239 ἑξάδος,
3124 4163 3557 4253 σημςῐοῦἱοίωνιᾳ-

1967 4225 2144 4242 .-.-..,,
2203 4225 2668 4244 .,-.-..,.---,.η-.-,
3133 4225 3144 4226 κ
3178 4225 3188 4231 ,

1958 4225 2214 4318 mon-«it
2252 4253 2380 4326 ἱερὸν
2412 4231 2556 4321 μὸνδν
2621 4256 2741 4326 τᾶρ’
2759 4227 3080 4326 ξτγενμάτων.
3111 4225 3470 4326 _Ad‘tl.”(lic.L
3485 4245 3554 4326 de

1961 4322 2080 4378 Nat.
2101 4315 2378 4385 deorum,
2402 4315 2522 4391 cap.
2554 4321 2641 4375 57.
2672 4317 2756 4374 Cf.
2790 4315 3061 4382 Lactant.,
3092 4315 3158 4370 de
3183 4315 3413 4385 Opilicio
3437 4317 3552 4385 Dei,

1961 4411 2078 4464 cap.
2113 4395 2199 4450 IO.
2235 4397 2437 4448 Ulli-ILL-

2036 4458 2430 4522 Subactionibus
2455 4464 2682 4519 ciborum
2710 4460 2882 4514 dentes
2931 4459 3052 4512 trini
3081 4458 3297 4528 generis,
3323 4467 3425 4514 etc.
3458 4458 3554 4514 Ni-

1965 4539 2158 4592 mirum
2199 4539 2252 4593 l°
2303 4539 2348 4592 οἱ
2387 4545 2581 4609 τομεῐς,
2625 4535 2873 4609 primores
2901 4529 3094 4609 Plinio,
3132 4529 3335 4609 Isidoro
3379 4540 3554 4586 autem

1963 4609 2110 4679 Orig.
2145 4626 2220 4675 XI,
2254 4625 2372 4678 cap.
2409 4603 2458 4662 ll
2483 4607 2784 4679 prwcisores
2815 4603 2971 4679 dicti:
2999 4603 3059 4679 _ii_i
3092 4603 3332 4679 veterino
3363 4617 3556 4679 pecore

1961 4672 2215 4752 rupices:
2255 4672 2334 4734 ἓν
2359 4672 2676 4738 κννὸδοντες,
2710 4675 2913 4752 canini,
2947 4672 3152 4752 Isidoro
3171 4715 3202 4752 ,_
3247 4674 3283 4728 Ι.
3322 4674 3380 4752 l_.,
3417 4674 3560 4752 colu-

1962 4746 2100 4807 melli
2124 4770 2150 4803 ιι
2179 4752 2509 4818 longitudine
2539 4759 2593 4803 et
2623 4746 2976 4818 rotunditate,
3009 4748 3058 4818 it_i
3083 4747 3235 4818 equis
3257 4747 3558 4818 columella-

1961 4841 2042 4880 res
2062 4841 2090 4898 ί
2112 4824 2168 4898 ξι⁰
2188 4896 2194 4898 _
2215 4815 3243 4898 γόμφιοι-»ιρι-μύλοι,ἰιι-ριηιῈε-Ᾰξίιιιινο
3259 4859 3273 4880 ,
3305 4817 3556 4898 .niaxilla-

1961 4913 2042 4950 res
2062 4881 2256 4956 Plinid,
2278 4881 2494 4964 ‘genuiui
2522 4881 2769 4964 Ciceroni
2798 4889 2949 4943 dicti.
2986 4887 3423 4964 \_li_deui_mprit_nis
3455 4890 3555 4964 ᾼι·

1963 4968 2240 5040 temitlor.,
2272 4958 2620 5040 0ncirocr_it.,
2650 4962 2810 5040 lib._t,
2840 4959 3082 5040 eapLSI,
3125 4959 3304 5027 ibique
3323 4958 3554 5040 .Bigaltq

1967 5055 2085 5108 pag.
2118 5037 2212 5104 “20,
2245 5053 2422 5107 seqq.,
2456 5035 2566 5108 vol.
2595 5045 2668 5097 ιι,
2707 5032 2995 5108 ed.__lleiff.
3022 5032 3296 5108 pauci-um
3322 5032 3373 5083 in
3404 5045 3554 5084 eam-

1963 5100 2086 5164 dein
2124 5100 2444 5163 sententiam
2473 5107 2744 5177 eleganter
2782 5105 2974 5159 Cicero
3002 5101 3068 5154 de
3111 5100 3225 5177 Nat.
3263 5103 3440 5177 ιιι-σιντ,
3474 5117 3552 5167 ιι,

1964 5196 2082 5250 cap.
2114 5183 2182 5234 54
2216 5199 2226 5233 :
2259 5179 2505 5233 Dentibus
2535 5172 2704 5232 a'utem
2735 5177 2785 5229 in
2809 5192 2896 5250 ore
2923 5172 3225 5250 constructis
3253 5173 3554 5250 nianditur_,

1963 5243 2114 5322 atque
2165 5252 2226 5304 ab
2258 5252 2336 5305 his
2365 5263 2667 5322 extenuatur
2695 5261 2742 5300 et
2773 5248 2982 5300 molitur
3001 5243 3162 5322 cibus
3199 5259 3216 5296 :
3257 5260 3430 5296 eorum
3459 5245 3558 5322 ad-

1965 5315 2091 5377 versi
2131 5325 2265 5376 acuti
2311 5339 2482 5375 morsu
2525 5321 2757 5374 dividunt
2788 5333 2963 5380 escas,
2995 5315 3159 5369 intimi
3186 5325 3353 5368 autem
3397 5315 3559 5385 confi-

1963 5397 2124 5459 ciunt,
2150 5395 2237 5464 qui
2267 5394 2474 5464 genuini
2500 5403 2765 5446 vocantur.
2798 5389 3000 5444 OnELL.

2041 5466 2191 5534 Quod
2218 5467 2261 5518 si
2282 5483 2361 5528 ea,
2391 5480 2504 5535 qua:
2535 5474 2772 5535 prompta
2810 5469 3368 5535 sunt,_eousentane_um
3414 5467 3485 5512 est
3513 5467 3558 5513 et

1963 5532 2295 5608 illa'portari.
2335 5532 2456 5590 llaec
2477 5532 2558 5589 est
2579 5534 2793 5589 Codicis
2822 5548 2923 5586 tus.
2950 5532 3117 5608 lectio
3139 5573 3154 5595 ,
3190 5532 3329 5585 male
3356 5539 3558 5608 mutata

1966 5611 2034 5663 al)
2059 5600 2176 5662 aliis
2223 5609 2273 5662 iti
2318 5621 2710 5660 consentaneum
2741 5613 2812 5658 est
2844 5615 2888 5655 et
2919 5603 3012 5655 illa
3061 5613 3286 5671 portare,
3331 5603 3398 5655 ab
3438 5600 3561 5654 aliis

1965 5682 2018 5736 in
2069 5691 2460 5734 consentaneum
2489 5689 2560 5731 est
2586 5690 2632 5730 et
2660 5678 2751 5729 illa
2785 5675 2976 5743 putari.
3006 5674 3210 5728 Sensus
3237 5683 3354 5727 est:
3410 5672 3562 5740 Quod

1965 5756 2008 5808 si
2060 5771 2140 5810 ea.
2172 5768 2286 5816 quce
2341 5760 2572 5818 prompta
2613 5748 2688 5819 (ul
2731 5756 2816 5801 est
2864 5747 2926 5819 in
2948 5744 3223 5819 promptu)
3251 5753 3406 5811 sunt,
3440 5743 3559 5819 scil.

1965 5815 2234 5896 portantur
2273 5841 2302 5875 a
2332 5815 2448 5886 diis,
2483 5815 2644 5892 (quod
2677 5815 3291 5896 subintelligrndtmrest
3317 5815 3565 5896 sequenti

1963 5887 2206 5968 portari),
2229 5887 2618 5949 consentaneum
2638 5900 2711 5946 est
2739 5900 2784 5946 et
2811 5890 2900 5945 illa
2923 5890 3117 5948 portari
3135 5888 3229 5961 (ab
3251 5887 3564 5961 iis)etc._0tt.
