3970 6312
176 301 275 358 961

1543 304 1750 364 LIBER
1785 302 2102 364 TERTIUS.

3381 300 3489 359 962

245 421 414 477 XVII.
460 419 565 477 Sed
596 420 642 475 si
670 420 840 489 vobis,
875 421 1141 495 inquiunt,
1171 432 1354 479 nostra
1385 423 1625 495 opinatio
1654 425 1767 481 dis-
1794 426 1845 487 A
1874 422 2112 492 irrepere
2154 434 2256 477 vox
2313 420 2482 492 possit
2532 432 2750 475 sensum
2792 417 3112 475 nunciatura
3164 418 3436 476 sermonis
3470 436 3484 476 :

175 517 360 588 plicet,
409 531 506 571 vos
553 516 944 584 demonstrate,
996 533 1094 574 vos
1142 517 1327 582 dicite.
1362 533 1463 589 qua
1515 520 1588 573 sit
1635 519 1776 575 Deus

175 609 439 680 praeditus
484 607 673 665 forma.
705 609 763 665 Si
795 625 975 666 veram
1005 610 1170 666 vultis
1212 611 1399 667 audire
1428 612 1773 680 sententiam,

174 712 267 758 aut
312 703 515 758 nullam
557 702 717 758 habet
767 702 910 759 Deus
950 702 1179 760 formam
1227 715 1322 759 aut
1368 705 1413 759 si
1457 704 1777 761 informatus

172 805 260 854 est
289 796 488 867 aliqua,
521 811 585 851 ea
635 811 755 867 qua:
808 796 897 860 sit,
949 795 1193 867 profecto
1244 797 1537 853 nescimus.
1593 796 1777 868 Neque

174 889 319 948 enim
352 890 496 962 quod
526 890 755 946 vidimus
788 906 1102 962 numquam,
1135 892 1343 949 nescire
1381 908 1503 949 esse
1528 894 1776 950 ducimus

173 992 333 1054 turpe
368 1001 383 1038 :
411 992 506 1039 aut
532 998 596 1039 ea
638 998 698 1039 re
726 983 1075 1054 prohibemur
1105 985 1332 1042 aliorum
1365 988 1664 1043 sententias
1691 1002 1776 1044 re—

172 1075 373 1142 futare,
406 1078 527 1146 quia
564 1090 729 1147 super
757 1076 858 1131 hoc
885 1089 1123 1133 nostram
1157 1080 1356 1135 nullam
1401 1081 1503 1152 ipsi
1557 1091 1777 1138 senten-

171 1167 302 1223 tiam
328 1169 652 1240 promimus.
687 1168 755 1224 Ut
777 1170 918 1224 enim
953 1172 996 1226 si
1029 1170 1229 1227 vitreus
1242 1188 1365 1229 esse
1384 1174 1595 1230 dicatur
1618 1192 1776 1232 mun-

171 1260 294 1331 dus,
328 1264 373 1317 si
403 1275 714 1334 argenteus,
749 1262 959 1320 ferreus
986 1266 1071 1320 vel
1105 1281 1171 1320 ex
1203 1266 1378 1338 fragili
1418 1267 1775 1339 conglobatus

169 1366 228 1413 et
263 1355 557 1413 fabricatus
594 1367 752 1421 testa,
785 1373 891 1412 non
922 1357 1232 1415 dubitemus
1273 1360 1461 1416 falsum
1489 1375 1614 1417 esse
1645 1377 1777 1418 con-

169 1449 420 1517 tendere,
438 1450 687 1522 quamvis
704 1465 823 1519 quze
852 1451 923 1505 sit
948 1452 1066 1523 ejus
1092 1454 1315 1508 materia
1340 1455 1677 1510 nesciamus:
1703 1456 1774 1510 ita

168 1558 292 1600 cum
321 1543 392 1601 de
416 1546 598 1614 specie
617 1553 808 1617 agatur
834 1544 952 1610 Dei,
978 1561 1140 1617 quam
1171 1547 1463 1617 perhibetis
1490 1558 1517 1587 ει
1537 1550 1777 1621 gonvin-

167 1637 346 1694 cimus
362 1653 469 1693 non
490 1653 633 1703 esse,
657 1637 819 1694 etiant
841 1639 887 1694 si
911 1654 1035 1710 quae
1050 1640 1145 1709 sit,
1168 1642 1346 1698 minus
1368 1656 1659 1712 possumus
1682 1658 1776 1699 ex-

170 1729 397 1802 plicare.

1876 523 1971 569 aut
1991 514 2037 569 si
2068 515 2227 569 verba
2256 528 2352 570 ore
2381 512 2697 580 funduntur,
2730 512 2874 569 labia
2900 511 3100 569 habere
3138 527 3262 569 cum
3304 512 3488 568 deuti-

1876 611 1999 676 bus,
2032 628 2262 683 quorum
2311 612 2519 667 inﬂictu
2547 618 2602 667 et
2645 609 2945 667 mobilitate
2976 609 3259 682 multiiuga
3302 609 3487 682 lingua

1881 720 2048 761 sonos
2073 705 2327 760 articulet
2346 744 2362 771 ,
2400 711 2458 760 et
2477 718 2667 759 vocem
2696 703 2751 757 in
2782 701 2949 759 verba
2978 701 3305 758 conformet.

1948 795 2092 852 XIX.
2114 797 2170 853 Si
2198 799 2370 854 nostri
2395 796 2563 852 animi
2591 803 2802 852 motum
2832 810 2942 851 non
2973 796 3238 852 recusatis
3266 794 3477 866 audire,

1880 895 2086 943 tantum
2116 889 2272 945 abest
2313 898 2372 945 ut
2403 903 2505 945 nos
2532 889 2647 945 Deo
2669 888 2976 959 corporalia
3020 888 3339 945 liniamenta
3383 889 3481 945 tri-

1876 980 2130 1048 buamus,
2150 992 2208 1037 ttt
2234 982 2542 1037 animorum
2569 982 2735 1037 etiam
2764 980 2966 1037 decora
2987 1021 3002 1047 ,
3033 981 3288 1054 ipsasque
3313 982 3482 1039 virtu-

1879 1084 2000 1145 tes,
2067 1077 2266 1149 quibus
2311 1065 2556 1133 eminere
2607 1076 2695 1132 vix
2744 1090 3067 1133 concessum
3120 1085 3206 1133 est
3255 1076 3477 1149 paucis,

1877 1177 2041 1226 tantae
2065 1171 2141 1226 rei
2166 1187 2457 1228 vereamur
2475 1171 2810 1228 adscribere.
2833 1170 2965 1238 Quis
2984 1172 3127 1227 enim
3148 1171 3315 1227 Deum
3336 1171 3486 1229 dixe-

1874 1263 1948 1318 rit
1976 1263 2193 1330 fortem,
2219 1273 2592 1329 constantem,
2624 1264 2783 1335 frugi,
2816 1264 3161 1334 sapientem?
3190 1263 3312 1334 quis
3358 1276 3485 1335 pro-

1877 1355 2044 1411 bum?
2070 1357 2194 1427 quis
2216 1357 2501 1413 sobrium?
2531 1356 2653 1428 quis
2680 1357 2848 1411 immo
2889 1356 3098 1427 aliquid
3132 1355 3330 1412 nosse?
3359 1356 3481 1428 quis

1878 1447 2223 1518 intelligere?
2248 1448 2371 1519 quis
2407 1446 2734 1519 providere?
2755 1448 2877 1519 quis
2902 1446 2972 1502 ad
3004 1446 3142 1503 fines
3182 1447 3482 1505 officiorum

1877 1554 2056 1602 certos
2076 1547 2349 1602 actionum
2370 1562 2590 1601 suarum
2613 1546 2830 1603 decreta
2853 1545 3214 1617 dirigentem?
3242 1545 3485 1604 Humana

1876 1649 2004 1693 sunt
2032 1637 2150 1695 haec
2176 1639 2340 1707 bona,
2372 1648 2429 1695 et
2454 1655 2519 1696 ex
2541 1638 2885 1710 oppositione
2909 1638 3168 1696 vitiorum
3199 1639 3486 1698 existima-

1880 1725 2084 1791 tionem
2128 1742 2448 1790 meruerunt
2478 1734 2680 1791 habere
2719 1732 3068 1791 laudabilem.
3093 1734 3228 1804 Quis
3257 1743 3340 1792 est
3384 1751 3487 1794 au-

242 1820 433 1877 XVIII.
458 1822 597 1892 Quid
616 1838 777 1896 ergo,
802 1824 1007 1897 inquiet
1025 1825 1220 1898 aliquis
1239 1867 1253 1892 ,
1288 1842 1393 1882 non
1422 1826 1572 1883 audit
1592 1827 1773 1884 Deus?
1803 1835 1851 1895 Β
1879 1836 1985 1885 tem
2007 1838 2116 1885 tam
2145 1830 2322 1886 obtusi
2353 1830 2608 1900 pectoris,
2642 1838 2751 1885 tam
2779 1830 2945 1894 bruti,
2974 1830 3067 1900 qui
3108 1829 3360 1887 humanis
3388 1830 3487 1888 bo-

169 1933 282 1975 non
308 1918 584 1990 loquitur?
612 1936 719 1975 non
750 1931 876 1976 ante
904 1936 963 1976 se
990 1922 1192 1992 positas
1229 1936 1319 1978 res
1342 1921 1518 1977 videt?
1552 1938 1659 1978 non
1690 1923 1771 1977 in-

168 2011 393 2066 tuetur?
418 2010 527 2067 Suo
550 2010 773 2068 forsitan
800 2028 997 2084 genere
1014 2055 1029 2079 ,
1054 2028 1159 2070 non
1189 2024 1395 2070 nostro.
1413 2014 1600 2087 Neque
1625 2016 1769 2072 enim

167 2102 286 2159 veri
308 2103 507 2175 aliquid
538 2105 677 2161 scire
695 2114 838 2161 tanta
869 2108 920 2161 in
953 2121 1013 2162 re
1050 2122 1356 2178 possumus,
1380 2119 1471 2164 aut
1509 2110 1772 2187 suspicio-

166 2197 331 2254 nibus
355 2197 608 2269 indagare
635 2216 648 2252 :
677 2214 811 2270 quas
837 2212 959 2254 esse
1001 2199 1141 2270 apud
1172 2214 1271 2255 nos
1294 2198 1323 2237 ι’
1350 2199 1518 2270 liquet
1547 2200 1769 2256 instabi-

167 2291 272 2356 les,
300 2290 556 2358 lubricas,
588 2299 643 2347 et
683 2307 947 2346 vanorum
988 2291 1368 2348 similitudines
1411 2293 1767 2349 somniorum.

168 2382 227 2440 Si
261 2383 402 2437 enim
432 2382 724 2438 dixerimus
768 2383 959 2439 iisdem
991 2383 1289 2439 rationibus
1319 2383 1526 2453 videre,
1577 2386 1772 2457 quibus

168 2486 226 2534 ct
254 2493 354 2533 nos
383 2477 628 2533 videmus
660 2497 673 2533 :
699 2478 942 2551 sequitur
970 2489 1026 2534 ut
1072 2479 1297 2550 intelligi
1337 2480 1532 2536 debeat
1581 2495 1774 2551 super-

164 2571 342 2644 jectas
370 2573 567 2643 pupilis
593 2589 715 2629 eum
753 2572 953 2629 habere
978 2574 1376 2630 membranulas
1401 2617 1417 2643 ,
1445 2576 1735 2631 connivere
1754 2616 1771 2643 ,

169 2666 376 2721 nictare
400 2708 415 2731 ,
444 2665 625 2735 radiis,
649 2678 743 2724 aut
769 2666 1088 2739 imaginibus
1105 2683 1345 2732 cernere.
1370 2679 1459 2724 aut
1480 2669 1622 2741 quod
1645 2686 1776 2726 ocu-

168 2757 239 2815 lis
265 2774 554 2816 commune
576 2769 659 2815 est
686 2761 954 2826 omnibus,
980 2761 1096 2817 sine
1133 2761 1354 2817 alterius
1376 2762 1593 2817 luminis
1621 2777 1774 2819 com-

167 2854 432 2910 mixtiOue
476 2853 605 2908 nihil
628 2854 847 2910 omnin
867 2856 1204 2926 consiiicere.
1231 2852 1382 2923 Quod
1415 2856 1589 2926 ipsum
1618 2857 1770 2911 siuti-

166 2950 297 3007 liter
349 2950 417 3006 de
456 2949 661 3017 auditu,
696 2966 757 3005 ac
806 2951 873 3005 de
915 2950 1112 3022 eloquii
1162 2950 1353 3016 forma,
1381 2960 1436 3007 et
1484 2952 1770 3007 verborum

169 3044 472 3117 prolatione
503 3044 786 3111 dicendum
834 3053 935 3100 est.
983 3045 1038 3101 Si
1088 3059 1182 3115 per
1225 3061 1385 3102 aures
1429 3045 1647 3113 audiat,
1679 3062 1774 3105 eas

1878 1924 1964 1978 nis
1995 1922 2165 1979 Deum
2194 1938 2316 1980 esse
2339 1924 2482 1979 dicat
2507 1938 2760 1993 magnum
2780 1924 2804 1978 ?
2828 1932 2923 1978 aut
2950 1922 3076 1980 ideo
3110 1925 3345 1981 nominis
3371 1940 3487 1981 ma-

1873 2014 2069 2087 jestate
2122 2017 2454 2088 praecellere,
2497 2015 2639 2086 quod
2673 2014 2925 2071 vitiorum
2954 2026 3141 2073 careat
3192 2015 3475 2074 fteditate?

1878 2106 2148 2179 Quidquid
2178 2109 2243 2164 de
2276 2109 2384 2165 Deo
2409 2108 2617 2164 dixeris
2636 2149 2652 2175 ,
2676 2107 2937 2180 quidquid
2967 2108 3142 2164 tacitae
3169 2110 3366 2166 mentis
3391 2124 3485 2167 co-

1878 2199 2140 2270 gitatione
2158 2201 2496 2273 conceperis,
2530 2203 2581 2255 in
2606 2200 2898 2256 humanum
2922 2201 3158 2257 transilit
3178 2213 3232 2259 et
3251 2218 3489 2260 corrum-

1880 2291 2023 2362 pitur
2047 2308 2262 2349 sensum
2298 2308 2441 2355 :uec
2466 2292 2631 2350 habet
2660 2293 2892 2364 propriae
2936 2293 3344 2365 significationis
3386 2313 3487 2353 no-

1879 2393 2011 2453 tam,
2040 2387 2182 2458 quod
2215 2388 2414 2444 nostris
2459 2387 2654 2443 dicitur
2699 2387 2881 2443 verbis
2904 2427 2920 2452 ,
2952 2394 3112 2459 atque
3145 2388 3214 2444 ad
3265 2390 3487 2461 negocia

1878 2478 2114 2537 humana
2139 2481 2469 2553 compositis.
2504 2480 2653 2537 Unus
2691 2488 2775 2538 est
2802 2481 3036 2537 hominis
3063 2482 3370 2539 intellectus
3419 2484 3488 2541 de

1882 2577 1976 2634 Dei
2021 2586 2209 2633 natura
2258 2577 2615 2644 certissimus,
2647 2577 2693 2631 si
2723 2576 2886 2643 scias,
2914 2586 2971 2633 et
3017 2576 3220 2634 sentias
3247 2577 3382 2636 nihil
3420 2578 3489 2636 de

1882 2672 1976 2728 illo
2003 2685 2159 2742 posse
2188 2672 2401 2727 mortali
2424 2670 2667 2727 oratione
2692 2670 2958 2742 depromi.

1954 2765 2072 2821 XX.
2105 2766 2172 2821 Et
2201 2764 2317 2821 haec
2345 2778 2472 2821 vero
2511 2765 2683 2835 prima
2730 2772 2816 2820 est
2854 2773 3155 2820 vestrorum
3205 2764 3485 2821 numinum

1881 2861 2233 2927 contumelia,
2261 2876 2421 2933 quam
2449 2860 2517 2916 dc
2544 2860 2756 2926 formis,
2784 2872 2840 2916 et
2869 2860 3089 2917 sexibus
3119 2860 3245 2916 boni
3277 2861 3490 2919 scilicet

1881 2954 2146 3024 vindices,
2168 2966 2223 3010 et
2244 2956 2479 3028 religiosi
2508 2954 2863 3011 constituistis
2882 2963 3152 3011 auctores.
3177 2953 3313 3011 Illud
3337 2970 3487 3024 vero,

1880 3050 2024 3122 quod
2052 3051 2317 3121 sequitur,
2348 3048 2510 3119 quale
2549 3057 2656 3117 est,
2687 3048 2831 3120 quod
2872 3047 3006 3104 deos
3033 3047 3189 3104 vobis
3233 3047 3491 3106 inducitis

165 3153 386 3213 quoque
430 3137 630 3196 habere
677 3138 931 3197 flexuosis
963 3140 1266 3198 tramitibus
1293 3141 1590 3213 perforatas
1613 3185 1630 3211 ,
1663 3159 1767 3214 qua
1797 3134 1844 3200 C
1874 3146 2011 3202 alios
2060 3144 2240 3202 fabros
2261 3186 2278 3215 ,
2308 3144 2445 3202 alios
2475 3143 2738 3212 medicos,
2768 3141 2905 3199 alios
2932 3140 3168 3200 lanarios
3186 3182 3204 3212 ,
3255 3150 3484 3213 nautas,

231 3376 260 3406 ⁸
294 3374 566 3427 Perbibitis
585 3374 703 3428 Sab.
730 3371 878 3426 male.

1372 3258 1761 3319 LECTIONLS
1799 3262 2222 3320 VARIANTES.

1933 3379 1964 3420 ιι
1986 3378 2091 3431 Vos
2113 3374 2261 3429 Fulv.

1534 3488 2102 3547 COMMENTARIUS.

168 3608 462 3674 Salmasio,
518 3605 804 3663 ediderunt
848 3605 1070 3660 veterino
1096 3620 1211 3659 cum
1252 3620 1453 3675 pecore,
1507 3605 1766 3674 pessime.

169 3681 304 3738 Nam
336 3680 617 3736 veterinum
645 3695 818 3748 pecus,
863 3686 921 3731 ut
946 3676 1186 3748 pluribus
1212 3676 1447 3732 ostendit
1475 3675 1773 3731 Lambinus

170 3754 238 3809 ad
294 3753 537 3816 Lurret.,
566 3752 602 3805 Ι.
628 3746 682 3815 v,
717 3765 857 3805 vers.
892 3748 1019 3809 865.
1056 3765 1107 3817 p.
1140 3746 1269 3815 675,
1310 3750 1561 3803 dicuntur
1592 3749 1772 3802 omnia

170 3825 448 3888 animalia,
504 3839 624 3893 qua:
676 3822 875 3877 vehere
919 3820 1067 3893 quid?
1099 3828 1357 3890 possunt,
1391 3820 1595 3893 boves,
1626 3819 1771 3893 equi,

171 3898 326 3962 tituli,
352 3892 674 3959 asini,’etc.,
695 3907 923 3965 quorum
962 3892 1245 3965 nullauaut
1272 3892 1491 3946 minima
1521 3907 1640 3947 cum
1675 3892 1774 3946 ho-

172 3972 325 4026 mine
353 3967 651 4024 similitudo
672 3962 772 4021 cst.
808 3966 1072 4019 Czeterttm
1117 3962 1209 4017 ille
1237 3965 1404 4018 nescio
1432 3965 1542 4033 quis
1570 3974 1773 4027 auctor,

172 4051 237 4096 ut
263 4042 420 4096 docet
448 4038 730 4100 Nourrius,
764 4036 974 4093 Ennius
1017 4044 1120 4100 est,
1148 4035 1304 4105 cujus
1350 4047 1509 4090 notus
1531 4051 1720 4091 versus
1746 4050 1778 4090 e

174 4110 439 4168 Cicerone
463 4111 532 4166 de
555 4111 673 4164 Nat.
704 4109 858 4164 deor.
891 4125 927 4175 t,
961 4122 1009 4162 c.
1039 4108 1130 4161 55.

269 4225 424 4276 Simia
445 4237 590 4288 quam
612 4222 803 4283 similis,
830 4222 1107 4285 turpissima
1128 4220 1307 4283 bestia,
1335 4221 1496 4271 nobis.

172 4330 289 4389 Nec
304 4327 605 4384 audiendus
624 4327 783 4381 etiam
806 4326 1063 4381 Meursius
1086 4325 1138 4380 itt
1160 4326 1198 4379 A
1211 4327 1471 4394 ppendice
1491 4324 1776 4395 legendum

174 4402 465 4473 suspicans
489 4401 697 4455 clunino
718 4415 832 4473 cum
856 4415 1052 4467 pecore.
1078 4397 1236 4453 Conf.
1257 4399 1459 4456 Savaro
1476 4398 1543 4454 ad
1566 4398 1776 4465 Sidon.,

174 4472 347 4534 lib.’t.
378 4475 537 4543 epist.
562 4488 600 4534 ι,
637 4488 687 4542 ρ.
719 4473 772 4526 4.
804 4472 1005 4526 Ossae.

1878 3603 2113 3673 spiciens
2142 3600 2365 3658 forsitan
2393 3600 2461 3656 ad
2497 3601 2659 3657 verba
2679 3600 2768 3657 illa
2784 3599 3057 3665 Martialis,
3084 3600 3178 3673 lib.
3202 3616 3276 3669 vt,
3302 3601 3485 3673 Epigr.

1879 3676 1950 3731 49
1986 3692 1998 3729 :
2032 3672 2262 3744 Priapus
2288 3673 2353 3727 de
2380 3675 2558 3744 fragili
2582 3674 2788 3727 dolatus
2816 3674 2980 3728 ulmo.
3007 3672 3114 3729 Sed
3158 3672 3318 3744 longe
3346 3672 3488 3743 pra:-

1880 3746 1999 3802 fero
2049 3731 2334 3801 lectionem
2378 3731 2583 3801 codicis
2624 3744 2978 3815 conglobatus,
3006 3760 3150 3815 rqute
3193 3731 3492 3802 adstruitur

1882 3820 2046 3874 etiam
2080 3818 2199 3872 loco
2224 3818 2384 3889 plane
2413 3815 2578 3871 simili
2627 3814 2933 3881 Ciceronis,
2982 3814 3051 3871 de
3082 3815 3269 3872 Natur.
3303 3818 3485 3884 deor.,

1883 3889 1924 3943 l.
1950 3905 2009 3953 ll,
2031 3905 2079 3944 c.
2108 3889 2177 3945 59
2198 3906 2211 3942 ε
2232 3891 2305 3942 Ac
2328 3889 2582 3958 principio
2606 3897 2745 3942 terra
2774 3889 3013 3943 universa
3035 3900 3297 3954 cernatur,
3321 3890 3490 3944 locata

1883 3962 1938 4015 in
1965 3962 2135 4015 media
2158 3960 2336 4013 mundi
2362 3961 2501 4026 sede,
2524 3960 2694 4032 solida
2729 3970 2774 4015 et
2795 3962 3025 4032 globosa,
3054 3970 3102 4014 et
3132 3959 3359 4029 undique
3376 3962 3491 4032 ipsa

1883 4033 1937 4087 in
1964 4050 2074 4087 sese
2104 4033 2310 4087 nutibus
2347 4033 2456 4086 suis
2482 4030 2810 4103 conglobata,
2838 4033 3016 4087 vestita
3041 4031 3277 4100 ﬂoribus.
3311 4030 3490 4103 (ἔξωθ-

1885 4120 2004 4160 rum
2037 4117 2433 4187 praceptorem
2479 4102 2638 4185 suum
2668 4103 2965 4158 Arnobium
3000 4103 3238 4185 imitatus
3268 4114 3352 4186 est
3381 4102 3490 4159 La-

1885 4185 2138 4239 cutnttus,
2172 4175 2240 4230 de
2278 4172 2421 4243 Optl‘.
2474 4174 2589 4237 Det,
2628 4188 2676 4229 c.
2715 4175 2801 4236 17,
2832 4174 2860 4247 §
2904 4175 2938 4229 9
2971 4173 3089 4229 :An
3130 4192 3172 4229 st
3218 4175 3345 4247 snt/tt
3374 4177 3487 4247 quis

1885 4190 2138 4239 etantttts,
2172 4190 2240 4230 ae
2278 4190 2421 4243 untt.
2474 4190 2589 4237 vet,
2628 4190 2676 4229 c.
2715 4190 2801 4236 ιι,
2832 4190 2860 4243 ς
2904 4190 2938 4229 ν
2971 4190 3089 4229 εΑη
3130 4192 3172 4229 st
3218 4190 3345 4230 mmt
3374 4192 3487 4243 quts

1885 4192 2138 4239 cranttus,
2172 4192 2240 4230 ae
2278 4192 2421 4243 Uptt.
2475 4192 2589 4237 vet,
2628 4192 2676 4229 c.
2715 4192 2801 4236 ιι,
2832 4192 2860 4247 9
2904 4192 2938 4229 ν
2971 4192 3089 4229 εΑη
3130 4192 3172 4229 st
3218 4192 3345 4230 mmt
3374 4192 3487 4250 quis

1885 4248 2097 4313 dixerit,
2121 4263 2321 4301 tensum
2365 4263 2472 4320 esse
2498 4247 2703 4311 ctelum,
2753 4257 2841 4320 aut
2881 4247 3198 4320 vitreum,ut
3229 4245 3489 4320 Empedo-

1884 4319 1989 4374 cles
2019 4320 2112 4383 ait,
2144 4335 2311 4373 aerem
2333 4317 2633 4389 glaciatunt,
2665 4318 2904 4381 statimne
2927 4317 3210 4389 adsentiar,
3236 4317 3358 4389 quia
3386 4335 3488 4373 cat-

1884 4391 2011 4459 lttm,
2062 4407 2125 4445 ea;
2166 4407 2273 4461 qua
2314 4388 2531 4444 materia
2570 4391 2649 4458 ﬁt,
2704 4388 2972 4460 ignorent?
3013 4388 3100 4446 ubi
3148 4388 3273 4444 vide
3303 4388 3487 4446 Bune-

1888 4479 2099 4521 mann..
2131 4478 2184 4531 p.
2221 4460 2382 4526 1207,
2415 4475 2532 4532 seq.
2558 4462 2765 4517 Οιιειι..

252 4514 1032 4601 irini":13‘.-Jiti'én5i}7"iia
1082 4541 1355 4598 ςριεηευε.
1410 4541 1590 4598 natu.
1632 4514 2860 4613 νήει-1)ζῑῡιξῃςέυεξςτίάριιχῑδρῖυιεε,
2886 4532 2962 4587 ιω
2996 4540 3158 4613 ms...
3184 4530 3272 4587 ed.
3306 4530 3483 4613 Lugd,

178 4633 311 4687 ceps
336 4618 683 4687 prohibemus,
709 4616 861 4669 male.
893 4614 1098 4671 ORELL.

266 4685 357 4743 Vel
383 4704 449 4744 ea:
469 4688 644 4759 fragili
670 4686 1000 4758 conglobatus
1045 4697 1097 4759 et
1135 4687 1417 4757 fabricatus
1445 4695 1592 4759 testa.
1621 4685 1699 4740 Ita
1725 4685 1777 4739 in

175 4762 306 4819 cod.
344 4777 447 4815 ms.
471 4757 595 4829 legi
639 4757 799 4815 docet
829 4758 1192 4823 Stewechius,
1241 4766 1296 4812 et
1323 4757 1619 4815 Salmasius
1643 4760 1782 4814 hanc

179 4834 476 4891 lectionem
501 4834 708 4901 primus
730 4832 781 4886 in
812 4840 1016 4886 textum
1045 4832 1337 4886 revocavit.
1362 4829 1776 4898 liecte,opinor.

179 4906 321 4962 Nam
353 4900 683 4974 conglobatus
706 4903 880 4971 fragili
915 4913 1067 4957 testa!
1088 4903 1258 4956 multo
1280 4902 1474 4974 melius
1502 4900 1777 4974 convenit,

180 4993 348 5049 quam
382 4970 879 5049 condolatuquuod
910 4990 942 5030 e
970 4974 1312 5049 correptione
1337 4970 1784 5049 Geleniiﬂhaheut

180 5043 657 5120 émteriieditort-s.
688 5043 872 5120 Neque
914 5047 1056 5102 enim
1107 5045 1309 5120 fragilis
1340 5054 1476 5120 testa
1505 5043 1783 5120 effingitur

182 5112 613 5183 dolatnine,'sed
645 5135 675 5174 e
706 5112 852 5173 molli
912 5127 1055 5174 creta
1086 5118 1169 5172 vel
1202 5118 1313 5171 luto
1346 5112 1781 5171 fabrefacta—tor-

180 5202 365 5257 retur,
395 5189 592 5245 deinde
635 5189 850 5245 fornace
878 5189 1149 5260 coquitur.
1184 5189 1355 5244 Porro
1408 5187 1781 5260 maximOpere

181 5264 400 5321 dubito.
433 5278 499 5317 att
546 5262 713 5318 latine
742 5262 848 5317 diri
893 5258 1062 5330 possit
1088 5263 1452 5328 compositum
1483 5258 1780 5330 condolure,

181 5336 331 5407 quod
362 5335 581 5407 verbum
607 5332 825 5407 frustra
869 5329 1088 5407 quaesivi
1125 5334 1176 5386 iu
1216 5332 1442 5407 Lexicis.
1470 5329 1612 5407 Nam
1668 5346 1782 5407 cunt

180 5402 272 5464 vel
298 5424 395 5461 con
424 5405 477 5460 in
506 5405 684 5461 verbis
728 5402 1042 5473 compositis
1067 5404 1401 5474 iunctionem
1432 5403 1665 5472 aliquam
1696 5402 1780 5455 vel

179 5480 519 5535 additionetn
554 5478 635 5533 vel
667 5477 1117 5547 compositionem
1141 5474 1468 5547 subindicat.
1499 5474 1657 5547 Atqui
1686 5474 1783 5547 do-

180 5551 388 5607 lamine
421 5549 553 5603 nihil
577 5544 815 5613 additur,
844 5549 936 5604 sed
967 5548 1206 5603 demitur
1237 5545 1414 5616 potius
1454 5545 1537 5599 vel
1566 5544 1779 5616 abscin-

175 5623 334 5678 ditur
377 5620 579 5691 aliqttid
614 5624 777 5692 ligno,
816 5620 978 5692 lapidi
1029 5628 1122 5692 aut
1163 5614 1782 5692 titet:tl|o._Fttlv.__Ursi-

176 5710 287 5751 nus
323 5687 505 5763 itaque
544 5687 829 5764 legendum
850 5687 1070 5764 conjicit
1110 5709 1123 5745 :
1151 5690 1233 5764 Ea:
1279 5688 1455 5764 fragili
1484 5687 1707 5764 coalitus
1735 5697 1783 5741 et

177 5758 467 5837 fabricatus
492 5758 638 5828 testa,
662 5774 925 5835 sequente
948 5758 1379 5837 Elutenhorstio.
1400 5758 1741 5817 Stewechius
1766 5777 1779 5813 :

174 5834 269 5900 Ea:
310 5836 489 5912 fragili
529 5836 668 5909 ligno
707 5834 913 5892 dolatus
939 5852 1026 5892 seu
1067 5834 1345 5907 fabricatus
1372 5848 1481 5890 esse
1509 5839 1660 5900 testa,
1693 5846 1783 5887 re.
1822 5845 1827 5852 '

1884 4607 2005 4662 Bal.
2073 4606 2176 4661 Alii
2243 4602 2476 4677 pupillis.
2527 4602 2641 4660 Sed
2690 4605 2911 4677 pupula
2962 4612 3052 4677 est
3078 4603 3285 4677 AfomAta
3349 4602 3489 4660 anti-

1883 4681 2042 4750 quior
2062 4690 2111 4734 et
2140 4673 2486 4750 Lucre’tiatta,
2510 4677 2698 4745 quales
2718 4684 2871 4750 amatr
2887 4673 3182 4750 Arnobius.
3208 4674 3411 4750 Queen.

1957 4750 2243 4821 Multiiuga
2280 4748 2459 4819 lingua
2496 4749 2941 4822 so_nos__articul_e_t.
2972 4747 3140 4818 Magis
3170 4748 3345 4822 placet
3368 4749 3488 4822 Stc-

1883 4822 2079 4948 ἶνεοὸἰί
2126 4817 2480 4889 conjectura:
2508 4817 2817 4891 Multiittgos
2864 4819 3042 4891 lingua
3073 4817 3252 4874 sonos
3286 4820 3487 4873 articu-

1904 4903 1986 4948 et.
2046 4909 2201 4948 RELL.

1882 4895 1952 4949 let
1978 4895 2201 4948 .0RELL.

1955 4964 2100 5020 XIX.
2152 4994 2227 5006 —-
2263 4963 2536 5031 Quis......
2592 4962 2895 5033 dirigentem
2922 4962 2949 5015 ?
2992 4961 3068 5017 Ita
3116 4959 3239 5016 cod.
3287 4974 3390 5021 ms.
3430 4969 3487 5016 et

1882 5037 1972 5093 ed.
2020 5036 2194 5108 Lugd.
2234 5036 2351 5091 Bal.
2381 5034 2485 5092 Alii
2529 5033 2736 5108 malunt
2781 5034 3030 5108 dirigere,
3056 5046 3234 5108 _quta_
3253 5045 3487 5108 prazces-

1883 5108 2056 5165 seriut
2083 5101 2330 5162 infinitivi
2357 5122 2528 5173 nosse,
2556 5106 2856 5177 intelligere,
2885 5101 3171 5177 providere.
3200 5101 3309 5158 Sed
3336 5102 3481 5177 ejus-

1883 5180 2029 5235 modi
2078 5178 2405 5234 anacolutba
2447 5174 2750 5249 frequentia
2794 5174 2937 5247 apud
2983 5177 3218 5248 optimos
3245 5174 3482 5246 scripto-

1885 5267 1994 5308 res.
2026 5250 2230 5307 Onam;

1958 5321 2518 5395 Nominis_majestate._
2543 5320 2648 5377 Alii
2679 5320 2923 5395 numinis.

1956 5395 2076 5455 XX.
2102 5424 2173 5435 -—
2199 5385 2473 5450 Lan'arios.
2492 5392 2687 5449 Annon
2716 5393 3000 5463 legendum
3032 5385 3267 5463 lani/{cos
3293 5389 3319 5445 ?
3346 5388 3481 5447 Nam

1884 5466 2108 5523 deorum
2158 5467 2502 5530 lanariorunt,
2539 5465 2589 5520 id
2617 5474 2700 5520 est
2730 5461 2819 5534 qui
2842 5464 3026 5534 planam
3058 5461 3311 5518 sordibus
3354 5477 3484 5534 pur:

1920 5538 2176 5611 anti(vid.
2210 5554 2401 5611 supra,
2423 5537 2550 5594 adl.
2576 5553 2633 5604 tt,
2678 5533 2884 5607 C(38),
2911 5534 3076 5611 _nulla
3122 5533 3482 5611 mentip,'sed

1920 5555 2176 5611 antitvm.
2210 5555 2395 5605 supra,
2423 5555 2550 5594 aut.
2576 5555 2633 5604 tt,
2678 5555 2727 5591 c.
2769 5555 2884 5607 an),
2933 5555 3076 5589 nutta
3122 5555 3348 5602 mentio,
3386 5555 3480 5591 seu

1883 5555 2245 5666 fatidicorum.
2277 5609 2353 5664 Ita
2385 5610 2611 5676 lanifica:
2652 5622 2873 5669 sorores,
2908 5606 3113 5661 Pareae.
3146 5607 3254 5662 Sed
3281 5605 3480 5662 fortas-

1882 5684 1960 5812 iis
1992 5683 2044 5738 in
2053 5682 2274 5810 (gibbus
2299 5678 2735 5738 distinctionibus
2765 5677 2946 5735 minus
2990 5687 3282 5734 accuratus
3305 5681 3481 5734 Arno-

1924 5771 2023 5810 tus.
2102 5770 2259 5811 neu.

1924 5756 2023 5810 ius.
2053 5754 2259 5811 Ossan.

1963 5825 2187 5884 Nautas.
2215 5825 2380 5898 Nugte
2406 5826 2419 5881 ἔ
2452 5824 2537 5882 Dii
2580 5822 2712 5880 nulli
2758 5828 2939 5881 nauta:
2963 5839 2977 5879 :
3001 5836 3176 5899 neque
3204 5821 3348 5880 enim
3373 5820 3480 5881 Nc-
