3970 6312
262 278 373 349 973

1642 286 1849 346 uasa
1885 246 2213 348 TERTIUS.

3458 290 3568 350 οτι

260 409 359 464 illa
406 420 528 481 quin
570 407 901 466 constitutus
939 409 1184 477 numina,
1214 405 1596 463 taciturnitatis
1645 407 1861 462 silentio
1890 404 2088 477 Alius,
2139 402 2607 461 commorientium
2648 403 2874 463 fratrum
2921 404 3191 475 parricida
3222 422 3377 474 nece.
3408 419 3463 467 et
3488 411 3559 468 ad

261 501 685 573 prmteribimus.
715 501 936 557 Martem
967 501 1142 572 ipsum
1187 515 1450 571 ponemus
1482 499 1535 554 in
1577 498 1778 566 medio,
1808 508 1863 554 et
1967 499 2215 555 ultimum
2245 498 2475 555 filiorum
2501 509 2557 555 et
2584 506 2795 569 patrum
2824 500 3128 569 parricidali
3153 504 3559 574 congressionis

258 595 565 665 speciosam
584 594 731 649 illam
747 593 1073 666 Cupidinum
1102 601 1331 650 matrem
1361 609 1376 648 :
1401 608 1467 648 ex
1487 592 1680 663 quibus
1695 604 1861 648 unum

258 688 542 758 proﬁcitis
577 688 804 758 proeliis,
848 688 1129 745 amoribus
1176 689 1404 743 alteram
1449 698 1507 743 et
1552 686 1863 757 cupiditatis

257 781 465 836 ardori.
515 781 870 847 Potestatem,
921 782 1113 854 inquit,
1170 781 1435 838 bellorum
1480 780 1621 836 Mars
1674 779 1858 848 habet,

252 883 516 930 utrumne
533 883 589 929 at
612 885 756 930 mota
773 883 1108 946 compescat,
1137 890 1204 929 an
1237 883 1296 929 ut
1313 874 1581 930 cessantis
1598 883 1653 929 et
1676 873 1859 944 quieta

250 968 633 1025 commoveat?
672 969 805 1025 Nam
849 972 895 1026 si
940 970 1163 1026 sedator
1209 968 1455 1025 militaris
1499 968 1720 1024 insaniat
1750 978 1855 1035 est,

254 1078 362 1120 cur
401 1063 645 1136 quotidie
671 1063 812 1120 bella
859 1079 966 1119 non
997 1064 1231 1120 desunt?
1271 1063 1367 1121 Sin
1402 1070 1581 1119 autem
1611 1061 1859 1117 conditor

251 1157 471 1212 illorum
500 1164 606 1225 est,
641 1157 810 1213 Deum
836 1171 968 1229 ergo
1008 1157 1251 1213 dicemus
1296 1157 1350 1211 in
1399 1156 1688 1226 voluptatis
1744 1168 1858 1210 sum

251 1250 600 1306 dulcedinem
627 1250 887 1306 collidere
912 1250 1101 1306 orbem
1135 1259 1305 1305 totum
1336 1266 1349 1303 :
1378 1248 1770 1305 discordiarum
1800 1256 1858 1303 et

252 1341 634 1398 discriminum
684 1357 879 1398 causas
925 1342 1068 1398 inter
1117 1350 1311 1413 gentes
1357 1355 1545 1399 serere
1585 1348 1854 1397 terrarum

246 1433 643 1506 longinquitate
686 1434 1026 1506 disiunctas:
1059 1432 1366 1492 conducere
1410 1450 1475 1491 es
1508 1434 1727 1490 diverso
1776 1438 1858 1488 tot

251 1529 569 1586 mortalium
597 1528 789 1597 millia,
821 1539 875 1586 et
897 1530 1035 1586 intra
1063 1529 1215 1585 verbi
1240 1530 1400 1585 unius
1427 1543 1605 1584 moras
1635 1541 1856 1597 campos

244 1622 612 1678 cadaveribus
639 1638 920 1695 aggerare,
979 1623 1306 1695 sanguineos
1348 1620 1689 1694 praecipitare
1737 1628 1852 1675 tor-

242 1726 454 1783 rentes,
487 1716 863 1773 fundatissima
908 1715 1096 1773 delere
1133 1715 1383 1787 imperia,
1434 1726 1651 1786 aequare
1693 1712 1855 1769 urbes

1967 589 2211 645 horrore.

2037 683 2251 739 XXVII.
2288 681 2442 751 Quod
2471 684 2646 755 ipsum
2678 684 2859 740 licebit
2886 683 2943 741 in
2968 684 3237 744 Venerem
3262 690 3376 758 pari
3398 697 3561 762 atque

1962 775 2152 832 eadem
2179 778 2387 833 ratione
2422 776 2725 832 traducere.
2758 775 2892 831 Nam
2919 778 2965 834 si
3002 779 3204 835 amoris
3242 780 3358 837 haec
3408 782 3562 839 llam-

1961 886 2099 939 tnas,
2127 871 2267 926 sicut
2296 870 2592 940 perhibetis
2622 878 2681 927 et
2705 870 2944 936 creditis,
2990 874 3405 943 cogitationibus
3430 877 3561 934 sub~

1961 962 2042 1019 dit
2070 963 2338 1031 humanis,
2395 964 2641 1036 sequitur
2676 974 2736 1019 ut
2780 963 3004 1035 intelligi
3040 965 3253 1034 debeat,
3301 968 3558 1040 quidquid

1961 1055 2099 1111 labis
2129 1067 2183 1112 et
2211 1055 2453 1111 criminis
2476 1055 2545 1111 ab
2572 1056 2782 1111 insania
2822 1056 3181 1126 proficiscitur
3222 1060 3332 1125 tali,
3360 1061 3411 1117 id
3453 1062 3560 1119 Ve-

1959 1148 2137 1205 nereis
2159 1148 2360 1205 debere
2400 1150 2717 1205 vulneribus
2758 1150 3032 1220 imputari.
3069 1153 3282 1225 Ergone
3316 1155 3420 1211 Dea
3462 1173 3557 1212 co-

1956 1249 2117 1311 gente
2142 1241 2197 1295 in
2226 1241 2471 1297 vilissimi
2516 1242 2754 1299 nominis
2784 1251 2961 1298 scorta
3009 1258 3162 1301 suam
3192 1248 3389 1317 saepius
3433 1265 3559 1319 pro-

1961 1333 2096 1390 dunt
2147 1334 2311 1390 etiam
2367 1334 2580 1391 nobiles
2634 1334 2973 1407 dignitatem,
3015 1338 3360 1398 disuniuntnr
3404 1351 3557 1399 tena-

1955 1428 2098 1484 cium
2124 1437 2150 1466 ει
2179 1430 2652 1486 matrimoniorum
2695 1446 2886 1497 nexus,
2935 1433 2989 1487 in
3032 1433 3267 1489 incestas
3310 1435 3559 1494 libidines

1957 1522 2307 1579 necessitudo
2334 1523 2614 1594 sanguinis
2644 1522 2956 1592 inardescit,
2984 1527 3334 1584 inseniuntin
3358 1530 3558 1590 liberos

1955 1626 2178 1686 matres,
2202 1628 2385 1688 patres
2410 1618 2677 1688 virginum
2712 1634 2934 1674 suarum
2965 1630 3090 1676 vota
3138 1622 3191 1677 in
3220 1638 3281 1678 se
3308 1635 3550 1694 vertunt,

1955 1720 2144 1766 contra
2174 1711 2341 1767 decus
2367 1711 2544 1766 aetatis
2567 1726 2726 1768 senes
2757 1712 2811 1767 in
2843 1712 3112 1770 obscenos
3141 1715 3422 1785 ingemunt
3447 1734 3557 1775 cu-

240 1812 390 1881 solo,
422 1810 728 1868 libertatem
756 1811 1005 1883 ingenuis
1032 1810 1317 1883 abrogare,
1344 1817 1401 1866 et
1421 1808 1696 1866 servitutis
1721 1818 1852 1864 con-
1883 1823 1932 1884 Β
1958 1806 2033 1862 ris
2059 1805 2388 1876 juvenilibus
2409 1806 2702 1877 appetitus,
2737 1807 3011 1877 sapientes
3044 1816 3100 1864 et
3119 1807 3291 1866 fortes
3314 1811 3416 1867 viri
3447 1814 3558 1869 sol-

236 1906 508 1965 ditionem
554 1906 857 1979 imponere,
901 1904 1335 1962 dissensionibus
1384 1903 1621 1976 gaudere
1666 1901 1845 1958 civili-

1957 1904 2090 1956 vunt
2116 1900 2335 1958 decreta
2362 1900 2682 1958 constantiae
2708 1900 2979 1959 virilitatis
3007 1901 3195 1975 vigore
3221 1906 3453 1974 mollito,
3474 1907 3558 1964 in-

1497 2011 1881 2071 LECTIONES
1919 2010 2339 2070 VARIANTES.

307 2140 338 2173 ⁸
371 2142 747 2207 Corruptissime
772 2154 860 2195 ms.
883 2139 1201 2195 Disuriuntur
1221 2139 1482 2191 tanacium.

1609 2239 2165 2301 COMMENTARIUS.

232 2367 397 2426 Conf.
440 2369 749 2440 Augustiu.,
773 2367 841 2424 de
864 2366 1085 2424 Civ.Dei
1108 2408 1122 2433 ,
1170 2365 1346 2433 lib.tv,
1382 2378 1431 2420 c.
1466 2362 1558 2419 21.
1602 2361 1843 2417 Hanno.

235 2451 297 2500 et
325 2440 709 2499 Eaussuoesr.

314 2558 383 2614 Et
413 2560 540 2614 lteva
564 2560 656 2614 illa
679 2572 792 2629 gate
832 2556 1135 2613 constituitis
1168 2554 1403 2629 numina.
1450 2551 1607 2629 Lteva
1631 2550 1847 2629 numina

235 2632 350 2688 hoc
395 2632 515 2687 loco
544 2622 940 2702 signiﬁcatione
981 2642 1198 2702 grzeca._
1234 2625 1563 2702 Numlna_ln
1595 2622 1845 2702 [tradendo

233 2704 412 2774 magis
457 2692 621 2774 quam
647 2703 699 2759 in
727 2702 965 2774 jnvando
983 2692 1381 2774 'potentia.__Sic
1409 2695 1548 2774 inire
1597 2692 1692 2749 lib.
1725 2709 1836 2774 vn,

232 2790 288 2830 c.
318 2767 410 2830 i5.
456 2767 596 2829 Nam
646 2767 765 2828 deos
808 2769 1432 2843 benignissimostlicere,
1478 2767 1708 2835 lenesque
1735 2767 1843 2820 lm-

234 2847 359 2902 bere
401 2856 648 2911 naturas,
690 2856 735 2900 et
760 2840 995 2900 sanctum
1031 2853 1078 2897 et
1122 2840 1416 2912 religiosum
1442 2847 1487 2912 et
1518 2855 1690 2893 verum
1731 2848 1842 2912 est;

234 2917 406 2973 malos
436 2927 606 2973 autem
632 2908 677 2972 et
708 2918 860 2973 ltevos
902 2908 1559 2984 nequaquam'rsuntcndunt
1586 2918 1658 2964 est
1697 2911 1813 2962 auri
1825 2939 1841 2984 -_

237 2992 357 3045 bus.
410 2990 476 3044 Et
503 2990 691 3043 eodem
737 2989 914 3056 capite
945 2981 1089 3040 :Vlta‘
1124 2983 1252 3056 nihil
1296 2981 1843 3056 prodest__promereri

233 3061 371 3135 pelle
399 3078 488 3130 per
516 3062 707 3135 bestias
737 3050 857 3115 deos
892 3060 1063 3135 lieres.
1093 3053 1249 3135 Copi.
1279 3050 1419 3135 Gell.
1441 3095 1455 3118 ,
1502 3050 1658 3135 Noct.
1695 3053 1806 3135 A_tt.

231 3134 336 3208 lib.
366 3126 419 3198 v,
443 3148 493 3188 c.
530 3133 618 3208 ιε.
664 3130 951 3187 Coutrario
971 3145 1135 3186 sensu
1164 3126 1422 3208 Romanis
1454 3126 1608 3208 .numi

235 3196 497 3260 dicuntur
523 3204 695 3260 fausta
718 3243 735 3272 ,
778 3216 1063 3275 prospera,
1102 3210 1162 3257 ut
1201 3214 1288 3269 ap.
1322 3196 1510 3269 Virgil.
1535 3237 1550 3263 ,
1602 3196 1803 3268 Georg.
1829 3235 1846 3262 ,

236 3276 442 3343 lv,7:

370 3422 581 3501 Numina
602 3428 723 3501 laeva
746 3424 942 3512 sinunt;
962 3394 1426 3514 auditqug'vgggttiis
1451 3447 1642 3513 Apollo.

234 3557 347 3615 Ubi
375 3556 479 3611 vid.
513 3555 670 3612 Voss.
700 3555 765 3613 ν.
796 3554 878 3611 Cl.
910 3572 1032 3627 pag.
1067 3556 1176 3613 735
1201 3573 1321 3627 sqq.
1353 3558 1561 3614 OnsLL.

311 3627 703 3683 Taciturnitatis
753 3628 977 3683 silentio.
1035 3627 1152 3683 Non
1216 3629 1517 3685 audiendus
1581 3630 1849 3686 Meursius

235 3699 543 3771 conjiciens
578 3718 590 3753 :
621 3700 842 3754 Silentia
894 3700 1138 3773 taciturni
1192 3702 1337 3757 satis.
1374 3701 1527 3773 Nam
1579 3703 1648 3756 ita
1702 3703 1846 3773 loqui

233 3781 427 3827 amant
458 3773 777 3826 recentioris
805 3771 908 3825 :evi
935 3771 1251 3841 scriptores.
1284 3772 1557 3826 Aldhelm.
1604 3774 1671 3828 de
1700 3771 1843 3827 land.

232 3844 392 3912 Virg.
422 3844 621 3898 citatus
647 3843 716 3896 ab
747 3842 1120 3898 Elmenhorst.
1157 3859 1170 3894 :
1203 3842 1263 3897 Si
1289 3844 1671 3898 celeberrimum
1716 3846 1849 3900 illud

233 3915 516 3986 spectaculi
555 3931 743 3987 genus,
794 3928 881 3987 per
927 3924 1057 3987 totos
1088 3915 1265 3968 mundi
1294 3916 1528 3969 cardines
1564 3918 1845 3987 vulgatum,

234 3985 602 4041 taciturnitatis
642 3985 844 4040 silentio
882 3986 1173 4054 oppilatum
1200 3986 1426 4041 vilescat.
1455 3985 1665 4042 Eodem
1685 4005 1848 4043 sensu

238 4058 500 4112 taciturna
526 4056 730 4111 silentia
760 4056 925 4112 etiam
947 4072 1034 4125 ap.
1064 4057 1301 4125 Optimos
1328 4058 1621 4127 scriptores
1642 4100 1657 4125 ,
1693 4060 1845 4117 verbi

235 4143 429 4194 causa,
470 4128 630 4184 Ovid.
651 4170 666 4195 ,
699 4128 768 4183 de
796 4132 928 4183 Arte
952 4128 1203 4195 annandi,
1233 4144 1305 4194 ιι,
1337 4129 1465 4185 505.

339 4238 437 4301 Qui
459 4250 690 4290 sermone
717 4237 895 4304 placet,
928 4238 1172 4290 taciturna
1194 4238 1394 4289 silentia
1420 4250 1627 4305 rumpat.

316 4346 541 4402 Martem
586 4348 755 4419 ipsum
796 4363 1041 4417 ponemus
1088 4346 1147 4419 in,
1192 4345 1379 4400 medio.
1425 4346 1514 4419 Sic
1558 4347 1850 4419 loquuntur

236 4417 442 4476 Gmeci.
477 4417 776 4483 Arrianus,
810 4419 903 4473 lib.
952 4434 1041 4483 ut,
1095 4418 1316 4473 Dissert.
1374 4418 1605 4485 Epictet.
1633 4417 1670 4473 “ι
1718 4421 1848 4476 Ἐλθδ

235 4494 314 4581 ξις
339 4491 397 4546 τὸ
423 4492 600 4581 μίσει-δ,
632 4494 713 4581 neti
740 4493 847 4580 sint
874 4494 1050 4581 inpia,"
1063 4490 1184 4545 πότε
1216 4494 1850 4581 ίιταροξχώτερσνηὲγάθευ-

1964 4499 2100 4581 enim
2148 4497 2548 4580 Tertullinuus,
2595 4490 2663 4548 de
2700 4497 2913 4581 .lfal‘lip,
2961 4490 3078 4578 cap.
3123 4490 3177 4551 iv
3204 4490 3238 4549 ἐ

234 4562 493 4641 animi»,
582 4567 701 4641 πρὶν
723 4563 953 4641 γενέᾳραι
980 4562 1113 4641 φίλρς
1158 4568 1249 4641 rei)
1290 4562 1559 4641 ίαίσξιροέ.
1580 4565 1848 4641 ΔΗιῖιιΑιᾸ).

319 4632 463 4688 Nam
493 4635 535 4689 si
558 4632 763 4689 set'lator
790 4632 1025 4687 militaris
1048 4634 1264 4687 insania:
1288 4643 1379 4688 est.
1408 4632 1553 4690 Mars
1571 4635 1848 4704 Quirinus.

234 4705 387 4761 Vide
411 4721 572 4774 supra
599 4705 665 4759 ad
698 4707 788 4761 lib.
821 4723 860 4771 ι,
890 4720 942 4760 c.
974 4705 1064 4760 4t.
1089 4704 1296 4760 OneLL.

320 4776 419 4832 Sin
456 4786 628 4829 autem
676 4778 909 4831 conditor
964 4776 1172 4829 illorum
1220 4786 1315 4830 est.
1366 4775 1507 4834 Mars
1562 4778 1848 4835 Gradivus.

236 4848 388 4905 Vide
413 4862 597 4918 supra,
630 4848 696 4902 ad
725 4849 819 4901 lib.
849 4865 899 4911 ι,
928 4862 977 4902 c.
1024 4846 1116 4902 M.
1159 4846 1364 4902 Οιιειι..

318 4919 390 4974 Et
431 4920 683 4992 servitutis
731 4920 1071 4992 conditionem
1118 4919 1396 4992 imponere.
1448 4918 1675 4992 Proprie
1723 4931 1777 4977 ct
1823 4939 1855 4980 θ

231 4991 759 5063 jurisconsultorum
812 4990 1287 5063 loquendiinore.
1342 4990 1489 5045 Zeno
1519 4990 1855 5050 Veronensis

238 5062 505 5120 Sermone
536 5062 604 5118 de
634 5063 871 5118 Avaritia
900 5062 1141 5118 secundo
1174 5081 1188 5116 :
1220 5063 1325 5116 Sed
1354 5066 1461 5116 lttec
1507 5080 1607 5117 non
1629 5067 1697 5118 ad
1724 5080 1811 5120 eos
1835 5108 1851 5134 ,

240 5139 472 5206 fratres,
519 5150 735 5206 quorum
780 5135 993 5205 largitas
1039 5134 1315 5198 provinciis
1355 5136 1589 5189 omnibus
1614 5147 1735 5191 nuta
1756 5148 1857 5203 est;

238 5205 281 5261 te
306 5206 448 5259 vobis
474 5205 621 5259 multi
643 5208 920 5276 redempti:
952 5206 1097 5259 multi
1146 5206 1322 5259 edictis
1349 5206 1593 5276 feralibus
1623 5209 1821 5262 liberati
1838 5251 1851 5275 ,

238 5276 400 5333 multi
419 5276 793 5333 conditionibus
832 5280 970 5332 exuti
1008 5276 1201 5348 gratias
1227 5287 1423 5348 agunt;
1457 5290 1637 5333 vestra:
1674 5282 1856 5335 domus

240 5349 530 5421 peregrinis
569 5350 802 5403 omnibus
852 5359 1057 5419 patent,
1108 5357 1213 5403 etc.
1266 5348 1407 5421 Hinc
1448 5351 1852 5420 conditionales,

238 5421 343 5491 qui
372 5422 537 5475 certis
565 5422 967 5476 conditionibus
994 5435 1191 5491 operas
1222 5435 1360 5491 sues
1400 5420 1667 5475 locarunt.
1720 5423 1857 5479 Ter-

241 5490 507 5549 tullianus
544 5492 614 5547 de
648 5492 921 5548 ldolulatr.
947 5532 962 5558 ,
992 5490 1045 5547 ο.
1074 5504 1146 5545 sn
1169 5508 1183 5546 :
1206 5490 1378 5562 Opera
1416 5503 1463 5545 et
1494 5494 1855 5549 conditionnlis

239 5580 416 5621 erant.
458 5562 698 5619 lissam.

321 5633 774 5708 Commorientium
804 5640 1023 5708 fratrum
1064 5633 1340 5708 parricida;
1358 5650 1502 5708 nece.
1557 5635 1759 5692 Allndit
1789 5639 1854 5692 atl

241 5707 553 5780 historiam,
589 5706 824 5762 Eteoclis
872 5720 927 5762 et
986 5706 1276 5778 Polynicis.
1326 5706 1588 5763 Meursius
1638 5710 1856 5780 conjicit

242 5778 719 5856 parricidali‘ngce.
747 5780 953 5856 Ouum.

240 5848 265 5927 ξ
329 5848 646 5909 Parricida“
690 5852 1063 5925 congressionis
1113 5850 1347 5909 horrore.
1395 5848 1664 5924 Trajectio
1711 5853 1855 5913 haud

1957 2352 2273 2429 infrequens
2301 2371 2389 2429 ap.
2421 2356 2643 2411 Latinos
2671 2371 2771 2429 pro
2798 2356 3126 2426 parricidalis
3176 2362 3553 2429 congressionis

1956 2426 2165 2501 {terrore
2181 2470 2195 2494 ,
2229 2435 2289 2501 ut
2317 2426 2518 2497 absque
2545 2426 2868 2484 neceSsitate
2893 2431 3164 2501 corrigere
3189 2426 3361 2487 voluit
3398 2432 3551 2490 Fulv.

1958 2498 2208 2553 Ursinus.
2243 2497 2445 2554 Οιιειι..

2026 2567 2244 2624 XXVII.
2277 2600 2348 2610 ——
2382 2569 2642 2638 Quidquid
2694 2569 2825 2625 labis
2873 2581 2921 2625 et
2970 2571 3197 2628 criminis
3235 2574 3298 2627 ab
3343 2577 3551 2632 insania

1952 2642 2300 2711 proﬁciscitur
2353 2642 2473 2710 tali,
2506 2642 2561 2695 id
2608 2641 2833 2697 venereis
2880 2643 3060 2698 debere
3111 2645 3399 2701 vulneribus
3447 2649 3551 2702 ἕηιο

1951 2714 2143 2788 putari.
2174 2712 2249 2767 Ita
2279 2712 2408 2788 editi
2441 2728 2505 2768 ex
2534 2713 2914 2788 emendatione
2960 2714 3185 2788 cditoris
3224 2716 3391 2788 Lugd.
3428 2718 3548 2773 Bat.

1951 2785 2072 2859 cod.
2110 2800 2210 2859 n_ts._
2246 2802 2259 2838 :
2293 2785 2477 2859 talibus
2503 2785 2725 2838 venereis
2755 2784 2933 2859 debeat
2956 2786 3255 2859 vulneribus
3283 2784 3548 2859 imputari,

1952 2857 2095 2910 unde
2117 2856 2372 2911 Gelenius
2399 2854 2603 2911 fecerat
2634 2872 2649 2909 :
2680 2857 3020 2925 proﬁciscitur
3041 2859 3160 2922 tali,
3216 2854 3424 2915 Veneris
3463 2854 3553 2915 de?

1953 2927 2098 2993 beat,
2127 2937 2231 2982 etc.
2267 2927 2531 2982 licraldus
2561 2943 2576 2981 :
2609 2928 2951 2997 proﬁciscitur
2996 2930 3119 2997 tali,
3149 2930 3205 2984 id
3254 2939 3311 2985 ut
3347 2926 3552 2988 Veneris

1951 2998 2128 3052 debeat
2150 3039 2165 3065 ,
2197 3010 2303 3054 etc.
2354 2997 2558 3054 Οιιιιι..

2024 3069 2388 3123 Disuniuntur.
2444 3071 2588 3141 idem
2620 3070 2763 3141 quod
2804 3070 3151 3137 dirimuntur,
3187 3072 3549 3130 dissecantnr.

1695 3096 1839 3119 .--..,
1873 3098 1918 3162 Ο
2003 3096 2388 3152 ὐιδαιυιυιιαικ
2446 3096 2763 3153 “curuli-ou
2804 3096 3155 3154 ummumur,
3187 3096 3549 3130 uisseeantnr.

1613 3125 1844 3217 βίξέαξυα
1957 3140 2086 3197 Vide
2121 3141 2352 3196 Salinas.
2387 3140 2663 3217 ad_Sohn.
2688 3184 2703 3205 ,
2747 3157 2867 3213 pag.
2915 3142 3039 3198 797.
3074 3143 3178 3199 Alii
3224 3145 3408 3217 legunt
3447 3147 3554 3202 dis-

1950 3223 2194 3279 suuntur,
2233 3227 2342 3267 non
2374 3214 2534 3267 male.
2564 3212 2768 3268 OnsLL.

2023 3283 2087 3338 In
2133 3286 2350 3338 incestas
2396 3283 2648 3340 libidines.
2681 3286 2755 3339 Ita
2810 3286 3052 3353 reposuit
3099 3286 3438 3344 Stewechius
3482 3290 3551 3345 ad

1953 3357 2073 3410 cod.
2116 3371 2219 3410 ms.
2271 3356 2526 3425 vestigia,
2573 3357 2660 3411 ubi
2711 3366 2829 3410 erat
2872 3357 3090 3410 incestas
3135 3358 3400 3425 libidines,
3460 3374 3549 3417 ee-

1949 3438 2151 3495 qneute
2191 3427 2278 3481 ed.
2315 3426 2484 3497 Lugd.
2519 3428 2631 3482 Bat.
2680 3430 2849 3483 Antea
2882 3428 3160 3497 legebatur
3191 3447 3202 3482 :
3235 3428 3440 3485 Incesta
3486 3433 3548 3486 lic

1952 3499 2137 3552 bidine.
2172 3498 2375 3552 OBELL.

2025 3571 2295 3639 Sapientes
2316 3580 2363 3623 et
2392 3572 2545 3639 fortes
2587 3570 2681 3623 viri
2730 3570 2932 3624 solvunt
2977 3571 3179 3625 decreta
3228 3574 3545 3629 constantiae.

1950 3640 2213 3713 Loquitur
2244 3642 2422 3695 verbis
2451 3642 2788 3713 Stoicorum;
2823 3642 2963 3708 apud
2995 3657 3132 3711 quos
3157 3646 3314 3713 fortes
3359 3645 3549 3713 appel-

1952 3713 2131 3765 lantur
2157 3712 2189 3766 ii
2221 3713 2396 3779 potius
2426 3713 2515 3779 qui
2543 3711 2768 3783 domant
2791 3715 3056 3780 animum,
3078 3721 3135 3767 et
3158 3711 3285 3767 Vitia
3318 3711 3557 3783 compri-

1950 3794 2134 3848 munt,
2164 3798 2323 3852 qnatn
2359 3784 2448 3852 qui
2483 3784 2666 3836 bellica
2702 3782 2859 3837 laude
2902 3785 3125 3852 pollent.
3176 3783 3416 3838 Indidem
3452 3782 3552 3840 de-

1950 3866 2087 3908 creta
2108 3858 2215 3933 ,_-r_o‘t
2242 3856 2525 3928 κεκριμένα.
2544 3927 2551 3933 _
2571 3852 2969 3933 undeciticitur
2994 3856 3185 3933 invicta
3229 3861 3548 3933 προαίρεσις,

1951 3935 2113 3998 atque
2135 3925 2260 3979 hinc
2289 3925 2588 3979 constantia
2612 3967 2625 3991 ,
2679 3926 2735 3979 τὸ
2758 3926 2959 3997 βέϐαιον
2982 3934 3074 3981 τοῦ
3104 3925 3291 3992 ἤθους-ζ
3336 3925 3553 3998 quando

1949 3999 2120 4051 virtus
2141 3998 2298 4067 plane
2324 4002 2692 4050 consummata
2711 4007 2814 4065 est,
2842 4006 2898 4052 et
2922 4000 3246 4053 firmissimis
3277 3998 3551 4057 radicibus

1951 4069 2190 4122 fundata.
2225 4069 2444 4123 HEttALD

2034 4140 2301 4194 Virilitatis
2340 4143 2507 4211 vigore
2558 4139 2773 4193 mollito.
2831 4140 3130 4206 Meursius,
3182 4156 3303 4211 pag.
3352 4142 3457 4200 95.
3499 4152 3556 4198 et

1951 4210 2413 4275 Drakcinhorclt.,
2465 4212 2530 4265 ad
2574 4212 2669 4265 Sil.
2720 4210 2871 4278 ltn|.,
2923 4211 3014 4266 Iih.
3069 4210 3352 4278 vt,’vers.
3406 4214 3545 4278 275,

1954 4300 2071 4353 pag.
2125 4284 2262 4345 507,
2310 4283 2591 4353 legentium
2630 4284 2973 4351 suspicantur
3013 4302 3025 4338 :
3066 4282 3333 4337 Virilitatis
3375 4285 3547 4352 rigore

1952 4356 2168 4408 mollito.
2203 4353 2309 4408 Sed
2336 4356 2603 4423 vulgatam
2628 4353 2915 4409 lectionem
2939 4356 3077 4409 bene
3106 4354 3348 4409 defendit
3379 4354 3550 4423 Wop-

1953 4425 2106 4481 kens.
2141 4429 2189 4478 in
2223 4426 2369 4481 ωτι.
2396 4426 2628 4480 Tullian.
2650 4467 2664 4492 ,
2699 4426 2791 4479 lib.
2827 4441 2880 4489 ι,
2912 4441 3027 4495 cap.
3066 4427 3124 4480 ll
3157 4465 3173 4491 ,
3204 4440 3305 4496 pag
3354 4425 3443 4482 65.
3475 4426 3550 4482 ita

1955 4499 2100 4550 enini
2148 4497 2548 4550 Tertullianus.
2595 4497 2663 4548 tle
2708 4497 2912 4550 Pallio.
2961 4513 3078 4550 can.
3123 4513 3177 4550 iv
3226 4516 3238 4549 :
3292 4496 3412 4550 Nisi
3463 4498 3550 4550 diu

3349 4498 3412 4550 isi
3463 4498 3555 4553 diu

1956 4570 2179 4623 mollitae
2223 4578 2269 4622 et
2308 4571 2625 4639 evigoratns,
2661 4567 2749 4620 ubi
2772 4568 3097 4636 Salmasius,
3129 4585 3247 4637 pag.
3280 4568 3424 4634 255,
3452 4585 3551 4625 an-

1955 4651 2104 4695 notnt
2154 4638 3032 4718 'l‘ertullianumaliosqneeorum
3069 4652 3370 4718 temporum
3413 4645 3551 4718 seri:

1955 4723 2139 4782 plores
2167 4714 2391 4783 vigorem
2437 4714 2634 4781 passim
2666 4712 2761 4778 pro
2793 4712 2969 4779 rigore
3009 4722 3064 4764 et
3108 4712 3367 4780 quidquid
3403 4714 3553 4766 molli

1954 4782 2285 4838 contrarium
2318 4791 2435 4847 est,
2471 4797 2751 4853 usurpare.
2781 4784 2871 4836 Sic
2915 4782 3142 4852 rigidum
3183 4784 3375 4853 dogma
3404 4784 3553 4837 Stoi-

1954 4866 2140 4909 corum
2167 4866 2216 4909 et
2246 4857 2484 4910 ἀπάθειαν
2522 4853 2667 4907 illum
2697 4859 2915 4913 στωῑκήν
2955 4869 3194 4924 ingerent
3246 4860 3378 4908 dixit
3409 4854 3551 4909 idem

1957 4926 2274 4981 Tertullinn.
2310 4927 2362 4980 in
2393 4929 2485 4979 lth.
2518 4926 2585 4979 de
2613 4927 2803 4978 Anima
2839 4946 2852 4977 :
2887 4924 3047 4979 Prout
3074 4936 3162 4979 aut
3196 4924 3431 4978 Platonis
3460 4925 3553 4977 lto-

1956 5015 2051 5051 ttor
2076 5010 2119 5051 et
2146 4996 2368 5052 Zenonis
2389 4999 2530 5068 vigor
2548 5037 2563 5062 ,
2592 5006 2678 5048 aut
2713 4997 2994 5051 Aristotelis
3016 5008 3179 5062 tenor,
3210 5006 3296 5048 aut
3340 4996 3554 5068 Epicuri

1955 5080 2153 5139 stupor,
2182 5081 2271 5123 aut
2303 5067 2552 5122 Heracliti
2574 5084 2776 5122 maror.
2812 5068 2888 5123 Ita
2918 5069 3056 5137 apud
3104 5069 3355 5122 eumdem
3384 5067 3554 5139 disci-

1957 5136 2114 5210 plina:
2140 5143 2281 5209 vigor
2310 5152 2363 5194 et
2387 5141 2714 5211 disciplinam
2738 5136 2971 5211 vigorare
2989 5182 3001 5203 ,
3052 5141 3104 5211 id
3135 5148 3217 5192 est
3241 5136 3550 5208 rigidiorem

1956 5208 2156 5267 facere.
2189 5208 2449 5269 Similiter
2481 5208 2642 5266 etiam
2684 5208 2986 5282 Cyprianus
3021 5228 3034 5264 :
3066 5208 3350 5282 Increpans
3384 5210 3553 5279 vigore

1958 5286 2181 5338 censoris
2237 5295 2281 5337 et
2326 5284 2554 5354 jndicis,
2616 5280 3054 5352 proVcheritate
3104 5280 3381 5347 censoris,
3442 5290 3546 5336 etc.

1959 5354 2087 5409 Hice
2112 5368 2177 5410 es
2210 5353 2473 5409 Salmasio
2497 5392 2509 5416 ,
2542 5355 2575 5407 ι.
2609 5354 2659 5407 1.
2693 5353 2896 5407 (lusca.

2033 5426 2371 5480 lnnectuntur
2399 5425 2674 5480 cervicibus
2704 5423 3001 5495 laquei._ll.
3028 5423 3252 5495 Bentley
3273 5422 3339 5477 ad
3368 5422 3554 5478 llorat.

1959 5497 2132 5567 Epod.
2175 5513 2309 5560 svn,
2345 5512 2482 5553 vers.
2518 5499 2607 5561 72,
2647 5493 2849 5550 verba:
2884 5493 3406 5557 Frustraque‘vincla
3435 5504 3559 5564 gut-

1959 5572 2061 5623 turi
2102 5573 2323 5623 innectes
2364 5580 2469 5635 tno,
2517 5568 2697 5622 multis
2738 5567 3002 5636 exemplis
3039 5568 3293 5635 ostendit,
3329 5568 3561 5620 locutio-

1959 5656 2081 5695 nem
2111 5642 2363 5696 innectere
2385 5640 2553 5695 vincla
2583 5640 2800 5710 gutturi,
2834 5647 2892 5692 ut
2917 5649 2971 5692 et
2995 5639 3249 5697 innectere
3276 5638 3554 5693 cervicibus

1960 5712 2189 5782 laqueos,
2224 5727 2444 5783 prorsus
2484 5725 2784 5780 repugnare
2813 5710 2971 5765 bona:
3014 5722 3077 5764 ac
3107 5710 3555 5783 probatailntini-

1961 5781 2086 5851 tati,
2131 5781 2238 5839 sed
2265 5784 2553 5839 dicendum
2603 5783 3061 5853 l'uisseinnectere
3099 5788 3283 5853 guttur
3312 5781 3548 5846 vinculis,

1957 5848 2212 5912 innectere
2253 5856 2469 5912 cervices
2496 5854 2711 5923 laqueis,
2744 5852 2975 5925 ideoque
2999 5853 3056 5910 in
3100 5848 3323 5910 Horatio
3351 5853 3553 5909 rescri-
