3970 6312
362 268 465 327 987

1493 268 2173 347 ΑΒΝΟΒΙῙῘΑῘΝΕΒΞΗΒ
2207 272 2482 333 GEN'I‘ES

3551 279 3661 336 988

359 386 426 442 ad
456 385 611 442 istius
632 384 863 442 nominis
885 384 1133 443 columen
1154 386 1310 444 vobis
1335 386 1704 445 laudatoribus
1727 390 1945 461 elevati,
1975 394 2031 455 Α
2055 391 2192 449 redit
2227 409 2241 447 :
2273 400 2332 449 ut
2373 408 2549 464 neque
2596 393 2676 449 sal
2719 392 2854 450 deus
2905 393 3005 462 sit,
3040 410 3214 467 neque
3272 396 3395 451 luna
3418 439 3434 464 ,
3484 412 3662 470 neque

361 480 672 536 universam
697 480 854 536 istam
882 480 1077 536 molem
1108 480 1320 549 mundi,
1354 483 1509 554 cujus
1529 499 1721 539 omnes
1748 485 1956 557 ample-

361 575 521 633 xibus
541 575 830 644 ambimur,
865 575 1115 648 tegimur,
1147 592 1210 633 ac
1230 579 1588 647 sustinemur,
1611 579 1809 634 animal
1834 594 1956 635 esse

361 684 530 726 unum
551 710 565 734 ,
600 671 848 739 sapiens,
878 671 1199 727 rationabile
1227 680 1275 739 λ,
1330 673 1635 728 consultum
1690 671 1954 743 probabili

366 761 771 816 asseveratione
796 760 1060 818 dellniunt
1086 782 1099 817 :
1124 778 1352 834 quorum
1376 766 1420 820 si
1443 775 1528 821 est
1557 778 1683 820 vera
1700 805 1718 833 ,
1744 773 1801 820 et
1826 764 1952 833 lixa,

361 864 506 910 certa
528 856 797 911 sententia
817 897 833 921 ,
862 856 1025 912 etiam
1055 857 1131 912 illi
1154 859 1415 914 continuo
1436 859 1692 916 desinent
1714 859 1786 914 dii
1809 874 1951 926 esse,

361 962 497 1019 quos
526 948 579 1007 in
607 948 725 1019 ejus
754 951 1095 1020 portionibus
1115 953 1279 1022 paulo
1305 961 1432 1009 ante
1454 954 1751 1009 immutatis
1778 955 1957 1010 nomi-

365 1041 528 1098 nibus
553 1042 987 1099 constituebatis.
1017 1043 1088 1101 Ut
1108 1046 1252 1100 enim
1280 1045 1445 1101 homo
1467 1062 1602 1101 unus
1624 1049 1810 1118 nequit
1835 1064 1959 1118 per-

362 1120 618 1191 manente
646 1136 731 1190 sui
761 1135 1009 1208 corporis
1041 1137 1347 1209 integritate
1383 1140 1436 1194 in
1470 1139 1720 1195 homines
1761 1142 1959 1197 multos

361 1227 534 1283 scindi
570 1246 582 1284 :
618 1242 796 1300 neque
841 1228 1095 1285 homines
1142 1246 1329 1286 rursus
1372 1233 1549 1300 multi,
1580 1232 1959 1304 disjunctionis

361 1320 666 1385 diderentia
695 1332 1038 1389 conservata,
1066 1323 1120 1378 in
1149 1325 1308 1381 unius
1335 1340 1530 1381 sensus
1557 1327 1958 1398 simplicitatem

362 1413 587 1471 conﬂarl
616 1432 629 1468 :
661 1414 733 1469 ita
777 1414 823 1470 si
867 1415 1100 1473 mundus
1127 1432 1291 1471 unum
1323 1428 1406 1473 est
1452 1420 1648 1474 animal
1672 1462 1686 1487 ,
1720 1430 1774 1476 et
1803 1422 1960 1477 unius

364 1506 563 1561 mentis
592 1505 890 1577 agitatione
914 1515 1152 1563 motatur
1195 1526 1210 1563 :
1241 1524 1341 1564 nec
1369 1510 1423 1564 in
1453 1511 1604 1580 plura
1655 1521 1833 1581 potest
1862 1527 1964 1568 nu—

362 1598 511 1659 mina
537 1597 828 1669 dissipari,
862 1614 995 1666 nec,
1039 1602 1086 1657 si
1131 1602 1251 1673 ejus
1297 1604 1576 1674 particulae
1602 1605 1675 1659 dii
1703 1614 1859 1671 sunt,
1909 1606 1961 1660 in

363 1692 522 1746 unius
548 1691 839 1748 animantis
886 1693 1274 1750 conscientiam
1300 1696 1420 1767 cogi
1464 1704 1629 1767 atque
1658 1697 1816 1752 verti.
1848 1696 1961 1752 Lu-

2054 481 2244 549 mtber,
2295 483 2454 539 tellus
2475 527 2489 549 ,
2521 493 2577 540 et
2607 492 2826 540 caztera.
2879 483 3017 541 Sunt
3045 487 3189 541 enim
3222 497 3405 557 partes
3442 490 3651 558 mundi,

2059 594 2166 632 non
2191 578 2446 649 specialia
2470 580 2747 635 numinum
2778 580 2993 635 nomina
3028 599 3040 635 :
3067 590 3227 652 atque
3257 582 3327 636 ita
3356 582 3659 653 perﬁcitur,

2055 671 2236 726 omnia
2268 671 2424 727 vobis
2475 671 2816 727 turbantibus
2847 674 3309 745 miscentibusque
3340 675 3559 743 divina,
3594 688 3657 734 ut

2054 760 2109 817 in
2151 777 2333 817 rerum
2389 773 2579 817 natura
2632 778 2772 818 unus
2802 764 2943 819 Deus
2973 765 3334 821 constituatur
3381 768 3655 838 mundus,

2056 852 2296 923 explosis
2321 853 2573 909 omnibus
2603 855 2853 910 caeteris:
2883 857 3183 927 quinimmo
3211 857 3240 896 δ
3273 858 3531 929 inaniter,
3563 876 3663 916 va-

2057 960 2157 1001 cue
2177 987 2191 1010 ,
2216 954 2271 1001 et
2296 947 2413 1002 sine
2445 946 2546 1001 ulla
2577 946 2877 1001 substantia
2907 948 3236 1005 constitutis.

2130 1037 2375 1094 XXXVI.
2410 1038 2466 1095 Si
2497 1039 2720 1096 totidem
2769 1056 2871 1097 nos
2902 1041 3111 1111 modis,
3163 1042 3497 1116 totidemque
3538 1061 3667 1102 sen-

2058 1132 2245 1187 tentiis
2271 1130 2501 1186 deorutn
2542 1140 2849 1187 vestrorum
2877 1131 3269 1189 subrueremus
3303 1134 3463 1191 [idem
3486 1179 3501 1202 ,
3528 1139 3665 1193 nulli

2055 1232 2202 1279 esset
2230 1222 2481 1291 dubium,
2514 1226 2644 1296 quin
2674 1225 2751 1280 ira
2782 1234 2837 1282 et
2867 1227 3017 1282 rabie
3045 1227 3332 1295 concitati,
3363 1229 3515 1301 ignes
3536 1272 3552 1294 ,
3583 1229 3661 1286 le-

2059 1331 2171 1382 ras,
2208 1326 2261 1372 et
2281 1317 2509 1388 gladios,
2542 1329 2705 1387 atque
2750 1320 2853 1373 alia
2894 1319 3243 1390 postularetis
3280 1321 3671 1392 suppliciorum

2061 1409 2116 1464 in
2163 1424 2262 1465 nos
2290 1426 2525 1480 genera,
2560 1411 2756 1482 quibus
2785 1412 2931 1467 sitim
2980 1412 3170 1467 soletis
3202 1424 3440 1469 vestram
3490 1418 3667 1470 nostri

2062 1502 2339 1573 sanguinis
2369 1502 2702 1573 appetitione
2729 1502 3003 1573 proluere.
3027 1502 3161 1558 Cum
3186 1520 3315 1559 vero
3339 1519 3437 1575 per
3462 1520 3562 1559 vos
3591 1506 3673 1576 ip-

2062 1609 2151 1650 sos
2175 1610 2341 1666 prope
2363 1596 2540 1661 omnis
2568 1611 2702 1666 gens
2724 1597 3006 1652 numinum
3030 1597 3133 1652 sub
3159 1599 3532 1654 ostentatione
3563 1599 3671 1653 tol-

2065 1689 2205 1746 latur
2229 1690 2568 1762 ingeniorum
2610 1701 2772 1762 atque
2797 1691 3100 1759 doctrinae,
3138 1692 3354 1747 audetis
3385 1691 3676 1747 intendere

363 1800 430 1841 na
450 1828 465 1853 ,
499 1786 615 1855 sol,
665 1786 829 1842 tellus
852 1827 868 1854 ,
919 1787 1111 1856 aether,
1161 1798 1341 1856 astra,
1388 1790 1636 1846 membra
1686 1799 1849 1859 sunt,
1902 1799 1958 1847 et
1989 1799 2036 1859 Β
2063 1783 2233 1840 nostri
2261 1784 2490 1839 nominis
2515 1799 2674 1840 causa
2705 1800 2792 1839 res
2814 1784 3074 1839 humanas
3095 1784 3164 1840 ab
3184 1784 3288 1840 diis
3308 1772 3488 1857 premi
3515 1803 3528 1840 :
3553 1800 3676 1840 cum

332 1878 550 1934 «mundi
578 1888 762 1949 partes
792 1896 809 1937 :
838 1880 980 1952 quod
1024 1881 1068 1936 si
1098 1891 1281 1952 partes
1307 1891 1361 1938 et
1388 1883 1631 1938 membra
1658 1892 1819 1950 sunt,
1848 1884 1966 1939 ani-

363 1970 522 2025 malia
553 1971 741 2042 utique
771 1972 853 2027 sui
881 1973 1119 2027 nominis
1150 1988 1256 2028 non
1280 1983 1406 2028 sunt
1432 1995 1444 2029 :
1471 1991 1645 2047 neque
1670 1975 1815 2031 enim
1841 1990 1965 2046 par-

363 2070 446 2118 tes
474 2061 579 2117 hoc
609 2063 783 2134 ipsum
812 2078 956 2131 esse,
979 2065 1123 2135 quod
1150 2075 1319 2119 totum
1346 2077 1450 2133 est,
1474 2067 1651 2137 aliqua
1675 2068 1728 2123 in
1753 2083 1811 2123 re
1834 2083 1962 2138 pos-

362 2164 489 2209 sunt
520 2171 534 2207 :
561 2164 653 2209 aut
681 2155 783 2210 sibi
812 2170 1038 2226 sapere,
1071 2157 1173 2212 sibi
1204 2158 1408 2213 sentire
1429 2201 1445 2227 ,
1478 2159 1621 2230 quod
1651 2159 1768 2215 sine
1801 2160 1964 2215 totius

366 2247 664 2302 animantis
694 2262 925 2304 assensu
957 2250 1119 2305 nullis
1161 2252 1393 2321 propriis
1423 2252 1691 2307 afﬁciatur
1735 2267 1767 2308 e
1808 2253 1962 2308 moti-

370 2341 507 2409 bus,
537 2356 644 2412 quo
674 2342 1001 2410 constituto,
1030 2358 1094 2400 ac
1124 2344 1301 2415 posito
1324 2387 1340 2416 ,
1372 2362 1581 2402 summa
1627 2346 1803 2401 omnis
1830 2345 1957 2402 illuc

2065 1876 2304 1950 quidem,
2336 1878 2380 1933 si
2410 1893 2594 1933 verum
2640 1885 2724 1932 est
2763 1893 2884 1932 esse
2914 1877 3033 1933 illos
3067 1877 3298 1948 uspiam,
3328 1886 3493 1949 atque
3531 1877 3680 1933 inca-

2067 1970 2273 2026 lescerc
2292 1970 2489 2025 irarum
2514 1969 2766 2037 llannuis,
2798 1969 2929 2024 nihil
2959 1970 3192 2025 habeant
3210 1970 3430 2039 justins,
3460 1977 3683 2040 prOpter

2066 2063 2209 2133 quod
2237 2063 2288 2116 in
2321 2077 2415 2116 vos
2442 2062 2684 2127 saeviant,
2734 2076 2893 2132 quam
2940 2061 3084 2131 quod
3131 2076 3227 2117 eos
3267 2061 3479 2132 negatis
3498 2061 3680 2117 subsi-

2065 2166 2213 2212 stere
2233 2197 2248 2222 ,
2278 2170 2454 2224 neque
2482 2170 2584 2208 una
2613 2168 2735 2210 esse
2767 2155 2818 2208 in
2852 2163 3003 2223 parte
3032 2163 3256 2208 naturae.

2137 2247 2404 2304 XXXVII.
2430 2247 2608 2303 Musas
2634 2247 2876 2304 Mnaseas
2911 2259 2995 2302 est
3023 2256 3210 2301 auctor
3231 2245 3369 2301 tilias
3397 2259 3522 2302 esse
3548 2244 3683 2301 Tel-

2064 2342 2198 2398 luris
2228 2349 2281 2397 et
2324 2340 2459 2397 Coeli
2495 2359 2508 2397 :
2558 2338 2707 2398 lovis
2736 2344 2922 2397 exteri
2974 2338 3271 2412 praedicant
3303 2354 3369 2395 ex
3420 2337 3687 2395 Memoria

1616 2458 2000 2519 LECTIONES
2042 2455 2455 2515 VARIANTES.

493 2574 574 2645 {ta
595 2572 714 2645 Sab.
740 2574 883 2645 male.
904 2575 1143 2645 Corrige:
1167 2576 1428 2629 rationale.

363 2575 375 2628 i
429 2575 456 2605 ⁸
493 2575 574 2627 Ita
595 2575 714 2635 Sab.
740 2575 883 2628 male.

364 2636 457 2701 Lb
500 2638 711 2692 Omnino
742 2634 883 2693 Fulv.

1744 2743 2311 2807 COMMENTARIUS.

369 2882 444 2939 tio
490 2881 739 2953 princeps
784 2884 1134 2949 memorabili,
1164 2898 1196 2939 e
1241 2882 1381 2939 male
1430 2881 1706 2939 intellecta
1749 2882 1965 2940 Codicis

366 2955 663 3026 scriptura,
712 2954 806 3009 ubi
857 2965 940 3010 est
982 2956 1363 3023 memorabilis,
1395 2955 1617 3026 antique
1644 2970 1743 3026 pro
1766 2973 1961 3011 memo-

366 3025 575 3080 rabiles.
608 3024 872 3092 “suum,
902 3028 956 3080 in
986 3026 1136 3081 Curis
1163 3043 1219 3082 ιι.

2073 2885 2207 2940 Tala
2239 2893 2541 2940 monstrum
2591 2885 2720 2940 illud
2742 2928 2756 2951 ,
2805 2886 2948 2955 quod
2980 2884 3230 2941 Horatius
3284 2883 3439 2954 lingit
3467 2885 3522 2939 in
3551 2886 3685 2942 Arte

2072 2957 2274 3013 Ptntica
2306 2958 2423 3013 init.
2458 2957 2705 3011 Humano
2728 2959 2905 3027 capiti.
2928 2967 3035 3013 etc.
3068 2956 3254 3027 Itaque
3286 2956 3580 3027 legendum
3606 2960 3686 3012 vi-

2072 3031 2230 3084 detur
2259 3045 2271 3082 :
2304 3030 2450 3101 inulti
2465 3031 2752 3101 junctionis
2779 3029 3067 3095 differentia
3099 3040 3398 3101 conseruata
3420 3069 3436 3091 ,
3475 3026 3527 3081 id
3557 3038 3640 3082 est
3660 3069 3681 3096 ,

440 3096 707 3171 Columen.
739 3099 883 3171 Alii;
914 3098 1135 3152 culmen.
1166 3097 1294 3171 Sed.
1328 3096 1476 3167 prius
1501 3104 1646 3153 amat
1673 3096 1967 3154 Arnobius.
1999 3107 2046 3170 ρ
2080 3102 2233 3161 multi
2265 3102 2308 3154 si
2341 3104 2393 3155 in
2418 3096 2706 3171 iunctione
2757 3101 3151 3165 diderentiam,
3202 3099 3513 3153 animorum
3559 3102 3681 3155 scil.

368 3167 507 3224 Vide
534 3183 697 3236 supra
723 3172 789 3222 ad
820 3168 910 3223 lib.
948 3185 986 3234 ι,
1016 3184 1137 3238 cap.
1168 3171 1223 3225 8.
1253 3170 1458 3225 Οιιιιιιη

442 3240 663 3311 Animal
672 3256 785 3311 esse
811 3256 998 3303 unum,
1032 3242 1241 3311 sapiens
1260 3283 1275 3308 ,
1299 3239 1572 3296 rationale.
1601 3239 1974 3311 PlatoTitnteo

369 3325 492 3379 pag.
523 3311 612 3367 50.
647 3309 791 3382 (Vol.
826 3327 901 3383 tu.
932 3312 1021 3366 ed.
1065 3306 1131 3367 Η.
1175 3306 1360 3380 Steph.
1386 3312 1403 3383 )
1431 3312 1609 3372 Οὕτως
1644 3306 1730 3366 οὖν
1758 3311 1819 3373 δὴ
1848 3315 1974 3369 κατά

368 3384 510 3456 λόγον
530 3384 615 3456 πεζὸν
644 3382 808 3438 εἰκότα
826 3382 908 3439 δεῖ
932 3384 1109 3456 λέγειν,
1134 3382 1274 3456 τόνδε
1300 3382 1391 3439 τόνν
1412 3384 1596 3455 κόσμθν
1618 3388 1766 3451 ζῶον,
1800 3383 1970 3455 ἔμψυο

370 3408 510 3456 Λογον
530 3408 615 3438 τον
644 3408 808 3438 statam
826 3408 904 3439 ost
935 3408 985 3438 Mt
1022 3408 1109 3447 ειν,
1134 3408 1274 3439 "ravos
1300 3408 1383 3439 τον
1412 3408 1596 3455 κοσμθν
1618 3408 1766 3451 gmw,
1800 3408 1970 3455 ιμψυο

370 3476 491 3531 χον,
545 3453 713 3531 {uacua
759 3474 812 3531 τε
956 3408 1161 3531 einen?
1205 3455 1290 3531 διὰ
1316 3461 1407 3515 τήν
1445 3462 1533 3531 τορ
1578 3456 1691 3510 θεοῦ
1714 3458 1973 3531 ,γενέσθαι

367 3524 623 3603 ipsum.
659 3524 830 3580 Vertit
856 3524 1046 3603 Cicero
1069 3524 1412 3603 de'universo
1437 3542 1448 3579 ι
1475 3526 1644 3603 Quam
1675 3524 1969 3603 ob'cuusam

368 3598 468 3652 non
515 3608 588 3651 est
617 3598 964 3652 cunctandum
990 3600 1223 3669 proﬁteri
1242 3642 1256 3665 ,
1293 3601 1334 3651 si
1365 3598 1515 3652 modo
1543 3598 1838 3668 investigari
1864 3598 1967 3652 ali-

367 3668 504 3739 quod
532 3675 827 3740 canjectura
867 3668 1060 3740 potest,
1112 3674 1248 3725 hunc
1293 3670 1543 3723 mundum
1589 3670 1786 3724 animal
1823 3687 1967 3736 esse,

366 3743 524 3810 idque
574 3742 864 3811 intelligens
920 3751 968 3795 et
1022 3742 1196 3795 diuina
1248 3741 1569 3811 providentia
1616 3742 1965 3796 constitutum.

367 3812 881 3880 th.Philostratus,
911 3815 977 3867 de
1006 3812 1125 3868 Vita
1151 3812 1460 3883 Apollonii,
1493 3812 1590 3867 lib.
1617 3827 1694 3879 ιιι,
1724 3828 1843 3882 cap.
1878 3814 1964 3867 ll.

368 3884 798 3939 Emittam—Pro
819 3884 1072 3938 rationale
1096 3885 1236 3939 Edit.
1265 3886 1423 3939 Rom.
1452 3895 1503 3938 et
1523 3883 1715 3940 Geleu.
1734 3885 1964 3938 rationa-

368 3957 488 4010 bile.
513 3971 531 4009 :
556 3956 717 4011 male.
739 3954 847 4009 Pro
865 3957 1062 4010 animal
1078 3958 1253 4011 codex
1279 3970 1381 4010 ms.
1403 3955 1565 4009 habet
1581 3955 1803 4020 animas,
1823 3955 1966 4026 quod

368 4026 610 4082 defendit
649 4026 914 4081 Meursius
946 4028 995 4081 in
1029 4028 1344 4097 Appendice
1391 4037 1661 4096 tamquam
1710 4025 1967 4096 loquendi

366 4114 536 4170 genus
556 4100 836 4169 antiquum
862 4114 963 4171 pro
982 4100 1241 4165 animans,
1258 4098 1474 4162 animal,
1492 4098 1743 4168 exemplo
1762 4098 1921 4154 Ennii
1949 4117 1962 4154 :

461 4211 566 4279 Qva
590 4213 754 4279 parire
791 4213 919 4265 solet
943 4213 1093 4278 genu’
1120 4214 1298 4279 pennis
1321 4212 1718 4275 condecoratum,

461 4272 569 4324 Non
591 4272 797 4326 animas.

368 4379 442 4455 l_ta
458 4379 704 4455 (Insulas,
733 4400 968 4455 prtegnas
986 4426 999 4450 ,
1025 4385 1242 4438 damnas
1263 4426 1278 4452 ,
1312 4381 1551 4451 Cesares,
1596 4384 1737 4439 istita
1770 4382 1888 4441 sine
1907 4402 1961 4440 n-

366 4451 475 4506 Scd
507 4452 646 4525 haud
671 4451 979 4510 ve'rasi'mile
1025 4465 1105 4511 est
1158 4456 1457 4510 Aruobium
1513 4456 1585 4509 ita
1642 4454 1962 4525 scripsisse,

366 4537 490 4577 cum
540 4523 590 4577 in
643 4534 755 4597 toto
804 4525 907 4581 hoc
951 4541 1116 4594 opere
1146 4538 1464 4583 constanter
1495 4527 1699 4582 scribat
1724 4523 1957 4595 animal,
1990 4536 2045 4597 1)

368 4609 642 4663 nunquam
672 4596 888 4651 animas.
919 4597 1123 4654 OnsLL.

441 4664 762 4721 Consultant.
792 4667 938 4724 idem
966 4671 1108 4741 quod
1132 4670 1390 4742 prudens.
1415 4668 1560 4725 Nihil
1578 4669 1851 4796 (amplius.

1627 4757 1782 4796 asas.

1627 4757 1782 4797 RELL.

445 4807 674 4872 Quorum
698 4809 742 4862 si
762 4817 835 4863 est
856 4825 973 4863 vera
1012 4821 1058 4864 et
1086 4812 1213 4880 ﬁxa,
1244 4823 1384 4868 certa
1411 4814 1681 4868 sententia.
1718 4812 1963 4868 Forsitan

369 4879 659 4953 I_egendum
690 4898 701 4933 :
734 4896 948 4953 quorum
976 4883 1019 4935 si
1046 4894 1119 4937 est
1142 4900 1279 4950 uera,
1322 4886 1431 4953 ﬁaza
1455 4893 1503 4938 et
1531 4897 1667 4939 certa
1693 4887 1962 4938 sententia.

371 4950 472 5006 Tn.
505 4952 747 5027 Csarea.
769 4951 999 5006 —Nihi|
1047 4950 1383 5020 mutandum,
1415 4956 1850 5027 distinguendum
1882 4965 1965 5009 ta-

372 5039 494 5077 men
517 5034 610 5098 _:‘et
640 5025 766 5098 fisa,
800 5034 958 5098 certa_
982 5028 1252 5098 sententia.
1286 5028 1411 5083 Huic
1444 5030 1515 5082 ita
1542 5025 1796 5098 stipulare
1822 5036 1967 5087 amat

371 5095 636 5165 Arnobius
661 5096 778 5150 sine
802 5095 1019 5165 copula.
1051 5096 1294 5153 ΠειιΑιι).

447 5164 629 5231 Neque
650 5164 887 5241 homines:
902 5185 1083 5223 rursus
1111 5172 1258 5224 multi
1285 5169 1646 5241 disjuuctionis
1674 5168 1970 5236 differentia

373 5246 686 5311 conseruata.
728 5238 803 5311 Ita
843 5239 1107 5295 Meursius
1133 5252 1186 5295 et
1215 5238 1395 5295 caeteri
1425 5241 1572 5295 illum
1602 5241 1773 5295 seculi
1805 5256 1973 5311 usque

372 5308 438 5363 ad
461 5310 548 5364 ed.
573 5308 743 5383 Lugd.
769 5309 885 5365 Bat.
912 5312 1273 5383 corrigentem
1298 5311 1629 5381 dijuuctionis
1648 5308 1968 5369 dissident-ia.

374 5388 545 5453 Antea
578 5381 895 5453 legebatur:
922 5381 1084 5453 neque
1134 5386 1363 5439 homines
1411 5399 1588 5437 rursus
1619 5384 1971 5438 multitudinis

363 5450 651 5521 junctionis
680 5451 971 5518 diﬁcrentia
999 5450 1334 5511 conservata.
1370 5452 1568 5509 Vocem
1624 5455 1970 5510 multitudinis

374 5523 624 5595 vitiosam
655 5538 776 5579 esse
809 5541 968 5580 nemo
1010 5542 1116 5581 nou
1150 5527 1319 5582 videt.
1354 5526 1459 5582 Sed
1497 5528 1784 5595 junctionis
1815 5526 1969 5593 diffe-

376 5593 447 5669 t_ia
479 5596 930 5669 male_mula_tum
976 5609 1105 5667 puto
1147 5600 1197 5653 in
1245 5593 1603 5669 disjunctionis
1655 5596 1964 5665 cli/ferentia.

374 5663 668 5745 Junctionis
721 5663 1013 5745 άιπίςνοιιρὶι
1057 5663 1481 5745 estjunct'urutn
1531 5663 1767 5745 partium
1815 5668 1971 5727 diffe-

379 5737 589 5801 rentia,
619 5737 908 5793 discordia.
948 5739 1024 5796 Ita
1055 5737 1238 5805 0vid.,
1270 5743 1426 5808 Met.,
1463 5755 1496 5807 ι,
1532 5741 1566 5797 9
1597 5757 1614 5796 :

377 5851 397 5889 ι
506 5823 611 5874 Non
633 5826 766 5877 bene
785 5828 1059 5889 iunctarum
1083 5833 1320 5886 discordia
1341 5833 1527 5884 semina
1553 5844 1740 5897 rerum.

2075 3183 2128 3227 et
2154 3173 2516 3243 ingeniorum,
2541 3182 2889 3227 conservant.
2915 3173 2979 3226 Et
3003 3174 3072 3225 ita
3098 3171 3385 3241 legendum
3403 3172 3686 3240 sequentia

2075 3246 2306 3298 suadent
2332 3262 2345 3298 :
2371 3260 2462 3297 nec
2506 3245 2550 3297 si
2580 3246 2690 3313 ejus
2716 3245 2984 3313 particular
3012 3243 3083 3296 dii
3113 3252 3232 3296 sunt
3255 3285 3268 3305 ,
3299 3243 3353 3295 in
3383 3243 3541 3295 unius
3568 3243 3685 3297 ani-

2074 3318 2261 3369 mantis
2288 3316 2650 3369 conscientiam
2676 3316 2790 3385 cogi
2817 3323 2966 3384 atque
2993 3314 3138 3367 uerti.
3178 3315 3390 3385 Ossan.

2145 3385 2214 3441 In
2261 3388 2412 3440 unius
2440 3403 2618 3440 sensus
2663 3388 3066 3451 simplicitatem.
3102 3385 3253 3440 Fulv.
3287 3384 3531 3441 Ursinus
3559 3400 3682 3440 ma-

2073 3460 2186 3513 vult
2211 3475 2225 3513 :
2254 3460 2306 3512 in
2336 3460 2487 3512 unius
2527 3475 2730 3512 censum
2766 3458 3113 3528 simplicitatis
3136 3502 3150 3524 ,
3198 3473 3318 3527 quae
3366 3458 3685 3528 conjectura

2072 3531 2376 3585 necessaria
2431 3545 2536 3584 nou
2593 3542 2708 3596 eat,
2762 3529 2807 3583 si
2841 3530 3154 3600 prmcedeus
3188 3529 3485 3599 junctionis
3519 3530 3680 3584 intul-

2075 3601 2303 3674 ligamus
2354 3602 2422 3657 de
2474 3601 2756 3672 junctiune
2809 3600 3148 3656 diversarum
3200 3603 3437 3726 pergunt
3493 3602 3680 3655 animi.

3343 3687 3505 3726 RELL.

3343 3687 3505 3726 RELL.

2147 3744 2215 3799 Ut
2246 3760 2403 3814 neque
2458 3745 2537 3800 sol
2583 3745 2708 3799 deus
2760 3745 2862 3811 sit,
2912 3759 3071 3809 neque
3100 3745 3259 3808 luna,
3310 3754 3421 3798 etc.
3450 3744 3688 3799 Abunde

2074 3815 2175 3871 hoc
2222 3817 2417 3871 docent
2468 3816 2580 3873 Jul.
2637 3815 2903 3871 Firmicus
2950 3815 3019 3869 de
3071 3814 3273 3869 Errore
3322 3814 3678 3883 profanarum

2072 3887 2223 3958 relig.
2258 3887 2501 3942 Lactant.
2534 3887 2689 3954 Iust.,
2726 3889 2816 3941 lib.
2846 3904 2901 3954 ιι,
2928 3902 3048 3957 cap.
3081 3888 3138 3939 5.
3174 3886 3423 3941 Eunus.

2142 3958 2381 4031 XXXVI.
2417 3961 2629 4031 Quibus
2653 3960 2791 4014 sitiat
2824 3960 2996 4013 soletis
3034 3967 3526 4013 vestraut...........
3562 3976 3687 4031 pro-

2071 4029 2542 4103 luere._Virgilius,
2568 4030 2695 4086 Ain.
2725 4048 2763 4100 ι,
2790 4032 2895 4087 759
2927 4048 2941 4083 :

2073 4182 2088 4198 .
2159 4186 2170 4197 .
2240 4180 2255 4195 .
2326 4185 2337 4195 .
2407 4181 2421 4195 .
2488 4183 2502 4195 .
2571 4181 2585 4197 .
2650 4144 2713 4196 Et
2737 4145 2884 4209 pleno
2907 4158 2967 4195 se
2990 4144 3175 4209 proluit
3200 4157 3342 4195 auro.

2070 4252 2398 4309 Prudentius
2427 4251 2522 4308 lib.
2547 4268 2587 4322 ι,
2614 4259 2805 4308 contra
2828 4251 3141 4323 Symmacb.
3171 4270 3185 4305 :

2489 4365 2674 4419 Avidus
2696 4367 2795 4418 vini
2826 4366 2979 4429 multo
3001 4380 3058 4417 se
3083 4363 3265 4429 proluit
3294 4365 3496 4417 haustu.

2874 4427 3095 4479 Haemi
3119 4434 3171 4479 et
3193 4428 3415 4480 Esmun.

2142 4534 2376 4608 Quidam.
2405 4533 2483 4608 Ita
2510 4532 2792 4589 Meursius.
2822 4532 3007 4589 Editio
3051 4532 3310 4605 princeps
3346 4533 3526 4592 Sabaei
3564 4536 3694 4608 qui-

2071 4607 2213 4669 dam,
2247 4606 2407 4661 male.
2436 4605 2643 4661 ORELL.

2142 4677 2321 4748 Neque
2349 4694 2451 4731 una
2478 4679 2659 4748 essein
2682 4684 2827 4741 parte
2860 4687 3078 4748 naturai.
3106 4676 3183 4731 Ita
3221 4677 3342 4732 cod.
3375 4693 3477 4732 ms.
3512 4693 3690 4748 quam

2071 4746 2358 4805 lectionem
2394 4757 2541 4803 recte
2562 4746 2859 4803 defendunt
2884 4747 2985 4802 Th.
3019 4749 3282 4805 Canterus
3310 4760 3363 4805 et
3394 4746 3691 4815 lIera'ldus,

2070 4832 2125 4875 ut
2157 4822 2225 4874 sit
2257 4820 2395 4875 idem
2427 4820 2568 4890 quod
2596 4820 2920 4892 nequeulla
2946 4837 3054 4874 esse
3091 4822 3143 4874 in
3188 4831 3334 4892 parte
3376 4832 3599 4885 natum,
3638 4824 3691 4875 ἐν

2068 4892 2225 4949 οὐδενί
2270 4896 2473 4967 φύσεως
2518 4894 2679 4968 μέρει.
2736 4890 2992 4947 Gelenius
3043 4892 3133 4946 ed.
3182 4890 3339 5019 ιιιόμιε
3385 4892 3517 4961 ulla,
3565 4903 3689 4948 etc.

3275 4980 3430 5019 RELL.

3275 4980 3430 5019 RELL.

2147 5034 2414 5090 XXXVII.
2448 5062 2513 5077 --
2570 5033 2827 5088 Mnaseas.
2889 5032 3199 5091 Patarensis
3241 5051 3271 5091 e
3326 5036 3506 5092 chite
3550 5034 3688 5092 civi-

2077 5116 2205 5181 tate.
2258 5106 2672 5181 lIujuslibrurn
2712 5121 2768 5159 ιιι
2805 5108 3139 5181 Ruperat-taxata
3184 5108 3314 5181 citat
3358 5106 3688 5181 Athenaeus,

2075 5180 2169 5234 lib.
2202 5194 2272 5242 tv,
2306 5196 2357 5248 p.
2390 5179 2514 5241 158,
2545 5187 2600 5232 et
2622 5177 2813 5249 librum
2836 5177 2893 5235 ιι.
2923 5178 2991 5231 de
3021 5179 3171 5243 Asia,
3200 5179 3296 5234 lib.
3328 5195 3442 5241 vm,
3468 5196 3524 5249 p.
3547 5178 3686 5247 346;

2076 5250 2310 5321 denique
2350 5250 2619 5320 Periplum
2652 5248 2840 5303 eodem
2872 5249 3010 5302 libro
3040 5266 3091 5316 p.
3120 5251 3247 5307 551.
3277 5248 3483 5306 Graecae
3500 5254 3692 5320 gentis

2076 5338 2184 5377 non
2228 5320 2489 5377 Obscurus
2513 5320 2743 5381 scriptor
2772 5330 2993 5375 vocatur
3032 5335 3061 5373 a
3099 5321 3412 5386 Columella,
3457 5322 3556 5377 lib.
3588 5338 3685 5390 xu,

2077 5408 2196 5462 cap.
2231 5393 2285 5460 4,
2318 5394 2554 5463 quicum
2586 5391 2832 5448 Varrone
2877 5407 3026 5463 eum,
3053 5394 3197 5447 inter
3236 5394 3530 5463 scriptores
3586 5395 3690 5451 Rei

2074 5467 2287 5519 rusticae
2318 5462 2527 5529 laudat,
2570 5463 2668 5518 lib.
2695 5480 2731 5528 l,
2762 5479 2878 5533 cap.
2908 5465 2960 5519 l.
2985 5462 3533 5520 Nnuconluudeudus
3558 5480 3689 5520 cum

2075 5536 2288 5591 Mnasea
2318 5535 2555 5607 Berytio,
2585 5535 2678 5605 qui
2716 5535 2785 5590 de
2812 5546 2930 5607 arte
2958 5534 3229 5591 rhetorica
3273 5544 3330 5592 et
3369 5537 3693 5594 nominibus

2074 5607 2268 5663 Atticis
2296 5606 2529 5675 scripsit,
2556 5615 2691 5660 teste
2719 5606 2906 5672 Suida,
2939 5617 2994 5661 et
3023 5607 3128 5661 alio
3166 5608 3407 5677 ejusdem
3440 5610 3691 5664 nominis

2075 5678 2251 5735 Locro
2279 5692 2373 5732 seu
2404 5678 2759 5747 Colupltonio,
2785 5679 2875 5749 qui
2900 5678 2982 5749 (ut
3004 5678 3144 5733 idem
3165 5681 3461 5735 Athenaeus
3480 5679 3689 5750 refert)

2074 5750 2984 5823 inseriptos_lususcomposuit,ob
3002 5750 3316 5823 varietatem
3340 5751 3553 5823 Salpgm
3579 5767 3689 5808 no-

2075 5818 2326 5878 minatas.
2345 5819 2502 5877 Conf.
2524 5818 2744 5891 Nourr.,
2771 5837 2824 5892 p.
2849 5820 2976 5880 5M.
3004 5820 3191 5892 Voss,
3215 5823 3283 5880 de
3303 5818 3447 5881 Hist.
3465 5820 3675 5893 Graec,
