3970 6312
327 301 462 363 1009

1651 305 1855 366 LIBER
1894 308 2242 379 QUARTUS.

3496 319 3640 386 1010

325 432 546 476 necesse
570 425 656 476 est
693 417 926 488 haereat,
958 435 1027 478 ex
1062 421 1258 492 quibus
1302 421 1371 479 ita
1402 421 1646 480 formatis
1675 423 1924 496 figuratio
1952 429 2000 487 A
2028 424 2388 499 Capitolinum
2431 439 2491 485 ut
2507 431 2686 502 capiat
2713 440 2737 470 α
2762 431 2954 489 collem
2977 475 2993 503 ,
3030 433 3172 490 viam
3209 435 3446 508 pandere
3475 447 3640 510 atque

326 512 423 567 ista
452 521 716 582 concepta
746 523 829 568 est
857 514 1158 571 nominum.

393 603 479 659 111.
506 604 640 660 Nam
671 606 813 677 quod
844 606 1000 663 nobis
1032 618 1277 665 catervas
1312 610 1616 680 ignotorum
1657 611 1793 667 alias
1829 611 1910 668 in-

2016 520 2228 588 aperire
2253 523 2577 592 permissum
2609 532 2695 580 est
2721 541 2733 578 :
2767 524 2866 580 dea
2898 524 3079 581 Panda
3107 536 3192 583 est
3217 530 3484 601 appellata
3507 573 3522 598 ,
3545 532 3634 590 vel

2018 609 2258 667 Pantica.
2295 613 2434 669 Ante
2463 613 2602 670 facta
2638 615 2752 670 haec
2781 630 2910 687 ergo
2951 633 3246 690 numquam
3276 619 3490 677 fuerant
3526 638 3627 678 nu-

324 697 517 754 ducitis
543 697 800 765 deorum,
830 700 1143 758 existimare
1171 719 1277 758 non
1309 719 1627 774 possumus,
1659 717 1912 762 utrumne
2014 706 2156 761 mina
2186 724 2203 760 :
2232 717 2285 762 et
2314 709 2417 764 nisi
2446 709 2704 766 Romulus
2729 711 2988 768 tenuisset
3011 713 3104 768 teli
3127 714 3446 785 traiectione
3468 717 3626 788 pala-

322 789 460 846 istud
491 792 664 856 serio,
693 801 854 864 atque
880 809 946 850 ex
978 794 1057 850 rei
1088 807 1380 866 comperce
1423 795 1632 852 faciatis
1668 796 1774 854 ﬁde
1799 816 1813 854 :
1837 813 1906 854 an

320 882 624 940 fictionibus
644 886 891 942 ludentes
907 889 1077 944 cassis
1093 889 1429 960 ingeniorum
1446 891 1736 948 lasciviatis
1753 893 1901 948 luxu.

316 975 470 1045 Quod
512 978 741 1049 ahjectis
789 979 1081 1037 infantibus
1130 983 1373 1054 pepercit
1417 984 1541 1053 lupa
1576 1001 1682 1040 non
1733 986 1902 1055 mitis,

315 1071 553 1143 Luperca
575 1113 589 1136 ,
618 1074 788 1142 inquit
812 1115 828 1143 ,
860 1074 957 1131 dea
985 1084 1069 1132 est
1097 1087 1318 1134 auctore
1344 1077 1609 1149 appellata
1639 1078 1902 1136 Varrone.

313 1167 390 1223 Ex
421 1183 599 1223 rerum
627 1183 755 1240 ergo
786 1180 1082 1241 proventu,
1112 1186 1218 1226 non
1247 1186 1315 1228 es
1349 1173 1398 1226 vi
1425 1181 1633 1228 natura:
1674 1173 1774 1229 dea
1802 1173 1902 1229 ista

309 1269 396 1316 est
426 1259 670 1330 prodita?
697 1270 752 1316 et
782 1273 1064 1334 postquam
1089 1263 1234 1320 feros
1257 1278 1470 1320 morsus
1500 1265 1750 1320 immanis
1781 1279 1907 1336 pro—

308 1350 482 1408 hibuit
504 1353 704 1420 bellua,
735 1364 790 1410 et
812 1355 924 1427 ipsa
953 1370 1075 1412 esse
1093 1357 1352 1428 occmpit,
1386 1366 1441 1413 et
1469 1357 1640 1428 ipsius
1667 1357 1901 1412 nominis

305 1447 716 1518 signiticantiam
745 1451 938 1505 traxit?
960 1452 1106 1507 autsi
1132 1451 1545 1523 luitjamdudum
1567 1453 1690 1520 dea,
1717 1453 1894 1522 prius-

303 1556 466 1612 quam
494 1541 754 1598 Romulus
782 1554 1093 1600 nasceretur
1113 1554 1167 1600 et
1197 1545 1362 1601 frater
1391 1563 1404 1600 :
1437 1545 1591 1618 cujus
1613 1545 1774 1602 fuerit
1800 1561 1897 1602 no-

301 1634 463 1690 minis
486 1644 646 1707 atque
675 1637 1060 1708 appellationis
1096 1639 1418 1708 expromite.
1471 1639 1745 1694 Prmstana
1775 1648 1888 1708 est,

300 1739 354 1784 ut
388 1730 706 1802 perhibetis,
728 1731 892 1800 dicta,
920 1733 1063 1804 quod
1091 1732 1350 1800 Quirinus
1373 1734 1426 1789 in
1452 1733 1610 1804 iaculi
1634 1733 1890 1790 missione

2009 799 2166 866 tium,
2209 801 2372 873 nique
2398 801 2680 874 Tarpeiam
2710 819 2900 875 rupem
2927 819 3020 861 rex
3048 804 3280 863 Sabinus
3310 808 3572 879 potuisset
3595 811 3625 851 δ

2006 893 2272 964 accipere.
2306 894 2452 949 nulla
2481 905 2628 952 esset
2659 895 2898 959 Pantica.
2934 897 3082 952 nulla
3113 898 3436 957 Praestana?
3469 902 3537 957 Et
3564 903 3613 958 si

2009 992 2104 1046 bas
2131 993 2308 1049 dicitis
2338 1006 2464 1051 ante
2493 997 2575 1052 sui
2606 1012 2824 1053 causam
2854 997 3026 1055 fuisse
3055 999 3397 1070 cognominis
3423 1041 3438 1066 ,
3468 998 3620 1070 quod

2008 1082 2060 1138 in
2094 1076 2272 1155 priore
2309 1087 2598 1157 qumsitum
2643 1097 2726 1144 est
2770 1090 2981 1161 capite,
3015 1090 3169 1163 cujus
3213 1099 3268 1148 et
3306 1091 3391 1147 ba:
3420 1091 3624 1148 fuerint

2007 1178 2309 1234 vocaminis
2339 1179 2594 1236 indicate.

2075 1271 2564 1352 IV.‘Pellendnrum
2601 1275 2834 1331 hostium
2875 1274 2975 1332 dea
3009 1285 3202 1347 potens
3236 1277 3476 1335 Pellonia
3516 1286 3627 1334 est.

1997 1362 2364 1432 Quorumnam
2390 1377 2436 1429 ο,
2474 1367 2576 1421 nisi
2615 1368 2899 1423 molestum
2938 1378 3058 1436 est,
3097 1368 3262 1426 edite.
3311 1368 3626 1440 Confligunt

1995 1467 2176 1527 partes
2196 1501 2210 1526 ,
2262 1467 2421 1530 atque
2463 1459 2604 1515 inter
2629 1476 2687 1515 se
2714 1463 2961 1516 cominus
2990 1477 3265 1517 armorum
3321 1462 3619 1519 collatione

1992 1555 2286 1611 decernunt
2325 1573 2339 1610 :
2381 1565 2436 1612 et
2466 1555 2582 1612 haec
2613 1557 2689 1611 illi
2734 1567 2816 1613 est
2855 1573 2980 1628 pars
3014 1557 3184 1613 hOStis
3208 1601 3224 1624 ,
3273 1568 3329 1613 et
3377 1557 3465 1612 illa
3497 1557 3624 1613 huic

1992 1645 2242 1702 hostilis:
2275 1664 2412 1720 quos
2451 1663 2582 1720 ergo
2617 1649 2862 1705 Pellonia
2888 1692 2904 1712 .
2935 1665 3057 1706 cum
3105 1649 3229 1706 hinc
3261 1659 3316 1706 et
3353 1649 3479 1707 inde
3514 1666 3618 1723 pu-

1987 1741 2254 1812 gnabitur,
2281 1742 2471 1813 pellet,
2511 1753 2604 1798 aut
2631 1743 2687 1799 in
2715 1745 2942 1815 gratiam
2972 1758 3294 1801 concessura
3341 1753 3429 1801 est
3471 1761 3617 1817 quo-

295 1833 617 1881 cunctorum
663 1824 976 1896 praestiterit
1006 1825 1247 1894 viribus;
1291 1835 1347 1884 et
1375 1826 1517 1900 quod
1549 1827 1673 1884 Tito
1702 1826 1877 1895 Tatio,
1914 1829 1962 1889 B
1989 1850 2131 1905 rum,
2154 1850 2277 1891 cum
2307 1837 2521 1908 utrique
2546 1836 2740 1895 debeat
2767 1837 2904 1910 parti
2931 1838 3014 1895 sui
3065 1837 3300 1895 nominis
3348 1837 3495 1894 vires
3537 1834 3624 1893 of-

1516 1945 1904 2009 LECTIONES
1971 1953 2394 2012 VARIANTES.

354 2062 387 2132 ξ’
423 2060 804 2132 QapetfetFutv,
926 2125 938 2132 _
1089 2125 1126 2132 _
1167 2122 1178 2132 _
2061 2071 2084 2101 ε
2122 2067 2409 2132 Quorumne
2432 2071 2550 2122 Sab.

354 2125 387 2167 ι)
422 2120 695 2178 Ροὶὶνὶεεει
716 2120 794 2176 vel
815 2125 1049 2189 coepisset
1082 2122 1225 2176 Fulv.

1648 2236 2212 2301 COMMENTARIUS.

365 2352 636 2424 Figuratio
661 2361 906 2422 concepta
933 2361 1006 2408 est
1035 2349 1320 2408 nominum.
1348 2351 1617 2412 Meursius
1655 2355 1896 2412 mavult:

287 2426 579 2478 numinum.
615 2425 819 2480 ORELL.

359 2495 532 2552 lll.—
555 2497 692 2550 Nam
722 2497 860 2568 quad
889 2495 1034 2550 nobis
1057 2506 1288 2552 catervas
1307 2497 1599 2568 ignotorum
1642 2499 1773 2554 alias
1814 2502 1900 2555 in-

359 2515 532 2552 lll.—
555 2515 692 2550 nam
722 2515 858 2568 quoa
889 2515 1034 2550 110018
1057 2515 1288 2552 catervas
1307 2515 1324 2550 ι
1362 2515 1599 2551 ηοιονιιηι
1642 2515 1773 2554 auus
1814 2517 1899 2555 ιη-

285 2569 480 2622 ducitis
521 2568 760 2624 Deorum.
810 2570 884 2624 Ita
917 2570 1121 2637 primus
1148 2515 1457 2624 emendqavit
1500 2567 1783 2639 Gelenius,
1811 2587 1899 2629 se-

283 2641 579 2766 guentibus
600 2641 834 2701 caneris.
860 2640 1122 2710 probante
1143 2640 1304 2694 etiam
1329 2639 1562 2695 lleraldo
1587 2642 1638 2696 in
1663 2644 1817 2698 Curis
1840 2661 1894 2699 ιι.

330 2711 473 2766 ditio
501 2713 754 2766 nrincens
781 2726 1034 2766 romana:
1062 2722 1291 2766 catervas
1308 2713 1648 2766 sianatorum.
1687 2716 1891 2766 οιιειι.

330 2711 473 2783 ditio
501 2713 754 2782 princeps
781 2726 1034 2767 romana:
1062 2722 1291 2767 catervas
1308 2713 1648 2783 signatorum.
1687 2716 1891 2771 Οιιειι..

355 2781 595 2855 Luperca
638 2781 764 2838 Dea.
811 2783 1085 2848 Lactant.,
1136 2784 1231 2855 l_i_b.
1283 2781 1496 2852 t,'cap.
1530 2784 1640 2838 ‘20:
1685 2784 1898 2843 Romuli

283 2853 465 2909 nutris:
497 2854 644 2924 Lupa
673 2858 952 2910 honoribus
982 2866 1055 2910 est
1093 2853 1280 2921 a/fecta
1322 2856 1540 2920 divinis;
1573 2856 1828 2924 Ovidius,
1857 2876 1895 2915 ιι

280 2927 461 2986 Ριιει..
487 2927 602 2982 Lib.
625 2927 896 2996 luscripL,
919 2943 1037 2997 pag.
1063 2927 1183 2984 105.
1209 2925 1459 2994 Iuscript.
1480 2943 1565 2990 XI;
1593 2927 1892 2997 Piutarcb.,

281 2999 333 3052 in
371 2998 640 3066 Romulo;
674 2999 944 3065 Juvenal.,
979 3007 1080 3052 sat.
1116 3015 1188 3052 χι.
1225 2998 1472 3054 Emesa.
1498 3025 1565 3040 -—
1590 2999 1753 3056 Deam
1786 3001 1895 3057 Lu-

280 3084 504 3140 percum
551 3072 796 3126 eamdem
837 3072 1002 3126 fuistse
1047 3086 1169 3126 cum
1212 3070 1350 3125 Acca
1399 3069 1682 3136 Larentia,
1733 3071 1889 3130 docet

1999 2374 2052 2434 v_.
2085 2359 2309 2429 pandere
2334 2375 2352 2414 :
2385 2357 2536 2434 lianc
2557 2359 2728 2434 Deam
2757 2359 2776 2433 (
2803 2359 3038 2434 Pandam
3062 2360 3082 2434 )
3114 2360 3296 2434 Atilius
3320 2369 3467 2433 putat
3495 2377 3610 2418 esse

2004 2428 2280 2504 Cererem;
2309 2433 2400 2486 sed
2429 2432 2566 2504 quod
2604 2433 2657 2487 in
2701 2428 2903 2504 asylum
2942 2434 3030 2498 qui
3062 2428 3384 2504 confugisset
3405 2476 3437 2504 ,ί
3465 2433 3619 2504 panis

2003 2503 2233 2568 daretur,
2264 2519 2372 2558 esse
2404 2502 2588 2558 nomen
2629 2502 2823 2574 factum
2861 2520 2894 2557 a
2936 2521 3073 2574 pane
3111 2502 3306 2559 dando.
3343 2502 3476 2560 Vide
3504 2507 3617 2574 Au-

2001 2588 2122 2630 son.
2156 2574 2376 2644 Popm.,
2409 2575 2475 2630 ad
2510 2575 2602 2630 lib.
2625 2572 2670 2645 ι.
2704 2572 2994 2645 Varronis,
3024 2575 3132 2630 vol.
3184 2591 3242 2639 tt,
3275 2589 3395 2645 pag.
3427 2572 3534 2632 507
3561 2585 3621 2630 ct

2001 2647 2128 2711 381,
2160 2645 2226 2701 ed
2257 2645 2496 2716 Bipont.:
2526 2657 2580 2701 et
2606 2644 2670 2702 G.
2705 2644 2753 2702 J.
2789 2645 2972 2710 Voss.,
3014 2647 3082 2701 de
3123 2644 3366 2710 Idolol,
3390 2647 3486 2701 lib.
3531 2661 3611 2715 ιι,

1999 2733 2119 2790 cap.
2152 2720 2222 2774 36
2248 2759 2262 2781 ,
2307 2734 2428 2789 pag.
2469 2717 2592 2773 l86.
2637 2719 2839 2773 OueLL.
2866 2749 2936 2758 —
2963 2718 3252 2790 DiOttysillS
3293 2717 3564 2773 Halicarn.
3591 2758 3612 2790 ,

2004 2789 2096 2843 lib.
2139 2806 2174 2844 ιι
2200 2832 2216 2855 ,
2259 2804 2383 2860 pag.
2418 2791 2543 2855 105,
2579 2790 2824 2845 meminit
2869 2789 3129 2859 virginem
3176 2789 3345 2854 illam,
3393 2805 3514 2860 qua:
3543 2789 3616 2844 ad

2005 2861 2328 2932 capiendum
2359 2861 2720 2933 Capitolinum
2745 2861 2945 2933 collem
2977 2860 3102 2916 Tito
3124 2860 3283 2933 Tatio
3309 2862 3456 2933 viam,
3482 2875 3616 2930 pan-

2003 2933 2151 2988 disse
2178 2931 2474 2998 ferebatur,
2507 2933 2576 2987 ibi
2604 2932 2839 3000 sepulcri
2869 2931 3075 2987 honore
3102 2932 3379 2991 donatam.
3409 2932 3499 2987 ubi
3526 2947 3612 2986 ce-

2002 3003 2212 3059 ciderat
2236 3046 2250 3070 ,
2302 3004 2648 3073 redditasque
2679 3004 2753 3058 illi
2784 3005 3070 3073 quotannis
3099 3017 3130 3058 a
3161 3002 3420 3058 Romanis
3469 3003 3610 3059 infe-

2004 3076 2128 3130 rias.
2167 3075 2358 3131 Nonne
2390 3092 2518 3146 ergo
2550 3075 2856 3130 verosimile
2887 3085 3008 3140 est,
3040 3090 3158 3129 eam
3212 3073 3415 3130 idcirco
3451 3074 3610 3146 Pan-

279 3123 538 3217 manu...
558 3123 853 3217 situas...
885 3123 1025 3217 F1211.
1050 3123 1170 3212 sap.
1194 3123 1438 3217 signa;
1465 3123 1592 3206 2757,
1625 3123 1889 3216 genia:
1917 3123 1961 3186 C
1995 3123 2515 3203 nisurbgnii‘cﬁs
2562 3123 3411 3217 sinit;'asyn'm'zagcastsia
3441 3123 3611 3202 nas.

277 3212 520 3269 Gronov.
553 3213 709 3270 Conf.
740 3213 879 3280 Liv.,
911 3214 1046 3269 Hist.
1079 3230 1124 3277 ι,
1160 3228 1282 3282 cap.
1311 3215 1364 3268 4.
1394 3215 1598 3270 Οιιειι..

351 3285 441 3340 Ea:
461 3303 634 3361 rerum
655 3303 774 3361 erg_o
798 3297 1042 3356 proventu
1058 3329 1072 3352 ,
1099 3297 1203 3340 etc.
1234 3284 1290 3340 Id
1314 3296 1408 3361 cst
1426 3289 1478 3341 ἐκ
1504 3287 1889 3361 συμβεβηκότος·

275 3365 432 3414 τοῦτο
471 3359 682 3432 συνέβη.
716 3359 807 3414 Sic
830 3375 1050 3432 annonw
1068 3368 1342 3432 proventus
1362 3359 1768 3432 tlixrrzit'sitltra,
1790 3360 1882 3414 lib.

275 3445 324 3496 1,
345 3445 468 3496 cap.
480 3428 628 3494 tua
645 3431 928 3499 provenire.
951 3429 1041 3484 lib.
1059 3445 1096 3485 ιι
1113 3447 1126 3481 :
1145 3428 1256 3483 Nec
1270 3429 1397 3482 citra
1414 3431 1524 3500 ejus
1540 3440 1720 3484 nutum
1736 3432 1861 3495 quid
1872 3459 1888 3469 -

271 3518 432 3571 quam
463 3511 623 3572 potest
652 3503 706 3555 in
734 3504 881 3555 rebus
909 3502 988 3557 vel
1019 3502 1282 3571 provenire
1308 3502 1386 3554 vel
1414 3503 1614 3555 cadere.
1642 3502 1882 3557 "suam.

270 3603 345 3614 -—
369 3572 653 3627 Proventus
679 3588 777 3640 pro
806 3588 1062 3628 successu
1091 3573 1175 3628 vel
1206 3573 1366 3626 etiam
1401 3587 1500 3642 pro
1526 3585 1721 3627 eventu
1754 3573 1883 3628 sim-

274 3645 490 3712 pliciter
517 3645 655 3713 apud
687 3647 922 3714 Optimos
962 3647 1277 3714 scriptores.
1311 3642 1386 3697 Ita
1417 3644 1602 3698 Crcsar
1631 3645 1698 3699 de
1729 3644 1884 3699 Bello

271 3715 444 3782 Gall.,
471 3731 541 3771 \‘ll
561 3758 575 3779 ,
605 3731 726 3785 Cap.
751 3716 850 3772 80:
880 3717 1120 3771 Omnium
1147 3717 1376 3787 militum
1393 3716 1573 3787 intenti
1601 3717 1764 3769 animi
1789 3734 1885 3787 pu-

270 3804 394 3858 gna:
421 3798 721 3856 proventum
743 3792 1106 3857 expectabunt;
1133 3797 1187 3841 et
1206 3802 1326 3856 cap.
1352 3785 1453 3843 29:
1483 3786 1672 3840 Errare
1689 3829 1706 3853 ,
1730 3789 1774 3842 si
1789 3785 1885 3858 qui

269 3861 323 3914 in
348 3861 484 3914 bello
505 3862 670 3914 omnis
691 3861 940 3914 secundos
962 3877 1129 3914 rerum
1153 3869 1425 3929 proventus
1466 3869 1747 3928 expectent.
1782 3861 1882 3915 Ubi

270 3930 383 3986 vid.
423 3932 599 3986 Davis.
663 3942 717 3986 et
745 3932 950 3986 Murum
984 3934 1035 3986 in
1069 3932 1184 3987 Ind.
1217 3931 1375 3985 Conl'.
1411 3929 1641 3985 Bentlei.
1663 3930 1737 3986 ad
1772 3931 1880 3985 Ma-

269 4003 397 4064 nil.,
430 4004 522 4057 lib.
559 4019 606 4069 ι,
636 4019 777 4058 vers.
806 4005 953 4067 MO;
984 4003 1360 4070 Outlendorp.,
1396 4003 1446 4055 itt
1481 4001 1696 4070 Apulei.
1724 4001 1875 4071 Met.,

269 4075 366 4129 lib.
404 4091 466 4135 κ.
501 4090 621 4144 pag.
657 4075 798 4140 728;
831 4075 1180 4137 Bhnemann,
1214 4073 1281 4128 ad
1314 4074 1558 4128 Lactant.
1592 4072 1748 4140 lnst.,
1782 4074 1873 4129 lib.

269 4162 338 4210 vt,
376 4162 495 4218 cap.
531 4147 598 4206 4.
631 4145 659 4218 §
691 4148 746 4210 9.
777 4163 898 4216 pag.
931 4148 1060 4203 715.
1089 4145 1290 4201 Οιιειι..

340 4215 476 4284 Ipsa
515 4215 893 4288 esse'occtepit.
952 4218 1300 4272 Verissimam
1348 4217 1485 4288 hanc
1515 4215 1806 4272 lectionem
1843 4233 1874 4273 c

265 4291 395 4344 cod.
434 4305 534 4360 ιιις.
582 4287 814 4344 restituit
841 4290 1102 4345 Meursius
1131 4299 1185 4360 et
1214 4287 1495 4343 Heraldus.
1529 4289 1701 4344 Antea
1731 4289 1876 4360 lege-

266 4361 429 4416 batur
455 4380 467 4415 :
502 4359 629 4426 Ipsa
657 4378 762 4415 esse
792 4361 886 4414 hoc
915 4364 1086 4428 cazpit.
1124 4359 1328 4416 ORELL.

338 4432 414 4487 Et
440 4434 604 4502 ipsius
631 4433 852 4487 nominis
878 4433 1276 4502 signiﬁcantium
1305 4432 1480 4486 traxit.
1501 4429 1708 4488 Glossm
1733 4451 1746 4487 :
1779 4431 1870 4488 Si-

264 4506 596 4577 gniﬁcantia,
643 4509 891 4577 Σημασίοε.
923 4504 1120 4560 Fabius
1169 4503 1472 4577 Victorinus
1515 4504 1776 4573 promtnio
1817 4508 1868 4561 in

264 4577 361 4632 lib.
396 4575 719 4632 tCiceronis
747 4577 814 4631 de
858 4575 1210 4631 lnveutinne:
1243 4575 1341 4647 Ars
1379 4586 1474 4642 est,
1516 4592 1630 4646 qua:
1667 4577 1870 4647 signiﬁ-

261 4650 492 4703 cantium
513 4649 592 4702 siti
619 4648 822 4716 plenam
849 4665 949 4702 non
974 4649 1121 4702 habet
1147 4687 1159 4700 .
1188 4687 1201 4701 .
1227 4687 1240 4700 .
1273 4646 1396 4702 "(ec
1424 4663 1522 4718 vos:
1546 4646 1742 4718 generis
1771 4650 1868 4702 tri-

263 4724 450 4788 plicem
490 4720 888 4789 signi/icuntiam
921 4720 1087 4774 habet.
1125 4719 1366 4777 Lactant.
1395 4761 1411 4786 ,
1461 4717 1618 4782 Inst.,
1663 4719 1755 4773 lib.
1792 4736 1862 4788 tv,

260 4807 388 4859 cap.
432 4791 540 4846 26:
588 4789 929 4862 Quaecumque
967 4792 1101 4844 enim
1144 4807 1326 4862 passus
1366 4799 1476 4855 est,
1517 4807 1617 4844 non
1662 4791 1868 4860 fuerunt

258 4865 477 4927 inania,
509 4864 599 4916 sed
639 4863 922 4917 habuerunt
964 4864 1185 4933 ﬁguram
1226 4875 1272 4916 et
1313 4862 1712 4931 signiﬁcantium
1758 4881 1868 4916 ma-

258 4952 453 5004 gnam;
499 4943 554 4990 et
593 4933 784 4988 eodem
825 4950 970 5004 cap.,
1015 4934 1162 5005 §17:
1208 4933 1355 5005 Sicut
1383 4949 1541 5001 opera
1568 4935 1682 5005 ejus
1707 4935 1865 5005 signi-

259 5008 527 5076 ﬁcantium
559 5022 756 5077 quoque
784 5008 992 5077 majoris
1023 5004 1282 5076 potestatis
1314 5004 1616 5077 habuerunt.
1646 5004 1866 5061 "suam

258 5075 317 5133 et
349 5079 591 5134 ELHENII.
612 5075 1246 5140 —Conf.'Bitnetnann..
1271 5077 1335 5130 ad
1362 5076 1606 5132 Lactant.
1634 5118 1650 5140 ,
1681 5079 1774 5131 lib.
1811 5093 1861 5144 ι,

261 5165 387 5221 pag.
421 5153 527 5209 535
550 5191 565 5217 ,
599 5157 654 5203 et
684 5149 935 5215 Mercer.,
969 5147 1036 5204 ad
1058 5149 1289 5205 Nonium
1320 5147 1585 5217 Marcell.,
1618 5163 1738 5220 pag.
1771 5148 1860 5204 82.

256 5220 628 5352 Οῃὲῒιιὲειαηα.
665 5298 835 5354 Huius
863 5293 992 5350 Dea:
1024 5293 1352 5350 mentionem
1393 5291 1532 5362 apud
1561 5289 1696 5346 alios
1725 5288 1864 5346 frtis-

257 5374 345 5420 tra
377 5371 621 5436 quaesivi.
656 5369 861 5426 Οιιειι..

339 5433 446 5514 an
480 5439 682 5496 Panda.
716 5442 958 5514 Glossaeg
992 5437 1443 5514 ιξςιηάαλείρρνης
1473 5436 1579 5490 θεά.
1613 5433 1860 5490 Ειιιειιιι.

259 5511 523 5582 —Hujus
568 5514 694 5570 Dea:
740 5511 984 5570 meminit
1020 5508 1867 5582 Varroin'FragmentoXmopa-

259 5586 388 5655 χίας
415 5577 581 5640 citato
621 5586 688 5642 ab
718 5588 782 5642 A.
815 5584 987 5641 Gellio
1009 5627 1023 5650 ,
1057 5581 1154 5636 lib.
1188 5595 1318 5645 χιιι,
1348 5594 1468 5649 cap.
1501 5577 1568 5634 21
1597 5596 1611 5632 :

385 5695 458 5746 Te
483 5695 623 5746 Anna
646 5697 897 5748 Perenna.
925 5693 1094 5744 Panda
1115 5708 1176 5746 ιιι
1197 5706 1315 5753 λιτὰ,
1342 5690 1494 5741 Pales

388 5758 636 5811 Neriones
658 5767 711 5812 et
736 5760 976 5821 Minerva,
1000 5758 1219 5808 Fortuna
1241 5769 1298 5806 ac
1323 5755 1496 5808 Ceres.

261 5864 409 5924 Idem
434 5868 626 5939 Varro,
653 5870 722 5926 de
747 5869 868 5926 Vita
899 5869 1031 5940 Pup.
1063 5881 1229 5935 rom.,
1260 5865 1353 5921 lib.
1383 5879 1398 5919 ι
1426 5903 1441 5932 ,
1471 5877 1558 5935 ap.
1595 5861 1824 5921 Nouium
1847 5903 1863 5933 ,

1995 3235 2222 3274 numero
2249 3219 2272 3274 ?
2298 3218 2505 3275 Nounn.
2537 3235 2589 3287 p.
2620 3217 2749 3273 417.

2079 3289 2168 3344 Vel
2207 3291 2444 3345 Pontica.
2478 3290 2609 3362 Ante
2637 3291 2773 3362 facta
2804 3291 2912 3362 haec
2940 3305 3060 3361 ergo
3088 3305 3370 3362 numquam
3399 3293 3610 3362 fuerunt

1992 3363 2225 3432 numina.
2278 3363 2355 3418 lta
2385 3363 2562 3416 editor
2588 3359 2758 3430 Lugd.
2804 3361 2923 3417 Bat.
2957 3359 3135 3416 Editio
3175 3359 3464 3432 princeps:
3507 3363 3596 3432 vel

1993 3431 2215 3506 Pontica
2243 3439 2521 3506 patefacta.
2548 3432 2616 3487 Et
2640 3434 2750 3506 huic
2775 3449 2915 3504 ergo,
2949 3443 3054 3488 etc.
3089 3433 3460 3506 vitiosissime.
3490 3431 3602 3506 Ge:

1990 3505 2169 3575 lenius
2200 3503 2348 3561 delet
2365 3503 2654 3575 patefacta.
2689 3503 2792 3559 Th.
2827 3503 3091 3560 Canterus
3123 3503 3494 3575 inter-pungit:
3522 3503 3604 3558 vel

1995 3573 2235 3630 Pontica.
2269 3573 2544 3647 Patefacto
2571 3586 2616 3630 et
2639 3577 2748 3630 haec
2771 3592 2911 3646 ergo.
2941 3573 3286 3647 Stewecbius
3309 3591 3322 3630 :
3353 3575 3431 3628 vel
3459 3573 3605 3647 Pan-

1988 3647 2090 3699 tica
2118 3658 2166 3702 et
2198 3649 2306 3702 ha'c
2332 3644 2472 3716 erpo.
2509 3647 2708 3702 Verum
2737 3657 2784 3700 et
2813 3644 3063 3716 tanquam
3093 3644 3424 3712 superfluum
3452 3645 3602 3703 delet

1989 3717 2276 3773 Heraldus.
2303 3717 2438 3773 Cod.
2466 3733 2566 3774 ms.
2597 3718 2754 3773 habet
2778 3737 2790 3772 :
2816 3719 2858 3772 Α
2879 3726 2926 3772 te
2953 3721 3090 3789 facta
3107 3727 3152 3770 et
3180 3716 3291 3771 [nec
3316 3733 3458 3789 ergo,
3487 3727 3594 3772 etc.

1986 3789 2131 3860 quod
2165 3791 2452 3845 manifeste
2485 3804 2583 3858 pro
2612 3799 2732 3844 ante
2762 3793 2922 3860 facta.
2945 3787 3161 3860 ORELL.

2059 3860 2252 3932 Nique.
2287 3860 2362 3916 Ita
2393 3861 2676 3932 legendum
2709 3875 2830 3916 cum
2859 3859 3085 3932 Gelenio
3115 3875 3212 3931 pro
3240 3876 3420 3931 neque.
3449 3859 3596 3932 quod

1985 3931 2473 4013 antea’legebattir.
2506 3931 2688 4003 Neque
2709 3941 2854 3989 esset
2879 3931 3131 4003 apodosis
3149 3974 3164 4000 ,
3194 3948 3314 4013 quae
3343 3931 3445 3988 hoc
3471 3931 3596 3988 loco

1985 4003 2340 4060 alienissima.
2373 4005 2579 4060 ORELL.

2069 4075 2384 4131 Vocaminis.
2419 4077 2592 4146 Supra
2623 4075 2719 4130 lib.
2748 4091 2802 4141 ι,
2834 4090 2954 4142 cap.
2986 4076 3048 4130 ὃς
3086 4073 3222 4147 Gens
3263 4083 3441 4129 nostra
3468 4075 3594 4147 [eli-

1982 4147 2134 4200 citate
2165 4148 2351 4202 donari
2381 4149 2536 4203 huius
2563 4148 2842 4203 vocaminis
2868 4149 3078 4201 meruit.
3109 4146 3314 4202 ORELL.

2054 4167 2134 4200 ate
2165 4167 2350 4202 aouari
2381 4167 2449 4202 nu
2479 4167 2536 4202 us
2563 4167 2842 4203 vocanunis
2868 4167 3078 4201 meruit.
3109 4167 3314 4202 URELL.

2054 4217 2216 4273 IV.—
2246 4167 2612 4274 Pellenjorum
2636 4221 2856 4273 hostium
2883 4219 2979 4272 dea
3006 4228 3190 4289 potens
3209 4215 3449 4289 Pellonia
3492 4229 3589 4273 est.

1981 4288 2290 4356 Attgttstin..
2331 4291 2399 4344 de
2447 4289 2562 4346 Civ.
2597 4291 2720 4356 Dei,
2777 4291 2869 4344 lib.
2902 4304 2976 4355 tv,
3023 4304 3148 4359 cap.
3171 4288 3271 4343 ‘21:
3301 4288 3430 4342 Cum
3455 4290 3592 4344 enim

1977 4371 2108 4414 esset
2156 4362 2443 4417 invocanda
2491 4371 2700 4431 propter
2753 4365 2912 4431 fessos
2963 4358 3101 4414 diva,
3129 4358 3592 4431 Fessonia,_pro-

1979 4433 2268 4498 pterhostes
2281 4429 2612 4502 depellendos
2645 4429 2762 4487 diva
2795 4431 3055 4487 Pellania.
3082 4433 3322 4488 Euenit.
3342 4429 3582 4488 -—C0nf.

1977 4502 2162 4570 Voss.,
2189 4504 2258 4559 de
2286 4503 2501 4572 ldolol.,
2531 4505 2626 4559 lib.
2657 4520 2762 4566 vlt,
2792 4519 2910 4574 cap.
2944 4507 3032 4566 l8,
3065 4519 3186 4574 pag.
3221 4505 3345 4560 763.
3373 4503 3580 4562 Οιιειι.

2051 4575 2172 4632 Nisi
2202 4577 2469 4630 molestum
2493 4585 2585 4632 est.
2616 4576 2883 4645 Scriptant
2915 4576 3206 4632 lectionem
3235 4589 3346 4645 pra:
3372 4578 3588 4645 vulgata

1975 4661 2109 4702 auro
2139 4657 2325 4703 contra
2359 4648 2730 4704 redimendam
2762 4661 2994 4702 censeo:
3027 4647 3072 4701 si
3097 4663 3162 4701 ne
3191 4647 3462 4701 molestum
3483 4657 3580 4702 est.

1975 4719 2038 4773 Si
2077 4736 2140 4775 ne
2177 4719 2400 4773 vocibus
2437 4719 2721 4790 disjunctis
2774 4733 2881 4772 non
2936 4719 3129 4790 minus
3165 4731 3314 4774 recte
3361 4718 3583 4786 dicitur,

1972 4805 2133 4860 quam
2161 4806 2190 4846 a
2219 4790 2459 4846 Titinnio
2483 4789 2540 4847 ει
2569 4791 2760 4845 Plauto
2788 4791 2947 4855 nevis,
2981 4789 3184 4853 nevult,
3213 4806 3312 4852 pro
3341 4805 3448 4844 non
3477 4791 3584 4858 vis,

1974 4877 2079 4916 non
2112 4863 2244 4916 vult.
2281 4862 2528 4932 Nepurus
2557 4878 2654 4932 pro
2685 4876 2790 4916 non
2824 4876 2988 4931 purus
3018 4861 3157 4932 apud
3202 4860 3441 4932 Festum.
3491 4861 3583 4932 lti-

1971 4932 2093 5005 dem
2125 4951 2187 4988 ne
2214 4943 2348 4988 recte
2369 4930 2437 4989 ex
2481 4930 2689 5005 Plauto,
2743 4949 2806 5005 ne
2827 4930 3028 5005 funera
3056 4930 3125 5005 fin
3174 4947 3360 5005 versu
3383 4930 3584 5005 Catulli

1971 5004 2356 5072 interpretatus
2385 5003 2731 5060 doctissimus
2759 5001 2924 5059 Janus
2969 5004 3221 5059 Mellerus
3271 5001 3575 5058 Palmerius

1970 5075 2022 5130 in
2053 5077 2163 5131 suis
2204 5075 2540 5147 Spicilegiis,
2573 5091 2695 5146 pag.
2740 5076 2830 5133 59.
2878 5076 3084 5147 Sinon
3130 5088 3228 5143 pro
3275 5074 3377 5129 nisi
3422 5074 3578 5130 Cice-

1969 5162 2154 5202 ronem
2175 5189 2192 5215 ,
2223 5144 2472 5203 Plautum
2495 5189 2510 5212 ,
2550 5144 2864 5204 Terentium
2887 5189 2901 5210 ,
2930 5144 3202 5201 Caesarem
3247 5159 3537 5217 usurpasse
3557 5186 3574 5212 ,

1965 5218 2102 5272 alias
2125 5219 2282 5274 docui
2311 5221 2360 5274 in
2389 5221 2612 5290 gratiam
2638 5219 2958 5290 juventutis.
2989 5217 3283 5290 S'rswscn.

2043 5291 2144 5344 Aut
2169 5292 2221 5344 in
2249 5287 2470 5362 gratiam
2495 5287 2798 5346 concessure
2838 5299 2910 5344 est
2951 5304 3208 5362 quorum._
3231 5287 3286 5342 ld
3313 5296 3434 5362 est_:
3461 5288 3578 5362 qui-

1967 5361 2067 5416 bus
2093 5359 2320 5431 gratiam
2351 5373 2405 5417 et
2435 5361 2675 5417 favorem
2707 5377 2862 5414 suum
2893 5359 3414 5431 accommodatum}
3461 5359 3571 5416 Ne-

1967 5448 2073 5502 que
2099 5429 2246 5489 enim
2272 5435 2430 5490 aliter
2458 5431 2714 5501 explicari
2746 5431 2907 5487 debet
2940 5430 3057 5485 huic
3089 5430 3317 5500 phrasis.
3349 5429 3482 5486 Nam
3516 5440 3577 5488 ut

1968 5506 2246 5559 concedere
2276 5520 2372 5573 pro
2401 5505 2578 5559 cedere
2606 5504 2932 5574 accipiamus
2956 5541 2972 5566 ,
3024 5517 3236 5574 aequum
3287 5518 3393 5557 non
3445 5511 3572 5559 est:
3661 5567 3666 5570 _

1967 5579 2092 5647 quia
2124 5577 2192 5632 de
2219 5571 2460 5631 Pelionia
2492 5575 2613 5630 beic
2642 5571 2838 5647 agitur,
2874 5588 2982 5647 non
3013 5573 3080 5647 de
3107 5571 3347 5647 Cedonia
3367 5615 3382 5637 .
3413 5584 3473 5628 ut
3500 5575 3575 5631 ita

1969 5644 2171 5702 ludam.
2197 5649 2375 5716 Quare
2403 5644 2709 5702 existimavi
2731 5645 3022 5716 aliquando
3048 5644 3365 5716 legendum:
3399 5655 3490 5699 aut
3514 5647 3570 5700 in

1967 5721 2131 5774 aciem
2179 5714 2483 5774 concessum
2527 5729 2600 5772 est
2640 5714 2898 5786 quorum?
2935 5714 3047 5788 Nec
3087 5714 3176 5772 me
3206 5718 3359 5770 istius
3387 5717 3574 5788 t'Onje-

1969 5803 2137 5847 ctum:
2164 5792 2337 5847 adhuc
2364 5790 2604 5862 paenitet.
2638 5786 3268 5862 llsnALn.-Ha2c_sunt
3285 5802 3450 5843 mera:
3474 5786 3569 5862 ar?

1969 5864 2147 5936 gutite.
2179 5863 2336 5934 Atqui
2364 5857 2417 5919 in
2442 5860 2666 5935 gratiam
2691 5875 2879 5918 eorum
2921 5858 3172 5918 concedit
3193 5857 3273 5932 (id
3296 5869 3380 5920 cst
3404 5858 3571 5932 cedit)
