3970 6312
388 299 524 356 1011
1535 288 1816 347 ARNOBII
1849 288 2218 348 ADVERSUS
2254 288 2530 348 GENTES
3551 294 3692 351 1012

384 418 680 486 liciumque
723 409 1018 484 praestare?
1048 408 1203 478 Quod
1245 409 1290 463 si
1322 407 1507 480 utique
1537 408 1724 464 iecerit
1748 449 1763 473 ,
1817 407 1870 463 id
1901 418 1985 464 est
2012 413 2066 474 Α
2089 423 2271 473 sensu,
2306 423 2478 480 neque
2505 411 2606 482 ipsi
2636 425 2735 466 nos
2758 408 3116 482 asseqnimur,
3150 423 3250 465 nec
3279 423 3311 463 a
3339 408 3496 466 vobis
3518 415 3692 467 eonti-
3725 403 3730 405 ’

385 510 633 583 partibus
665 507 710 563 si
741 504 980 574 utrisque
1016 501 1256 557 favorem
1299 515 1364 556 ac
1403 499 1714 572 sull'ragium
1745 516 1988 557 commo-
2089 504 2267 559 dimus
2298 518 2455 573 posse
2492 505 2544 558 in
2572 503 2807 575 aliquam
2839 504 3012 560 lucem
3052 504 3360 560 communis
3388 503 3690 575 intelligen-

388 604 534 661 darit
555 645 570 669 ,
603 599 841 657 nominis
877 598 962 654 sui
993 597 1101 651 vim
1131 593 1350 666 perdet,
1381 594 1524 666 quod
1557 595 1725 664 partis
1747 596 1904 650 unius
1935 596 1988 650 in
2092 598 2180 652 tim
2214 597 2450 666 perduci.
2489 599 2610 654 iam
2650 601 2879 671 primum
2905 601 3053 656 enim
3094 600 3328 656 mundus
3355 600 3473 672 ipse
3504 616 3597 670 per
3628 617 3687 656 se

390 697 642 770 pulsione
667 692 957 748 formatum
985 699 1091 745 est.
1125 687 1236 744 Nisi
1279 686 1422 744 forte
1444 687 1639 743 dicetis
1659 729 1674 753 ,
1711 687 1988 744 Romano-
2089 690 2193 746 sibi
2219 706 2396 762 neque
2417 692 2691 758 dexteras,
2724 710 2900 765 neque
2924 696 3107 760 lzevas,
3137 709 3313 766 neque
3339 709 3566 766 superas
3593 709 3682 751 re-

388 807 512 849 rum
537 799 744 846 tantum
775 796 859 843 εει
885 785 986 841 dea
1014 783 1152 850 haec,
1184 791 1386 838 etcum
1414 782 1547 838 solis
1575 781 1874 850 Quiritibus
1904 780 1988 836 fa-
2089 784 2278 855 giones
2299 827 2313 850 ,
2363 802 2540 858 neque
2582 789 2753 855 imas,
2803 804 2977 861 neque
3016 791 3224 846 anticas
3267 789 3470 857 habet,
3514 805 3688 861 neque

389 887 543 942 ciens
591 881 844 955 gratiosis
885 893 1102 948 semper
1147 874 1594 946 Opitulationibus
1645 885 1848 946 praesto
1884 883 1986 930 est.
2094 880 2350 949 posticas.
2399 882 2668 954 Quidquid
2715 885 2860 940 enim
2905 894 3048 940 teres
3077 895 3192 951 est,
3238 894 3402 956 atque
3439 900 3506 939 es
3545 886 3696 940 omnii

389 979 525 1036 Esse
553 975 770 1048 quidem
803 974 905 1030 hoc
944 973 1016 1028 ita
1042 1013 1058 1037 ,
1093 970 1240 1042 quod
1276 970 1480 1026 nomini
1519 968 1800 1035 lavemus,
1832 979 1990 1041 opta-
2095 981 2248 1042 parte
2302 974 2651 1031 rotunditatis
2701 977 2889 1033 solida:
2945 979 3280 1034 convexione
3325 978 3644 1034 conclusam
3677 1023 3693 1045 ,

389 1089 546 1139 mus;
593 1081 650 1126 at
680 1067 1034 1140 qumstlouem
1073 1079 1182 1121 non
1211 1064 1462 1136 exiguam
1504 1079 1594 1120 res
1637 1063 1820 1119 habet.
1851 1063 1992 1132 Quid
2097 1068 2302 1122 nullum
2343 1069 2504 1126 habet
2543 1071 2752 1127 initium
2779 1115 2794 1140 ,
2847 1073 3050 1128 nullum
3099 1073 3297 1138 linem;
3344 1073 3435 1129 ubi
3468 1073 3625 1139 ﬁnis,
3652 1084 3705 1129 et

387 1166 533 1221 enim
557 1161 782 1220 Romani
810 1159 942 1215 deos
973 1157 1251 1228 possident
1278 1156 1602 1228 peculiares,
1643 1156 1734 1227 qui
1765 1156 1993 1212 aliarum
2097 1160 2306 1216 initium
2339 1162 2548 1219 nullum
2580 1173 2666 1219 est
2691 1206 2706 1231 ,
2761 1180 2884 1221 esse
2909 1165 3085 1236 aliqua
3114 1166 3294 1236 portio
3313 1167 3396 1220 sui
3425 1167 3663 1221 nominis
3683 1209 3698 1231 ,

389 1259 632 1332 gentium
673 1270 781 1311 non
827 1252 970 1310 sint?
1011 1261 1067 1308 et
1108 1250 1561 1322 quemadmodum
1595 1259 1846 1321 poterunt
1868 1260 1894 1288 α
1921 1250 1995 1306 dii
2096 1266 2153 1312 et
2183 1257 2394 1311 initium
2423 1273 2532 1312 non
2562 1269 2759 1328 potest.
2788 1259 2974 1328 itaque
2996 1275 3120 1316 cum
3149 1260 3386 1316 dicimus
3400 1269 3446 1324 ε,
3477 1260 3706 1316 dextera

386 1367 530 1419 esse,
558 1351 606 1407 si
627 1365 734 1406 non
757 1350 1029 1416 omnibus,
1058 1360 1179 1418 quae
1201 1345 1399 1416 ubique
1419 1356 1546 1401 sunt
1569 1354 1781 1417 gentes.
1810 1361 1993 1418 aequa-

388 1443 653 1499 bilitstem
683 1440 766 1496 sui
797 1439 1034 1495 numinis
1062 1437 1433 1494 exhibebunt?
1457 1446 1510 1494 et
1541 1437 1631 1494 ubi
1651 1453 1839 1509 qum-so
1853 1439 1996 1510 jam-

390 1535 592 1591 dudum
620 1533 857 1590 Pellonia
889 1532 1005 1587 haec
1036 1530 1163 1597 iuit,
1193 1546 1318 1586 cum
1347 1530 1488 1602 apud
1515 1530 1778 1588 Furculas
1799 1529 1996 1590 Caudi-

393 1645 493 1686 nas
516 1628 681 1686 decus
703 1626 978 1699 publicum
1000 1624 1342 1696 subiugatum
1365 1625 1488 1681 est?
1510 1641 1634 1681 cum
1661 1625 1802 1697 apud
1831 1627 1996 1684 Thra-

394 1723 607 1778 sumeni
639 1721 813 1776 lacum
858 1719 1138 1790 sanguinei
1186 1732 1476 1774 cucurrere
1509 1720 1828 1774 torrentes?
1872 1736 1994 1776 cum

2098 1347 2214 1404 base
2244 1351 2390 1421 regio
2417 1359 2502 1406 est
2527 1393 2541 1416 ,
2585 1361 2640 1407 et
2665 1352 2754 1407 illa
2787 1353 2920 1408 laeva
2945 1395 2960 1418 ,
3006 1369 3120 1424 non
3144 1353 3212 1408 ad
3242 1353 3432 1408 mundi
3469 1353 3707 1409 habitum

2098 1440 2332 1497 dicimus
2356 1443 2447 1514 qui
2473 1445 2557 1499 sui
2585 1444 2896 1499 simillimus
2927 1454 3072 1500 totus
3103 1455 3186 1500 est
3205 1487 3220 1510 ,
3255 1443 3352 1500 sed
3379 1443 3450 1499 ad
3479 1445 3705 1513 positio-

2100 1550 2226 1591 nem
2265 1545 2504 1591 nostram
2530 1579 2544 1604 ,
2587 1537 2859 1607 situmque
2900 1551 3256 1601 revocamus,
3297 1536 3389 1607 qui
3434 1535 3712 1591 informati

2100 1627 2180 1680 sic
2205 1640 2394 1682 sumus
2417 1666 2433 1692 ,
2484 1636 2543 1682 ut
2570 1627 2671 1682 alia
2693 1627 2916 1684 dextera
2941 1670 2956 1696 ,
2987 1627 3088 1682 alia
3118 1627 3274 1684 nobis
3300 1627 3554 1684 dicantur
3582 1643 3705 1684 esse

2100 1721 2268 1787 lava;
2301 1737 2420 1792 qua:
2450 1731 2628 1777 tamen
2662 1723 2777 1778 hrec
2817 1723 2930 1793 ipsa
2956 1738 3076 1792 quae
3103 1723 3235 1778 laeva
3262 1723 3620 1794 appellamus,
3656 1735 3712 1779 et.
3771 1775 3778 1780 .

395 1813 672 1870 Diomedis
699 1812 874 1882 campi
907 1811 1147 1867 romanis
1183 1810 1540 1867 cadaveribus
1572 1812 1809 1882 aggerati
1833 1815 1998 1869 sunt?
2025 1809 2074 1870 Β
2101 1814 2325 1871 dextera
2350 1815 2456 1871 alia
2480 1859 2495 1883 ,
2525 1817 2579 1870 in
2610 1816 2766 1872 nobis
2795 1816 2925 1872 nihil
2952 1816 3152 1871 habent
3175 1829 3496 1887 perpetuum
3523 1860 3540 1884 ,
3572 1817 3703 1872 nihil

395 1921 518 1962 cum
550 1905 698 1961 mille
723 1905 827 1959 alia
855 1903 1076 1959 vulnera
1108 1903 1420 1974 praeliorum
1454 1904 1753 1960 innumeris
1776 1917 2000 1978 accepta

396 2010 524 2055 sunt
552 1998 836 2054 cladibus?
864 1997 1166 2052 dormiebat
1191 2038 1206 2064 ,
1233 1997 1501 2052 stertebat
1525 2041 1540 2062 ,
1573 2009 1667 2053 aut
1693 1999 1834 2070 quod
1876 2001 2003 2056 vilia

397 2091 580 2149 facere
609 2100 868 2146 consueta
896 2099 1023 2146 sunt
1050 2091 1226 2162 capita
1248 2133 1264 2158 ,
1297 2089 1350 2144 in
1385 2089 1600 2146 hostilia
1631 2102 1808 2147 castra
1849 2092 2004 2150 delu-

398 2196 550 2258 gerat
567 2184 596 2224 ι)
620 2186 644 2238 ?

471 2279 538 2334 V.
572 2278 652 2333 Dii
681 2278 822 2344 lrevi,
861 2287 918 2334 et
961 2267 1144 2343 larva},
1187 2279 1532 2335 sinistrarum
1575 2289 1780 2336 tantum
1822 2281 2000 2354 regio-

401 2384 530 2426 num
556 2379 682 2425 sunt
712 2369 972 2441 prmsides
993 2413 1007 2437 ,
1052 2380 1107 2426 et
1137 2371 1339 2426 inimici
1369 2372 1598 2443 partium
1630 2373 1998 2432 dexterarum.

401 2460 558 2530 Quod
594 2478 825 2533 quanam
877 2461 1020 2520 istud
1068 2463 1275 2522 ratione
1315 2463 1558 2535 dicatur,
1616 2483 1794 2540 quove
1837 2469 2002 2525 animi

2103 1908 2314 1974 ﬁxum;
2359 1907 2452 1963 sed
2485 1918 2642 1980 prout
2671 1923 2781 1964 nos
2807 1923 2966 1964 casus
2985 1951 2999 1975 ,
3037 1918 3199 1979 atque
3227 1918 3457 1964 eventus
3483 1909 3717 1964 colloca-

2107 2004 2246 2058 verit
2279 2004 2536 2074 temporis
2558 2047 2572 2070 ,
2602 2004 2672 2058 ita
2707 2003 2908 2059 nostris
2948 2016 3169 2059 sumunt
3201 2003 3268 2061 ab
3295 2003 3557 2058 lateribus
3587 2004 3718 2074 ligu-

2110 2097 2367 2152 rationes.
2423 2097 2478 2153 Si
2508 2100 2775 2152 Orientem
2816 2097 2988 2153 solem
3015 2111 3346 2167 reSpcxero,
3389 2095 3559 2151 cardo
3597 2096 3722 2150 mihi

2114 2189 2327 2258 frigoris
2350 2231 2367 2255 ,
2417 2197 2473 2245 et
2493 2193 2792 2260 septentrio
2825 2190 2882 2243 lit
2909 2189 3078 2244 lmvus
3104 2206 3118 2244 :
3149 2188 3200 2242 in
3230 2203 3389 2259 quem
3418 2187 3466 2241 si
3495 2203 3592 2241 ora
3623 2198 3727 2241 tra.

2116 2281 2324 2336 duxero
2347 2323 2361 2348 ,
2407 2281 2510 2336 erit
2547 2281 2678 2336 mihi
2707 2280 2927 2335 sinister
2953 2294 3178 2334 occasus
3203 2321 3218 2344 ,
3267 2279 3355 2349 qui
3386 2279 3455 2333 ab
3484 2279 3603 2333 sole
3630 2295 3725 2349 po.

2111 2382 2424 2444 sterganeus
2464 2372 2763 2429 habebitur.
2810 2372 3014 2428 Rursus
3046 2386 3175 2427 vero
3203 2371 3246 2425 si
3276 2371 3462 2440 iecero
3505 2372 3719 2442 plagam

2112 2469 2178 2524 ad
2201 2468 2478 2525 occiduam
2503 2468 2724 2534 lumina,
2768 2467 2819 2523 in
2845 2465 3167 2524 vocabulum
3196 2464 3401 2522 sinistri
3428 2475 3642 2533 auster,
3676 2475 3728 2520 et

1662 2581 2050 2643 LECTIONES
2089 2582 2512 2641 VARIANTES.

470 2701 500 2731 ⁸
541 2699 821 2752 Potuerunt
841 2696 959 2749 Sub.

471 2763 501 2801 ι)
540 2762 835 2826 Perfugerat
865 2759 972 2812 alii.

2184 2705 2205 2733 ο
2243 2700 2478 2752 Diceus
2514 2699 2626 2750 Sab.

1795 2867 2364 2928 COMMENTARIUS.

408 2993 678 3124 gellouia,
726 2991 919 3061 quibus
965 2988 1107 3044 lavet
1145 3001 1481 3058 quorumque
1533 2988 1715 3043 hostes
1767 2991 1999 3060 repellit.

461 3080 614 3120 κειι.

461 3080 614 3120 κειι.

2111 2988 2238 3056 quid
2261 2988 2360 3043 sibi
2393 2987 2543 3052 velit,
2569 2985 2818 3054 equidem
2848 2985 3060 3043 nescire
3099 3001 3185 3041 me
3213 2985 3388 3042 lateor
3417 2998 3544 3038 cum
3580 2984 3725 3056 igua-

2117 3060 2368 3122 rissimis,
2396 3070 2449 3113 et
2480 3069 2627 3127 puto,
2667 3058 2768 3112 hoc
2795 3073 3086 3126 aperui-um
3117 3072 3238 3112 esse
3265 3057 3479 3121 vitium,
3508 3066 3563 3111 et
3589 3060 3726 3112 scri-

663 3135 705 3188 si
732 3135 900 3202 utique
928 3132 1120 3203 fecerit.
1172 3129 1246 3184 lta
1270 3130 1412 3204 edidi
1443 3145 1567 3184 cum
1597 3130 1806 3186 etlitore
1834 3134 2004 3204 Lugd.
2039 3109 2083 3172 C
2120 3109 3400 3204 labia
3427 3109 3558 3204 ιὰςᾴά
3582 3109 3723 3200 (sin.

417 3202 532 3265 Bal.
576 3207 796 3276 Vulgo:
831 3202 1098 3276 utrimque,
1147 3202 1286 3272 quod
1338 3203 1510 3276 plane
1541 3205 1778 3276 otiosum
1825 3202 2015 3260 est—ac

414 3273 766 3352 superﬂuunt,
819 3293 940 3330 cum
1000 3274 1141 3352 idem
1196 3288 1418 3352 prorsus
1461 3273 1671 3328 dicatur
1725 3275 1778 3328 in
1835 3279 2016 3352 verbis

418 3346 660 3420 proxime
705 3364 828 3404 cunt
879 3346 1325 3402 antecedentibus
1355 3385 1370 3410 ,
1449 3352 1561 3399 tum
1608 3350 1963 3415 sequentibus
1997 3391 2012 3415 ,

413 3423 618 3480 OusLL.

491 3494 641 3560 Quod
696 3492 856 3563 partis
908 3491 1058 3545 unius
1096 3488 1148 3541 in
1194 3489 1424 3563 pulsione
1464 3491 1742 3563 formatum
1782 3500 1874 3544 est.
1927 3491 2016 3547 Sic

423 3559 609 3622 Editor
633 3559 798 3634 Lugd.
828 3563 942 3634 But.
969 3563 1188 3634 optime.
1207 3559 1396 3614 (lictori
1422 3577 1522 3614 una
1545 3561 2012 3634 voceimpulsione,

415 3639 558 3709 quod
593 3633 807 3691 falsum.
836 3633 952 3709 Non
985 3634 1128 3709 enim
1163 3633 1702 3709 intpellendorumnid
1727 3644 2017 3709 estaggre-

415 3703 763 3767 diendorum.
790 3706 885 3761 sed
917 3703 1316 3775 pellendorum,
1353 3704 1454 3758 hoc
1493 3716 1577 3759 εει
1633 3703 2010 3774 fugandorum,

419 3783 652 3836 hostium
696 3780 801 3833 Dea
847 3773 1104 3832 Pcllonia.
1137 3773 1256 3829 Fui.
1291 3775 1472 3831 Ursin.
1509 3795 1522 3832 :
1567 3775 1647 3830 Ea:
1681 3773 2010 3843 impulsione.

420 3852 712 3908 Dicendum
744 3848 919 3919 potius
957 3849 1148 3903 fuisset
1181 3864 1207 3900 e
1243 3849 1492 3918 pulsibus.
1527 3849 1634 3903 Sed
1669 3849 2013 3917 praepositio-

417 3939 513 3979 nes
543 3925 672 3977 istas
700 3921 999 3990 smpissime
1032 3921 1321 3988 permutari
1353 3920 1420 3974 ab
1446 3920 1686 3974 Arnobio
1712 3934 1870 3990 supra
1900 3921 2012 3990 jam

417 3997 483 4051 ad
512 3995 604 4048 lib.
641 4011 655 4048 ι
685 4002 740 4048 et
767 4008 822 4046 ιι.
858 3992 1200 4046 observatum
1234 4001 1334 4045 est.
1367 3990 1576 4047 OnsLL.

490 4067 643 4134 Apud
693 4063 737 4117 F
741 4065 957 4134 arculas,
972 4061 1249 4134 Caudinas.
1283 4064 1596 4134 Augustin”
1625 4062 1694 4118 de
1737 4061 1854 4119 Civ.
1892 4063 2011 4130 Dei,

411 4142 506 4198 lib.
538 4133 614 4204 tu,
647 4152 766 4207 cap.
794 4135 858 4190 l7
889 4153 904 4189 :
934 4133 1002 4187 In
1029 4133 1554 4207 caudinaslv‘urcasa
1577 4134 1895 4189 Samnitibus
1926 4136 2015 4189 ob-

414 4209 538 4268 sessi
558 4206 846 4266 ambo’cum
867 4207 1089 4260 exercitu
1114 4206 1345 4258 consules
1365 4247 1379 4268 ,
1405 4206 1568 4276 [tedas
1589 4221 1702 4262 cum
1729 4208 1798 4261 eis
1821 4208 2014 4277 {cedunt

419 4289 588 4355 facere
614 4281 778 4355 coacti
801 4288 951 4355 sunt,
984 4280 1164 4355 itaut,
1214 4277 1479 4355 equitibus
1502 4279 1728 4355 romanis
1765 4280 2014 4355 sexcentis

415 4348 670 4409 obsidibus
707 4353 862 4416 datis,
891 4350 1082 4414 cwteri,
1121 4348 1323 4420 amissis
1349 4351 1506 4404 armis
1533 4349 1746 4420 aliisque
1781 4351 2009 4414 spoliati,

415 4426 699 4496 privatique
723 4422 1026 4494 tegminibus
1049 4418 1346 4496 subjugum
1368 4421 1585 4496 hostium
1606 4418 1718 4496 cum
1743 4423 2011 4496 vestimen-

2123 3203 2553 3269 manu.)0nt-;t.t..
2585 3232 2654 3241 ——
2686 3201 2954 3258 Fortassis
3003 3200 3284 3270 legendum
3327 3199 3664 3268 simpliciter
3709 3222 3718 3253 :

2122 3273 2210 3327 Dii
2259 3275 2390 3328 lieni.
2427 3275 2558 3329 Nam
2589 3273 2633 3328 si
2657 3274 3051 3327 substantivum
3087 3272 3170 3326 Dii
3203 3282 3493 3341 utrumque
3539 3287 3726 3328 sexum

2120 3347 2556 3416 comprehendit,
2588 3345 2772 3412 quidni
2798 3356 2852 3399 et
2879 3345 3240 3412 adjectivunt?
3269 3346 3547 3399 Ucnsnsn.

2197 3415 2347 3483 Quod
2388 3435 2611 3487 quanam
2643 3417 2780 3470 istud
2817 3419 3014 3472 ratione
3050 3416 3270 3487 dicatur.
3308 3416 3476 3484 Digna
3521 3415 3730 3483 phrasis

2119 3504 2240 3557 qua:
2269 3486 2540 3542 curiOsum
2569 3491 2822 3543 lectorem
2851 3490 3117 3542 advertat.
3151 3486 3407 3542 Abundat
3431 3488 3582 3540 enim
3617 3493 3728 3541 cle-

2119 3570 2316 3628 ganter
2347 3576 2645 3629 ιπυιιοιιιυη
2675 3560 2828 3613 istud.
2883 3560 2973 3616 Sic
3001 3561 3161 3628 paulo
3204 3570 3322 3627 post
3356 3576 3368 3609 :
3405 3558 3533 3624 Qua:
3561 3568 3728 3611 tamen

2120 3632 2228 3684 lucc
2267 3634 2409 3699 ipsa.
2460 3648 2573 3701 qua:
2621 3632 2746 3684 (leva
2790 3633 3140 3700 appellamus,
3179 3643 3224 3683 et
3270 3631 3482 3684 dextera
3508 3631 3652 3694 alia,
3681 3632 3731 3683 in

2119 3703 2263 3757 nobis
2288 3704 2415 3756 nihil
2442 3705 2625 3757 habent
2652 3715 2970 3771 perpetuum.
3014 3701 3375 3756 lli-.llcnisutus
3405 3712 3508 3755 est.
3533 3701 3728 3764 Lucas,

2117 3773 2264 3850 Aet.,
2301 3791 2382 3850 tit,
2431 3775 2540 3850 13A:
2573 3774 2628 3829 Ὀ
2659 3776 2781 3850 Θεὸς
2826 3783 2924 3850 τῶν
2965 3776 3196 3850 πατέρων
3238 3777 3378 3850 ἡμῶν
3403 3772 3615 3838 ἐδόξασα
3651 3776 3732 3829 τὸν

2117 3845 2279 3922 παῖδα
2315 3849 2465 3922 αὐτῷ
2496 3846 2712 3922 ’lnaoﬁu,
2746 3843 2797 3902 ὃν
2823 3848 2970 3918 ὑμεῖς
3001 3843 3442 3919 μέν’παρεδὼκατε
3467 3851 3548 3900 καὶ
3579 3853 3730 3922 ἠρή-

2120 3919 2279 3972 σασθε
2303 3920 2468 3973 αὐτόν.
2504 3919 2747 3973 HERALD.

2188 3988 2310 4042 Jam
2358 3991 2580 4056 primum
2626 3991 2762 4044 enim
2801 3988 3022 4044 mundus
3069 4004 3158 4057 per
3199 4005 3253 4042 se
3293 4004 3454 4055 neque
3495 3988 3734 4043 dexteras

2117 4076 2277 4128 neque
2318 4062 2490 4127 (teras,
2521 4072 2626 4117 etc.
2671 4061 2837 4122 Vide,
2881 4062 2970 4130 qui
3021 4061 3118 4116 hac
3150 4060 3217 4115 de
3271 4076 3330 4115 re
3377 4059 3586 4114 multus
3629 4073 3730 4122 est,

2119 4130 2282 4185 Hadr.
2319 4132 2443 4186 Jun.
2490 4134 2806 4199 Animadv.,
2836 4133 2930 4188 lib.
2967 4148 3044 4195 Ill,
3079 4148 3199 4200 cap.
3230 4134 3304 4197 5,
3331 4133 3380 4184 in
3418 4130 3468 4185 J.
3505 4132 3731 4188 Gruteri

2117 4201 2391 4272 Lampade
2419 4205 2578 4271 Crit.,
2611 4206 2719 4259 vol.
2747 4222 2820 4270 tv,
2851 4220 2970 4274 pag.
3004 4205 3127 4258 384.
3162 4203 3408 4258 ELIENH.

2196 4273 2371 4345 Neque
2395 4277 2590 4331 aulicos
2618 4291 2774 4346 neque
2824 4273 3064 4346 posticas.
3101 4275 3288 4337 Varro,
3311 4278 3377 4330 de
3407 4274 3565 4344 Ling.
3611 4275 3732 4340 ιιι..

2114 4345 2207 4400 lib.
2237 4363 2312 4414 Vl,
2345 4364 2464 4418 pag.
2494 4348 2586 4410 81,
2620 4345 2704 4404 ed.
2736 4345 2849 4418 Bip.
2887 4366 2898 4400 :
2929 4347 3124 4402 (Icelum
3154 4363 3257 4416 qua
3288 4347 3503 4412 tuimur,
3536 4349 3732 4400 dictum

2113 4418 2375 4487 templum.
2400 4419 2489 4475 Sic
2513 4420 2857 4475 :Contremuit
2873 4421 3117 4490 templum
3133 4434 3373 4487 magnum
3387 4418 3539 4490 locis
3557 4421 3733 4473 altito-

415 4488 479 4550 iis
509 4488 732 4574 singulis
757 4488 1090 4574 mitterentur.
1130 4492 1768 4574 liensum—Historiam
1804 4494 2010 4562 prolixo
2035 4497 2090 4559 D
2116 4491 2304 4574 nantis.
2330 4490 2399 4544 ltl
2424 4501 2495 4544 est
2518 4493 2594 4562 (ut
2621 4493 2692 4545 ait
2718 4490 2928 4574 lilagvius
2957 4488 3008 4542 in
3032 4488 3456 4574 (lentim/aerio),
3485 4492 3571 4544 ubi
3596 4502 3733 4574 terra

417 4575 600 4623 narrat
624 4566 800 4619 Livius
825 4566 916 4619 lib.
941 4580 1017 4630 ix,
1037 4565 1106 4618 ab
1129 4564 1242 4618 iuit.
1269 4565 1472 4617 URELL.

484 4638 638 4708 Apud
676 4635 1012 4708 Thrasumeni
1052 4636 1250 4708 lacum.
1281 4634 1358 4688 lla
1394 4651 1497 4689 ms.
1528 4634 1632 4708 Alii
1664 4652 1676 4686 :
1719 4633 2012 4708 Thrasime-

413 4706 556 4766 num.
589 4708 832 4762 Valerius
858 4707 1020 4769 Max.,
1048 4707 1140 4762 lib.
1166 4722 1204 4770 ι,
1235 4721 1356 4773 cap.
1389 4707 1440 4764 Ἰ.
1473 4707 1624 4777 Apud
1653 4708 1822 4760 lacum
1853 4706 2017 4761 Thra-

413 4786 663 4836 simenum
691 4777 784 4835 XV
809 4778 968 4831 millia
991 4777 1340 4832 Romanorum
1363 4794 1495 4834 cana
1514 4819 1528 4844 ,
1565 4777 1632 4834 Vl
1659 4778 1820 4832 millia
1838 4789 2011 4848 capta,

369 4881 382 4884 -
414 4851 464 4910 Χ
491 4850 655 4907 millia
683 4849 862 4921 fugata
891 4859 1025 4921 sunt.
1054 4849 1298 4921 Ecusun.

487 4919 757 4978 Diomedis
783 4921 972 4988 cantpi.
1001 4919 1083 4974 Ad
1109 4922 1360 4976 Aulidum
1392 4921 1624 4988 ﬂumen,
1657 4921 1743 4975 ubi
1790 4922 2009 4991 Canum,

416 4997 567 5052 vicus
595 4994 963 5048 Romanorum
1005 4993 1157 5047 clade
1196 4992 1408 5047 nobilis.
1444 4994 1579 5048 Hinc
1615 4993 1832 5049 Martius
1864 5006 2012 5051 vales

414 5068 557 5136 apud
588 5066 797 5137 Livium
835 5063 929 5118 lib.
970 5078 1099 5128 xxv,
1131 5078 1250 5132 cap.
1274 5064 1416 5137 “lii:
1461 5065 1674 5119 Amnem
1717 5064 2013 5137 Troiugena

414 5140 646 5194 Cannam
671 5136 902 5190 Romane
926 5139 1064 5207 fuge,
1083 5151 1146 5188 ne
1164 5144 1210 5188 te
1231 5135 1531 5208 alienigena:
1549 5147 1731 5208 cogant
1756 5138 1810 5190 in
1830 5135 2011 5206 campo

415 5209 676 5281 Diomedis
702 5205 966 5262 conserere
1004 5223 1200 5261 manus.
1244 5205 1402 5261 Conf.
1444 5205 1691 5263 Festfb.
1738 5225 1788 5262 v.
1832 5205 2010 5281 ibique

415 5284 604 5336 Dacer.
629 5277 831 5335 Onch.
1259 5300 1263 5303 π

488 5352 630 5405 V.—
662 5350 745 5404 Dii
776 5350 893 5422 lteri
931 5357 974 5403 et
1005 5347 1160 5422 heare.
1185 5348 1399 5422 Optima
1423 5348 1539 5422 haec
1561 5351 1682 5406 cod.
1715 5365 1815 5406 ms.
1850 5351 2010 5410 lectio

413 5437 516 5480 nec
556 5422 828 5478 mutanda.
865 5421 946 5475 Dii
979 5422 1099 5476 scil.
1150 5419 1252 5476 hoc
1293 5419 1413 5476 loco
1453 5421 1583 5476 deos
1627 5425 1830 5492 pariter
1852 5424 2008 5480 deas-

411 5511 517 5566 que
574 5493 1039 5566 comprehendunt
1101 5503 1398 5566 zeugmateg
1432 5494 1645 5564 generis
1689 5494 2009 5566 frequentis-

405 5563 568 5630 simo,
615 5565 724 5633 ubi,
781 5580 902 5636 cum
951 5566 1185 5619 incertus
1229 5573 1312 5619 est
1348 5563 1584 5634 plurium
1627 5563 1807 5633 sexus,
1835 5582 2004 5636 genus

415 5637 773 5707 n‘tasculinum
800 5635 1084 5707 adhibetur
1109 5637 1452 5706 potissimum
1473 5679 1486 5702 ,
1519 5645 1578 5691 ut
1601 5635 1847 5707 dignius.
1871 5637 2003 5694 Vide

408 5705 593 5778 sanet.
622 5706 880 5778 Mincrv.,
931 5706 1026 5778 lib.
1055 5705 1127 5770 IV,
1158 5721 1277 5778 cap.
1324 5707 1565 5778 10,_pag.
1610 5705 1736 5774 71‘8,
1774 5709 1863 5764 ed.
1895 5708 1999 5765 Pe-

412 5776 584 5847 rizon.
617 5777 748 5831 Male
766 5775 1339 5847 _itaque_Stewechius
1369 5795 1382 5832 :
1413 5776 1501 5832 Dii
1519 5775 1672 5847 'lazvi,
1701 5779 1808 5833 dew
1836 5779 1993 5836 ιωυω.

383 5842 468 5900 .ln
496 5845 734 5901 editione
765 5842 934 5916 Lugd.
967 5845 1084 5901 Bst.
1122 5847 1315 5916 legitur
1342 5865 1354 5904 :
1389 5848 1478 5904 Dii
1505 5842 1824 5916 ltevia'lteva,
1852 5853 1995 5920 quod

2118 4563 2306 4635 cterulo
2336 4574 2536 4635 septum
2582 4573 2702 4616 stat.
2747 4562 2878 4635 Ejus
2919 4563 3095 4629 templi
3136 4571 3306 4631 partes
3335 4574 3564 4635 quatuor
3595 4581 3613 4614 :
3660 4566 3727 4616 si-

2119 4633 2282 4685 nistra
2310 4634 2373 4687 ab
2401 4637 2610 4699 oriente,
2630 4633 2810 4688 dextra
2823 4633 2885 4688 ab
2909 4651 3113 4699 occasu,
3143 4635 3314 4686 antica
3337 4634 3406 4686 ad
3435 4635 3730 4697 meridiem,

2120 4705 2313 4773 postica
2356 4707 2423 4758 ad
2461 4721 2714 4760 occasum.
2753 4706 2918 4760 Paulo
2961 4706 3119 4759 aliter
3154 4705 3346 4759 Festus
3397 4723 3409 4759 :
3462 4705 3732 4760 Posticum

2117 4777 2304 4830 ostium
2335 4777 2522 4831 dicitur
2558 4780 2611 4831 in
2639 4779 2915 4846 posteriore
2937 4789 3081 4844 parte
3110 4777 3317 4830 aedium.
3351 4775 3614 4831 Ceterum
3642 4796 3734 4831 an-

2117 4848 2240 4913 tiqui
2269 4849 2417 4901 etiam
2447 4850 2663 4903 vicinum
2711 4850 3022 4903 habitantem
3064 4849 3132 4902 ad
3159 4851 3492 4914 posteriorem
3529 4862 3731 4914 partem

2116 4919 2302 4972 aedium
2329 4921 2400 4974 sic
2430 4922 2756 4991 appellarunt
2792 4937 2810 4974 :
2835 4922 3050 4985 denique
3085 4930 3131 4973 et
3162 4936 3274 4987 qua:
3299 4931 3420 4973 ante
3456 4936 3553 4974 nos
3586 4931 3728 4984 siml,

2115 4993 2306 5058 antica,
2324 5002 2369 5045 et
2390 5009 2506 5060 qua:
2527 5005 2637 5060 post
2662 5009 2752 5046 nos
2770 5003 2906 5054 sunt,
2925 4994 3120 5062 postica
3141 4993 3402 5053 dicuntur,
3418 5002 3466 5044 et
3491 4992 3731 5045 dextram

2115 5063 2336 5116 aulicam
2382 5075 2428 5116 et
2469 5065 2729 5117 sinistram
2772 5064 3020 5133 posticam
3051 5063 3290 5116 dicimus.
3327 5063 3418 5116 Sic
3464 5065 3625 5116 etiam
3669 5080 3730 5116 ea

2114 5135 2225 5187 caeli
2247 5152 2390 5200 pars,
2419 5151 2531 5199 quw
2552 5137 2658 5189 sole
2685 5136 2975 5189 illustratur
3003 5135 3071 5187 ad
3104 5135 3390 5200 meridiem,
3423 5137 3599 5187 antica
3630 5137 3732 5187 uti-

2113 5222 2208 5271 que
2239 5208 2550 5269 nominatur,
2581 5223 2693 5274 quw
2721 5208 2787 5258 ad
2806 5208 3192 5274 septentrionem
3213 5215 3305 5269 est,
3341 5207 3541 5274 postica
3569 5223 3590 5260 :
3615 5224 3730 5262 rur-

2112 5293 2326 5348 sumque
2345 5279 2644 5332 diriduntur
2670 5280 2721 5332 in
2749 5280 2880 5332 duas
2906 5289 3106 5347 partes,
3133 5279 3377 5331 orientem
3408 5289 3452 5330 et
3486 5280 3732 5332 οςεεάεη-

2112 5357 2231 5401 tem.
2279 5349 2415 5404 Vide
2457 5351 2524 5403 ibi
2577 5352 2711 5420 intp.
2756 5361 2808 5404 et
2854 5350 3104 5419 inprimis
3149 5351 3239 5417 qui
3285 5349 3354 5403 de
3399 5349 3506 5404 hoc
3555 5351 3729 5404 verba

2109 5421 2310 5545 {Stultus
2355 5430 2458 5486 est,
2501 5420 2550 5478 J.
2585 5421 2677 5478 Fr.
2726 5421 2967 5477 Gronov.
2992 5464 3006 5489 ,
3039 5423 3090 5478 in
3123 5422 3247 5478 lect.
3284 5421 3483 5488 Plaut.,
3516 5438 3568 5492 p.
3595 5423 3724 5478 552.

2159 5506 2314 5545 nsLL.

2159 5506 2314 5548 RELL.

2182 5564 2352 5619 Cardo
2380 5566 2606 5692 [rigoris
2643 5563 2697 5620 Id
2727 5573 2810 5620 est
2840 5566 2995 5635 polus
3022 5567 3278 5621 arcticus.
3313 5565 3479 5633 Stal.,
3516 5565 3723 5629 Theb.,

2187 5677 2202 5692 .
2234 5653 2374 5691 vers.
2398 5655 2428 5692 ο
2502 5655 2513 5690 :

2106 5654 2202 5703 vn,
2234 5653 2374 5691 vers.
2398 5639 2465 5692 58
2502 5655 2513 5690 :

2396 5786 2408 5799 .
2478 5748 2671 5801 Arctoa:
2696 5749 2950 5802 labentem
2972 5751 3175 5804 cardine
3198 5760 3370 5816 portae.
3390 5751 3573 5804 Onm.

2177 5853 2242 5908 In
2272 5854 2574 5910 vocabulum
2607 5856 2803 5910 sinistri
2835 5856 3018 5912 Auster
3050 5867 3096 5911 et
3128 5857 3378 5913 Meridies
3402 5858 3606 5912 transit.
3647 5855 3722 5912 [ta
