  <div class='ocr_page' id='page_1' title='image "/cluster/home/n/w/nwhite01/storage/ocr_20150623/5/hvd.32044015466758/515.png"; bbox 0 0 3970 6312; ppageno 0'>
   <div class='ocr_carea' id='block_1_1' title="bbox 362 242 3680 343">
    <p class='ocr_par' dir='ltr' id='par_1_1' title="bbox 362 242 3680 343">
     <span class='ocr_line' id='line_1_1' title="bbox 362 242 3680 343; baseline 0.001 -5"><span class='ocrx_word' id='word_1_1' title='bbox 362 281 500 338; x_wconf 72' lang='lat' dir='ltr'><strong>lOlti</strong></span> <span class='ocrx_word' id='word_1_2' title='bbox 1508 281 1785 338; x_wconf 64' lang='lat' dir='ltr'><strong>annos&quot;</strong></span> <span class='ocrx_word' id='word_1_3' title='bbox 1829 242 2200 341; x_wconf 68' lang='lat' dir='ltr'><strong>unvsasus</strong></span> <span class='ocrx_word' id='word_1_4' title='bbox 2237 281 2510 342; x_wconf 83' lang='lat' dir='ltr'><strong>GENTES</strong></span> <span class='ocrx_word' id='word_1_5' title='bbox 3524 285 3680 343; x_wconf 73' lang='lat' dir='ltr'><strong>tnta</strong></span> 
     </span>
    </p>
   </div>
   <div class='ocr_carea' id='block_1_2' title="bbox 356 399 3668 478">
    <p class='ocr_par' dir='ltr' id='par_1_2' title="bbox 356 399 3668 478">
     <span class='ocr_line' id='line_1_2' title="bbox 356 399 3668 478; baseline 0.002 -23"><span class='ocrx_word' id='word_1_6' title='bbox 356 411 438 455; x_wconf 87' lang='lat' dir='ltr'><strong>est</strong></span> <span class='ocrx_word' id='word_1_7' title='bbox 479 415 508 456; x_wconf 91' lang='lat' dir='ltr'><strong>e</strong></span> <span class='ocrx_word' id='word_1_8' title='bbox 541 401 736 472; x_wconf 90' lang='lat' dir='ltr'><strong>populo</strong></span> <span class='ocrx_word' id='word_1_9' title='bbox 764 401 1064 470; x_wconf 89' lang='lat' dir='ltr'><strong>numinum,</strong></span> <span class='ocrx_word' id='word_1_10' title='bbox 1094 416 1212 473; x_wconf 72' lang='lat' dir='ltr'><strong>quae</strong></span> <span class='ocrx_word' id='word_1_11' title='bbox 1240 399 1524 458; x_wconf 67' lang='lat' dir='ltr'><strong>obscoenas</strong></span> <span class='ocrx_word' id='word_1_12' title='bbox 1553 401 1669 458; x_wconf 88' lang='lat' dir='ltr'><strong>illas</strong></span> <span class='ocrx_word' id='word_1_13' title='bbox 1694 412 1750 458; x_wconf 91' lang='lat' dir='ltr'><strong>et</strong></span> <span class='ocrx_word' id='word_1_14' title='bbox 1781 403 1952 458; x_wconf 87' lang='lat' dir='ltr'><strong>luteas</strong></span> <span class='ocrx_word' id='word_1_15' title='bbox 1982 418 2035 478; x_wconf 71' lang='grc' dir='ltr'><strong>Α</strong></span> <span class='ocrx_word' id='word_1_16' title='bbox 2058 418 2175 460; x_wconf 92' lang='lat' dir='ltr'><strong>rum</strong></span> <span class='ocrx_word' id='word_1_17' title='bbox 2207 403 2582 461; x_wconf 85' lang='lat' dir='ltr'><strong>Nemestrinus</strong></span> <span class='ocrx_word' id='word_1_18' title='bbox 2611 413 2693 461; x_wconf 91' lang='lat' dir='ltr'><strong>est</strong></span> <span class='ocrx_word' id='word_1_19' title='bbox 2736 424 2747 460; x_wconf 93' lang='lat'><strong>:</strong></span> <span class='ocrx_word' id='word_1_20' title='bbox 2795 404 3068 462; x_wconf 87' lang='lat' dir='ltr'><strong>Patellana</strong></span> <span class='ocrx_word' id='word_1_21' title='bbox 3106 419 3307 461; x_wconf 91' lang='lat' dir='ltr'><strong>numen</strong></span> <span class='ocrx_word' id='word_1_22' title='bbox 3337 415 3442 474; x_wconf 91' lang='lat' dir='ltr'><strong>est,</strong></span> <span class='ocrx_word' id='word_1_23' title='bbox 3489 416 3542 462; x_wconf 90' lang='lat' dir='ltr'><strong>et</strong></span> <span class='ocrx_word' id='word_1_24' title='bbox 3568 408 3668 463; x_wconf 59' lang='lat' dir='ltr'><strong>Pa-</strong></span> 
     </span>
    </p>
   </div>
   <div class='ocr_carea' id='block_1_3' title="bbox 358 495 3666 571">
    <p class='ocr_par' dir='ltr' id='par_1_3' title="bbox 358 495 3666 571">
     <span class='ocr_line' id='line_1_3' title="bbox 358 495 3666 571; baseline 0.002 -23"><span class='ocrx_word' id='word_1_25' title='bbox 358 495 661 566; x_wconf 76' lang='lat' dir='ltr'><strong>voluptates</strong></span> <span class='ocrx_word' id='word_1_26' title='bbox 723 497 788 551; x_wconf 90' lang='lat' dir='ltr'><strong>ad</strong></span> <span class='ocrx_word' id='word_1_27' title='bbox 842 497 1042 552; x_wconf 81' lang='lat' dir='ltr'><strong>exitum</strong></span> <span class='ocrx_word' id='word_1_28' title='bbox 1099 497 1308 568; x_wconf 85' lang='lat' dir='ltr'><strong>perlicit</strong></span> <span class='ocrx_word' id='word_1_29' title='bbox 1349 497 1636 555; x_wconf 84' lang='lat' dir='ltr'><strong>dulcedine</strong></span> <span class='ocrx_word' id='word_1_30' title='bbox 1697 497 1958 555; x_wconf 83' lang='lat' dir='ltr'><strong>inoffensa</strong></span> <span class='ocrx_word' id='word_1_31' title='bbox 2064 498 2210 566; x_wconf 87' lang='lat' dir='ltr'><strong>tella,</strong></span> <span class='ocrx_word' id='word_1_32' title='bbox 2239 513 2305 554; x_wconf 84' lang='lat' dir='ltr'><strong>ex</strong></span> <span class='ocrx_word' id='word_1_33' title='bbox 2349 499 2543 571; x_wconf 86' lang='lat' dir='ltr'><strong>quibus</strong></span> <span class='ocrx_word' id='word_1_34' title='bbox 2571 514 2677 555; x_wconf 91' lang='lat' dir='ltr'><strong>una</strong></span> <span class='ocrx_word' id='word_1_35' title='bbox 2703 508 2787 556; x_wconf 88' lang='lat' dir='ltr'><strong>est</strong></span> <span class='ocrx_word' id='word_1_36' title='bbox 2813 499 3121 570; x_wconf 74' lang='lat' dir='ltr'><strong>patefactis,</strong></span> <span class='ocrx_word' id='word_1_37' title='bbox 3155 498 3543 570; x_wconf 89' lang='lat' dir='ltr'><strong>patefaciendis</strong></span> <span class='ocrx_word' id='word_1_38' title='bbox 3573 516 3666 558; x_wconf 85' lang='lat' dir='ltr'><strong>re-</strong></span> 
     </span>
    </p>
   </div>
   <div class='ocr_carea' id='block_1_4' title="bbox 359 588 3669 664">
    <p class='ocr_par' dir='ltr' id='par_1_4' title="bbox 359 588 3669 664">
     <span class='ocr_line' id='line_1_4' title="bbox 359 588 3669 664; baseline 0.002 -20"><span class='ocrx_word' id='word_1_39' title='bbox 359 589 696 658; x_wconf 88' lang='lat' dir='ltr'><strong>procedere?</strong></span> <span class='ocrx_word' id='word_1_40' title='bbox 725 588 974 644; x_wconf 85' lang='lat' dir='ltr'><strong>Etiamne</strong></span> <span class='ocrx_word' id='word_1_41' title='bbox 1000 588 1289 654; x_wconf 86' lang='lat' dir='ltr'><strong>Pertunda,</strong></span> <span class='ocrx_word' id='word_1_42' title='bbox 1319 606 1438 661; x_wconf 72' lang='lat' dir='ltr'><strong>qua:</strong></span> <span class='ocrx_word' id='word_1_43' title='bbox 1461 590 1514 645; x_wconf 93' lang='lat' dir='ltr'><strong>in</strong></span> <span class='ocrx_word' id='word_1_44' title='bbox 1538 590 1804 646; x_wconf 79' lang='lat' dir='ltr'><strong>cubiculis</strong></span> <span class='ocrx_word' id='word_1_45' title='bbox 1825 607 1960 662; x_wconf 86' lang='lat' dir='ltr'><strong>prae-</strong></span> <span class='ocrx_word' id='word_1_46' title='bbox 2066 588 2165 645; x_wconf 92' lang='lat' dir='ltr'><strong>bus</strong></span> <span class='ocrx_word' id='word_1_47' title='bbox 2195 590 2364 646; x_wconf 87' lang='lat' dir='ltr'><strong>altera</strong></span> <span class='ocrx_word' id='word_1_48' title='bbox 2391 592 2710 661; x_wconf 70' lang='lat' dir='ltr'><strong>prtestituta.</strong></span> <span class='ocrx_word' id='word_1_49' title='bbox 2750 589 2977 647; x_wconf 84' lang='lat' dir='ltr'><strong>Nodutis</strong></span> <span class='ocrx_word' id='word_1_50' title='bbox 3014 592 3213 648; x_wconf 90' lang='lat' dir='ltr'><strong>dicitur</strong></span> <span class='ocrx_word' id='word_1_51' title='bbox 3249 593 3412 660; x_wconf 90' lang='lat' dir='ltr'><strong>Deus,</strong></span> <span class='ocrx_word' id='word_1_52' title='bbox 3446 594 3569 664; x_wconf 87' lang='lat' dir='ltr'><strong>quia</strong></span> <span class='ocrx_word' id='word_1_53' title='bbox 3598 593 3669 650; x_wconf 88' lang='lat' dir='ltr'><strong>ad</strong></span> 
     </span>
    </p>
   </div>
   <div class='ocr_carea' id='block_1_5' title="bbox 360 681 3670 758">
    <p class='ocr_par' dir='ltr' id='par_1_5' title="bbox 360 681 3670 758">
     <span class='ocr_line' id='line_1_5' title="bbox 360 681 3670 758; baseline 0.002 -22"><span class='ocrx_word' id='word_1_54' title='bbox 360 690 446 737; x_wconf 91' lang='lat' dir='ltr'><strong>sto</strong></span> <span class='ocrx_word' id='word_1_55' title='bbox 493 691 575 737; x_wconf 72' lang='lat' dir='ltr'><strong>est</strong></span> <span class='ocrx_word' id='word_1_56' title='bbox 596 723 610 748; x_wconf 93' lang='lat'><strong>,</strong></span> <span class='ocrx_word' id='word_1_57' title='bbox 653 683 967 753; x_wconf 76' lang='lat' dir='ltr'><strong>virginalem</strong></span> <span class='ocrx_word' id='word_1_58' title='bbox 998 685 1246 741; x_wconf 83' lang='lat' dir='ltr'><strong>scrobem</strong></span> <span class='ocrx_word' id='word_1_59' title='bbox 1293 684 1668 741; x_wconf 80' lang='lat' dir='ltr'><strong>eﬂ‘odientibus</strong></span> <span class='ocrx_word' id='word_1_60' title='bbox 1709 685 1960 742; x_wconf 82' lang='lat' dir='ltr'><strong>maritis?</strong></span> <span class='ocrx_word' id='word_1_61' title='bbox 2066 681 2238 737; x_wconf 89' lang='lat' dir='ltr'><strong>nodos</strong></span> <span class='ocrx_word' id='word_1_62' title='bbox 2269 683 2513 754; x_wconf 89' lang='lat' dir='ltr'><strong>perducit</strong></span> <span class='ocrx_word' id='word_1_63' title='bbox 2549 699 2637 740; x_wconf 89' lang='lat' dir='ltr'><strong>res</strong></span> <span class='ocrx_word' id='word_1_64' title='bbox 2665 693 2846 740; x_wconf 89' lang='lat' dir='ltr'><strong>satas:</strong></span> <span class='ocrx_word' id='word_1_65' title='bbox 2875 695 2929 741; x_wconf 92' lang='lat' dir='ltr'><strong>et</strong></span> <span class='ocrx_word' id='word_1_66' title='bbox 2958 701 3077 756; x_wconf 72' lang='lat' dir='ltr'><strong>qua:</strong></span> <span class='ocrx_word' id='word_1_67' title='bbox 3101 695 3300 755; x_wconf 74' lang='lat' dir='ltr'><strong>praeest</strong></span> <span class='ocrx_word' id='word_1_68' title='bbox 3321 685 3567 758; x_wconf 74' lang='lat' dir='ltr'><strong>frugibus</strong></span> <span class='ocrx_word' id='word_1_69' title='bbox 3586 686 3670 743; x_wconf 86' lang='lat' dir='ltr'><strong>fe-</strong></span> 
     </span>
    </p>
   </div>
   <div class='ocr_carea' id='block_1_6' title="bbox 358 772 3667 850">
    <p class='ocr_par' dir='ltr' id='par_1_6' title="bbox 358 772 3667 850">
     <span class='ocr_line' id='line_1_6' title="bbox 358 772 3667 850; baseline 0.002 -21"><span class='ocrx_word' id='word_1_70' title='bbox 358 772 610 829; x_wconf 88' lang='lat' dir='ltr'><strong>Etiamue</strong></span> <span class='ocrx_word' id='word_1_71' title='bbox 641 774 909 842; x_wconf 89' lang='lat' dir='ltr'><strong>Tutunus,</strong></span> <span class='ocrx_word' id='word_1_72' title='bbox 942 777 1095 847; x_wconf 88' lang='lat' dir='ltr'><strong>cujus</strong></span> <span class='ocrx_word' id='word_1_73' title='bbox 1140 779 1462 833; x_wconf 84' lang='lat' dir='ltr'><strong>immanibus</strong></span> <span class='ocrx_word' id='word_1_74' title='bbox 1511 779 1799 850; x_wconf 88' lang='lat' dir='ltr'><strong>pudendis,</strong></span> <span class='ocrx_word' id='word_1_75' title='bbox 1833 778 1960 834; x_wconf 90' lang='lat' dir='ltr'><strong>bor-</strong></span> <span class='ocrx_word' id='word_1_76' title='bbox 2065 775 2267 842; x_wconf 90' lang='lat' dir='ltr'><strong>rendis,</strong></span> <span class='ocrx_word' id='word_1_77' title='bbox 2293 777 2584 834; x_wconf 90' lang='lat' dir='ltr'><strong>Tereusis:</strong></span> <span class='ocrx_word' id='word_1_78' title='bbox 2617 779 2685 834; x_wconf 90' lang='lat' dir='ltr'><strong>ab</strong></span> <span class='ocrx_word' id='word_1_79' title='bbox 2723 779 2996 834; x_wconf 90' lang='lat' dir='ltr'><strong>erroribus</strong></span> <span class='ocrx_word' id='word_1_80' title='bbox 3019 780 3224 834; x_wconf 83' lang='lat' dir='ltr'><strong>viarum</strong></span> <span class='ocrx_word' id='word_1_81' title='bbox 3256 780 3364 836; x_wconf 88' lang='lat' dir='ltr'><strong>Dea</strong></span> <span class='ocrx_word' id='word_1_82' title='bbox 3397 780 3589 836; x_wconf 82' lang='lat' dir='ltr'><strong>Vibilia</strong></span> <span class='ocrx_word' id='word_1_83' title='bbox 3639 791 3667 820; x_wconf 75' lang='grc' dir='ltr'><strong>ι</strong></span> 
     </span>
    </p>
   </div>
   <div class='ocr_carea' id='block_1_7' title="bbox 357 867 3673 943">
    <p class='ocr_par' dir='ltr' id='par_1_7' title="bbox 357 867 3673 943">
     <span class='ocr_line' id='line_1_7' title="bbox 357 867 3673 943; baseline 0.002 -21"><span class='ocrx_word' id='word_1_84' title='bbox 357 868 607 938; x_wconf 90' lang='lat' dir='ltr'><strong>reutique</strong></span> <span class='ocrx_word' id='word_1_85' title='bbox 630 867 856 936; x_wconf 76' lang='lat' dir='ltr'><strong>fasc-inn,</strong></span> <span class='ocrx_word' id='word_1_86' title='bbox 882 880 1088 924; x_wconf 87' lang='lat' dir='ltr'><strong>vestras</strong></span> <span class='ocrx_word' id='word_1_87' title='bbox 1127 870 1426 941; x_wconf 89' lang='lat' dir='ltr'><strong>inequitare</strong></span> <span class='ocrx_word' id='word_1_88' title='bbox 1459 883 1752 938; x_wconf 85' lang='lat' dir='ltr'><strong>matronas,</strong></span> <span class='ocrx_word' id='word_1_89' title='bbox 1785 881 1836 926; x_wconf 92' lang='lat' dir='ltr'><strong>et</strong></span> <span class='ocrx_word' id='word_1_90' title='bbox 1868 886 1962 926; x_wconf 92' lang='lat' dir='ltr'><strong>au-</strong></span> <span class='ocrx_word' id='word_1_91' title='bbox 2067 869 2260 925; x_wconf 87' lang='lat' dir='ltr'><strong>liberat</strong></span> <span class='ocrx_word' id='word_1_92' title='bbox 2293 888 2306 925; x_wconf 92' lang='lat'><strong>:</strong></span> <span class='ocrx_word' id='word_1_93' title='bbox 2346 870 2398 925; x_wconf 93' lang='lat' dir='ltr'><strong>in</strong></span> <span class='ocrx_word' id='word_1_94' title='bbox 2429 871 2590 926; x_wconf 82' lang='lat' dir='ltr'><strong>tutela</strong></span> <span class='ocrx_word' id='word_1_95' title='bbox 2621 881 2748 926; x_wconf 90' lang='lat' dir='ltr'><strong>sunt</strong></span> <span class='ocrx_word' id='word_1_96' title='bbox 2775 870 3010 928; x_wconf 66' lang='lat' dir='ltr'><strong>Orbonae</strong></span> <span class='ocrx_word' id='word_1_97' title='bbox 3037 872 3211 927; x_wconf 89' lang='lat' dir='ltr'><strong>orbati</strong></span> <span class='ocrx_word' id='word_1_98' title='bbox 3250 871 3438 928; x_wconf 90' lang='lat' dir='ltr'><strong>liberis</strong></span> <span class='ocrx_word' id='word_1_99' title='bbox 3470 888 3673 943; x_wconf 89' lang='lat' dir='ltr'><strong>paren-</strong></span> 
     </span>
    </p>
   </div>
   <div class='ocr_carea' id='block_1_8' title="bbox 359 961 3674 1036">
    <p class='ocr_par' dir='ltr' id='par_1_8' title="bbox 359 961 3674 1036">
     <span class='ocr_line' id='line_1_8' title="bbox 359 961 3674 1036; baseline 0.001 -18"><span class='ocrx_word' id='word_1_100' title='bbox 359 963 620 1034; x_wconf 81' lang='lat' dir='ltr'><strong>Spicabile</strong></span> <span class='ocrx_word' id='word_1_101' title='bbox 663 965 889 1032; x_wconf 89' lang='lat' dir='ltr'><strong>ducitis,</strong></span> <span class='ocrx_word' id='word_1_102' title='bbox 921 975 976 1021; x_wconf 91' lang='lat' dir='ltr'><strong>et</strong></span> <span class='ocrx_word' id='word_1_103' title='bbox 1029 968 1266 1032; x_wconf 75' lang='lat' dir='ltr'><strong>optatis?</strong></span> <span class='ocrx_word' id='word_1_104' title='bbox 1315 967 1468 1036; x_wconf 88' lang='lat' dir='ltr'><strong>Quod</strong></span> <span class='ocrx_word' id='word_1_105' title='bbox 1515 968 1560 1023; x_wconf 90' lang='lat' dir='ltr'><strong>si</strong></span> <span class='ocrx_word' id='word_1_106' title='bbox 1603 969 1822 1024; x_wconf 91' lang='lat' dir='ltr'><strong>minime</strong></span> <span class='ocrx_word' id='word_1_107' title='bbox 1865 982 1962 1025; x_wconf 88' lang='lat' dir='ltr'><strong>vos</strong></span> <span class='ocrx_word' id='word_1_108' title='bbox 2069 971 2150 1018; x_wconf 92' lang='lat' dir='ltr'><strong>tes</strong></span> <span class='ocrx_word' id='word_1_109' title='bbox 2182 979 2194 1016; x_wconf 94' lang='lat'><strong>:</strong></span> <span class='ocrx_word' id='word_1_110' title='bbox 2227 963 2279 1016; x_wconf 91' lang='lat' dir='ltr'><strong>in</strong></span> <span class='ocrx_word' id='word_1_111' title='bbox 2311 961 2531 1027; x_wconf 66' lang='lat' dir='ltr'><strong>Nannius,</strong></span> <span class='ocrx_word' id='word_1_112' title='bbox 2566 963 2758 1032; x_wconf 86' lang='lat' dir='ltr'><strong>quibus</strong></span> <span class='ocrx_word' id='word_1_113' title='bbox 2781 975 3022 1020; x_wconf 85' lang='lat' dir='ltr'><strong>extrema</strong></span> <span class='ocrx_word' id='word_1_114' title='bbox 3048 973 3177 1019; x_wconf 91' lang='lat' dir='ltr'><strong>sunt</strong></span> <span class='ocrx_word' id='word_1_115' title='bbox 3205 962 3232 1002; x_wconf 67' lang='grc' dir='ltr'>ι)</span> <span class='ocrx_word' id='word_1_116' title='bbox 3265 975 3526 1033; x_wconf 86' lang='lat' dir='ltr'><strong>tempora.</strong></span> <span class='ocrx_word' id='word_1_117' title='bbox 3555 964 3674 1020; x_wconf 79' lang='lat' dir='ltr'><strong>Jam</strong></span> 
     </span>
    </p>
   </div>
   <div class='ocr_carea' id='block_1_9' title="bbox 359 1056 3670 1132">
    <p class='ocr_par' dir='ltr' id='par_1_9' title="bbox 359 1056 3670 1132">
     <span class='ocr_line' id='line_1_9' title="bbox 359 1056 3670 1132; baseline 0 -20"><span class='ocrx_word' id='word_1_118' title='bbox 359 1056 656 1112; x_wconf 90' lang='lat' dir='ltr'><strong>admonent</strong></span> <span class='ocrx_word' id='word_1_119' title='bbox 693 1057 759 1112; x_wconf 89' lang='lat' dir='ltr'><strong>ad</strong></span> <span class='ocrx_word' id='word_1_120' title='bbox 803 1057 1134 1114; x_wconf 90' lang='lat' dir='ltr'><strong>intellectum</strong></span> <span class='ocrx_word' id='word_1_121' title='bbox 1167 1059 1406 1115; x_wconf 83' lang='lat' dir='ltr'><strong>veritatis</strong></span> <span class='ocrx_word' id='word_1_122' title='bbox 1433 1075 1520 1115; x_wconf 89' lang='lat' dir='ltr'><strong>res</strong></span> <span class='ocrx_word' id='word_1_123' title='bbox 1559 1059 1689 1132; x_wconf 76' lang='lat' dir='ltr'><strong>ipsa:</strong></span> <span class='ocrx_word' id='word_1_124' title='bbox 1720 1078 1733 1114; x_wconf 89' lang='lat'><strong>:</strong></span> <span class='ocrx_word' id='word_1_125' title='bbox 1767 1075 1865 1116; x_wconf 93' lang='lat' dir='ltr'><strong>nec</strong></span> <span class='ocrx_word' id='word_1_126' title='bbox 1893 1076 1962 1116; x_wconf 80' lang='lat' dir='ltr'><strong>ex</strong></span> <span class='ocrx_word' id='word_1_127' title='bbox 2066 1072 2187 1128; x_wconf 69' lang='lat' dir='ltr'><strong>qua:</strong></span> <span class='ocrx_word' id='word_1_128' title='bbox 2209 1057 2364 1112; x_wconf 80' lang='lat' dir='ltr'><strong>durat</strong></span> <span class='ocrx_word' id='word_1_129' title='bbox 2390 1067 2444 1112; x_wconf 87' lang='lat' dir='ltr'><strong>et</strong></span> <span class='ocrx_word' id='word_1_130' title='bbox 2472 1057 2664 1112; x_wconf 83' lang='lat' dir='ltr'><strong>solidat</strong></span> <span class='ocrx_word' id='word_1_131' title='bbox 2689 1056 2984 1114; x_wconf 76' lang='lat' dir='ltr'><strong>infantibus</strong></span> <span class='ocrx_word' id='word_1_132' title='bbox 3014 1057 3196 1129; x_wconf 87' lang='lat' dir='ltr'><strong>parvis</strong></span> <span class='ocrx_word' id='word_1_133' title='bbox 3217 1069 3396 1124; x_wconf 53' lang='lat' dir='ltr'><strong>ossae,</strong></span> <span class='ocrx_word' id='word_1_134' title='bbox 3419 1059 3670 1131; x_wconf 85' lang='lat' dir='ltr'><strong>Ossilago</strong></span> 
     </span>
    </p>
   </div>
   <div class='ocr_carea' id='block_1_10' title="bbox 356 1149 3672 1222">
    <p class='ocr_par' dir='ltr' id='par_1_10' title="bbox 356 1149 3672 1222">
     <span class='ocr_line' id='line_1_10' title="bbox 356 1149 3672 1222; baseline 0 -16"><span class='ocrx_word' id='word_1_135' title='bbox 356 1151 490 1222; x_wconf 86' lang='lat' dir='ltr'><strong>ipsis</strong></span> <span class='ocrx_word' id='word_1_136' title='bbox 517 1154 707 1207; x_wconf 85' lang='lat' dir='ltr'><strong>saltem</strong></span> <span class='ocrx_word' id='word_1_137' title='bbox 741 1152 964 1222; x_wconf 89' lang='lat' dir='ltr'><strong>potestis</strong></span> <span class='ocrx_word' id='word_1_138' title='bbox 1012 1154 1320 1209; x_wconf 90' lang='lat' dir='ltr'><strong>nominibus</strong></span> <span class='ocrx_word' id='word_1_139' title='bbox 1363 1169 1592 1211; x_wconf 89' lang='lat' dir='ltr'><strong>noscere</strong></span> <span class='ocrx_word' id='word_1_140' title='bbox 1630 1155 1962 1211; x_wconf 71' lang='lat' dir='ltr'><strong>inanissima:</strong></span> <span class='ocrx_word' id='word_1_141' title='bbox 2066 1151 2183 1218; x_wconf 90' lang='lat' dir='ltr'><strong>ipsa</strong></span> <span class='ocrx_word' id='word_1_142' title='bbox 2232 1157 2581 1204; x_wconf 83' lang='lat' dir='ltr'><strong>memoratur.</strong></span> <span class='ocrx_word' id='word_1_143' title='bbox 2634 1149 2882 1205; x_wconf 84' lang='lat' dir='ltr'><strong>Mellonia</strong></span> <span class='ocrx_word' id='word_1_144' title='bbox 2931 1149 3040 1205; x_wconf 90' lang='lat' dir='ltr'><strong>Dea</strong></span> <span class='ocrx_word' id='word_1_145' title='bbox 3083 1158 3168 1206; x_wconf 90' lang='lat' dir='ltr'><strong>est</strong></span> <span class='ocrx_word' id='word_1_146' title='bbox 3213 1150 3418 1220; x_wconf 87' lang='lat' dir='ltr'><strong>pollens</strong></span> <span class='ocrx_word' id='word_1_147' title='bbox 3448 1159 3672 1222; x_wconf 81' lang='lat' dir='ltr'><strong>potens-</strong></span> 
     </span>
    </p>
   </div>
   <div class='ocr_carea' id='block_1_11' title="bbox 357 1241 3678 1320">
    <p class='ocr_par' dir='ltr' id='par_1_11' title="bbox 357 1241 3678 1320">
     <span class='ocr_line' id='line_1_11' title="bbox 357 1241 3678 1320; baseline -0.002 -17"><span class='ocrx_word' id='word_1_148' title='bbox 357 1249 757 1318; x_wconf 84' lang='lat' dir='ltr'><strong>superstitionis</strong></span> <span class='ocrx_word' id='word_1_149' title='bbox 790 1247 1042 1319; x_wconf 89' lang='lat' dir='ltr'><strong>figmenta</strong></span> <span class='ocrx_word' id='word_1_150' title='bbox 1071 1249 1188 1306; x_wconf 64' lang='lat' dir='ltr'><strong>hinc</strong></span> <span class='ocrx_word' id='word_1_151' title='bbox 1212 1265 1366 1318; x_wconf 84' lang='lat' dir='ltr'><strong>esse,</strong></span> <span class='ocrx_word' id='word_1_152' title='bbox 1394 1260 1449 1306; x_wconf 91' lang='lat' dir='ltr'><strong>et</strong></span> <span class='ocrx_word' id='word_1_153' title='bbox 1475 1249 1732 1306; x_wconf 88' lang='lat' dir='ltr'><strong>falsorum</strong></span> <span class='ocrx_word' id='word_1_154' title='bbox 1765 1249 1960 1320; x_wconf 89' lang='lat' dir='ltr'><strong>imagi-</strong></span> <span class='ocrx_word' id='word_1_155' title='bbox 2065 1258 2171 1315; x_wconf 89' lang='lat' dir='ltr'><strong>que</strong></span> <span class='ocrx_word' id='word_1_156' title='bbox 2217 1243 2270 1298; x_wconf 90' lang='lat' dir='ltr'><strong>in</strong></span> <span class='ocrx_word' id='word_1_157' title='bbox 2319 1242 2543 1314; x_wconf 89' lang='lat' dir='ltr'><strong>apibus,</strong></span> <span class='ocrx_word' id='word_1_158' title='bbox 2581 1242 2756 1298; x_wconf 91' lang='lat' dir='ltr'><strong>mellis</strong></span> <span class='ocrx_word' id='word_1_159' title='bbox 2801 1256 2998 1298; x_wconf 87' lang='lat' dir='ltr'><strong>curans</strong></span> <span class='ocrx_word' id='word_1_160' title='bbox 3037 1241 3459 1314; x_wconf 87' lang='lat' dir='ltr'><strong>custodiensque</strong></span> <span class='ocrx_word' id='word_1_161' title='bbox 3489 1241 3678 1298; x_wconf 82' lang='lat' dir='ltr'><strong>dulce-</strong></span> 
     </span>
    </p>
   </div>
   <div class='ocr_carea' id='block_1_12' title="bbox 359 1337 2284 1414">
    <p class='ocr_par' dir='ltr' id='par_1_12' title="bbox 359 1337 2284 1414">
     <span class='ocr_line' id='line_1_12' title="bbox 359 1337 2284 1414; baseline -0.002 -19"><span class='ocrx_word' id='word_1_162' title='bbox 359 1342 612 1395; x_wconf 87' lang='lat' dir='ltr'><strong>nationes</strong></span> <span class='ocrx_word' id='word_1_163' title='bbox 636 1341 902 1396; x_wconf 87' lang='lat' dir='ltr'><strong>deorum?</strong></span> <span class='ocrx_word' id='word_1_164' title='bbox 945 1342 1317 1399; x_wconf 87' lang='lat' dir='ltr'><strong>Putationibus</strong></span> <span class='ocrx_word' id='word_1_165' title='bbox 1339 1344 1590 1399; x_wconf 90' lang='lat' dir='ltr'><strong>arborum</strong></span> <span class='ocrx_word' id='word_1_166' title='bbox 1617 1343 1772 1408; x_wconf 87' lang='lat' dir='ltr'><strong>Puta,</strong></span> <span class='ocrx_word' id='word_1_167' title='bbox 1802 1342 1976 1414; x_wconf 87' lang='lat' dir='ltr'><strong>inqui-</strong></span> <span class='ocrx_word' id='word_1_168' title='bbox 2079 1337 2284 1393; x_wconf 92' lang='lat' dir='ltr'><strong>dinem.</strong></span> 
     </span>
    </p>
   </div>
   <div class='ocr_carea' id='block_1_13' title="bbox 357 1425 3683 1506">
    <p class='ocr_par' dir='ltr' id='par_1_13' title="bbox 357 1425 3683 1506">
     <span class='ocr_line' id='line_1_13' title="bbox 357 1425 3683 1506; baseline -0.001 -19"><span class='ocrx_word' id='word_1_169' title='bbox 357 1425 463 1501; x_wconf 72' lang='lat' dir='ltr'><strong>tis,</strong></span> <span class='ocrx_word' id='word_1_170' title='bbox 497 1442 696 1504; x_wconf 69' lang='lat' dir='ltr'><strong>prmsto</strong></span> <span class='ocrx_word' id='word_1_171' title='bbox 735 1442 856 1500; x_wconf 91' lang='lat' dir='ltr'><strong>est,</strong></span> <span class='ocrx_word' id='word_1_172' title='bbox 890 1434 1056 1490; x_wconf 88' lang='lat' dir='ltr'><strong>rebus</strong></span> <span class='ocrx_word' id='word_1_173' title='bbox 1106 1435 1352 1506; x_wconf 90' lang='lat' dir='ltr'><strong>petendis</strong></span> <span class='ocrx_word' id='word_1_174' title='bbox 1391 1436 1563 1492; x_wconf 89' lang='lat' dir='ltr'><strong>Peta:</strong></span> <span class='ocrx_word' id='word_1_175' title='bbox 1608 1435 1749 1491; x_wconf 91' lang='lat' dir='ltr'><strong>Deus</strong></span> <span class='ocrx_word' id='word_1_176' title='bbox 1776 1451 1965 1490; x_wconf 91' lang='lat' dir='ltr'><strong>nemo-</strong></span> <span class='ocrx_word' id='word_1_177' title='bbox 2147 1431 2286 1487; x_wconf 84' lang='lat' dir='ltr'><strong>VIII.</strong></span> <span class='ocrx_word' id='word_1_178' title='bbox 2341 1430 2544 1498; x_wconf 89' lang='lat' dir='ltr'><strong>Dicite,</strong></span> <span class='ocrx_word' id='word_1_179' title='bbox 2573 1445 2606 1486; x_wconf 92' lang='grc' dir='ltr'>ο</span> <span class='ocrx_word' id='word_1_180' title='bbox 2643 1443 2858 1502; x_wconf 66' lang='lat' dir='ltr'><strong>quaeso,</strong></span> <span class='ocrx_word' id='word_1_181' title='bbox 2887 1437 2948 1486; x_wconf 91' lang='lat' dir='ltr'><strong>ut</strong></span> <span class='ocrx_word' id='word_1_182' title='bbox 2995 1429 3067 1486; x_wconf 88' lang='lat' dir='ltr'><strong>ita</strong></span> <span class='ocrx_word' id='word_1_183' title='bbox 3111 1429 3264 1487; x_wconf 86' lang='lat' dir='ltr'><strong>vobis</strong></span> <span class='ocrx_word' id='word_1_184' title='bbox 3303 1429 3554 1504; x_wconf 74' lang='lat' dir='ltr'><strong>propitia:</strong></span> <span class='ocrx_word' id='word_1_185' title='bbox 3605 1429 3683 1486; x_wconf 60' lang='lat' dir='ltr'><strong>fa.</strong></span> 
     </span>
    </p>
   </div>
   <div class='ocr_carea' id='block_1_14' title="bbox 1586 1527 2434 1590">
    <p class='ocr_par' dir='ltr' id='par_1_14' title="bbox 1586 1527 2434 1590">
     <span class='ocr_line' id='line_1_14' title="bbox 1586 1527 2434 1590; baseline -0.007 -1"><span class='ocrx_word' id='word_1_186' title='bbox 1586 1531 1974 1590; x_wconf 85' lang='lat' dir='ltr'><strong>LECTlONES</strong></span> <span class='ocrx_word' id='word_1_187' title='bbox 2012 1527 2434 1588; x_wconf 81' lang='lat' dir='ltr'><strong>VARIANTES.</strong></span> 
     </span>
    </p>
   </div>
   <div class='ocr_carea' id='block_1_15' title="bbox 437 1643 2674 1709">
    <p class='ocr_par' dir='ltr' id='par_1_15' title="bbox 437 1643 2674 1709">
     <span class='ocr_line' id='line_1_15' title="bbox 437 1643 2674 1709; baseline -0.003 -11"><span class='ocrx_word' id='word_1_188' title='bbox 437 1651 462 1679; x_wconf 74' lang='grc' dir='ltr'>η</span> <span class='ocrx_word' id='word_1_189' title='bbox 498 1649 729 1707; x_wconf 80' lang='lat' dir='ltr'><strong>leibilia</strong></span> <span class='ocrx_word' id='word_1_190' title='bbox 755 1649 870 1700; x_wconf 87' lang='lat' dir='ltr'><strong>Sub.</strong></span> <span class='ocrx_word' id='word_1_191' title='bbox 2137 1647 2161 1677; x_wconf 85' lang='lat'><strong><em>°</em></strong></span> <span class='ocrx_word' id='word_1_192' title='bbox 2180 1645 2301 1698; x_wconf 81' lang='lat' dir='ltr'><strong>Esse</strong></span> <span class='ocrx_word' id='word_1_193' title='bbox 2320 1657 2410 1696; x_wconf 88' lang='lat' dir='ltr'><strong>ms.</strong></span> <span class='ocrx_word' id='word_1_194' title='bbox 2433 1645 2538 1709; x_wconf 87' lang='lat' dir='ltr'><strong>ipsa</strong></span> <span class='ocrx_word' id='word_1_195' title='bbox 2555 1643 2674 1695; x_wconf 84' lang='lat' dir='ltr'><strong>Sub.</strong></span> 
     </span>
    </p>
   </div>
   <div class='ocr_carea' id='block_1_16' title="bbox 435 1711 1152 1765">
    <p class='ocr_par' dir='ltr' id='par_1_16' title="bbox 435 1711 1152 1765">
     <span class='ocr_line' id='line_1_16' title="bbox 435 1711 1152 1765; baseline -0.001 -3"><span class='ocrx_word' id='word_1_196' title='bbox 435 1713 464 1753; x_wconf 65' lang='grc' dir='ltr'><strong>1Ὶ</strong></span> <span class='ocrx_word' id='word_1_197' title='bbox 501 1712 674 1764; x_wconf 77' lang='lat' dir='ltr'><strong>Addit.</strong></span> <span class='ocrx_word' id='word_1_198' title='bbox 701 1728 791 1764; x_wconf 85' lang='lat' dir='ltr'><strong>ms.</strong></span> <span class='ocrx_word' id='word_1_199' title='bbox 819 1711 1002 1765; x_wconf 81' lang='lat' dir='ltr'><strong>Omittit</strong></span> <span class='ocrx_word' id='word_1_200' title='bbox 1038 1711 1152 1762; x_wconf 89' lang='lat' dir='ltr'><strong>Sub.</strong></span> 
     </span>
    </p>
   </div>
   <div class='ocr_carea' id='block_1_17' title="bbox 1691 1795 2256 1858">
    <p class='ocr_par' dir='ltr' id='par_1_17' title="bbox 1691 1795 2256 1858">
     <span class='ocr_line' id='line_1_17' title="bbox 1691 1795 2256 1858; baseline 0.005 -6"><span class='ocrx_word' id='word_1_201' title='bbox 1691 1795 2256 1858; x_wconf 83' lang='lat' dir='ltr'><strong>COMMENTARIUS.</strong></span> 
     </span>
    </p>
   </div>
   <div class='ocr_carea' id='block_1_18' title="bbox 365 1909 3687 1991">
    <p class='ocr_par' dir='ltr' id='par_1_18' title="bbox 365 1909 3687 1991">
     <span class='ocr_line' id='line_1_18' title="bbox 365 1909 3687 1991; baseline 0.001 -26"><span class='ocrx_word' id='word_1_202' title='bbox 365 1911 567 1991; x_wconf 68' lang='lat' dir='ltr'><strong>tolinus</strong></span> <span class='ocrx_word' id='word_1_203' title='bbox 622 1911 896 1991; x_wconf 78' lang='lat' dir='ltr'><strong>Maximin.</strong></span> <span class='ocrx_word' id='word_1_204' title='bbox 918 1952 933 1978; x_wconf 94' lang='lat'><strong>,</strong></span> <span class='ocrx_word' id='word_1_205' title='bbox 979 1926 1109 1991; x_wconf 59' lang='lat' dir='ltr'><strong>capl</strong></span> <span class='ocrx_word' id='word_1_206' title='bbox 1139 1911 1196 1991; x_wconf 41' lang='lat' dir='ltr'><strong>4A,</strong></span> <span class='ocrx_word' id='word_1_207' title='bbox 1230 1909 1318 1966; x_wconf 92' lang='lat' dir='ltr'><strong>ubi</strong></span> <span class='ocrx_word' id='word_1_208' title='bbox 1347 1910 1469 1967; x_wconf 85' lang='lat' dir='ltr'><strong>vide</strong></span> <span class='ocrx_word' id='word_1_209' title='bbox 1501 1910 1731 1968; x_wconf 78' lang='lat' dir='ltr'><strong>Salinas.</strong></span> <span class='ocrx_word' id='word_1_210' title='bbox 1767 1912 1965 1985; x_wconf 88' lang='lat' dir='ltr'><strong>Script.</strong></span> <span class='ocrx_word' id='word_1_211' title='bbox 1999 1919 2048 1981; x_wconf 89' lang='lat' dir='ltr'><strong>B</strong></span> <span class='ocrx_word' id='word_1_212' title='bbox 2075 1919 2256 1972; x_wconf 85' lang='lat' dir='ltr'><strong>mentis</strong></span> <span class='ocrx_word' id='word_1_213' title='bbox 2283 1917 2633 1991; x_wconf 87' lang='lat' dir='ltr'><strong>folliculorum</strong></span> <span class='ocrx_word' id='word_1_214' title='bbox 2655 1917 2802 1991; x_wconf 82' lang='lat' dir='ltr'><strong>deam</strong></span> <span class='ocrx_word' id='word_1_215' title='bbox 2833 1913 3129 1991; x_wconf 69' lang='lat' dir='ltr'><strong>Volutinam</strong></span> <span class='ocrx_word' id='word_1_216' title='bbox 3157 1931 3174 1970; x_wconf 92' lang='lat'><strong>:</strong></span> <span class='ocrx_word' id='word_1_217' title='bbox 3202 1931 3315 1969; x_wconf 86' lang='lat' dir='ltr'><strong>cum</strong></span> <span class='ocrx_word' id='word_1_218' title='bbox 3339 1914 3564 1984; x_wconf 76' lang='lat' dir='ltr'><strong>folliculi</strong></span> <span class='ocrx_word' id='word_1_219' title='bbox 3590 1933 3687 1984; x_wconf 84' lang='lat' dir='ltr'><strong>pa-</strong></span> 
     </span>
    </p>
   </div>
   <div class='ocr_carea' id='block_1_19' title="bbox 365 1982 1360 2054">
    <p class='ocr_par' dir='ltr' id='par_1_19' title="bbox 365 1982 1360 2054">
     <span class='ocr_line' id='line_1_19' title="bbox 365 1982 1360 2054; baseline -0.001 -17"><span class='ocrx_word' id='word_1_220' title='bbox 365 1982 504 2038; x_wconf 85' lang='lat' dir='ltr'><strong>Hlst.</strong></span> <span class='ocrx_word' id='word_1_221' title='bbox 529 1983 689 2054; x_wconf 69' lang='lat' dir='ltr'><strong>Aug,</strong></span> <span class='ocrx_word' id='word_1_222' title='bbox 720 1985 826 2038; x_wconf 89' lang='lat' dir='ltr'><strong>vol.</strong></span> <span class='ocrx_word' id='word_1_223' title='bbox 862 2000 921 2052; x_wconf 87' lang='lat' dir='ltr'><strong>ll,</strong></span> <span class='ocrx_word' id='word_1_224' title='bbox 954 1998 1007 2054; x_wconf 90' lang='lat' dir='ltr'><strong>p.</strong></span> <span class='ocrx_word' id='word_1_225' title='bbox 1045 1984 1132 2038; x_wconf 80' lang='grc'><strong>18.</strong></span> <span class='ocrx_word' id='word_1_226' title='bbox 1157 1982 1360 2040; x_wconf 75' lang='grc' dir='ltr'>Οιιειι..</span> 
     </span>
    </p>
   </div>
   <div class='ocr_carea' id='block_1_20' title="bbox 439 2054 1972 2127">
    <p class='ocr_par' dir='ltr' id='par_1_20' title="bbox 439 2054 1972 2127">
     <span class='ocr_line' id='line_1_20' title="bbox 439 2054 1972 2127; baseline 0.003 -19"><span class='ocrx_word' id='word_1_227' title='bbox 439 2054 627 2110; x_wconf 82' lang='lat' dir='ltr'><strong>Luteas</strong></span> <span class='ocrx_word' id='word_1_228' title='bbox 667 2057 969 2127; x_wconf 82' lang='lat' dir='ltr'><strong>voluptates.</strong></span> <span class='ocrx_word' id='word_1_229' title='bbox 997 2054 1208 2122; x_wconf 88' lang='lat' dir='ltr'><strong>Luteas,</strong></span> <span class='ocrx_word' id='word_1_230' title='bbox 1240 2057 1290 2109; x_wconf 91' lang='lat' dir='ltr'><strong>id</strong></span> <span class='ocrx_word' id='word_1_231' title='bbox 1323 2065 1406 2110; x_wconf 86' lang='lat' dir='ltr'><strong>est</strong></span> <span class='ocrx_word' id='word_1_232' title='bbox 1435 2056 1774 2124; x_wconf 78' lang='lat' dir='ltr'><strong>turpissimus</strong></span> <span class='ocrx_word' id='word_1_233' title='bbox 1794 2099 1809 2120; x_wconf 92' lang='lat'><strong>,</strong></span> <span class='ocrx_word' id='word_1_234' title='bbox 1842 2072 1972 2112; x_wconf 93' lang='lat' dir='ltr'><strong>con-</strong></span> 
     </span>
    </p>
   </div>
   <div class='ocr_carea' id='block_1_21' title="bbox 365 2127 1972 2199">
    <p class='ocr_par' dir='ltr' id='par_1_21' title="bbox 365 2127 1972 2199">
     <span class='ocr_line' id='line_1_21' title="bbox 365 2127 1972 2199; baseline 0.002 -19"><span class='ocrx_word' id='word_1_235' title='bbox 365 2128 750 2197; x_wconf 87' lang='lat' dir='ltr'><strong>temptissimas</strong></span> <span class='ocrx_word' id='word_1_236' title='bbox 773 2171 787 2193; x_wconf 90' lang='lat'><strong>,</strong></span> <span class='ocrx_word' id='word_1_237' title='bbox 829 2129 941 2182; x_wconf 93' lang='lat' dir='ltr'><strong>luto</strong></span> <span class='ocrx_word' id='word_1_238' title='bbox 973 2129 1212 2183; x_wconf 89' lang='lat' dir='ltr'><strong>viliores.</strong></span> <span class='ocrx_word' id='word_1_239' title='bbox 1251 2127 1340 2183; x_wconf 91' lang='lat' dir='ltr'><strong>Sic</strong></span> <span class='ocrx_word' id='word_1_240' title='bbox 1367 2143 1454 2199; x_wconf 91' lang='lat' dir='ltr'><strong>ap.</strong></span> <span class='ocrx_word' id='word_1_241' title='bbox 1489 2127 1735 2184; x_wconf 84' lang='lat' dir='ltr'><strong>Plautum</strong></span> <span class='ocrx_word' id='word_1_242' title='bbox 1765 2128 1972 2185; x_wconf 88' lang='lat' dir='ltr'><strong>Trucu-</strong></span> 
     </span>
    </p>
   </div>
   <div class='ocr_carea' id='block_1_22' title="bbox 365 2199 1316 2266">
    <p class='ocr_par' dir='ltr' id='par_1_22' title="bbox 365 2199 1316 2266">
     <span class='ocr_line' id='line_1_22' title="bbox 365 2199 1316 2266; baseline 0.003 -13"><span class='ocrx_word' id='word_1_243' title='bbox 365 2199 524 2266; x_wconf 84' lang='lat' dir='ltr'><strong>lent.,</strong></span> <span class='ocrx_word' id='word_1_244' title='bbox 555 2210 658 2254; x_wconf 88' lang='lat' dir='ltr'><strong>aet.</strong></span> <span class='ocrx_word' id='word_1_245' title='bbox 694 2215 765 2264; x_wconf 88' lang='lat' dir='ltr'><strong>tv,</strong></span> <span class='ocrx_word' id='word_1_246' title='bbox 797 2215 945 2254; x_wconf 87' lang='lat' dir='ltr'><strong>seen.</strong></span> <span class='ocrx_word' id='word_1_247' title='bbox 979 2216 1049 2266; x_wconf 87' lang='lat' dir='ltr'><strong>tv,</strong></span> <span class='ocrx_word' id='word_1_248' title='bbox 1086 2215 1226 2256; x_wconf 89' lang='lat' dir='ltr'><strong>vers.</strong></span> <span class='ocrx_word' id='word_1_249' title='bbox 1261 2217 1274 2254; x_wconf 97' lang='lat' dir='ltr'><strong>l</strong></span> <span class='ocrx_word' id='word_1_250' title='bbox 1303 2220 1316 2256; x_wconf 93' lang='lat'><strong>:</strong></span> 
     </span>
    </p>
   </div>
   <div class='ocr_carea' id='block_1_23' title="bbox 585 2292 1374 2345">
    <p class='ocr_par' dir='ltr' id='par_1_23' title="bbox 585 2292 1374 2345">
     <span class='ocr_line' id='line_1_23' title="bbox 585 2292 1374 2345; baseline 0.003 -2"><span class='ocrx_word' id='word_1_251' title='bbox 585 2292 745 2343; x_wconf 89' lang='lat' dir='ltr'><strong>Blitea</strong></span> <span class='ocrx_word' id='word_1_252' title='bbox 770 2301 822 2344; x_wconf 93' lang='lat' dir='ltr'><strong>et</strong></span> <span class='ocrx_word' id='word_1_253' title='bbox 846 2293 980 2344; x_wconf 87' lang='lat' dir='ltr'><strong>lutea</strong></span> <span class='ocrx_word' id='word_1_254' title='bbox 1007 2301 1083 2344; x_wconf 92' lang='lat' dir='ltr'><strong>est</strong></span> <span class='ocrx_word' id='word_1_255' title='bbox 1117 2293 1374 2345; x_wconf 75' lang='lat' dir='ltr'><strong>meretrix.</strong></span> 
     </span>
    </p>
   </div>
   <div class='ocr_carea' id='block_1_24' title="bbox 367 2400 1973 2472">
    <p class='ocr_par' dir='ltr' id='par_1_24' title="bbox 367 2400 1973 2472">
     <span class='ocr_line' id='line_1_24' title="bbox 367 2400 1973 2472; baseline 0.001 -16"><span class='ocrx_word' id='word_1_256' title='bbox 367 2402 458 2456; x_wconf 87' lang='lat' dir='ltr'><strong>ubi</strong></span> <span class='ocrx_word' id='word_1_257' title='bbox 489 2400 609 2456; x_wconf 88' lang='lat' dir='ltr'><strong>vide</strong></span> <span class='ocrx_word' id='word_1_258' title='bbox 636 2402 808 2472; x_wconf 89' lang='lat' dir='ltr'><strong>iutpp.</strong></span> <span class='ocrx_word' id='word_1_259' title='bbox 856 2401 1058 2457; x_wconf 81' lang='lat' dir='ltr'><strong>Eodem</strong></span> <span class='ocrx_word' id='word_1_260' title='bbox 1109 2417 1270 2458; x_wconf 90' lang='lat' dir='ltr'><strong>sensu</strong></span> <span class='ocrx_word' id='word_1_261' title='bbox 1297 2411 1579 2458; x_wconf 79' lang='lat' dir='ltr'><strong>stercoreus</strong></span> <span class='ocrx_word' id='word_1_262' title='bbox 1605 2417 1690 2472; x_wconf 88' lang='lat' dir='ltr'><strong>ap.</strong></span> <span class='ocrx_word' id='word_1_263' title='bbox 1721 2400 1973 2458; x_wconf 89' lang='lat' dir='ltr'><strong>eumdem</strong></span> 
     </span>
    </p>
   </div>
   <div class='ocr_carea' id='block_1_25' title="bbox 373 2474 1668 2540">
    <p class='ocr_par' dir='ltr' id='par_1_25' title="bbox 373 2474 1668 2540">
     <span class='ocr_line' id='line_1_25' title="bbox 373 2474 1668 2540; baseline -0.003 -10"><span class='ocrx_word' id='word_1_264' title='bbox 373 2474 545 2530; x_wconf 83' lang='lat' dir='ltr'><strong>Plaut.</strong></span> <span class='ocrx_word' id='word_1_265' title='bbox 580 2474 688 2528; x_wconf 83' lang='lat' dir='ltr'><strong>Mil.</strong></span> <span class='ocrx_word' id='word_1_266' title='bbox 715 2474 885 2538; x_wconf 89' lang='lat' dir='ltr'><strong>Glor.,</strong></span> <span class='ocrx_word' id='word_1_267' title='bbox 918 2484 1022 2530; x_wconf 90' lang='lat' dir='ltr'><strong>aet.</strong></span> <span class='ocrx_word' id='word_1_268' title='bbox 1052 2492 1108 2540; x_wconf 88' lang='lat' dir='ltr'><strong>ll,</strong></span> <span class='ocrx_word' id='word_1_269' title='bbox 1138 2490 1283 2531; x_wconf 87' lang='lat' dir='ltr'><strong>scen.</strong></span> <span class='ocrx_word' id='word_1_270' title='bbox 1316 2491 1352 2540; x_wconf 85' lang='grc' dir='ltr'>ι,</span> <span class='ocrx_word' id='word_1_271' title='bbox 1387 2490 1527 2530; x_wconf 90' lang='lat' dir='ltr'><strong>vers.</strong></span> <span class='ocrx_word' id='word_1_272' title='bbox 1564 2474 1668 2529; x_wconf 74' lang='lat'><strong>12:</strong></span> 
     </span>
    </p>
   </div>
   <div class='ocr_carea' id='block_1_26' title="bbox 1221 2571 1724 2629">
    <p class='ocr_par' dir='ltr' id='par_1_26' title="bbox 1221 2571 1724 2629">
     <span class='ocr_line' id='line_1_26' title="bbox 1221 2571 1724 2629; baseline -0.006 -9"><span class='ocrx_word' id='word_1_273' title='bbox 1221 2571 1367 2621; x_wconf 82' lang='lat' dir='ltr'><strong>Miles</strong></span> <span class='ocrx_word' id='word_1_274' title='bbox 1391 2584 1532 2620; x_wconf 86' lang='lat' dir='ltr'><strong>meus</strong></span> <span class='ocrx_word' id='word_1_275' title='bbox 1553 2571 1724 2629; x_wconf 89' lang='lat' dir='ltr'><strong>berus,</strong></span> 
     </span>
    </p>
   </div>
   <div class='ocr_carea' id='block_1_27' title="bbox 468 2633 1709 2698">
    <p class='ocr_par' dir='ltr' id='par_1_27' title="bbox 468 2633 1709 2698">
     <span class='ocr_line' id='line_1_27' title="bbox 468 2633 1709 2698; baseline -0.002 -14"><span class='ocrx_word' id='word_1_276' title='bbox 468 2636 561 2694; x_wconf 86' lang='lat' dir='ltr'><strong>Qui</strong></span> <span class='ocrx_word' id='word_1_277' title='bbox 587 2635 701 2686; x_wconf 81' lang='lat' dir='ltr'><strong>hinc</strong></span> <span class='ocrx_word' id='word_1_278' title='bbox 719 2634 779 2684; x_wconf 85' lang='lat' dir='ltr'><strong>ad</strong></span> <span class='ocrx_word' id='word_1_279' title='bbox 805 2633 960 2683; x_wconf 87' lang='lat' dir='ltr'><strong>forum</strong></span> <span class='ocrx_word' id='word_1_280' title='bbox 986 2634 1126 2698; x_wconf 86' lang='lat' dir='ltr'><strong>abiit.</strong></span> <span class='ocrx_word' id='word_1_281' title='bbox 1144 2635 1404 2698; x_wconf 83' lang='lat' dir='ltr'><strong>gloriosus,</strong></span> <span class='ocrx_word' id='word_1_282' title='bbox 1432 2633 1709 2698; x_wconf 77' lang='lat' dir='ltr'><strong>impudens,</strong></span> 
     </span>
    </p>
   </div>
   <div class='ocr_carea' id='block_1_28' title="bbox 471 2693 1881 2761">
    <p class='ocr_par' dir='ltr' id='par_1_28' title="bbox 471 2693 1881 2761">
     <span class='ocr_line' id='line_1_28' title="bbox 471 2693 1881 2761; baseline -0.004 -13"><span class='ocrx_word' id='word_1_283' title='bbox 471 2693 787 2759; x_wconf 83' lang='lat' dir='ltr'><strong>Stercoreus,</strong></span> <span class='ocrx_word' id='word_1_284' title='bbox 816 2698 996 2761; x_wconf 85' lang='lat' dir='ltr'><strong>plenus</strong></span> <span class='ocrx_word' id='word_1_285' title='bbox 1013 2693 1217 2760; x_wconf 60' lang='lat' dir='ltr'><strong>pt&#39;rjurii</strong></span> <span class='ocrx_word' id='word_1_286' title='bbox 1240 2704 1390 2760; x_wconf 87' lang='lat' dir='ltr'><strong>atque.</strong></span> <span class='ocrx_word' id='word_1_287' title='bbox 1415 2693 1682 2760; x_wconf 30' lang='lat' dir='ltr'><strong>adulteriin</strong></span> <span class='ocrx_word' id='word_1_288' title='bbox 1702 2693 1881 2745; x_wconf 75' lang='grc' dir='ltr'>Οιιειι..</span> 
     </span>
    </p>
   </div>
   <div class='ocr_carea' id='block_1_29' title="bbox 449 2799 1978 2865">
    <p class='ocr_par' dir='ltr' id='par_1_29' title="bbox 449 2799 1978 2865">
     <span class='ocr_line' id='line_1_29' title="bbox 449 2799 1978 2865; baseline -0.001 -9"><span class='ocrx_word' id='word_1_289' title='bbox 449 2802 738 2857; x_wconf 85' lang='lat' dir='ltr'><strong>Pertunda.</strong></span> <span class='ocrx_word' id='word_1_290' title='bbox 775 2803 1134 2858; x_wconf 80' lang='lat' dir='ltr'><strong>Tertulliunus</strong></span> <span class='ocrx_word' id='word_1_291' title='bbox 1163 2801 1423 2856; x_wconf 88' lang='lat' dir='ltr'><strong>adversus</strong></span> <span class='ocrx_word' id='word_1_292' title='bbox 1454 2799 1709 2855; x_wconf 87' lang='lat' dir='ltr'><strong>Nationes</strong></span> <span class='ocrx_word' id='word_1_293' title='bbox 1732 2841 1745 2862; x_wconf 84' lang='lat'><strong>.</strong></span> <span class='ocrx_word' id='word_1_294' title='bbox 1779 2799 1872 2853; x_wconf 92' lang='lat' dir='ltr'><strong>lib.</strong></span> <span class='ocrx_word' id='word_1_295' title='bbox 1907 2813 1941 2854; x_wconf 96' lang='lat' dir='ltr'><strong>ll</strong></span> <span class='ocrx_word' id='word_1_296' title='bbox 1963 2839 1978 2865; x_wconf 95' lang='lat'><strong>,</strong></span> 
     </span>
    </p>
   </div>
   <div class='ocr_carea' id='block_1_30' title="bbox 375 2872 1979 2944">
    <p class='ocr_par' dir='ltr' id='par_1_30' title="bbox 375 2872 1979 2944">
     <span class='ocr_line' id='line_1_30' title="bbox 375 2872 1979 2944; baseline -0.004 -12"><span class='ocrx_word' id='word_1_297' title='bbox 375 2890 496 2944; x_wconf 85' lang='lat' dir='ltr'><strong>cap.</strong></span> <span class='ocrx_word' id='word_1_298' title='bbox 531 2875 589 2928; x_wconf 77' lang='lat' dir='ltr'><strong>ll</strong></span> <span class='ocrx_word' id='word_1_299' title='bbox 629 2894 642 2929; x_wconf 92' lang='lat'><strong>:</strong></span> <span class='ocrx_word' id='word_1_300' title='bbox 680 2875 746 2928; x_wconf 80' lang='lat' dir='ltr'><strong>Et</strong></span> <span class='ocrx_word' id='word_1_301' title='bbox 775 2875 868 2928; x_wconf 84' lang='lat' dir='ltr'><strong>dea</strong></span> <span class='ocrx_word' id='word_1_302' title='bbox 893 2874 1160 2928; x_wconf 88' lang='lat' dir='ltr'><strong>Pertunda</strong></span> <span class='ocrx_word' id='word_1_303' title='bbox 1191 2885 1236 2928; x_wconf 92' lang='lat' dir='ltr'><strong>et</strong></span> <span class='ocrx_word' id='word_1_304' title='bbox 1270 2873 1493 2942; x_wconf 88' lang='lat' dir='ltr'><strong>Subigus</strong></span> <span class='ocrx_word' id='word_1_305' title='bbox 1523 2882 1568 2926; x_wconf 90' lang='lat' dir='ltr'><strong>et</strong></span> <span class='ocrx_word' id='word_1_306' title='bbox 1600 2872 1787 2926; x_wconf 81' lang='lat' dir='ltr'><strong>Prema</strong></span> <span class='ocrx_word' id='word_1_307' title='bbox 1821 2912 1834 2924; x_wconf 94' lang='lat'><strong>.</strong></span> <span class='ocrx_word' id='word_1_308' title='bbox 1860 2912 1872 2924; x_wconf 96' lang='lat'><strong>.</strong></span> <span class='ocrx_word' id='word_1_309' title='bbox 1896 2912 1908 2924; x_wconf 96' lang='lat'><strong>.</strong></span> <span class='ocrx_word' id='word_1_310' title='bbox 1932 2912 1942 2923; x_wconf 93' lang='lat'><strong>.</strong></span> <span class='ocrx_word' id='word_1_311' title='bbox 1967 2912 1979 2926; x_wconf 94' lang='lat'><strong>.</strong></span> 
     </span>
    </p>
   </div>
   <div class='ocr_carea' id='block_1_31' title="bbox 378 2944 1986 3018">
    <p class='ocr_par' dir='ltr' id='par_1_31' title="bbox 378 2944 1986 3018">
     <span class='ocr_line' id='line_1_31' title="bbox 378 2944 1986 3018; baseline -0.002 -18"><span class='ocrx_word' id='word_1_312' title='bbox 378 2947 573 3018; x_wconf 86' lang='lat' dir='ltr'><strong>parcite</strong></span> <span class='ocrx_word' id='word_1_313' title='bbox 598 2948 678 3000; x_wconf 86' lang='lat' dir='ltr'><strong>dei</strong></span> <span class='ocrx_word' id='word_1_314' title='bbox 707 2947 1025 3013; x_wconf 84' lang='lat' dir='ltr'><strong>impudentes</strong></span> <span class='ocrx_word' id='word_1_315' title='bbox 1049 2988 1064 3012; x_wconf 91' lang='lat'><strong>,</strong></span> <span class='ocrx_word' id='word_1_316' title='bbox 1095 2947 1407 3018; x_wconf 74' lang='lat' dir='ltr'><strong>metantibus</strong></span> <span class='ocrx_word' id='word_1_317' title='bbox 1433 2944 1632 3014; x_wconf 85' lang='lat' dir='ltr'><strong>sponsis</strong></span> <span class='ocrx_word' id='word_1_318' title='bbox 1654 2959 1799 3018; x_wconf 77' lang='lat' dir='ltr'><strong>nemo</strong></span> <span class='ocrx_word' id='word_1_319' title='bbox 1827 2945 1986 3018; x_wconf 83' lang='lat' dir='ltr'><strong>inter-</strong></span> 
     </span>
    </p>
   </div>
   <div class='ocr_carea' id='block_1_32' title="bbox 378 3014 1987 3085">
    <p class='ocr_par' dir='ltr' id='par_1_32' title="bbox 378 3014 1987 3085">
     <span class='ocr_line' id='line_1_32' title="bbox 378 3014 1987 3085; baseline -0.002 -13"><span class='ocrx_word' id='word_1_320' title='bbox 378 3014 532 3072; x_wconf 60' lang='lat' dir='ltr'><strong>uenit.</strong></span> <span class='ocrx_word' id='word_1_321' title='bbox 578 3018 857 3085; x_wconf 74' lang='lat' dir='ltr'><strong>Augustin.</strong></span> <span class='ocrx_word' id='word_1_322' title='bbox 881 3059 895 3082; x_wconf 92' lang='lat'><strong>,</strong></span> <span class='ocrx_word' id='word_1_323' title='bbox 938 3018 1005 3071; x_wconf 93' lang='lat' dir='ltr'><strong>de</strong></span> <span class='ocrx_word' id='word_1_324' title='bbox 1047 3018 1162 3072; x_wconf 89' lang='lat' dir='ltr'><strong>Civ.</strong></span> <span class='ocrx_word' id='word_1_325' title='bbox 1197 3017 1320 3080; x_wconf 88' lang='lat' dir='ltr'><strong>Dei,</strong></span> <span class='ocrx_word' id='word_1_326' title='bbox 1349 3016 1441 3070; x_wconf 92' lang='lat' dir='ltr'><strong>lib.</strong></span> <span class='ocrx_word' id='word_1_327' title='bbox 1479 3032 1551 3074; x_wconf 79' lang='lat' dir='ltr'><strong>VI.</strong></span> <span class='ocrx_word' id='word_1_328' title='bbox 1584 3030 1702 3081; x_wconf 88' lang='lat' dir='ltr'><strong>cap.</strong></span> <span class='ocrx_word' id='word_1_329' title='bbox 1728 3014 1798 3070; x_wconf 92' lang='lat'><strong>9:</strong></span> <span class='ocrx_word' id='word_1_330' title='bbox 1831 3015 1987 3068; x_wconf 77' lang='lat' dir='ltr'><strong>Adest</strong></span> 
     </span>
    </p>
   </div>
   <div class='ocr_carea' id='block_1_33' title="bbox 382 3086 1987 3160">
    <p class='ocr_par' dir='ltr' id='par_1_33' title="bbox 382 3086 1987 3160">
     <span class='ocr_line' id='line_1_33' title="bbox 382 3086 1987 3160; baseline -0.002 -16"><span class='ocrx_word' id='word_1_331' title='bbox 382 3091 516 3144; x_wconf 87' lang='lat' dir='ltr'><strong>enim</strong></span> <span class='ocrx_word' id='word_1_332' title='bbox 545 3089 641 3160; x_wconf 78' lang='lat' dir='ltr'><strong>dea</strong></span> <span class='ocrx_word' id='word_1_333' title='bbox 676 3088 1037 3160; x_wconf 82' lang='lat' dir='ltr'><strong>Virginiensis,</strong></span> <span class='ocrx_word' id='word_1_334' title='bbox 1087 3100 1133 3143; x_wconf 90' lang='lat' dir='ltr'><strong>et</strong></span> <span class='ocrx_word' id='word_1_335' title='bbox 1181 3090 1306 3143; x_wconf 88' lang='lat' dir='ltr'><strong>deus</strong></span> <span class='ocrx_word' id='word_1_336' title='bbox 1349 3097 1497 3160; x_wconf 64' lang='lat' dir='ltr'><strong>pater</strong></span> <span class='ocrx_word' id='word_1_337' title='bbox 1526 3086 1780 3160; x_wconf 58' lang='lat' dir='ltr'><strong>Subigtts.</strong></span> <span class='ocrx_word' id='word_1_338' title='bbox 1811 3096 1860 3160; x_wconf 86' lang='lat' dir='ltr'><strong>et</strong></span> <span class='ocrx_word' id='word_1_339' title='bbox 1891 3086 1987 3141; x_wconf 85' lang='lat' dir='ltr'><strong>dea</strong></span> 
     </span>
    </p>
   </div>
   <div class='ocr_carea' id='block_1_34' title="bbox 384 3156 1990 3226">
    <p class='ocr_par' dir='ltr' id='par_1_34' title="bbox 384 3156 1990 3226">
     <span class='ocr_line' id='line_1_34' title="bbox 384 3156 1990 3226; baseline -0.002 -12"><span class='ocrx_word' id='word_1_340' title='bbox 384 3171 549 3214; x_wconf 85' lang='lat' dir='ltr'><strong>mater</strong></span> <span class='ocrx_word' id='word_1_341' title='bbox 575 3156 796 3226; x_wconf 53' lang='lat' dir='ltr'><strong>Prema&#39;,</strong></span> <span class='ocrx_word' id='word_1_342' title='bbox 828 3172 872 3214; x_wconf 91' lang='lat' dir='ltr'><strong>et</strong></span> <span class='ocrx_word' id='word_1_343' title='bbox 901 3161 994 3214; x_wconf 89' lang='lat' dir='ltr'><strong>dea</strong></span> <span class='ocrx_word' id='word_1_344' title='bbox 1028 3159 1291 3214; x_wconf 86' lang='lat' dir='ltr'><strong>Pertunda</strong></span> <span class='ocrx_word' id='word_1_345' title='bbox 1310 3202 1326 3226; x_wconf 94' lang='lat'><strong>,</strong></span> <span class='ocrx_word' id='word_1_346' title='bbox 1350 3156 1417 3215; x_wconf 82' lang='lat' dir='ltr'><strong>et</strong></span> <span class='ocrx_word' id='word_1_347' title='bbox 1461 3157 1627 3212; x_wconf 84' lang='lat' dir='ltr'><strong>Venus</strong></span> <span class='ocrx_word' id='word_1_348' title='bbox 1654 3168 1696 3211; x_wconf 89' lang='lat' dir='ltr'><strong>et</strong></span> <span class='ocrx_word' id='word_1_349' title='bbox 1725 3156 1954 3225; x_wconf 79' lang='lat' dir='ltr'><strong>Priapus</strong></span> <span class='ocrx_word' id='word_1_350' title='bbox 1973 3200 1990 3226; x_wconf 86' lang='lat'><strong>,</strong></span> 
     </span>
    </p>
   </div>
   <div class='ocr_carea' id='block_1_35' title="bbox 386 3228 1932 3301">
    <p class='ocr_par' dir='ltr' id='par_1_35' title="bbox 386 3228 1932 3301">
     <span class='ocr_line' id='line_1_35' title="bbox 386 3228 1932 3301; baseline -0.003 -15"><span class='ocrx_word' id='word_1_351' title='bbox 386 3243 440 3286; x_wconf 81' lang='lat' dir='ltr'><strong>et</strong></span> <span class='ocrx_word' id='word_1_352' title='bbox 466 3248 588 3296; x_wconf 72' lang='lat' dir='ltr'><strong>qua:</strong></span> <span class='ocrx_word' id='word_1_353' title='bbox 616 3242 932 3301; x_wconf 83' lang='lat' dir='ltr'><strong>sequuntur,</strong></span> <span class='ocrx_word' id='word_1_354' title='bbox 968 3233 1220 3287; x_wconf 57' lang='lat' dir='ltr'><strong>obscaena</strong></span> <span class='ocrx_word' id='word_1_355' title='bbox 1253 3247 1384 3287; x_wconf 83' lang='lat' dir='ltr'><strong>sane</strong></span> <span class='ocrx_word' id='word_1_356' title='bbox 1415 3246 1476 3284; x_wconf 89' lang='lat' dir='ltr'><strong>ac</strong></span> <span class='ocrx_word' id='word_1_357' title='bbox 1501 3230 1697 3299; x_wconf 87' lang='lat' dir='ltr'><strong>turpia.</strong></span> <span class='ocrx_word' id='word_1_358' title='bbox 1728 3228 1932 3284; x_wconf 76' lang='lat' dir='ltr'><strong>ORELL.</strong></span> 
     </span>
    </p>
   </div>
   <div class='ocr_carea' id='block_1_36' title="bbox 467 3301 1990 3374">
    <p class='ocr_par' dir='ltr' id='par_1_36' title="bbox 467 3301 1990 3374">
     <span class='ocr_line' id='line_1_36' title="bbox 467 3301 1990 3374; baseline -0.001 -18"><span class='ocrx_word' id='word_1_359' title='bbox 467 3301 779 3374; x_wconf 77' lang='lat' dir='ltr'><strong>Virginalem</strong></span> <span class='ocrx_word' id='word_1_360' title='bbox 801 3305 1044 3359; x_wconf 84' lang='lat' dir='ltr'><strong>scrobem.</strong></span> <span class='ocrx_word' id='word_1_361' title='bbox 1060 3303 1134 3357; x_wconf 89' lang='lat' dir='ltr'><strong>lla</strong></span> <span class='ocrx_word' id='word_1_362' title='bbox 1161 3304 1402 3372; x_wconf 90' lang='lat' dir='ltr'><strong>Ettripid.</strong></span> <span class='ocrx_word' id='word_1_363' title='bbox 1420 3302 1714 3368; x_wconf 70' lang='lat' dir='ltr'><strong>Pltmniss.,</strong></span> <span class='ocrx_word' id='word_1_364' title='bbox 1743 3317 1884 3356; x_wconf 83' lang='lat' dir='ltr'><strong>vers.</strong></span> <span class='ocrx_word' id='word_1_365' title='bbox 1905 3301 1990 3357; x_wconf 79' lang='grc'><strong>18.</strong></span> 
     </span>
    </p>
   </div>
   <div class='ocr_carea' id='block_1_37' title="bbox 391 3374 1255 3452">
    <p class='ocr_par' dir='ltr' id='par_1_37' title="bbox 391 3374 1255 3452">
     <span class='ocr_line' id='line_1_37' title="bbox 391 3374 1255 3452; baseline -0.005 -20"><span class='ocrx_word' id='word_1_366' title='bbox 391 3377 619 3452; x_wconf 52' lang='lat' dir='ltr'><strong>dissipata</strong></span> <span class='ocrx_word' id='word_1_367' title='bbox 648 3378 826 3452; x_wconf 69' lang='grc' dir='ltr'><strong>τέκνῳ-δ</strong></span> <span class='ocrx_word' id='word_1_368' title='bbox 855 3374 1023 3452; x_wconf 48' lang='grc' dir='ltr'><strong>ἅλοὲα.</strong></span> <span class='ocrx_word' id='word_1_369' title='bbox 1053 3375 1255 3430; x_wconf 75' lang='grc' dir='ltr'>Οιιι-ῖιι..</span> 
     </span>
    </p>
   </div>
   <div class='ocr_carea' id='block_1_38' title="bbox 465 3444 1992 3504">
    <p class='ocr_par' dir='ltr' id='par_1_38' title="bbox 465 3444 1992 3504">
     <span class='ocr_line' id='line_1_38' title="bbox 465 3444 1992 3504; baseline -0.001 -4"><span class='ocrx_word' id='word_1_370' title='bbox 465 3444 718 3502; x_wconf 82' lang='lat' dir='ltr'><strong>Tutuuus.</strong></span> <span class='ocrx_word' id='word_1_371' title='bbox 767 3448 839 3503; x_wconf 88' lang='lat' dir='ltr'><strong>lt:t</strong></span> <span class='ocrx_word' id='word_1_372' title='bbox 865 3465 897 3502; x_wconf 86' lang='lat' dir='ltr'><strong>e</strong></span> <span class='ocrx_word' id='word_1_373' title='bbox 924 3447 1060 3503; x_wconf 89' lang='lat' dir='ltr'><strong>Cod.</strong></span> <span class='ocrx_word' id='word_1_374' title='bbox 1115 3463 1216 3502; x_wconf 92' lang='lat' dir='ltr'><strong>ms.</strong></span> <span class='ocrx_word' id='word_1_375' title='bbox 1274 3446 1443 3501; x_wconf 92' lang='lat' dir='ltr'><strong>edidit</strong></span> <span class='ocrx_word' id='word_1_376' title='bbox 1485 3444 1783 3504; x_wconf 79' lang='lat' dir='ltr'><strong>Salmasius</strong></span> <span class='ocrx_word' id='word_1_377' title='bbox 1825 3444 1876 3499; x_wconf 89' lang='lat' dir='ltr'><strong>in</strong></span> <span class='ocrx_word' id='word_1_378' title='bbox 1904 3444 1992 3499; x_wconf 90' lang='lat' dir='ltr'><strong>ed.</strong></span> 
     </span>
    </p>
   </div>
   <div class='ocr_carea' id='block_1_39' title="bbox 389 3515 1996 3589">
    <p class='ocr_par' dir='ltr' id='par_1_39' title="bbox 389 3515 1996 3589">
     <span class='ocr_line' id='line_1_39' title="bbox 389 3515 1996 3589; baseline -0.004 -15"><span class='ocrx_word' id='word_1_379' title='bbox 389 3518 562 3588; x_wconf 89' lang='lat' dir='ltr'><strong>Lugd.</strong></span> <span class='ocrx_word' id='word_1_380' title='bbox 599 3519 712 3573; x_wconf 87' lang='lat' dir='ltr'><strong>Bat.</strong></span> <span class='ocrx_word' id='word_1_381' title='bbox 747 3531 799 3574; x_wconf 89' lang='lat' dir='ltr'><strong>et</strong></span> <span class='ocrx_word' id='word_1_382' title='bbox 829 3520 892 3573; x_wconf 86' lang='lat' dir='ltr'><strong>ad</strong></span> <span class='ocrx_word' id='word_1_383' title='bbox 919 3519 1117 3585; x_wconf 89' lang='lat' dir='ltr'><strong>Solin.,</strong></span> <span class='ocrx_word' id='word_1_384' title='bbox 1151 3535 1268 3589; x_wconf 84' lang='lat' dir='ltr'><strong>cap.</strong></span> <span class='ocrx_word' id='word_1_385' title='bbox 1307 3519 1408 3581; x_wconf 62' lang='lat'><strong>96,</strong></span> <span class='ocrx_word' id='word_1_386' title='bbox 1441 3535 1491 3586; x_wconf 90' lang='lat' dir='ltr'><strong>p.</strong></span> <span class='ocrx_word' id='word_1_387' title='bbox 1525 3518 1655 3572; x_wconf 68' lang='lat'><strong>2|9.</strong></span> <span class='ocrx_word' id='word_1_388' title='bbox 1682 3517 1825 3571; x_wconf 76' lang='lat' dir='ltr'><strong>Alii:</strong></span> <span class='ocrx_word' id='word_1_389' title='bbox 1872 3515 1996 3570; x_wconf 84' lang='lat' dir='ltr'><strong>Mu-</strong></span> 
     </span>
    </p>
   </div>
   <div class='ocr_carea' id='block_1_40' title="bbox 392 3589 1993 3655">
    <p class='ocr_par' dir='ltr' id='par_1_40' title="bbox 392 3589 1993 3655">
     <span class='ocr_line' id='line_1_40' title="bbox 392 3589 1993 3655; baseline -0.002 -10"><span class='ocrx_word' id='word_1_390' title='bbox 392 3601 565 3645; x_wconf 89' lang='lat' dir='ltr'><strong>tunus.</strong></span> <span class='ocrx_word' id='word_1_391' title='bbox 585 3593 658 3645; x_wconf 89' lang='lat' dir='ltr'><strong>De</strong></span> <span class='ocrx_word' id='word_1_392' title='bbox 676 3591 1094 3647; x_wconf 69' lang='lat' dir='ltr'><strong>fmdissimnltoc</strong></span> <span class='ocrx_word' id='word_1_393' title='bbox 1114 3592 1222 3645; x_wconf 87' lang='lat' dir='ltr'><strong>Deo</strong></span> <span class='ocrx_word' id='word_1_394' title='bbox 1243 3590 1364 3646; x_wconf 90' lang='lat' dir='ltr'><strong>vide</strong></span> <span class='ocrx_word' id='word_1_395' title='bbox 1393 3591 1530 3645; x_wconf 89' lang='lat' dir='ltr'><strong>infra</strong></span> <span class='ocrx_word' id='word_1_396' title='bbox 1564 3589 1628 3643; x_wconf 91' lang='lat' dir='ltr'><strong>ad</strong></span> <span class='ocrx_word' id='word_1_397' title='bbox 1657 3605 1778 3655; x_wconf 87' lang='lat' dir='ltr'><strong>cap.</strong></span> <span class='ocrx_word' id='word_1_398' title='bbox 1810 3589 1993 3644; x_wconf 75' lang='lat'><strong>“.10.</strong></span> 
     </span>
    </p>
   </div>
   <div class='ocr_carea' id='block_1_41' title="bbox 467 3661 1999 3733">
    <p class='ocr_par' dir='ltr' id='par_1_41' title="bbox 467 3661 1999 3733">
     <span class='ocr_line' id='line_1_41' title="bbox 467 3661 1999 3733; baseline -0.001 -16"><span class='ocrx_word' id='word_1_399' title='bbox 467 3663 628 3733; x_wconf 81' lang='lat' dir='ltr'><strong>Cujus</strong></span> <span class='ocrx_word' id='word_1_400' title='bbox 655 3665 963 3718; x_wconf 84' lang='lat' dir='ltr'><strong>immanibus</strong></span> <span class='ocrx_word' id='word_1_401' title='bbox 987 3664 1259 3732; x_wconf 79' lang='lat' dir='ltr'><strong>pudendis,</strong></span> <span class='ocrx_word' id='word_1_402' title='bbox 1281 3675 1384 3717; x_wconf 91' lang='lat' dir='ltr'><strong>etc.</strong></span> <span class='ocrx_word' id='word_1_403' title='bbox 1411 3661 1564 3718; x_wconf 80' lang='lat' dir='ltr'><strong>Conl&#39;.</strong></span> <span class='ocrx_word' id='word_1_404' title='bbox 1597 3661 1909 3733; x_wconf 74' lang='lat' dir='ltr'><strong>Augustin.,</strong></span> <span class='ocrx_word' id='word_1_405' title='bbox 1929 3661 1999 3716; x_wconf 88' lang='lat' dir='ltr'><strong>de</strong></span> 
     </span>
    </p>
   </div>
   <div class='ocr_carea' id='block_1_42' title="bbox 391 3732 1994 3802">
    <p class='ocr_par' dir='ltr' id='par_1_42' title="bbox 391 3732 1994 3802">
     <span class='ocr_line' id='line_1_42' title="bbox 391 3732 1994 3802; baseline -0.003 -13"><span class='ocrx_word' id='word_1_406' title='bbox 391 3732 508 3789; x_wconf 89' lang='lat' dir='ltr'><strong>Civ.</strong></span> <span class='ocrx_word' id='word_1_407' title='bbox 541 3732 660 3798; x_wconf 87' lang='lat' dir='ltr'><strong>Dei,</strong></span> <span class='ocrx_word' id='word_1_408' title='bbox 697 3737 786 3790; x_wconf 89' lang='lat' dir='ltr'><strong>lib.</strong></span> <span class='ocrx_word' id='word_1_409' title='bbox 821 3753 894 3797; x_wconf 75' lang='lat' dir='ltr'><strong>xu,</strong></span> <span class='ocrx_word' id='word_1_410' title='bbox 930 3752 1050 3797; x_wconf 87' lang='lat' dir='ltr'><strong>cap.</strong></span> <span class='ocrx_word' id='word_1_411' title='bbox 1083 3737 1144 3797; x_wconf 86' lang='lat'><strong>9;</strong></span> <span class='ocrx_word' id='word_1_412' title='bbox 1176 3736 1268 3790; x_wconf 88' lang='lat' dir='ltr'><strong>lib.</strong></span> <span class='ocrx_word' id='word_1_413' title='bbox 1299 3751 1394 3798; x_wconf 78' lang='lat' dir='ltr'><strong>xu,</strong></span> <span class='ocrx_word' id='word_1_414' title='bbox 1425 3750 1544 3802; x_wconf 88' lang='lat' dir='ltr'><strong>cap.</strong></span> <span class='ocrx_word' id='word_1_415' title='bbox 1572 3735 1679 3796; x_wconf 61' lang='lat'><strong>‘24;</strong></span> <span class='ocrx_word' id='word_1_416' title='bbox 1725 3732 1994 3797; x_wconf 87' lang='lat' dir='ltr'><strong>Lactant.,</strong></span> 
     </span>
    </p>
   </div>
   <div class='ocr_carea' id='block_1_43' title="bbox 393 3806 1682 3880">
    <p class='ocr_par' dir='ltr' id='par_1_43' title="bbox 393 3806 1682 3880">
     <span class='ocr_line' id='line_1_43' title="bbox 393 3806 1682 3880; baseline -0.002 -20"><span class='ocrx_word' id='word_1_417' title='bbox 393 3806 527 3880; x_wconf 79' lang='lat' dir='ltr'><strong>Inst.</strong></span> <span class='ocrx_word' id='word_1_418' title='bbox 555 3823 590 3872; x_wconf 85' lang='grc' dir='ltr'>ι,</span> <span class='ocrx_word' id='word_1_419' title='bbox 622 3823 740 3876; x_wconf 88' lang='lat' dir='ltr'><strong>cap.</strong></span> <span class='ocrx_word' id='word_1_420' title='bbox 775 3808 865 3871; x_wconf 52' lang='grc' dir='ltr'><strong>Ἡ..</strong></span> <span class='ocrx_word' id='word_1_421' title='bbox 900 3809 926 3880; x_wconf 79' lang='lat'>§</span> <span class='ocrx_word' id='word_1_422' title='bbox 955 3809 1046 3864; x_wconf 79' lang='lat'><strong>56.</strong></span> <span class='ocrx_word' id='word_1_423' title='bbox 1083 3808 1328 3862; x_wconf 71' lang='lat' dir='ltr'><strong>Euam.</strong></span> <span class='ocrx_word' id='word_1_424' title='bbox 1363 3816 1417 3861; x_wconf 88' lang='lat' dir='ltr'><strong>et</strong></span> <span class='ocrx_word' id='word_1_425' title='bbox 1440 3806 1682 3880; x_wconf 66' lang='lat' dir='ltr'><strong>lienam).</strong></span> 
     </span>
    </p>
   </div>
   <div class='ocr_carea' id='block_1_44' title="bbox 473 3876 2002 3946">
    <p class='ocr_par' dir='ltr' id='par_1_44' title="bbox 473 3876 2002 3946">
     <span class='ocr_line' id='line_1_44' title="bbox 473 3876 2002 3946; baseline -0.002 -13"><span class='ocrx_word' id='word_1_426' title='bbox 473 3879 622 3946; x_wconf 82' lang='lat' dir='ltr'><strong>Quod</strong></span> <span class='ocrx_word' id='word_1_427' title='bbox 648 3881 692 3933; x_wconf 88' lang='lat' dir='ltr'><strong>si</strong></span> <span class='ocrx_word' id='word_1_428' title='bbox 720 3876 1024 3934; x_wconf 80' lang='lat' dir='ltr'><strong>minimeros</strong></span> <span class='ocrx_word' id='word_1_429' title='bbox 1046 3879 1319 3933; x_wconf 87' lang='lat' dir='ltr'><strong>admonent</strong></span> <span class='ocrx_word' id='word_1_430' title='bbox 1341 3879 1408 3931; x_wconf 89' lang='lat' dir='ltr'><strong>ad</strong></span> <span class='ocrx_word' id='word_1_431' title='bbox 1429 3879 1734 3931; x_wconf 87' lang='lat' dir='ltr'><strong>intellectum</strong></span> <span class='ocrx_word' id='word_1_432' title='bbox 1774 3876 2002 3930; x_wconf 78' lang='lat' dir='ltr'><strong>veritatis</strong></span> 
     </span>
    </p>
   </div>
   <div class='ocr_carea' id='block_1_45' title="bbox 395 3946 2002 4020">
    <p class='ocr_par' dir='ltr' id='par_1_45' title="bbox 395 3946 2002 4020">
     <span class='ocr_line' id='line_1_45' title="bbox 395 3946 2002 4020; baseline -0.003 -15"><span class='ocrx_word' id='word_1_433' title='bbox 395 3967 476 4005; x_wconf 84' lang='lat' dir='ltr'><strong>res</strong></span> <span class='ocrx_word' id='word_1_434' title='bbox 505 3951 649 4020; x_wconf 70' lang='grc' dir='ltr'><strong>ἔρδω.</strong></span> <span class='ocrx_word' id='word_1_435' title='bbox 709 3951 914 4007; x_wconf 86' lang='lat' dir='ltr'><strong>Sensus</strong></span> <span class='ocrx_word' id='word_1_436' title='bbox 951 3961 1034 4004; x_wconf 87' lang='lat' dir='ltr'><strong>est</strong></span> <span class='ocrx_word' id='word_1_437' title='bbox 1066 3969 1078 4004; x_wconf 92' lang='lat'><strong>:</strong></span> <span class='ocrx_word' id='word_1_438' title='bbox 1111 3950 1264 4019; x_wconf 84' lang='lat' dir='ltr'><strong>Quod</strong></span> <span class='ocrx_word' id='word_1_439' title='bbox 1293 3951 1334 4002; x_wconf 87' lang='lat' dir='ltr'><strong>si</strong></span> <span class='ocrx_word' id='word_1_440' title='bbox 1365 3965 1452 4003; x_wconf 91' lang='lat' dir='ltr'><strong>res</strong></span> <span class='ocrx_word' id='word_1_441' title='bbox 1474 3949 1624 4016; x_wconf 70' lang='lat' dir='ltr'><strong>ipsae,</strong></span> <span class='ocrx_word' id='word_1_442' title='bbox 1652 3946 1702 4000; x_wconf 92' lang='lat' dir='ltr'><strong>id</strong></span> <span class='ocrx_word' id='word_1_443' title='bbox 1725 3957 1808 4002; x_wconf 91' lang='lat' dir='ltr'><strong>est</strong></span> <span class='ocrx_word' id='word_1_444' title='bbox 1839 3957 2002 4001; x_wconf 76' lang='lat' dir='ltr'><strong>tanta:</strong></span> 
     </span>
    </p>
   </div>
   <div class='ocr_carea' id='block_1_46' title="bbox 395 4019 2002 4092">
    <p class='ocr_par' dir='ltr' id='par_1_46' title="bbox 395 4019 2002 4092">
     <span class='ocr_line' id='line_1_46' title="bbox 395 4019 2002 4092; baseline -0.004 -14"><span class='ocrx_word' id='word_1_445' title='bbox 395 4019 578 4078; x_wconf 85' lang='lat' dir='ltr'><strong>rerum</strong></span> <span class='ocrx_word' id='word_1_446' title='bbox 614 4021 882 4078; x_wconf 74' lang='lat' dir='ltr'><strong>fteditates</strong></span> <span class='ocrx_word' id='word_1_447' title='bbox 907 4065 920 4088; x_wconf 94' lang='lat'><strong>,</strong></span> <span class='ocrx_word' id='word_1_448' title='bbox 955 4023 1150 4092; x_wconf 85' lang='lat' dir='ltr'><strong>quibus</strong></span> <span class='ocrx_word' id='word_1_449' title='bbox 1179 4021 1489 4091; x_wconf 66' lang='lat' dir='ltr'><strong>prmsidcre,</strong></span> <span class='ocrx_word' id='word_1_450' title='bbox 1520 4019 2002 4092; x_wconf 20' lang='lat' dir='ltr'><strong>creduntur‘vestri</strong></span> 
     </span>
    </p>
   </div>
   <div class='ocr_carea' id='block_1_47' title="bbox 398 4089 2004 4163">
    <p class='ocr_par' dir='ltr' id='par_1_47' title="bbox 398 4089 2004 4163">
     <span class='ocr_line' id='line_1_47' title="bbox 398 4089 2004 4163; baseline -0.003 -14"><span class='ocrx_word' id='word_1_451' title='bbox 398 4095 518 4149; x_wconf 86' lang='lat' dir='ltr'><strong>sive</strong></span> <span class='ocrx_word' id='word_1_452' title='bbox 546 4094 639 4163; x_wconf 87' lang='lat' dir='ltr'><strong>dii,</strong></span> <span class='ocrx_word' id='word_1_453' title='bbox 666 4095 780 4151; x_wconf 89' lang='lat' dir='ltr'><strong>sive</strong></span> <span class='ocrx_word' id='word_1_454' title='bbox 804 4095 921 4151; x_wconf 67' lang='lat' dir='ltr'><strong>dea:</strong></span> <span class='ocrx_word' id='word_1_455' title='bbox 941 4137 955 4158; x_wconf 92' lang='lat'><strong>,</strong></span> <span class='ocrx_word' id='word_1_456' title='bbox 975 4089 1028 4148; x_wconf 43' lang='lat' dir='ltr'><strong>&#39;si</strong></span> <span class='ocrx_word' id='word_1_457' title='bbox 1058 4089 1296 4160; x_wconf 86' lang='lat' dir='ltr'><strong>inquam,</strong></span> <span class='ocrx_word' id='word_1_458' title='bbox 1333 4109 1510 4146; x_wconf 89' lang='lat' dir='ltr'><strong>rertnn</strong></span> <span class='ocrx_word' id='word_1_459' title='bbox 1544 4089 2004 4163; x_wconf 28' lang='lat' dir='ltr'><strong>ipsarum‘llagitia</strong></span> 
     </span>
    </p>
   </div>
   <div class='ocr_carea' id='block_1_48' title="bbox 401 4163 2006 4222">
    <p class='ocr_par' dir='ltr' id='par_1_48' title="bbox 401 4163 2006 4222">
     <span class='ocr_line' id='line_1_48' title="bbox 401 4163 2006 4222; baseline -0.003 -1"><span class='ocrx_word' id='word_1_460' title='bbox 401 4166 623 4221; x_wconf 91' lang='lat' dir='ltr'><strong>minime</strong></span> <span class='ocrx_word' id='word_1_461' title='bbox 648 4183 745 4222; x_wconf 92' lang='lat' dir='ltr'><strong>vos</strong></span> <span class='ocrx_word' id='word_1_462' title='bbox 775 4167 1066 4221; x_wconf 86' lang='lat' dir='ltr'><strong>admonent</strong></span> <span class='ocrx_word' id='word_1_463' title='bbox 1087 4166 1152 4220; x_wconf 89' lang='lat' dir='ltr'><strong>ad</strong></span> <span class='ocrx_word' id='word_1_464' title='bbox 1173 4165 1501 4220; x_wconf 89' lang='lat' dir='ltr'><strong>intellectum</strong></span> <span class='ocrx_word' id='word_1_465' title='bbox 1526 4163 1764 4216; x_wconf 85' lang='lat' dir='ltr'><strong>veritatis</strong></span> <span class='ocrx_word' id='word_1_466' title='bbox 1782 4163 1908 4222; x_wconf 89' lang='lat' dir='ltr'><strong>(hoc</strong></span> <span class='ocrx_word' id='word_1_467' title='bbox 1924 4170 2006 4216; x_wconf 88' lang='lat' dir='ltr'><strong>est</strong></span> 
     </span>
    </p>
   </div>
   <div class='ocr_carea' id='block_1_49' title="bbox 400 4238 2005 4308">
    <p class='ocr_par' dir='ltr' id='par_1_49' title="bbox 400 4238 2005 4308">
     <span class='ocr_line' id='line_1_49' title="bbox 400 4238 2005 4308; baseline -0.002 -18"><span class='ocrx_word' id='word_1_468' title='bbox 400 4238 468 4293; x_wconf 86' lang='lat' dir='ltr'><strong>ad</strong></span> <span class='ocrx_word' id='word_1_469' title='bbox 501 4239 950 4308; x_wconf 83' lang='lat' dir='ltr'><strong>intelligendum,</strong></span> <span class='ocrx_word' id='word_1_470' title='bbox 993 4253 1238 4308; x_wconf 82' lang='lat' dir='ltr'><strong>quamam</strong></span> <span class='ocrx_word' id='word_1_471' title='bbox 1271 4251 1395 4292; x_wconf 89' lang='lat' dir='ltr'><strong>vera</strong></span> <span class='ocrx_word' id='word_1_472' title='bbox 1427 4246 1728 4289; x_wconf 86' lang='lat' dir='ltr'><strong>vestrorum</strong></span> <span class='ocrx_word' id='word_1_473' title='bbox 1776 4238 2005 4308; x_wconf 67' lang='lat' dir='ltr'><strong>deorum</strong></span> 
     </span>
    </p>
   </div>
   <div class='ocr_carea' id='block_1_50' title="bbox 403 4304 2005 4378">
    <p class='ocr_par' dir='ltr' id='par_1_50' title="bbox 403 4304 2005 4378">
     <span class='ocr_line' id='line_1_50' title="bbox 403 4304 2005 4378; baseline -0.003 -16"><span class='ocrx_word' id='word_1_474' title='bbox 403 4311 472 4363; x_wconf 89' lang='lat' dir='ltr'><strong>sit</strong></span> <span class='ocrx_word' id='word_1_475' title='bbox 502 4304 759 4377; x_wconf 78' lang='lat' dir='ltr'><strong>conditio,</strong></span> <span class='ocrx_word' id='word_1_476' title='bbox 792 4329 892 4364; x_wconf 86' lang='lat' dir='ltr'><strong>was</strong></span> <span class='ocrx_word' id='word_1_477' title='bbox 918 4328 984 4364; x_wconf 89' lang='lat' dir='ltr'><strong>an</strong></span> <span class='ocrx_word' id='word_1_478' title='bbox 1011 4304 1106 4364; x_wconf 79' lang='lat' dir='ltr'><strong>der</strong></span> <span class='ocrx_word' id='word_1_479' title='bbox 1133 4309 1300 4364; x_wconf 79' lang='lat' dir='ltr'><strong>Stiche</strong></span> <span class='ocrx_word' id='word_1_480' title='bbox 1325 4323 1444 4378; x_wconf 80' lang='lat' dir='ltr'><strong>seg;</strong></span> <span class='ocrx_word' id='word_1_481' title='bbox 1485 4323 1587 4359; x_wconf 88' lang='lat' dir='ltr'><strong>was</strong></span> <span class='ocrx_word' id='word_1_482' title='bbox 1607 4323 1674 4378; x_wconf 88' lang='lat' dir='ltr'><strong>an</strong></span> <span class='ocrx_word' id='word_1_483' title='bbox 1701 4322 1853 4378; x_wconf 78' lang='lat' dir='ltr'><strong>euern</strong></span> <span class='ocrx_word' id='word_1_484' title='bbox 1877 4304 2005 4358; x_wconf 81' lang='lat' dir='ltr'><strong>Cot-</strong></span> 
     </span>
    </p>
   </div>
   <div class='ocr_carea' id='block_1_51' title="bbox 406 4377 2009 4451">
    <p class='ocr_par' dir='ltr' id='par_1_51' title="bbox 406 4377 2009 4451">
     <span class='ocr_line' id='line_1_51' title="bbox 406 4377 2009 4451; baseline -0.003 -18"><span class='ocrx_word' id='word_1_485' title='bbox 406 4390 515 4434; x_wconf 87' lang='lat' dir='ltr'><strong>tern</strong></span> <span class='ocrx_word' id='word_1_486' title='bbox 539 4386 667 4450; x_wconf 64' lang='grc' dir='ltr'><strong>κρυ),</strong></span> <span class='ocrx_word' id='word_1_487' title='bbox 702 4400 768 4437; x_wconf 78' lang='lat' dir='ltr'><strong>ex</strong></span> <span class='ocrx_word' id='word_1_488' title='bbox 792 4384 922 4451; x_wconf 86' lang='lat' dir='ltr'><strong>ipsis</strong></span> <span class='ocrx_word' id='word_1_489' title='bbox 947 4383 1137 4436; x_wconf 83' lang='lat' dir='ltr'><strong>saltem</strong></span> <span class='ocrx_word' id='word_1_490' title='bbox 1163 4377 1438 4434; x_wconf 65' lang='lat' dir='ltr'><strong>nomintth</strong></span> <span class='ocrx_word' id='word_1_491' title='bbox 1460 4377 1881 4451; x_wconf 70' lang='lat' dir='ltr'><strong>absurditatihus</strong></span> <span class='ocrx_word' id='word_1_492' title='bbox 1914 4393 2009 4451; x_wconf 86' lang='lat' dir='ltr'><strong>po-</strong></span> 
     </span>
    </p>
   </div>
   <div class='ocr_carea' id='block_1_52' title="bbox 2075 1986 3690 2059">
    <p class='ocr_par' dir='ltr' id='par_1_52' title="bbox 2075 1986 3690 2059">
     <span class='ocr_line' id='line_1_52' title="bbox 2075 1986 3690 2059; baseline 0 -17"><span class='ocrx_word' id='word_1_493' title='bbox 2075 1986 2294 2056; x_wconf 72' lang='lat' dir='ltr'><strong>tescunt,</strong></span> <span class='ocrx_word' id='word_1_494' title='bbox 2309 1998 2363 2043; x_wconf 85' lang='lat' dir='ltr'><strong>ut</strong></span> <span class='ocrx_word' id='word_1_495' title='bbox 2389 1990 2532 2059; x_wconf 82' lang='lat' dir='ltr'><strong>spica</strong></span> <span class='ocrx_word' id='word_1_496' title='bbox 2545 1998 2711 2054; x_wconf 76' lang='lat' dir='ltr'><strong>exeat,</strong></span> <span class='ocrx_word' id='word_1_497' title='bbox 2735 1989 2884 2044; x_wconf 84' lang='lat' dir='ltr'><strong>deant</strong></span> <span class='ocrx_word' id='word_1_498' title='bbox 2901 1986 3204 2043; x_wconf 85' lang='lat' dir='ltr'><strong>Patelenant</strong></span> <span class='ocrx_word' id='word_1_499' title='bbox 3219 2004 3236 2048; x_wconf 74' lang='grc' dir='ltr'><strong><em>ε</em></strong></span> <span class='ocrx_word' id='word_1_500' title='bbox 3253 2003 3366 2040; x_wconf 87' lang='lat' dir='ltr'><strong>cum</strong></span> <span class='ocrx_word' id='word_1_501' title='bbox 3388 1998 3581 2058; x_wconf 79' lang='lat' dir='ltr'><strong>segetes</strong></span> <span class='ocrx_word' id='word_1_502' title='bbox 3600 2006 3690 2042; x_wconf 78' lang='lat' dir='ltr'><strong>no-</strong></span> 
     </span>
    </p>
   </div>
   <div class='ocr_carea' id='block_1_53' title="bbox 2073 2059 3685 2132">
    <p class='ocr_par' dir='ltr' id='par_1_53' title="bbox 2073 2059 3685 2132">
     <span class='ocr_line' id='line_1_53' title="bbox 2073 2059 3685 2132; baseline 0.001 -17"><span class='ocrx_word' id='word_1_503' title='bbox 2073 2061 2147 2115; x_wconf 83' lang='lat' dir='ltr'><strong>vis</strong></span> <span class='ocrx_word' id='word_1_504' title='bbox 2171 2061 2345 2132; x_wconf 75' lang='lat' dir='ltr'><strong>aristis</strong></span> <span class='ocrx_word' id='word_1_505' title='bbox 2361 2072 2628 2131; x_wconf 68' lang='lat' dir='ltr'><strong>aequantur</strong></span> <span class='ocrx_word' id='word_1_506' title='bbox 2651 2060 2772 2132; x_wconf 87' lang='lat' dir='ltr'><strong>quia</strong></span> <span class='ocrx_word' id='word_1_507' title='bbox 2793 2071 2980 2115; x_wconf 82' lang='lat' dir='ltr'><strong>veteres</strong></span> <span class='ocrx_word' id='word_1_508' title='bbox 2997 2076 3200 2125; x_wconf 71' lang='lat' dir='ltr'><strong>requare</strong></span> <span class='ocrx_word' id='word_1_509' title='bbox 3215 2059 3406 2132; x_wconf 79' lang='lat' dir='ltr'><strong>hostire</strong></span> <span class='ocrx_word' id='word_1_510' title='bbox 3421 2060 3685 2132; x_wconf 49' lang='lat' dir='ltr'><strong>digerunt.</strong></span> 
     </span>
    </p>
   </div>
   <div class='ocr_carea' id='block_1_54' title="bbox 2075 2126 3691 2203">
    <p class='ocr_par' dir='ltr' id='par_1_54' title="bbox 2075 2126 3691 2203">
     <span class='ocr_line' id='line_1_54' title="bbox 2075 2126 3691 2203; baseline -0.001 -17"><span class='ocrx_word' id='word_1_511' title='bbox 2075 2134 2226 2186; x_wconf 90' lang='lat' dir='ltr'><strong>deam</strong></span> <span class='ocrx_word' id='word_1_512' title='bbox 2258 2126 2606 2186; x_wconf 85' lang='lat' dir='ltr'><strong>Hostilinam:</strong></span> <span class='ocrx_word' id='word_1_513' title='bbox 2632 2126 2928 2203; x_wconf 74' lang='lat' dir='ltr'><strong>florentibus</strong></span> <span class='ocrx_word' id='word_1_514' title='bbox 2947 2133 3212 2202; x_wconf 84' lang='lat' dir='ltr'><strong>frumentis</strong></span> <span class='ocrx_word' id='word_1_515' title='bbox 3232 2131 3379 2184; x_wconf 90' lang='lat' dir='ltr'><strong>deam</strong></span> <span class='ocrx_word' id='word_1_516' title='bbox 3415 2126 3470 2184; x_wconf 85' lang='lat' dir='ltr'><em>F</em></span> <span class='ocrx_word' id='word_1_517' title='bbox 3469 2128 3490 2184; x_wconf 83' lang='grc' dir='ltr'><strong>ι</strong></span> <span class='ocrx_word' id='word_1_518' title='bbox 3501 2148 3641 2184; x_wconf 71' lang='grc' dir='ltr'>,ιι-(ιω</span> <span class='ocrx_word' id='word_1_519' title='bbox 3672 2147 3691 2184; x_wconf 90' lang='lat'><strong>:</strong></span> 
     </span>
    </p>
   </div>
   <div class='ocr_carea' id='block_1_55' title="bbox 2077 2203 3692 2259">
    <p class='ocr_par' dir='ltr' id='par_1_55' title="bbox 2077 2203 3692 2259">
     <span class='ocr_line' id='line_1_55' title="bbox 2077 2203 3692 2259; baseline -0.001 -1"><span class='ocrx_word' id='word_1_520' title='bbox 2077 2205 2461 2259; x_wconf 88' lang='lat' dir='ltr'><strong>lactescentibus</strong></span> <span class='ocrx_word' id='word_1_521' title='bbox 2491 2204 2640 2258; x_wconf 89' lang='lat' dir='ltr'><strong>deam</strong></span> <span class='ocrx_word' id='word_1_522' title='bbox 2671 2204 2987 2258; x_wconf 87' lang='lat' dir='ltr'><strong>Lacturtiam</strong></span> <span class='ocrx_word' id='word_1_523' title='bbox 3008 2219 3026 2256; x_wconf 89' lang='lat'><strong>:</strong></span> <span class='ocrx_word' id='word_1_524' title='bbox 3056 2204 3512 2257; x_wconf 85' lang='lat' dir='ltr'><strong>maturescentibus</strong></span> <span class='ocrx_word' id='word_1_525' title='bbox 3540 2203 3692 2256; x_wconf 73' lang='lat' dir='ltr'><strong>deant</strong></span> 
     </span>
    </p>
   </div>
   <div class='ocr_carea' id='block_1_56' title="bbox 2080 2273 3685 2344">
    <p class='ocr_par' dir='ltr' id='par_1_56' title="bbox 2080 2273 3685 2344">
     <span class='ocr_line' id='line_1_56' title="bbox 2080 2273 3685 2344; baseline -0.001 -15"><span class='ocrx_word' id='word_1_526' title='bbox 2080 2275 2373 2340; x_wconf 86' lang='lat' dir='ltr'><strong>Maturam;</strong></span> <span class='ocrx_word' id='word_1_527' title='bbox 2422 2292 2534 2330; x_wconf 87' lang='lat' dir='ltr'><strong>cum</strong></span> <span class='ocrx_word' id='word_1_528' title='bbox 2580 2287 2884 2344; x_wconf 88' lang='lat' dir='ltr'><strong>runcantur,</strong></span> <span class='ocrx_word' id='word_1_529' title='bbox 2934 2277 2989 2329; x_wconf 87' lang='lat' dir='ltr'><strong>id</strong></span> <span class='ocrx_word' id='word_1_530' title='bbox 3019 2284 3143 2329; x_wconf 88' lang='lat' dir='ltr'><strong>esta</strong></span> <span class='ocrx_word' id='word_1_531' title='bbox 3169 2285 3307 2328; x_wconf 85' lang='lat' dir='ltr'><strong>terra</strong></span> <span class='ocrx_word' id='word_1_532' title='bbox 3356 2273 3685 2344; x_wconf 56' lang='lat' dir='ltr'><strong>auferuntur,</strong></span> 
     </span>
    </p>
   </div>
   <div class='ocr_carea' id='block_1_57' title="bbox 2078 2341 3688 2411">
    <p class='ocr_par' dir='ltr' id='par_1_57' title="bbox 2078 2341 3688 2411">
     <span class='ocr_line' id='line_1_57' title="bbox 2078 2341 3688 2411; baseline -0.002 -8"><span class='ocrx_word' id='word_1_533' title='bbox 2078 2350 2226 2403; x_wconf 86' lang='lat' dir='ltr'><strong>deum</strong></span> <span class='ocrx_word' id='word_1_534' title='bbox 2268 2348 2581 2404; x_wconf 85' lang='lat' dir='ltr'><strong>Runcinam.</strong></span> <span class='ocrx_word' id='word_1_535' title='bbox 2610 2341 2876 2404; x_wconf 65' lang='lat' dir='ltr'><strong>Caeterum</strong></span> <span class='ocrx_word' id='word_1_536' title='bbox 2907 2347 3052 2402; x_wconf 88' lang='lat' dir='ltr'><strong>varie</strong></span> <span class='ocrx_word' id='word_1_537' title='bbox 3078 2345 3370 2402; x_wconf 88' lang='lat' dir='ltr'><strong>scribitur:</strong></span> <span class='ocrx_word' id='word_1_538' title='bbox 3405 2341 3652 2400; x_wconf 81' lang='lat' dir='ltr'><strong>Nodotus</strong></span> <span class='ocrx_word' id='word_1_539' title='bbox 3673 2389 3688 2411; x_wconf 95' lang='lat'><strong>,</strong></span> 
     </span>
    </p>
   </div>
   <div class='ocr_carea' id='block_1_58' title="bbox 2085 2419 2850 2486">
    <p class='ocr_par' dir='ltr' id='par_1_58' title="bbox 2085 2419 2850 2486">
     <span class='ocr_line' id='line_1_58' title="bbox 2085 2419 2850 2486; baseline 0 -12"><span class='ocrx_word' id='word_1_540' title='bbox 2085 2420 2345 2486; x_wconf 86' lang='lat' dir='ltr'><strong>Nodulus,</strong></span> <span class='ocrx_word' id='word_1_541' title='bbox 2373 2419 2618 2476; x_wconf 88' lang='lat' dir='ltr'><strong>Nodutis.</strong></span> <span class='ocrx_word' id='word_1_542' title='bbox 2646 2421 2850 2476; x_wconf 79' lang='lat' dir='ltr'><strong>ORELL.</strong></span> 
     </span>
    </p>
   </div>
   <div class='ocr_carea' id='block_1_59' title="bbox 2155 2487 3692 2565">
    <p class='ocr_par' dir='ltr' id='par_1_59' title="bbox 2155 2487 3692 2565">
     <span class='ocr_line' id='line_1_59' title="bbox 2155 2487 3692 2565; baseline -0.002 -19"><span class='ocrx_word' id='word_1_543' title='bbox 2155 2491 2222 2546; x_wconf 86' lang='lat' dir='ltr'><strong>Et</strong></span> <span class='ocrx_word' id='word_1_544' title='bbox 2242 2509 2356 2563; x_wconf 80' lang='lat' dir='ltr'><strong>qua:</strong></span> <span class='ocrx_word' id='word_1_545' title='bbox 2387 2504 2566 2561; x_wconf 75' lang='lat' dir='ltr'><strong>prwest</strong></span> <span class='ocrx_word' id='word_1_546' title='bbox 2595 2492 2828 2565; x_wconf 88' lang='lat' dir='ltr'><strong>frugibus</strong></span> <span class='ocrx_word' id='word_1_547' title='bbox 2848 2491 3091 2565; x_wconf 85' lang='lat' dir='ltr'><strong>tereudis,</strong></span> <span class='ocrx_word' id='word_1_548' title='bbox 3130 2489 3411 2565; x_wconf 78' lang='lat' dir='ltr'><strong>Terensis._</strong></span> <span class='ocrx_word' id='word_1_549' title='bbox 3439 2487 3692 2565; x_wconf 59' lang='lat' dir='ltr'><strong>Terentii:</strong></span> 
     </span>
    </p>
   </div>
   <div class='ocr_carea' id='block_1_60' title="bbox 2085 2561 3690 2638">
    <p class='ocr_par' dir='ltr' id='par_1_60' title="bbox 2085 2561 3690 2638">
     <span class='ocr_line' id='line_1_60' title="bbox 2085 2561 3690 2638; baseline -0.002 -21"><span class='ocrx_word' id='word_1_550' title='bbox 2085 2580 2182 2636; x_wconf 91' lang='lat' dir='ltr'><strong>pro</strong></span> <span class='ocrx_word' id='word_1_551' title='bbox 2213 2561 2457 2638; x_wconf 79' lang='lat' dir='ltr'><strong>ferendis,</strong></span> <span class='ocrx_word' id='word_1_552' title='bbox 2505 2561 2646 2636; x_wconf 74' lang='lat' dir='ltr'><strong>quad</strong></span> <span class='ocrx_word' id='word_1_553' title='bbox 2684 2561 2843 2638; x_wconf 80' lang='lat' dir='ltr'><strong>antea</strong></span> <span class='ocrx_word' id='word_1_554' title='bbox 2872 2563 3183 2638; x_wconf 63' lang='lat' dir='ltr'><strong>legebatur,</strong></span> <span class='ocrx_word' id='word_1_555' title='bbox 3203 2561 3440 2638; x_wconf 78' lang='lat' dir='ltr'><strong>restituit</strong></span> <span class='ocrx_word' id='word_1_556' title='bbox 3468 2561 3690 2638; x_wconf 73' lang='lat' dir='ltr'><strong>Grotius</strong></span> 
     </span>
    </p>
   </div>
   <div class='ocr_carea' id='block_1_61' title="bbox 2082 2633 3692 2706">
    <p class='ocr_par' dir='ltr' id='par_1_61' title="bbox 2082 2633 3692 2706">
     <span class='ocr_line' id='line_1_61' title="bbox 2082 2633 3692 2706; baseline -0.002 -14"><span class='ocrx_word' id='word_1_557' title='bbox 2082 2633 2223 2706; x_wconf 85' lang='lat' dir='ltr'><strong>apud</strong></span> <span class='ocrx_word' id='word_1_558' title='bbox 2252 2633 2564 2692; x_wconf 78' lang='lat' dir='ltr'><strong>Menrsiuui.</strong></span> <span class='ocrx_word' id='word_1_559' title='bbox 2603 2637 3037 2692; x_wconf 87' lang='lat' dir='ltr'><strong>Elmenhorstius</strong></span> <span class='ocrx_word' id='word_1_560' title='bbox 3068 2646 3123 2690; x_wconf 90' lang='lat' dir='ltr'><strong>et</strong></span> <span class='ocrx_word' id='word_1_561' title='bbox 3152 2633 3497 2706; x_wconf 69' lang='lat' dir='ltr'><strong>Stewecbius</strong></span> <span class='ocrx_word' id='word_1_562' title='bbox 3521 2634 3692 2688; x_wconf 83' lang='lat' dir='ltr'><strong>dede-</strong></span> 
     </span>
    </p>
   </div>
   <div class='ocr_carea' id='block_1_62' title="bbox 2085 2704 3686 2780">
    <p class='ocr_par' dir='ltr' id='par_1_62' title="bbox 2085 2704 3686 2780">
     <span class='ocr_line' id='line_1_62' title="bbox 2085 2704 3686 2780; baseline -0.003 -17"><span class='ocrx_word' id='word_1_563' title='bbox 2085 2704 2212 2763; x_wconf 86' lang='lat' dir='ltr'><strong>runt</strong></span> <span class='ocrx_word' id='word_1_564' title='bbox 2251 2728 2262 2763; x_wconf 91' lang='lat'><strong>:</strong></span> <span class='ocrx_word' id='word_1_565' title='bbox 2297 2719 2342 2763; x_wconf 90' lang='lat' dir='ltr'><strong>et</strong></span> <span class='ocrx_word' id='word_1_566' title='bbox 2363 2711 2482 2780; x_wconf 88' lang='lat' dir='ltr'><strong>quia</strong></span> <span class='ocrx_word' id='word_1_567' title='bbox 2531 2721 2711 2778; x_wconf 80' lang='lat' dir='ltr'><strong>prteest</strong></span> <span class='ocrx_word' id='word_1_568' title='bbox 2738 2708 2970 2780; x_wconf 86' lang='lat' dir='ltr'><strong>frugibus</strong></span> <span class='ocrx_word' id='word_1_569' title='bbox 2997 2708 3245 2780; x_wconf 77' lang='lat' dir='ltr'><strong>terendis,</strong></span> <span class='ocrx_word' id='word_1_570' title='bbox 3291 2704 3686 2760; x_wconf 75' lang='lat' dir='ltr'><strong>Noduteremis.</strong></span> 
     </span>
    </p>
   </div>
   <div class='ocr_carea' id='block_1_63' title="bbox 2086 2778 3693 2853">
    <p class='ocr_par' dir='ltr' id='par_1_63' title="bbox 2086 2778 3693 2853">
     <span class='ocr_line' id='line_1_63' title="bbox 2086 2778 3693 2853; baseline -0.002 -18"><span class='ocrx_word' id='word_1_571' title='bbox 2086 2781 2346 2853; x_wconf 87' lang='lat' dir='ltr'><strong>Equidem</strong></span> <span class='ocrx_word' id='word_1_572' title='bbox 2376 2778 2555 2836; x_wconf 85' lang='lat' dir='ltr'><strong>nolim</strong></span> <span class='ocrx_word' id='word_1_573' title='bbox 2579 2778 2777 2853; x_wconf 87' lang='lat' dir='ltr'><strong>aliquid</strong></span> <span class='ocrx_word' id='word_1_574' title='bbox 2809 2781 3037 2835; x_wconf 89' lang='lat' dir='ltr'><strong>delinire</strong></span> <span class='ocrx_word' id='word_1_575' title='bbox 3069 2781 3119 2833; x_wconf 91' lang='lat' dir='ltr'><strong>in</strong></span> <span class='ocrx_word' id='word_1_576' title='bbox 3149 2794 3206 2834; x_wconf 92' lang='lat' dir='ltr'><strong>re</strong></span> <span class='ocrx_word' id='word_1_577' title='bbox 3237 2778 3437 2832; x_wconf 88' lang='lat' dir='ltr'><strong>incerta</strong></span> <span class='ocrx_word' id='word_1_578' title='bbox 3471 2792 3693 2848; x_wconf 83' lang='lat' dir='ltr'><strong>prorsus</strong></span> 
     </span>
    </p>
   </div>
   <div class='ocr_carea' id='block_1_64' title="bbox 2087 2852 2590 2908">
    <p class='ocr_par' dir='ltr' id='par_1_64' title="bbox 2087 2852 2590 2908">
     <span class='ocr_line' id='line_1_64' title="bbox 2087 2852 2590 2908; baseline 0 -2"><span class='ocrx_word' id='word_1_579' title='bbox 2087 2867 2151 2908; x_wconf 89' lang='lat' dir='ltr'><strong>ac</strong></span> <span class='ocrx_word' id='word_1_580' title='bbox 2174 2852 2356 2907; x_wconf 89' lang='lat' dir='ltr'><strong>dubia.</strong></span> <span class='ocrx_word' id='word_1_581' title='bbox 2387 2853 2590 2908; x_wconf 78' lang='lat' dir='ltr'><strong>OnELL.</strong></span> 
     </span>
    </p>
   </div>
   <div class='ocr_carea' id='block_1_65' title="bbox 2174 2920 3696 2994">
    <p class='ocr_par' dir='ltr' id='par_1_65' title="bbox 2174 2920 3696 2994">
     <span class='ocr_line' id='line_1_65' title="bbox 2174 2920 3696 2994; baseline -0.001 -17"><span class='ocrx_word' id='word_1_582' title='bbox 2174 2924 2377 2979; x_wconf 84' lang='lat' dir='ltr'><strong>Vibilio.</strong></span> <span class='ocrx_word' id='word_1_583' title='bbox 2410 2925 2554 2994; x_wconf 82' lang='lat' dir='ltr'><strong>Lego</strong></span> <span class='ocrx_word' id='word_1_584' title='bbox 2596 2924 2793 2978; x_wconf 83' lang='lat' dir='ltr'><strong>Vehilia</strong></span> <span class='ocrx_word' id='word_1_585' title='bbox 2822 2939 2889 2979; x_wconf 81' lang='lat' dir='ltr'><strong>ex</strong></span> <span class='ocrx_word' id='word_1_586' title='bbox 2916 2925 3249 2994; x_wconf 84' lang='lat' dir='ltr'><strong>conjectura.</strong></span> <span class='ocrx_word' id='word_1_587' title='bbox 3285 2920 3417 2994; x_wconf 67' lang='lat' dir='ltr'><strong>Nam</strong></span> <span class='ocrx_word' id='word_1_588' title='bbox 3449 2921 3580 2975; x_wconf 77' lang='lat' dir='ltr'><strong>veha</strong></span> <span class='ocrx_word' id='word_1_589' title='bbox 3603 2936 3696 2976; x_wconf 82' lang='lat' dir='ltr'><strong>ve-</strong></span> 
     </span>
    </p>
   </div>
   <div class='ocr_carea' id='block_1_66' title="bbox 2092 2993 3690 3062">
    <p class='ocr_par' dir='ltr' id='par_1_66' title="bbox 2092 2993 3690 3062">
     <span class='ocr_line' id='line_1_66' title="bbox 2092 2993 3690 3062; baseline -0.002 -14"><span class='ocrx_word' id='word_1_590' title='bbox 2092 2996 2298 3051; x_wconf 90' lang='lat' dir='ltr'><strong>teribus</strong></span> <span class='ocrx_word' id='word_1_591' title='bbox 2355 2993 2556 3051; x_wconf 83' lang='lat' dir='ltr'><strong>Latinis</strong></span> <span class='ocrx_word' id='word_1_592' title='bbox 2587 2997 2687 3062; x_wconf 84' lang='lat' dir='ltr'><strong>via,</strong></span> <span class='ocrx_word' id='word_1_593' title='bbox 2718 3005 2856 3050; x_wconf 87' lang='lat' dir='ltr'><strong>teste</strong></span> <span class='ocrx_word' id='word_1_594' title='bbox 2891 2995 3151 3058; x_wconf 78' lang='lat' dir='ltr'><strong>Varrone,</strong></span> <span class='ocrx_word' id='word_1_595' title='bbox 3178 2993 3246 3048; x_wconf 89' lang='lat' dir='ltr'><strong>de</strong></span> <span class='ocrx_word' id='word_1_596' title='bbox 3296 2993 3376 3047; x_wconf 83' lang='lat' dir='ltr'><strong>Re</strong></span> <span class='ocrx_word' id='word_1_597' title='bbox 3408 3005 3571 3055; x_wconf 90' lang='lat' dir='ltr'><strong>rust.,</strong></span> <span class='ocrx_word' id='word_1_598' title='bbox 3599 2994 3690 3047; x_wconf 90' lang='lat' dir='ltr'><strong>lib.</strong></span> 
     </span>
    </p>
   </div>
   <div class='ocr_carea' id='block_1_67' title="bbox 2015 3064 3694 3137">
    <p class='ocr_par' dir='ltr' id='par_1_67' title="bbox 2015 3064 3694 3137">
     <span class='ocr_line' id='line_1_67' title="bbox 2015 3064 3694 3137; baseline -0.002 -15"><span class='ocrx_word' id='word_1_599' title='bbox 2015 3071 2061 3134; x_wconf 83' lang='lat' dir='ltr'><strong>C</strong></span> <span class='ocrx_word' id='word_1_600' title='bbox 2095 3083 2132 3127; x_wconf 87' lang='lat' dir='ltr'><strong>l,</strong></span> <span class='ocrx_word' id='word_1_601' title='bbox 2156 3082 2275 3136; x_wconf 84' lang='lat' dir='ltr'><strong>cap.</strong></span> <span class='ocrx_word' id='word_1_602' title='bbox 2311 3069 2366 3122; x_wconf 74' lang='grc'><strong>2.</strong></span> <span class='ocrx_word' id='word_1_603' title='bbox 2395 3071 2501 3123; x_wconf 88' lang='lat' dir='ltr'><strong>Aut</strong></span> <span class='ocrx_word' id='word_1_604' title='bbox 2524 3079 2671 3122; x_wconf 89' lang='lat' dir='ltr'><strong>certe</strong></span> <span class='ocrx_word' id='word_1_605' title='bbox 2697 3065 2916 3127; x_wconf 81' lang='lat' dir='ltr'><strong>Venilia.</strong></span> <span class='ocrx_word' id='word_1_606' title='bbox 2943 3066 3011 3120; x_wconf 90' lang='lat' dir='ltr'><strong>de</strong></span> <span class='ocrx_word' id='word_1_607' title='bbox 3027 3082 3130 3137; x_wconf 87' lang='lat' dir='ltr'><strong>qua</strong></span> <span class='ocrx_word' id='word_1_608' title='bbox 3159 3075 3238 3118; x_wconf 88' lang='lat' dir='ltr'><strong>est</strong></span> <span class='ocrx_word' id='word_1_609' title='bbox 3267 3064 3408 3132; x_wconf 88' lang='lat' dir='ltr'><strong>apud</strong></span> <span class='ocrx_word' id='word_1_610' title='bbox 3439 3064 3694 3121; x_wconf 84' lang='lat' dir='ltr'><strong>eumdem</strong></span> 
     </span>
    </p>
   </div>
   <div class='ocr_carea' id='block_1_68' title="bbox 2102 3137 3332 3207">
    <p class='ocr_par' dir='ltr' id='par_1_68' title="bbox 2102 3137 3332 3207">
     <span class='ocr_line' id='line_1_68' title="bbox 2102 3137 3332 3207; baseline -0.003 -14"><span class='ocrx_word' id='word_1_611' title='bbox 2102 3138 2418 3205; x_wconf 84' lang='lat' dir='ltr'><strong>Varronem,</strong></span> <span class='ocrx_word' id='word_1_612' title='bbox 2452 3141 2518 3194; x_wconf 88' lang='lat' dir='ltr'><strong>de</strong></span> <span class='ocrx_word' id='word_1_613' title='bbox 2551 3140 2702 3207; x_wconf 86' lang='lat' dir='ltr'><strong>Ling.</strong></span> <span class='ocrx_word' id='word_1_614' title='bbox 2740 3139 2858 3204; x_wconf 88' lang='lat' dir='ltr'><strong>lat.,</strong></span> <span class='ocrx_word' id='word_1_615' title='bbox 2895 3139 2988 3192; x_wconf 88' lang='lat' dir='ltr'><strong>lib.</strong></span> <span class='ocrx_word' id='word_1_616' title='bbox 3018 3153 3094 3192; x_wconf 87' lang='lat' dir='ltr'><strong>tv.</strong></span> <span class='ocrx_word' id='word_1_617' title='bbox 3125 3137 3332 3192; x_wconf 72' lang='lat' dir='ltr'><strong>MEURS.</strong></span> 
     </span>
    </p>
   </div>
   <div class='ocr_carea' id='block_1_69' title="bbox 2173 3209 3697 3279">
    <p class='ocr_par' dir='ltr' id='par_1_69' title="bbox 2173 3209 3697 3279">
     <span class='ocr_line' id='line_1_69' title="bbox 2173 3209 3697 3279; baseline 0.001 -17"><span class='ocrx_word' id='word_1_618' title='bbox 2173 3209 2411 3266; x_wconf 77' lang='lat' dir='ltr'><strong>Orbonw.</strong></span> <span class='ocrx_word' id='word_1_619' title='bbox 2447 3211 2670 3277; x_wconf 82' lang='lat' dir='ltr'><strong>Plinius,</strong></span> <span class='ocrx_word' id='word_1_620' title='bbox 2697 3211 2832 3265; x_wconf 83' lang='lat' dir='ltr'><strong>Hist.</strong></span> <span class='ocrx_word' id='word_1_621' title='bbox 2880 3219 3016 3275; x_wconf 82' lang='lat' dir='ltr'><strong>nat.,</strong></span> <span class='ocrx_word' id='word_1_622' title='bbox 3047 3210 3139 3264; x_wconf 91' lang='lat' dir='ltr'><strong>lib.</strong></span> <span class='ocrx_word' id='word_1_623' title='bbox 3169 3224 3227 3274; x_wconf 83' lang='grc' dir='ltr'><strong>ιι,</strong></span> <span class='ocrx_word' id='word_1_624' title='bbox 3258 3224 3376 3279; x_wconf 90' lang='lat' dir='ltr'><strong>cap.</strong></span> <span class='ocrx_word' id='word_1_625' title='bbox 3405 3209 3437 3263; x_wconf 91' lang='lat'><strong>7</strong></span> <span class='ocrx_word' id='word_1_626' title='bbox 3470 3227 3484 3264; x_wconf 93' lang='lat'><strong>:</strong></span> <span class='ocrx_word' id='word_1_627' title='bbox 3531 3209 3697 3264; x_wconf 86' lang='lat' dir='ltr'><strong>Orba-</strong></span> 
     </span>
    </p>
   </div>
   <div class='ocr_carea' id='block_1_70' title="bbox 2100 3279 3697 3352">
    <p class='ocr_par' dir='ltr' id='par_1_70' title="bbox 2100 3279 3697 3352">
     <span class='ocr_line' id='line_1_70' title="bbox 2100 3279 3697 3352; baseline -0.001 -16"><span class='ocrx_word' id='word_1_628' title='bbox 2100 3297 2180 3336; x_wconf 69' lang='grc' dir='ltr'><strong>ηαξ</strong></span> <span class='ocrx_word' id='word_1_629' title='bbox 2209 3284 2412 3352; x_wconf 82' lang='lat' dir='ltr'><strong>(fanum</strong></span> <span class='ocrx_word' id='word_1_630' title='bbox 2440 3287 2546 3351; x_wconf 90' lang='lat' dir='ltr'><strong>est)</strong></span> <span class='ocrx_word' id='word_1_631' title='bbox 2573 3283 2640 3336; x_wconf 88' lang='lat' dir='ltr'><strong>ad</strong></span> <span class='ocrx_word' id='word_1_632' title='bbox 2665 3283 2823 3336; x_wconf 71' lang='lat' dir='ltr'><strong>eadem</strong></span> <span class='ocrx_word' id='word_1_633' title='bbox 2851 3281 3101 3345; x_wconf 86' lang='lat' dir='ltr'><strong>Larium;</strong></span> <span class='ocrx_word' id='word_1_634' title='bbox 3149 3283 3238 3336; x_wconf 90' lang='lat' dir='ltr'><strong>ubi</strong></span> <span class='ocrx_word' id='word_1_635' title='bbox 3261 3291 3442 3336; x_wconf 89' lang='lat' dir='ltr'><strong>autem</strong></span> <span class='ocrx_word' id='word_1_636' title='bbox 3475 3279 3697 3336; x_wconf 86' lang='lat' dir='ltr'><strong>Orbona</strong></span> 
     </span>
    </p>
   </div>
   <div class='ocr_carea' id='block_1_71' title="bbox 2099 3353 3701 3424">
    <p class='ocr_par' dir='ltr' id='par_1_71' title="bbox 2099 3353 3701 3424">
     <span class='ocr_line' id='line_1_71' title="bbox 2099 3353 3701 3424; baseline -0.001 -16"><span class='ocrx_word' id='word_1_637' title='bbox 2099 3364 2182 3408; x_wconf 91' lang='lat' dir='ltr'><strong>est</strong></span> <span class='ocrx_word' id='word_1_638' title='bbox 2209 3369 2314 3408; x_wconf 92' lang='lat' dir='ltr'><strong>non</strong></span> <span class='ocrx_word' id='word_1_639' title='bbox 2347 3354 2602 3409; x_wconf 89' lang='lat' dir='ltr'><strong>orborum</strong></span> <span class='ocrx_word' id='word_1_640' title='bbox 2653 3354 2868 3408; x_wconf 78' lang='lat' dir='ltr'><strong>tutatrix</strong></span> <span class='ocrx_word' id='word_1_641' title='bbox 2891 3397 2906 3419; x_wconf 90' lang='lat'><strong>,</strong></span> <span class='ocrx_word' id='word_1_642' title='bbox 2949 3355 3041 3407; x_wconf 84' lang='lat' dir='ltr'><strong>sed</strong></span> <span class='ocrx_word' id='word_1_643' title='bbox 3085 3354 3261 3424; x_wconf 89' lang='lat' dir='ltr'><strong>potius</strong></span> <span class='ocrx_word' id='word_1_644' title='bbox 3290 3353 3390 3407; x_wconf 87' lang='lat' dir='ltr'><strong>dea</strong></span> <span class='ocrx_word' id='word_1_645' title='bbox 3416 3394 3431 3417; x_wconf 93' lang='lat'><strong>,</strong></span> <span class='ocrx_word' id='word_1_646' title='bbox 3465 3368 3591 3422; x_wconf 71' lang='lat' dir='ltr'><strong>qua:</strong></span> <span class='ocrx_word' id='word_1_647' title='bbox 3617 3353 3701 3406; x_wconf 79' lang='lat' dir='ltr'><strong>af-</strong></span> 
     </span>
    </p>
   </div>
   <div class='ocr_carea' id='block_1_72' title="bbox 2100 3425 3702 3494">
    <p class='ocr_par' dir='ltr' id='par_1_72' title="bbox 2100 3425 3702 3494">
     <span class='ocr_line' id='line_1_72' title="bbox 2100 3425 3702 3494; baseline -0.001 -16"><span class='ocrx_word' id='word_1_648' title='bbox 2100 3425 2202 3480; x_wconf 89' lang='lat' dir='ltr'><strong>fert</strong></span> <span class='ocrx_word' id='word_1_649' title='bbox 2224 3428 2532 3481; x_wconf 85' lang='lat' dir='ltr'><strong>orbitatem.</strong></span> <span class='ocrx_word' id='word_1_650' title='bbox 2581 3426 2938 3494; x_wconf 87' lang='lat' dir='ltr'><strong>Conjungitur</strong></span> <span class='ocrx_word' id='word_1_651' title='bbox 2987 3426 3130 3480; x_wconf 91' lang='lat' dir='ltr'><strong>enim</strong></span> <span class='ocrx_word' id='word_1_652' title='bbox 3161 3439 3283 3479; x_wconf 92' lang='lat' dir='ltr'><strong>cum</strong></span> <span class='ocrx_word' id='word_1_653' title='bbox 3311 3425 3541 3485; x_wconf 87' lang='lat' dir='ltr'><strong>morbis.</strong></span> <span class='ocrx_word' id='word_1_654' title='bbox 3573 3439 3702 3494; x_wconf 85' lang='lat' dir='ltr'><strong>pes-</strong></span> 
     </span>
    </p>
   </div>
   <div class='ocr_carea' id='block_1_73' title="bbox 2102 3497 3703 3569">
    <p class='ocr_par' dir='ltr' id='par_1_73' title="bbox 2102 3497 3703 3569">
     <span class='ocr_line' id='line_1_73' title="bbox 2102 3497 3703 3569; baseline -0.001 -19"><span class='ocrx_word' id='word_1_655' title='bbox 2102 3497 2244 3550; x_wconf 91' lang='lat' dir='ltr'><strong>tibus</strong></span> <span class='ocrx_word' id='word_1_656' title='bbox 2269 3541 2281 3561; x_wconf 94' lang='lat'><strong>,</strong></span> <span class='ocrx_word' id='word_1_657' title='bbox 2315 3499 2447 3553; x_wconf 86' lang='lat' dir='ltr'><strong>febri</strong></span> <span class='ocrx_word' id='word_1_658' title='bbox 2495 3498 2742 3569; x_wconf 87' lang='lat' dir='ltr'><strong>malaque</strong></span> <span class='ocrx_word' id='word_1_659' title='bbox 2769 3497 2980 3551; x_wconf 78' lang='lat' dir='ltr'><strong>fortuna</strong></span> <span class='ocrx_word' id='word_1_660' title='bbox 3016 3499 3067 3569; x_wconf 88' lang='lat' dir='ltr'><strong>in</strong></span> <span class='ocrx_word' id='word_1_661' title='bbox 3110 3498 3334 3551; x_wconf 89' lang='lat' dir='ltr'><strong>deorum</strong></span> <span class='ocrx_word' id='word_1_662' title='bbox 3361 3509 3592 3569; x_wconf 84' lang='lat' dir='ltr'><strong>censum</strong></span> <span class='ocrx_word' id='word_1_663' title='bbox 3620 3511 3703 3549; x_wconf 79' lang='lat' dir='ltr'><strong>re-</strong></span> 
     </span>
    </p>
   </div>
   <div class='ocr_carea' id='block_1_74' title="bbox 2103 3568 3704 3631">
    <p class='ocr_par' dir='ltr' id='par_1_74' title="bbox 2103 3568 3704 3631">
     <span class='ocr_line' id='line_1_74' title="bbox 2103 3568 3704 3631; baseline -0.001 -9"><span class='ocrx_word' id='word_1_664' title='bbox 2103 3569 2244 3624; x_wconf 88' lang='lat' dir='ltr'><strong>latis.</strong></span> <span class='ocrx_word' id='word_1_665' title='bbox 2278 3569 2479 3623; x_wconf 87' lang='lat' dir='ltr'><strong>Eodem</strong></span> <span class='ocrx_word' id='word_1_666' title='bbox 2521 3568 2681 3624; x_wconf 85' lang='lat' dir='ltr'><strong>sensu</strong></span> <span class='ocrx_word' id='word_1_667' title='bbox 2709 3578 2763 3623; x_wconf 87' lang='lat' dir='ltr'><strong>et</strong></span> <span class='ocrx_word' id='word_1_668' title='bbox 2804 3568 3173 3624; x_wconf 88' lang='lat' dir='ltr'><strong>Tertullianus</strong></span> <span class='ocrx_word' id='word_1_669' title='bbox 3222 3569 3288 3621; x_wconf 89' lang='lat' dir='ltr'><strong>ad</strong></span> <span class='ocrx_word' id='word_1_670' title='bbox 3329 3568 3476 3631; x_wconf 82' lang='lat' dir='ltr'><strong>Nat.,</strong></span> <span class='ocrx_word' id='word_1_671' title='bbox 3513 3568 3608 3622; x_wconf 89' lang='lat' dir='ltr'><strong>lib.</strong></span> <span class='ocrx_word' id='word_1_672' title='bbox 3643 3583 3704 3628; x_wconf 87' lang='lat' dir='ltr'><strong>ll,</strong></span> 
     </span>
    </p>
   </div>
   <div class='ocr_carea' id='block_1_75' title="bbox 2100 3639 3710 3710">
    <p class='ocr_par' dir='ltr' id='par_1_75' title="bbox 2100 3639 3710 3710">
     <span class='ocr_line' id='line_1_75' title="bbox 2100 3639 3710 3710; baseline -0.001 -16"><span class='ocrx_word' id='word_1_673' title='bbox 2100 3655 2220 3710; x_wconf 90' lang='lat' dir='ltr'><strong>cap.</strong></span> <span class='ocrx_word' id='word_1_674' title='bbox 2254 3642 2318 3696; x_wconf 75' lang='lat' dir='ltr'><strong>l4</strong></span> <span class='ocrx_word' id='word_1_675' title='bbox 2344 3659 2357 3694; x_wconf 92' lang='lat'><strong>:</strong></span> <span class='ocrx_word' id='word_1_676' title='bbox 2390 3641 2647 3694; x_wconf 84' lang='lat' dir='ltr'><strong>Orbonam</strong></span> <span class='ocrx_word' id='word_1_677' title='bbox 2674 3642 2851 3703; x_wconf 88' lang='lat' dir='ltr'><strong>deam,</strong></span> <span class='ocrx_word' id='word_1_678' title='bbox 2883 3657 2998 3708; x_wconf 71' lang='lat' dir='ltr'><strong>qua:</strong></span> <span class='ocrx_word' id='word_1_679' title='bbox 3022 3643 3073 3693; x_wconf 88' lang='lat' dir='ltr'><strong>in</strong></span> <span class='ocrx_word' id='word_1_680' title='bbox 3103 3639 3367 3694; x_wconf 85' lang='lat' dir='ltr'><strong>orbitatem</strong></span> <span class='ocrx_word' id='word_1_681' title='bbox 3393 3641 3593 3693; x_wconf 83' lang='lat' dir='ltr'><strong>semina</strong></span> <span class='ocrx_word' id='word_1_682' title='bbox 3620 3656 3710 3693; x_wconf 74' lang='lat' dir='ltr'><strong>ex-</strong></span> 
     </span>
    </p>
   </div>
   <div class='ocr_carea' id='block_1_76' title="bbox 2105 3710 3704 3782">
    <p class='ocr_par' dir='ltr' id='par_1_76' title="bbox 2105 3710 3704 3782">
     <span class='ocr_line' id='line_1_76' title="bbox 2105 3710 3704 3782; baseline -0.003 -16"><span class='ocrx_word' id='word_1_683' title='bbox 2105 3713 2321 3782; x_wconf 86' lang='lat' dir='ltr'><strong>tinguat.</strong></span> <span class='ocrx_word' id='word_1_684' title='bbox 2351 3712 2486 3768; x_wconf 87' lang='lat' dir='ltr'><strong>Vide</strong></span> <span class='ocrx_word' id='word_1_685' title='bbox 2516 3713 2797 3779; x_wconf 85' lang='lat' dir='ltr'><strong>Ilarduiu.,</strong></span> <span class='ocrx_word' id='word_1_686' title='bbox 2830 3712 2896 3766; x_wconf 84' lang='lat' dir='ltr'><strong>ad</strong></span> <span class='ocrx_word' id='word_1_687' title='bbox 2951 3711 3114 3777; x_wconf 89' lang='lat' dir='ltr'><strong>Plin.,</strong></span> <span class='ocrx_word' id='word_1_688' title='bbox 3149 3712 3181 3765; x_wconf 95' lang='lat' dir='ltr'><strong>l.</strong></span> <span class='ocrx_word' id='word_1_689' title='bbox 3206 3726 3244 3774; x_wconf 85' lang='grc' dir='ltr'>ι,</span> <span class='ocrx_word' id='word_1_690' title='bbox 3281 3727 3398 3781; x_wconf 86' lang='lat' dir='ltr'><strong>pag.</strong></span> <span class='ocrx_word' id='word_1_691' title='bbox 3433 3711 3528 3774; x_wconf 68' lang='lat'><strong>&#39;72,</strong></span> <span class='ocrx_word' id='word_1_692' title='bbox 3557 3725 3611 3765; x_wconf 88' lang='lat' dir='ltr'><strong>et</strong></span> <span class='ocrx_word' id='word_1_693' title='bbox 3639 3710 3704 3765; x_wconf 78' lang='grc' dir='ltr'><strong>ϐ.</strong></span> 
     </span>
    </p>
   </div>
   <div class='ocr_carea' id='block_1_77' title="bbox 2103 3782 3706 3854">
    <p class='ocr_par' dir='ltr' id='par_1_77' title="bbox 2103 3782 3706 3854">
     <span class='ocr_line' id='line_1_77' title="bbox 2103 3782 3706 3854; baseline -0.001 -16"><span class='ocrx_word' id='word_1_694' title='bbox 2103 3783 2152 3838; x_wconf 76' lang='grc'><strong>,1.</strong></span> <span class='ocrx_word' id='word_1_695' title='bbox 2187 3783 2338 3850; x_wconf 91' lang='lat' dir='ltr'><strong>Vos.,</strong></span> <span class='ocrx_word' id='word_1_696' title='bbox 2371 3783 2439 3838; x_wconf 91' lang='lat' dir='ltr'><strong>de</strong></span> <span class='ocrx_word' id='word_1_697' title='bbox 2465 3783 2680 3846; x_wconf 86' lang='lat' dir='ltr'><strong>ldolol.,</strong></span> <span class='ocrx_word' id='word_1_698' title='bbox 2715 3785 2807 3839; x_wconf 79' lang='lat' dir='ltr'><strong>lib.</strong></span> <span class='ocrx_word' id='word_1_699' title='bbox 2834 3800 2958 3844; x_wconf 87' lang='lat' dir='ltr'><strong>vut,</strong></span> <span class='ocrx_word' id='word_1_700' title='bbox 2996 3799 3114 3854; x_wconf 85' lang='lat' dir='ltr'><strong>cap.</strong></span> <span class='ocrx_word' id='word_1_701' title='bbox 3154 3785 3236 3847; x_wconf 88' lang='lat' dir='ltr'><strong>l7,</strong></span> <span class='ocrx_word' id='word_1_702' title='bbox 3273 3799 3392 3851; x_wconf 86' lang='lat' dir='ltr'><strong>pag.</strong></span> <span class='ocrx_word' id='word_1_703' title='bbox 3425 3782 3552 3837; x_wconf 81' lang='lat'><strong>759.</strong></span> <span class='ocrx_word' id='word_1_704' title='bbox 3584 3783 3706 3837; x_wconf 79' lang='lat' dir='ltr'><strong>Ca:-</strong></span> 
     </span>
    </p>
   </div>
   <div class='ocr_carea' id='block_1_78' title="bbox 2106 3855 3711 3924">
    <p class='ocr_par' dir='ltr' id='par_1_78' title="bbox 2106 3855 3711 3924">
     <span class='ocr_line' id='line_1_78' title="bbox 2106 3855 3711 3924; baseline 0 -16"><span class='ocrx_word' id='word_1_705' title='bbox 2106 3865 2301 3919; x_wconf 91' lang='lat' dir='ltr'><strong>terum,</strong></span> <span class='ocrx_word' id='word_1_706' title='bbox 2347 3866 2402 3909; x_wconf 91' lang='lat' dir='ltr'><strong>ut</strong></span> <span class='ocrx_word' id='word_1_707' title='bbox 2434 3856 2570 3912; x_wconf 91' lang='lat' dir='ltr'><strong>bene</strong></span> <span class='ocrx_word' id='word_1_708' title='bbox 2589 3857 2843 3912; x_wconf 84' lang='lat' dir='ltr'><strong>observat</strong></span> <span class='ocrx_word' id='word_1_709' title='bbox 2866 3855 3226 3924; x_wconf 84' lang='lat' dir='ltr'><strong>Stcweeltius,</strong></span> <span class='ocrx_word' id='word_1_710' title='bbox 3251 3856 3428 3907; x_wconf 87' lang='lat' dir='ltr'><strong>orbum</strong></span> <span class='ocrx_word' id='word_1_711' title='bbox 3456 3855 3711 3908; x_wconf 78' lang='lat' dir='ltr'><strong>dixerunt</strong></span> 
     </span>
    </p>
   </div>
   <div class='ocr_carea' id='block_1_79' title="bbox 2105 3925 3715 3998">
    <p class='ocr_par' dir='ltr' id='par_1_79' title="bbox 2105 3925 3715 3998">
     <span class='ocr_line' id='line_1_79' title="bbox 2105 3925 3715 3998; baseline -0.001 -18"><span class='ocrx_word' id='word_1_712' title='bbox 2105 3938 2317 3984; x_wconf 89' lang='lat' dir='ltr'><strong>veteres</strong></span> <span class='ocrx_word' id='word_1_713' title='bbox 2343 3939 2448 3982; x_wconf 89' lang='lat' dir='ltr'><strong>tam</strong></span> <span class='ocrx_word' id='word_1_714' title='bbox 2484 3939 2686 3996; x_wconf 88' lang='lat' dir='ltr'><strong>patrem</strong></span> <span class='ocrx_word' id='word_1_715' title='bbox 2707 3928 2794 3998; x_wconf 90' lang='lat' dir='ltr'><strong>qui</strong></span> <span class='ocrx_word' id='word_1_716' title='bbox 2830 3928 3224 3998; x_wconf 82' lang='lat' dir='ltr'><strong>liberos,quam</strong></span> <span class='ocrx_word' id='word_1_717' title='bbox 3260 3925 3463 3998; x_wconf 79' lang='lat' dir='ltr'><strong>liberos</strong></span> <span class='ocrx_word' id='word_1_718' title='bbox 3491 3925 3586 3996; x_wconf 90' lang='lat' dir='ltr'><strong>qui</strong></span> <span class='ocrx_word' id='word_1_719' title='bbox 3619 3940 3715 3996; x_wconf 77' lang='lat' dir='ltr'><strong>pa-</strong></span> 
     </span>
    </p>
   </div>
   <div class='ocr_carea' id='block_1_80' title="bbox 2109 3996 3717 4065">
    <p class='ocr_par' dir='ltr' id='par_1_80' title="bbox 2109 3996 3717 4065">
     <span class='ocr_line' id='line_1_80' title="bbox 2109 3996 3717 4065; baseline -0.001 -12"><span class='ocrx_word' id='word_1_720' title='bbox 2109 4009 2263 4065; x_wconf 86' lang='lat' dir='ltr'><strong>trem,</strong></span> <span class='ocrx_word' id='word_1_721' title='bbox 2299 4001 2626 4054; x_wconf 84' lang='lat' dir='ltr'><strong>amisissent.</strong></span> <span class='ocrx_word' id='word_1_722' title='bbox 2662 3996 2782 4054; x_wconf 88' lang='lat' dir='ltr'><strong>Vid.</strong></span> <span class='ocrx_word' id='word_1_723' title='bbox 2816 3999 2960 4054; x_wconf 80' lang='lat' dir='ltr'><strong>Fest.</strong></span> <span class='ocrx_word' id='word_1_724' title='bbox 3015 4017 3064 4052; x_wconf 86' lang='lat' dir='ltr'><strong>v.</strong></span> <span class='ocrx_word' id='word_1_725' title='bbox 3088 3996 3094 3997; x_wconf 14' lang='lat'><em>7</em></span> <span class='ocrx_word' id='word_1_726' title='bbox 3121 3997 3280 4052; x_wconf 85' lang='lat' dir='ltr'><strong>Orba.</strong></span> <span class='ocrx_word' id='word_1_727' title='bbox 3334 3996 3490 4050; x_wconf 86' lang='lat' dir='ltr'><strong>Plinii</strong></span> <span class='ocrx_word' id='word_1_728' title='bbox 3546 3998 3717 4051; x_wconf 74' lang='lat' dir='ltr'><strong>verba</strong></span> 
     </span>
    </p>
   </div>
   <div class='ocr_carea' id='block_1_81' title="bbox 2107 4068 3715 4140">
    <p class='ocr_par' dir='ltr' id='par_1_81' title="bbox 2107 4068 3715 4140">
     <span class='ocr_line' id='line_1_81' title="bbox 2107 4068 3715 4140; baseline -0.002 -16"><span class='ocrx_word' id='word_1_729' title='bbox 2107 4070 2376 4140; x_wconf 87' lang='lat' dir='ltr'><strong>descripta</strong></span> <span class='ocrx_word' id='word_1_730' title='bbox 2412 4071 2656 4126; x_wconf 86' lang='lat' dir='ltr'><strong>videntur</strong></span> <span class='ocrx_word' id='word_1_731' title='bbox 2681 4087 2710 4126; x_wconf 91' lang='lat' dir='ltr'><strong>e</strong></span> <span class='ocrx_word' id='word_1_732' title='bbox 2731 4071 3014 4138; x_wconf 85' lang='lat' dir='ltr'><strong>CicerOue,</strong></span> <span class='ocrx_word' id='word_1_733' title='bbox 3049 4073 3115 4126; x_wconf 79' lang='lat' dir='ltr'><strong>de</strong></span> <span class='ocrx_word' id='word_1_734' title='bbox 3143 4070 3260 4125; x_wconf 84' lang='lat' dir='ltr'><strong>Nat.</strong></span> <span class='ocrx_word' id='word_1_735' title='bbox 3289 4069 3465 4134; x_wconf 85' lang='lat' dir='ltr'><strong>tleOr.,</strong></span> <span class='ocrx_word' id='word_1_736' title='bbox 3503 4068 3598 4123; x_wconf 85' lang='lat' dir='ltr'><strong>lib.</strong></span> <span class='ocrx_word' id='word_1_737' title='bbox 3634 4086 3715 4134; x_wconf 84' lang='lat' dir='ltr'><strong>tn,</strong></span> 
     </span>
    </p>
   </div>
   <div class='ocr_carea' id='block_1_82' title="bbox 2107 4143 3050 4213">
    <p class='ocr_par' dir='ltr' id='par_1_82' title="bbox 2107 4143 3050 4213">
     <span class='ocr_line' id='line_1_82' title="bbox 2107 4143 3050 4213; baseline -0.004 -13"><span class='ocrx_word' id='word_1_738' title='bbox 2107 4157 2227 4213; x_wconf 87' lang='lat' dir='ltr'><strong>cap.</strong></span> <span class='ocrx_word' id='word_1_739' title='bbox 2261 4144 2351 4209; x_wconf 81' lang='lat'><strong>‘25,</strong></span> <span class='ocrx_word' id='word_1_740' title='bbox 2385 4144 2470 4197; x_wconf 90' lang='lat' dir='ltr'><strong>ubi</strong></span> <span class='ocrx_word' id='word_1_741' title='bbox 2500 4143 2607 4197; x_wconf 89' lang='lat' dir='ltr'><strong>vid.</strong></span> <span class='ocrx_word' id='word_1_742' title='bbox 2638 4144 2813 4197; x_wconf 88' lang='lat' dir='ltr'><strong>Davis.</strong></span> <span class='ocrx_word' id='word_1_743' title='bbox 2848 4145 3050 4199; x_wconf 76' lang='grc' dir='ltr'>Οιιειι..</span> 
     </span>
    </p>
   </div>
   <div class='ocr_carea' id='block_1_83' title="bbox 2183 4211 3718 4281">
    <p class='ocr_par' dir='ltr' id='par_1_83' title="bbox 2183 4211 3718 4281">
     <span class='ocr_line' id='line_1_83' title="bbox 2183 4211 3718 4281; baseline -0.005 -13"><span class='ocrx_word' id='word_1_744' title='bbox 2183 4211 2405 4270; x_wconf 60' lang='lat' dir='ltr'><strong>Narniae.</strong></span> <span class='ocrx_word' id='word_1_745' title='bbox 2441 4215 2563 4268; x_wconf 76' lang='lat' dir='ltr'><strong>Dea:</strong></span> <span class='ocrx_word' id='word_1_746' title='bbox 2594 4215 2812 4281; x_wconf 70' lang='lat' dir='ltr'><strong>Nzenizr,</strong></span> <span class='ocrx_word' id='word_1_747' title='bbox 2862 4216 3121 4270; x_wconf 80' lang='lat' dir='ltr'><strong>extremis</strong></span> <span class='ocrx_word' id='word_1_748' title='bbox 3150 4215 3271 4267; x_wconf 71' lang='lat' dir='ltr'><strong>vita:</strong></span> <span class='ocrx_word' id='word_1_749' title='bbox 3303 4229 3399 4267; x_wconf 89' lang='lat' dir='ltr'><strong>seu</strong></span> <span class='ocrx_word' id='word_1_750' title='bbox 3430 4211 3718 4266; x_wconf 67' lang='lat' dir='ltr'><strong>funeribus</strong></span> 
     </span>
    </p>
   </div>
   <div class='ocr_carea' id='block_1_84' title="bbox 2111 4284 3718 4358">
    <p class='ocr_par' dir='ltr' id='par_1_84' title="bbox 2111 4284 3718 4358">
     <span class='ocr_line' id='line_1_84' title="bbox 2111 4284 3718 4358; baseline -0.003 -17"><span class='ocrx_word' id='word_1_751' title='bbox 2111 4289 2399 4358; x_wconf 65' lang='lat' dir='ltr'><strong>prchectae,</strong></span> <span class='ocrx_word' id='word_1_752' title='bbox 2431 4287 2685 4342; x_wconf 74' lang='lat' dir='ltr'><strong>sacellum</strong></span> <span class='ocrx_word' id='word_1_753' title='bbox 2718 4302 2870 4341; x_wconf 76' lang='lat' dir='ltr'><strong>extra</strong></span> <span class='ocrx_word' id='word_1_754' title='bbox 2924 4298 3135 4358; x_wconf 87' lang='lat' dir='ltr'><strong>portam</strong></span> <span class='ocrx_word' id='word_1_755' title='bbox 3169 4284 3718 4358; x_wconf 36' lang='lat' dir='ltr'><strong>Viminalemtsicuti</strong></span> 
     </span>
    </p>
   </div>
   <div class='ocr_carea' id='block_1_85' title="bbox 2110 4356 3720 4422">
    <p class='ocr_par' dir='ltr' id='par_1_85' title="bbox 2110 4356 3720 4422">
     <span class='ocr_line' id='line_1_85' title="bbox 2110 4356 3720 4422; baseline -0.004 -9"><span class='ocrx_word' id='word_1_756' title='bbox 2110 4356 2174 4413; x_wconf 76' lang='lat' dir='ltr'><strong>ex</strong></span> <span class='ocrx_word' id='word_1_757' title='bbox 2193 4359 2380 4412; x_wconf 92' lang='lat' dir='ltr'><strong>Paullo</strong></span> <span class='ocrx_word' id='word_1_758' title='bbox 2406 4369 2457 4412; x_wconf 91' lang='lat' dir='ltr'><strong>et</strong></span> <span class='ocrx_word' id='word_1_759' title='bbox 2486 4359 2646 4413; x_wconf 74' lang='lat' dir='ltr'><strong>Festo</strong></span> <span class='ocrx_word' id='word_1_760' title='bbox 2673 4356 2951 4422; x_wconf 78' lang='lat' dir='ltr'><strong>discimus,</strong></span> <span class='ocrx_word' id='word_1_761' title='bbox 2976 4368 3348 4413; x_wconf 87' lang='lat' dir='ltr'><strong>consecratum</strong></span> <span class='ocrx_word' id='word_1_762' title='bbox 3374 4358 3494 4408; x_wconf 88' lang='lat' dir='ltr'><strong>fuit.</strong></span> <span class='ocrx_word' id='word_1_763' title='bbox 3521 4357 3594 4410; x_wconf 89' lang='lat' dir='ltr'><strong>De</strong></span> <span class='ocrx_word' id='word_1_764' title='bbox 3621 4356 3720 4407; x_wconf 68' lang='lat' dir='ltr'><strong>ba:-</strong></span> 
     </span>
    </p>
   </div>
   <div class='ocr_carea' id='block_1_86' title="bbox 406 4427 2001 4524">
    <p class='ocr_par' dir='ltr' id='par_1_86' title="bbox 406 4427 2001 4524">
     <span class='ocr_line' id='line_1_86' title="bbox 406 4427 2001 4524; baseline -0.002 -19"><span class='ocrx_word' id='word_1_765' title='bbox 406 4453 569 4524; x_wconf 70' lang='lat' dir='ltr'><strong>teslis</strong></span> <span class='ocrx_word' id='word_1_766' title='bbox 592 4427 845 4518; x_wconf 56' lang='lat' dir='ltr'><strong>idinisse,</strong></span> <span class='ocrx_word' id='word_1_767' title='bbox 877 4463 982 4507; x_wconf 90' lang='lat' dir='ltr'><strong>etc.</strong></span> <span class='ocrx_word' id='word_1_768' title='bbox 1012 4454 1315 4524; x_wconf 82' lang='lat' dir='ltr'><strong>Admonent,</strong></span> <span class='ocrx_word' id='word_1_769' title='bbox 1347 4450 1487 4524; x_wconf 76' lang='lat' dir='ltr'><strong>quod</strong></span> <span class='ocrx_word' id='word_1_770' title='bbox 1524 4427 2001 4524; x_wconf 55' lang='lat' dir='ltr'><strong>ltabunt_(‘.elen_li_us</strong></span> 
     </span>
    </p>
   </div>
   <div class='ocr_carea' id='block_1_87' title="bbox 2117 4427 3720 4524">
    <p class='ocr_par' dir='ltr' id='par_1_87' title="bbox 2117 4427 3720 4524">
     <span class='ocr_line' id='line_1_87' title="bbox 2117 4427 3720 4524; baseline -0.001 -42"><span class='ocrx_word' id='word_1_771' title='bbox 2117 4431 2467 4524; x_wconf 53' lang='lat' dir='ltr'><strong>llk’ugustiuus,</strong></span> <span class='ocrx_word' id='word_1_772' title='bbox 2500 4430 2567 4484; x_wconf 88' lang='lat' dir='ltr'><strong>de</strong></span> <span class='ocrx_word' id='word_1_773' title='bbox 2593 4429 2707 4484; x_wconf 88' lang='lat' dir='ltr'><strong>Civ.</strong></span> <span class='ocrx_word' id='word_1_774' title='bbox 2747 4431 2860 4492; x_wconf 81' lang='lat' dir='ltr'><strong>Dei.</strong></span> <span class='ocrx_word' id='word_1_775' title='bbox 2895 4431 2987 4484; x_wconf 88' lang='lat' dir='ltr'><strong>lib.</strong></span> <span class='ocrx_word' id='word_1_776' title='bbox 3017 4447 3092 4493; x_wconf 87' lang='lat' dir='ltr'><strong>vt,</strong></span> <span class='ocrx_word' id='word_1_777' title='bbox 3124 4446 3242 4524; x_wconf 70' lang='lat' dir='ltr'><strong>cap.</strong></span> <span class='ocrx_word' id='word_1_778' title='bbox 3277 4430 3412 4491; x_wconf 77' lang='lat' dir='ltr'><strong>9,ex</strong></span> <span class='ocrx_word' id='word_1_779' title='bbox 3447 4427 3720 4510; x_wconf 72' lang='lat' dir='ltr'><strong>Varrone:</strong></span> 
     </span>
    </p>
   </div>
   <div class='ocr_carea' id='block_1_88' title="bbox 408 4518 2004 4587">
    <p class='ocr_par' dir='ltr' id='par_1_88' title="bbox 408 4518 2004 4587">
     <span class='ocr_line' id='line_1_88' title="bbox 408 4518 2004 4587; baseline -0.003 -10"><span class='ocrx_word' id='word_1_780' title='bbox 408 4532 462 4577; x_wconf 88' lang='lat' dir='ltr'><strong>et</strong></span> <span class='ocrx_word' id='word_1_781' title='bbox 488 4523 782 4578; x_wconf 84' lang='lat' dir='ltr'><strong>Salmasius</strong></span> <span class='ocrx_word' id='word_1_782' title='bbox 809 4565 820 4587; x_wconf 87' lang='lat'><strong>,</strong></span> <span class='ocrx_word' id='word_1_783' title='bbox 863 4525 1072 4578; x_wconf 88' lang='lat' dir='ltr'><strong>videtur</strong></span> <span class='ocrx_word' id='word_1_784' title='bbox 1103 4541 1131 4578; x_wconf 93' lang='lat' dir='ltr'><strong>c</strong></span> <span class='ocrx_word' id='word_1_785' title='bbox 1161 4523 1294 4577; x_wconf 87' lang='lat' dir='ltr'><strong>Cod.</strong></span> <span class='ocrx_word' id='word_1_786' title='bbox 1329 4518 1428 4577; x_wconf 73' lang='lat' dir='ltr'><strong>ms.</strong></span> <span class='ocrx_word' id='word_1_787' title='bbox 1463 4522 1700 4575; x_wconf 72' lang='lat' dir='ltr'><strong>fluxisse.</strong></span> <span class='ocrx_word' id='word_1_788' title='bbox 1724 4519 1878 4573; x_wconf 85' lang='lat' dir='ltr'><strong>Fulv.</strong></span> <span class='ocrx_word' id='word_1_789' title='bbox 1908 4518 2004 4574; x_wconf 84' lang='lat' dir='ltr'><strong>Ur-</strong></span> 
     </span>
    </p>
   </div>
   <div class='ocr_carea' id='block_1_89' title="bbox 409 4590 2011 4663">
    <p class='ocr_par' dir='ltr' id='par_1_89' title="bbox 409 4590 2011 4663">
     <span class='ocr_line' id='line_1_89' title="bbox 409 4590 2011 4663; baseline -0.003 -14"><span class='ocrx_word' id='word_1_790' title='bbox 409 4595 515 4649; x_wconf 89' lang='lat' dir='ltr'><strong>sin.</strong></span> <span class='ocrx_word' id='word_1_791' title='bbox 546 4596 688 4661; x_wconf 89' lang='lat' dir='ltr'><strong>conj.</strong></span> <span class='ocrx_word' id='word_1_792' title='bbox 721 4596 987 4650; x_wconf 82' lang='lat' dir='ltr'><strong>admovent</strong></span> <span class='ocrx_word' id='word_1_793' title='bbox 1011 4637 1026 4660; x_wconf 93' lang='lat'><strong>,</strong></span> <span class='ocrx_word' id='word_1_794' title='bbox 1081 4595 1342 4663; x_wconf 86' lang='lat' dir='ltr'><strong>probante</strong></span> <span class='ocrx_word' id='word_1_795' title='bbox 1389 4593 1642 4648; x_wconf 85' lang='lat' dir='ltr'><strong>Hernldo.</strong></span> <span class='ocrx_word' id='word_1_796' title='bbox 1689 4590 1795 4646; x_wconf 90' lang='lat' dir='ltr'><strong>Sed</strong></span> <span class='ocrx_word' id='word_1_797' title='bbox 1825 4606 2011 4658; x_wconf 89' lang='lat' dir='ltr'><strong>parum</strong></span> 
     </span>
    </p>
   </div>
   <div class='ocr_carea' id='block_1_90' title="bbox 411 4664 2012 4736">
    <p class='ocr_par' dir='ltr' id='par_1_90' title="bbox 411 4664 2012 4736">
     <span class='ocr_line' id='line_1_90' title="bbox 411 4664 2012 4736; baseline -0.002 -17"><span class='ocrx_word' id='word_1_798' title='bbox 411 4675 504 4719; x_wconf 87' lang='lat' dir='ltr'><strong>aut</strong></span> <span class='ocrx_word' id='word_1_799' title='bbox 534 4664 665 4719; x_wconf 83' lang='lat' dir='ltr'><strong>nihil</strong></span> <span class='ocrx_word' id='word_1_800' title='bbox 689 4667 874 4731; x_wconf 87' lang='lat' dir='ltr'><strong>refert,</strong></span> <span class='ocrx_word' id='word_1_801' title='bbox 900 4677 1020 4722; x_wconf 91' lang='lat' dir='ltr'><strong>utro</strong></span> <span class='ocrx_word' id='word_1_802' title='bbox 1050 4667 1210 4722; x_wconf 89' lang='lat' dir='ltr'><strong>tuodo</strong></span> <span class='ocrx_word' id='word_1_803' title='bbox 1233 4667 1489 4736; x_wconf 82' lang='lat' dir='ltr'><strong>legamus.</strong></span> <span class='ocrx_word' id='word_1_804' title='bbox 1517 4664 1802 4728; x_wconf 83' lang='lat' dir='ltr'><strong>Meursius,</strong></span> <span class='ocrx_word' id='word_1_805' title='bbox 1839 4664 2012 4736; x_wconf 88' lang='lat' dir='ltr'><strong>locum</strong></span> 
     </span>
    </p>
   </div>
   <div class='ocr_carea' id='block_1_91' title="bbox 415 4733 2012 4805">
    <p class='ocr_par' dir='ltr' id='par_1_91' title="bbox 415 4733 2012 4805">
     <span class='ocr_line' id='line_1_91' title="bbox 415 4733 2012 4805; baseline -0.003 -15"><span class='ocrx_word' id='word_1_806' title='bbox 415 4737 661 4790; x_wconf 76' lang='lat' dir='ltr'><strong>laxatum</strong></span> <span class='ocrx_word' id='word_1_807' title='bbox 706 4737 957 4805; x_wconf 88' lang='lat' dir='ltr'><strong>credens,</strong></span> <span class='ocrx_word' id='word_1_808' title='bbox 997 4737 1158 4793; x_wconf 88' lang='lat' dir='ltr'><strong>verba</strong></span> <span class='ocrx_word' id='word_1_809' title='bbox 1189 4756 1201 4790; x_wconf 88' lang='lat'><strong>:</strong></span> <span class='ocrx_word' id='word_1_810' title='bbox 1235 4733 1385 4802; x_wconf 76' lang='lat' dir='ltr'><strong>Quod</strong></span> <span class='ocrx_word' id='word_1_811' title='bbox 1412 4739 1456 4790; x_wconf 87' lang='lat' dir='ltr'><strong>si</strong></span> <span class='ocrx_word' id='word_1_812' title='bbox 1485 4737 1693 4790; x_wconf 86' lang='lat' dir='ltr'><strong>minime</strong></span> <span class='ocrx_word' id='word_1_813' title='bbox 1712 4751 1799 4788; x_wconf 82' lang='lat' dir='ltr'><strong>vos</strong></span> <span class='ocrx_word' id='word_1_814' title='bbox 1829 4733 2012 4786; x_wconf 87' lang='lat' dir='ltr'><strong>admo-</strong></span> 
     </span>
    </p>
   </div>
   <div class='ocr_carea' id='block_1_92' title="bbox 413 4808 2014 4879">
    <p class='ocr_par' dir='ltr' id='par_1_92' title="bbox 413 4808 2014 4879">
     <span class='ocr_line' id='line_1_92' title="bbox 413 4808 2014 4879; baseline -0.001 -18"><span class='ocrx_word' id='word_1_815' title='bbox 413 4818 533 4862; x_wconf 87' lang='lat' dir='ltr'><strong>nent</strong></span> <span class='ocrx_word' id='word_1_816' title='bbox 693 4819 737 4861; x_wconf 91' lang='lat' dir='ltr'><strong>et</strong></span> <span class='ocrx_word' id='word_1_817' title='bbox 765 4810 1010 4878; x_wconf 86' lang='lat' dir='ltr'><strong>falsorum</strong></span> <span class='ocrx_word' id='word_1_818' title='bbox 1051 4810 1439 4879; x_wconf 87' lang='lat' dir='ltr'><strong>imaginationes</strong></span> <span class='ocrx_word' id='word_1_819' title='bbox 1482 4808 1692 4862; x_wconf 86' lang='lat' dir='ltr'><strong>deorum</strong></span> <span class='ocrx_word' id='word_1_820' title='bbox 1717 4847 1731 4870; x_wconf 89' lang='lat'><strong>,</strong></span> <span class='ocrx_word' id='word_1_821' title='bbox 1764 4815 2014 4879; x_wconf 80' lang='lat' dir='ltr'><strong>transpo-</strong></span> 
     </span>
    </p>
   </div>
   <div class='ocr_carea' id='block_1_93' title="bbox 418 4876 2019 4950">
    <p class='ocr_par' dir='ltr' id='par_1_93' title="bbox 418 4876 2019 4950">
     <span class='ocr_line' id='line_1_93' title="bbox 418 4876 2019 4950; baseline -0.003 -16"><span class='ocrx_word' id='word_1_822' title='bbox 418 4879 592 4934; x_wconf 90' lang='lat' dir='ltr'><strong>uenda</strong></span> <span class='ocrx_word' id='word_1_823' title='bbox 633 4876 822 4935; x_wconf 81' lang='lat' dir='ltr'><strong>censet</strong></span> <span class='ocrx_word' id='word_1_824' title='bbox 846 4882 898 4935; x_wconf 92' lang='lat' dir='ltr'><strong>in</strong></span> <span class='ocrx_word' id='word_1_825' title='bbox 929 4882 1088 4935; x_wconf 90' lang='lat' dir='ltr'><strong>linem</strong></span> <span class='ocrx_word' id='word_1_826' title='bbox 1120 4876 1324 4950; x_wconf 71' lang='lat' dir='ltr'><strong>Capitis</strong></span> <span class='ocrx_word' id='word_1_827' title='bbox 1349 4891 1470 4949; x_wconf 92' lang='lat' dir='ltr'><strong>post</strong></span> <span class='ocrx_word' id='word_1_828' title='bbox 1500 4879 1663 4934; x_wconf 89' lang='lat' dir='ltr'><strong>verba</strong></span> <span class='ocrx_word' id='word_1_829' title='bbox 1693 4895 1706 4932; x_wconf 91' lang='lat'><strong>:</strong></span> <span class='ocrx_word' id='word_1_830' title='bbox 1738 4876 1902 4930; x_wconf 83' lang='lat' dir='ltr'><strong>mellis</strong></span> <span class='ocrx_word' id='word_1_831' title='bbox 1929 4892 2019 4929; x_wconf 89' lang='lat' dir='ltr'><strong>cu-</strong></span> 
     </span>
    </p>
   </div>
   <div class='ocr_carea' id='block_1_94' title="bbox 414 4951 1548 5020">
    <p class='ocr_par' dir='ltr' id='par_1_94' title="bbox 414 4951 1548 5020">
     <span class='ocr_line' id='line_1_94' title="bbox 414 4951 1548 5020; baseline 0.001 -15"><span class='ocrx_word' id='word_1_832' title='bbox 414 4967 538 5005; x_wconf 85' lang='lat' dir='ltr'><strong>rans</strong></span> <span class='ocrx_word' id='word_1_833' title='bbox 567 4953 952 5020; x_wconf 87' lang='lat' dir='ltr'><strong>custodiensque</strong></span> <span class='ocrx_word' id='word_1_834' title='bbox 975 4952 1312 5006; x_wconf 86' lang='lat' dir='ltr'><strong>dulcedinem.</strong></span> <span class='ocrx_word' id='word_1_835' title='bbox 1344 4951 1548 5006; x_wconf 78' lang='lat' dir='ltr'><strong>ORELL.</strong></span> 
     </span>
    </p>
   </div>
   <div class='ocr_carea' id='block_1_95' title="bbox 492 5019 2017 5078">
    <p class='ocr_par' dir='ltr' id='par_1_95' title="bbox 492 5019 2017 5078">
     <span class='ocr_line' id='line_1_95' title="bbox 492 5019 2017 5078; baseline -0.003 -2"><span class='ocrx_word' id='word_1_836' title='bbox 492 5021 763 5076; x_wconf 82' lang='lat' dir='ltr'><strong>Puta.....</strong></span> <span class='ocrx_word' id='word_1_837' title='bbox 818 5019 1056 5077; x_wconf 83' lang='lat' dir='ltr'><strong>Peto.....</strong></span> <span class='ocrx_word' id='word_1_838' title='bbox 1108 5022 1481 5077; x_wconf 85' lang='lat' dir='ltr'><strong>Nemcstrinus.</strong></span> <span class='ocrx_word' id='word_1_839' title='bbox 1538 5023 1738 5078; x_wconf 86' lang='lat' dir='ltr'><strong>Horum</strong></span> <span class='ocrx_word' id='word_1_840' title='bbox 1793 5019 2017 5073; x_wconf 88' lang='lat' dir='ltr'><strong>deorum</strong></span> 
     </span>
    </p>
   </div>
   <div class='ocr_carea' id='block_1_96' title="bbox 421 5089 2012 5162">
    <p class='ocr_par' dir='ltr' id='par_1_96' title="bbox 421 5089 2012 5162">
     <span class='ocr_line' id='line_1_96' title="bbox 421 5089 2012 5162; baseline -0.004 -12"><span class='ocrx_word' id='word_1_841' title='bbox 421 5095 544 5150; x_wconf 85' lang='lat' dir='ltr'><strong>alibi</strong></span> <span class='ocrx_word' id='word_1_842' title='bbox 575 5096 719 5150; x_wconf 89' lang='lat' dir='ltr'><strong>nulla</strong></span> <span class='ocrx_word' id='word_1_843' title='bbox 749 5096 956 5150; x_wconf 84' lang='lat' dir='ltr'><strong>notitia.</strong></span> <span class='ocrx_word' id='word_1_844' title='bbox 985 5095 1118 5150; x_wconf 86' lang='lat' dir='ltr'><strong>Vide</strong></span> <span class='ocrx_word' id='word_1_845' title='bbox 1146 5095 1328 5155; x_wconf 90' lang='lat' dir='ltr'><strong>Voss.,</strong></span> <span class='ocrx_word' id='word_1_846' title='bbox 1361 5095 1428 5149; x_wconf 90' lang='lat' dir='ltr'><strong>de</strong></span> <span class='ocrx_word' id='word_1_847' title='bbox 1456 5095 1666 5154; x_wconf 87' lang='lat' dir='ltr'><strong>Idnlnl..</strong></span> <span class='ocrx_word' id='word_1_848' title='bbox 1698 5107 1751 5162; x_wconf 89' lang='lat' dir='ltr'><strong>p.</strong></span> <span class='ocrx_word' id='word_1_849' title='bbox 1774 5090 1901 5146; x_wconf 66' lang='lat' dir='ltr'><strong>Q56.</strong></span> <span class='ocrx_word' id='word_1_850' title='bbox 1938 5089 2012 5144; x_wconf 86' lang='lat' dir='ltr'><strong>Io.</strong></span> 
     </span>
    </p>
   </div>
   <div class='ocr_carea' id='block_1_97' title="bbox 501 5162 2022 5234">
    <p class='ocr_par' dir='ltr' id='par_1_97' title="bbox 501 5162 2022 5234">
     <span class='ocr_line' id='line_1_97' title="bbox 501 5162 2022 5234; baseline -0.002 -16"><span class='ocrx_word' id='word_1_851' title='bbox 501 5165 773 5222; x_wconf 75' lang='lat' dir='ltr'><strong>Patellana</strong></span> <span class='ocrx_word' id='word_1_852' title='bbox 801 5183 985 5221; x_wconf 88' lang='lat' dir='ltr'><strong>numen</strong></span> <span class='ocrx_word' id='word_1_853' title='bbox 1036 5176 1108 5220; x_wconf 90' lang='lat' dir='ltr'><strong>est</strong></span> <span class='ocrx_word' id='word_1_854' title='bbox 1137 5176 1184 5219; x_wconf 86' lang='lat' dir='ltr'><strong>et</strong></span> <span class='ocrx_word' id='word_1_855' title='bbox 1235 5164 1456 5218; x_wconf 83' lang='lat' dir='ltr'><strong>Patella.</strong></span> <span class='ocrx_word' id='word_1_856' title='bbox 1490 5165 1712 5234; x_wconf 89' lang='lat' dir='ltr'><strong>Papias:</strong></span> <span class='ocrx_word' id='word_1_857' title='bbox 1744 5162 2022 5217; x_wconf 88' lang='lat' dir='ltr'><strong>Patellana</strong></span> 
     </span>
    </p>
   </div>
   <div class='ocr_carea' id='block_1_98' title="bbox 426 5235 2020 5312">
    <p class='ocr_par' dir='ltr' id='par_1_98' title="bbox 426 5235 2020 5312">
     <span class='ocr_line' id='line_1_98' title="bbox 426 5235 2020 5312; baseline -0.003 -21"><span class='ocrx_word' id='word_1_858' title='bbox 426 5238 537 5292; x_wconf 89' lang='lat' dir='ltr'><strong>Dea</strong></span> <span class='ocrx_word' id='word_1_859' title='bbox 580 5256 612 5291; x_wconf 91' lang='lat' dir='ltr'><strong>a</strong></span> <span class='ocrx_word' id='word_1_860' title='bbox 659 5241 876 5312; x_wconf 86' lang='lat' dir='ltr'><strong>paganis</strong></span> <span class='ocrx_word' id='word_1_861' title='bbox 915 5239 1128 5302; x_wconf 88' lang='lat' dir='ltr'><strong>dicitur,</strong></span> <span class='ocrx_word' id='word_1_862' title='bbox 1168 5253 1283 5312; x_wconf 85' lang='lat' dir='ltr'><strong>c_um</strong></span> <span class='ocrx_word' id='word_1_863' title='bbox 1313 5235 1534 5306; x_wconf 84' lang='lat' dir='ltr'><strong>folliculi</strong></span> <span class='ocrx_word' id='word_1_864' title='bbox 1560 5235 1821 5312; x_wconf 66' lang='lat' dir='ltr'><strong>_ntessittm</strong></span> <span class='ocrx_word' id='word_1_865' title='bbox 1852 5245 2020 5312; x_wconf 68' lang='lat' dir='ltr'><strong>pates-</strong></span> 
     </span>
    </p>
   </div>
   <div class='ocr_carea' id='block_1_99' title="bbox 427 5305 2024 5375">
    <p class='ocr_par' dir='ltr' id='par_1_99' title="bbox 427 5305 2024 5375">
     <span class='ocr_line' id='line_1_99' title="bbox 427 5305 2024 5375; baseline -0.001 -13"><span class='ocrx_word' id='word_1_866' title='bbox 427 5319 568 5375; x_wconf 87' lang='lat' dir='ltr'><strong>cunt,</strong></span> <span class='ocrx_word' id='word_1_867' title='bbox 594 5305 680 5364; x_wconf 75' lang='lat' dir='ltr'><strong>aut</strong></span> <span class='ocrx_word' id='word_1_868' title='bbox 711 5305 748 5365; x_wconf 68' lang='grc' dir='ltr'><strong>ε’</strong></span> <span class='ocrx_word' id='word_1_869' title='bbox 765 5313 918 5375; x_wconf 77' lang='lat' dir='ltr'><strong>spicis</strong></span> <span class='ocrx_word' id='word_1_870' title='bbox 945 5319 1148 5366; x_wconf 78' lang='lat' dir='ltr'><strong>exeunt.</strong></span> <span class='ocrx_word' id='word_1_871' title='bbox 1180 5305 1425 5363; x_wconf 70' lang='lat' dir='ltr'><strong>ELMENB.</strong></span> <span class='ocrx_word' id='word_1_872' title='bbox 1450 5337 1520 5348; x_wconf 92' lang='lat'><strong>—-</strong></span> <span class='ocrx_word' id='word_1_873' title='bbox 1549 5305 1852 5360; x_wconf 85' lang='lat' dir='ltr'><strong>Patelenam</strong></span> <span class='ocrx_word' id='word_1_874' title='bbox 1893 5305 2024 5360; x_wconf 84' lang='lat' dir='ltr'><strong>dicit</strong></span> 
     </span>
    </p>
   </div>
   <div class='ocr_carea' id='block_1_100' title="bbox 428 5379 1821 5452">
    <p class='ocr_par' dir='ltr' id='par_1_100' title="bbox 428 5379 1821 5452">
     <span class='ocr_line' id='line_1_100' title="bbox 428 5379 1821 5452; baseline -0.004 -17"><span class='ocrx_word' id='word_1_875' title='bbox 428 5381 758 5452; x_wconf 70' lang='lat' dir='ltr'><strong>Augus&#39;inus</strong></span> <span class='ocrx_word' id='word_1_876' title='bbox 788 5379 907 5437; x_wconf 88' lang='lat' dir='ltr'><strong>loco</strong></span> <span class='ocrx_word' id='word_1_877' title='bbox 937 5397 1096 5452; x_wconf 87' lang='lat' dir='ltr'><strong>quem</strong></span> <span class='ocrx_word' id='word_1_878' title='bbox 1126 5397 1248 5436; x_wconf 78' lang='lat' dir='ltr'><strong>mox</strong></span> <span class='ocrx_word' id='word_1_879' title='bbox 1284 5379 1590 5452; x_wconf 87' lang='lat' dir='ltr'><strong>citabimus.</strong></span> <span class='ocrx_word' id='word_1_880' title='bbox 1618 5380 1821 5452; x_wconf 59' lang='grc' dir='ltr'>Οιιειι..</span> 
     </span>
    </p>
   </div>
   <div class='ocr_carea' id='block_1_101' title="bbox 503 5449 2025 5523">
    <p class='ocr_par' dir='ltr' id='par_1_101' title="bbox 503 5449 2025 5523">
     <span class='ocr_line' id='line_1_101' title="bbox 503 5449 2025 5523; baseline -0.001 -19"><span class='ocrx_word' id='word_1_881' title='bbox 503 5450 882 5523; x_wconf 83' lang='lat' dir='ltr'><strong>Patefaciendis</strong></span> <span class='ocrx_word' id='word_1_882' title='bbox 907 5449 1074 5509; x_wconf 79' lang='lat' dir='ltr'><strong>rebus.</strong></span> <span class='ocrx_word' id='word_1_883' title='bbox 1122 5455 1314 5508; x_wconf 88' lang='lat' dir='ltr'><strong>Annon</strong></span> <span class='ocrx_word' id='word_1_884' title='bbox 1345 5451 1628 5521; x_wconf 70' lang='lat' dir='ltr'><strong>legendum</strong></span> <span class='ocrx_word' id='word_1_885' title='bbox 1662 5449 2025 5523; x_wconf 74' lang='lat' dir='ltr'><strong>patefaciendis</strong></span> 
     </span>
    </p>
   </div>
   <div class='ocr_carea' id='block_1_102' title="bbox 426 5521 2024 5592">
    <p class='ocr_par' dir='ltr' id='par_1_102' title="bbox 426 5521 2024 5592">
     <span class='ocr_line' id='line_1_102' title="bbox 426 5521 2024 5592; baseline 0 -17"><span class='ocrx_word' id='word_1_886' title='bbox 426 5521 744 5577; x_wconf 82' lang='lat' dir='ltr'><strong>seminibus?</strong></span> <span class='ocrx_word' id='word_1_887' title='bbox 801 5525 931 5580; x_wconf 84' lang='lat' dir='ltr'><strong>Nam</strong></span> <span class='ocrx_word' id='word_1_888' title='bbox 983 5527 1088 5580; x_wconf 87' lang='lat' dir='ltr'><strong>Dea</strong></span> <span class='ocrx_word' id='word_1_889' title='bbox 1129 5539 1380 5592; x_wconf 86' lang='lat' dir='ltr'><strong>agrorum</strong></span> <span class='ocrx_word' id='word_1_890' title='bbox 1434 5524 1724 5578; x_wconf 86' lang='lat' dir='ltr'><strong>Patellana.</strong></span> <span class='ocrx_word' id='word_1_891' title='bbox 1763 5521 1892 5576; x_wconf 86' lang='lat' dir='ltr'><strong>Vide</strong></span> <span class='ocrx_word' id='word_1_892' title='bbox 1926 5521 2024 5575; x_wconf 83' lang='lat' dir='ltr'><strong>l’a-</strong></span> 
     </span>
    </p>
   </div>
   <div class='ocr_carea' id='block_1_103' title="bbox 429 5593 1472 5662">
    <p class='ocr_par' dir='ltr' id='par_1_103' title="bbox 429 5593 1472 5662">
     <span class='ocr_line' id='line_1_103' title="bbox 429 5593 1472 5662; baseline 0.002 -16"><span class='ocrx_word' id='word_1_893' title='bbox 429 5593 531 5662; x_wconf 76' lang='lat' dir='ltr'><strong>pia:</strong></span> <span class='ocrx_word' id='word_1_894' title='bbox 562 5595 734 5647; x_wconf 90' lang='lat' dir='ltr'><strong>locum</strong></span> <span class='ocrx_word' id='word_1_895' title='bbox 759 5599 916 5652; x_wconf 87' lang='lat' dir='ltr'><strong>modo</strong></span> <span class='ocrx_word' id='word_1_896' title='bbox 942 5597 1236 5652; x_wconf 89' lang='lat' dir='ltr'><strong>laudatum.</strong></span> <span class='ocrx_word' id='word_1_897' title='bbox 1266 5594 1472 5651; x_wconf 79' lang='lat' dir='ltr'><strong>ORELL.</strong></span> 
     </span>
    </p>
   </div>
   <div class='ocr_carea' id='block_1_104' title="bbox 507 5663 2022 5737">
    <p class='ocr_par' dir='ltr' id='par_1_104' title="bbox 507 5663 2022 5737">
     <span class='ocr_line' id='line_1_104' title="bbox 507 5663 2022 5737; baseline 0 -21"><span class='ocrx_word' id='word_1_898' title='bbox 507 5663 751 5720; x_wconf 84' lang='lat' dir='ltr'><strong>Nodutis.</strong></span> <span class='ocrx_word' id='word_1_899' title='bbox 805 5668 1154 5737; x_wconf 85' lang='lat' dir='ltr'><strong>Augustinus,</strong></span> <span class='ocrx_word' id='word_1_900' title='bbox 1183 5667 1250 5722; x_wconf 92' lang='lat' dir='ltr'><strong>de</strong></span> <span class='ocrx_word' id='word_1_901' title='bbox 1271 5667 1389 5722; x_wconf 87' lang='lat' dir='ltr'><strong>Civ.</strong></span> <span class='ocrx_word' id='word_1_902' title='bbox 1421 5665 1558 5730; x_wconf 86' lang='lat' dir='ltr'><strong>l)ei.,</strong></span> <span class='ocrx_word' id='word_1_903' title='bbox 1597 5664 1690 5718; x_wconf 90' lang='lat' dir='ltr'><strong>lib.</strong></span> <span class='ocrx_word' id='word_1_904' title='bbox 1723 5679 1798 5737; x_wconf 85' lang='lat' dir='ltr'><strong>tv,</strong></span> <span class='ocrx_word' id='word_1_905' title='bbox 1820 5671 1938 5737; x_wconf 75' lang='lat' dir='ltr'><strong>cap.</strong></span> <span class='ocrx_word' id='word_1_906' title='bbox 1969 5663 2022 5717; x_wconf 89' lang='lat'><strong>8:</strong></span> 
     </span>
    </p>
   </div>
   <div class='ocr_carea' id='block_1_105' title="bbox 430 5733 2028 5809">
    <p class='ocr_par' dir='ltr' id='par_1_105' title="bbox 430 5733 2028 5809">
     <span class='ocr_line' id='line_1_105' title="bbox 430 5733 2028 5809; baseline 0.001 -23"><span class='ocrx_word' id='word_1_907' title='bbox 430 5733 782 5809; x_wconf 78' lang='lat' dir='ltr'><strong>Prtefecerunt</strong></span> <span class='ocrx_word' id='word_1_908' title='bbox 803 5733 921 5808; x_wconf 80' lang='lat' dir='ltr'><strong>ergo</strong></span> <span class='ocrx_word' id='word_1_909' title='bbox 946 5738 1306 5809; x_wconf 85' lang='lat' dir='ltr'><strong>Proserpinam</strong></span> <span class='ocrx_word' id='word_1_910' title='bbox 1325 5739 1590 5808; x_wconf 88' lang='lat' dir='ltr'><strong>fruntentis</strong></span> <span class='ocrx_word' id='word_1_911' title='bbox 1605 5735 2028 5809; x_wconf 80' lang='lat' dir='ltr'><strong>germinantibus:</strong></span> 
     </span>
    </p>
   </div>
   <div class='ocr_carea' id='block_1_106' title="bbox 423 5805 2023 5879">
    <p class='ocr_par' dir='ltr' id='par_1_106' title="bbox 423 5805 2023 5879">
     <span class='ocr_line' id='line_1_106' title="bbox 423 5805 2023 5879; baseline 0.001 -22"><span class='ocrx_word' id='word_1_912' title='bbox 423 5807 669 5871; x_wconf 71' lang='lat' dir='ltr'><strong>geniculis</strong></span> <span class='ocrx_word' id='word_1_913' title='bbox 716 5805 962 5879; x_wconf 72' lang='lat' dir='ltr'><strong>nodisque</strong></span> <span class='ocrx_word' id='word_1_914' title='bbox 999 5805 1281 5866; x_wconf 84' lang='lat' dir='ltr'><strong>culmorum</strong></span> <span class='ocrx_word' id='word_1_915' title='bbox 1305 5805 1457 5866; x_wconf 84' lang='lat' dir='ltr'><strong>deum</strong></span> <span class='ocrx_word' id='word_1_916' title='bbox 1485 5809 1538 5865; x_wconf 86' lang='grc' dir='ltr'><strong><em>Ν</em></strong></span> <span class='ocrx_word' id='word_1_917' title='bbox 1544 5805 1750 5865; x_wconf 81' lang='lat' dir='ltr'><strong>odotum</strong></span> <span class='ocrx_word' id='word_1_918' title='bbox 1774 5823 1793 5861; x_wconf 89' lang='lat'><strong>:</strong></span> <span class='ocrx_word' id='word_1_919' title='bbox 1818 5805 2023 5861; x_wconf 86' lang='lat' dir='ltr'><strong>involu-</strong></span> 
     </span>
    </p>
   </div>
   <div class='ocr_carea' id='block_1_107' title="bbox 2128 4501 3723 4568">
    <p class='ocr_par' dir='ltr' id='par_1_107' title="bbox 2128 4501 3723 4568">
     <span class='ocr_line' id='line_1_107' title="bbox 2128 4501 3723 4568; baseline -0.003 -13"><span class='ocrx_word' id='word_1_920' title='bbox 2128 4501 2288 4555; x_wconf 85' lang='lat' dir='ltr'><strong>Vurro</strong></span> <span class='ocrx_word' id='word_1_921' title='bbox 2341 4518 2738 4556; x_wconf 82' lang='lat' dir='ltr'><strong>commemorare</strong></span> <span class='ocrx_word' id='word_1_922' title='bbox 2767 4513 2812 4557; x_wconf 89' lang='lat' dir='ltr'><strong>et</strong></span> <span class='ocrx_word' id='word_1_923' title='bbox 2842 4518 3141 4557; x_wconf 85' lang='lat' dir='ltr'><strong>enumerare</strong></span> <span class='ocrx_word' id='word_1_924' title='bbox 3192 4501 3313 4553; x_wconf 84' lang='lat' dir='ltr'><strong>deos</strong></span> <span class='ocrx_word' id='word_1_925' title='bbox 3346 4501 3500 4568; x_wconf 67' lang='lat' dir='ltr'><strong>coepit</strong></span> <span class='ocrx_word' id='word_1_926' title='bbox 3531 4516 3565 4551; x_wconf 90' lang='lat' dir='ltr'><strong>a</strong></span> <span class='ocrx_word' id='word_1_927' title='bbox 3592 4515 3723 4552; x_wconf 84' lang='lat' dir='ltr'><strong>con-</strong></span> 
     </span>
    </p>
   </div>
   <div class='ocr_carea' id='block_1_108' title="bbox 2113 4570 3727 4646">
    <p class='ocr_par' dir='ltr' id='par_1_108' title="bbox 2113 4570 3727 4646">
     <span class='ocr_line' id='line_1_108' title="bbox 2113 4570 3727 4646; baseline -0.003 -19"><span class='ocrx_word' id='word_1_928' title='bbox 2113 4575 2342 4646; x_wconf 87' lang='lat' dir='ltr'><strong>ceptione</strong></span> <span class='ocrx_word' id='word_1_929' title='bbox 2370 4575 2610 4638; x_wconf 84' lang='lat' dir='ltr'><strong>hominis,</strong></span> <span class='ocrx_word' id='word_1_930' title='bbox 2642 4591 2852 4642; x_wconf 82' lang='lat' dir='ltr'><strong>eamque</strong></span> <span class='ocrx_word' id='word_1_931' title='bbox 2875 4576 3055 4628; x_wconf 84' lang='lat' dir='ltr'><strong>seriem</strong></span> <span class='ocrx_word' id='word_1_932' title='bbox 3084 4573 3325 4646; x_wconf 64' lang='lat' dir='ltr'><strong>produxit</strong></span> <span class='ocrx_word' id='word_1_933' title='bbox 3350 4587 3512 4646; x_wconf 75' lang='lat' dir='ltr'><strong>usque</strong></span> <span class='ocrx_word' id='word_1_934' title='bbox 3538 4570 3608 4646; x_wconf 79' lang='lat' dir='ltr'><strong>ad</strong></span> <span class='ocrx_word' id='word_1_935' title='bbox 3635 4570 3727 4622; x_wconf 81' lang='lat' dir='ltr'><strong>de-</strong></span> 
     </span>
    </p>
   </div>
   <div class='ocr_carea' id='block_1_109' title="bbox 2115 4642 3726 4715">
    <p class='ocr_par' dir='ltr' id='par_1_109' title="bbox 2115 4642 3726 4715">
     <span class='ocr_line' id='line_1_109' title="bbox 2115 4642 3726 4715; baseline -0.003 -16"><span class='ocrx_word' id='word_1_936' title='bbox 2115 4642 2294 4715; x_wconf 79' lang='lat' dir='ltr'><strong>crepiti</strong></span> <span class='ocrx_word' id='word_1_937' title='bbox 2330 4646 2550 4700; x_wconf 84' lang='lat' dir='ltr'><strong>hominis</strong></span> <span class='ocrx_word' id='word_1_938' title='bbox 2578 4653 2789 4699; x_wconf 88' lang='lat' dir='ltr'><strong>mortem</strong></span> <span class='ocrx_word' id='word_1_939' title='bbox 2817 4688 2830 4706; x_wconf 86' lang='lat'><strong>,</strong></span> <span class='ocrx_word' id='word_1_940' title='bbox 2880 4656 2926 4698; x_wconf 88' lang='lat' dir='ltr'><strong>et</strong></span> <span class='ocrx_word' id='word_1_941' title='bbox 2955 4642 3091 4700; x_wconf 83' lang='lat' dir='ltr'><strong>deos</strong></span> <span class='ocrx_word' id='word_1_942' title='bbox 3124 4643 3191 4698; x_wconf 85' lang='lat' dir='ltr'><strong>ad</strong></span> <span class='ocrx_word' id='word_1_943' title='bbox 3243 4645 3412 4715; x_wconf 86' lang='lat' dir='ltr'><strong>ipsum</strong></span> <span class='ocrx_word' id='word_1_944' title='bbox 3461 4642 3726 4715; x_wconf 77' lang='lat' dir='ltr'><strong>hominem</strong></span> 
     </span>
    </p>
   </div>
   <div class='ocr_carea' id='block_1_110' title="bbox 2117 4714 3728 4786">
    <p class='ocr_par' dir='ltr' id='par_1_110' title="bbox 2117 4714 3728 4786">
     <span class='ocr_line' id='line_1_110' title="bbox 2117 4714 3728 4786; baseline -0.002 -17"><span class='ocrx_word' id='word_1_945' title='bbox 2117 4714 2418 4786; x_wconf 85' lang='lat' dir='ltr'><strong>pertinentes</strong></span> <span class='ocrx_word' id='word_1_946' title='bbox 2471 4718 2653 4771; x_wconf 84' lang='lat' dir='ltr'><strong>clausit</strong></span> <span class='ocrx_word' id='word_1_947' title='bbox 2674 4717 2742 4770; x_wconf 90' lang='lat' dir='ltr'><strong>ad</strong></span> <span class='ocrx_word' id='word_1_948' title='bbox 2773 4717 3012 4772; x_wconf 79' lang='lat' dir='ltr'><strong>Ntrniam</strong></span> <span class='ocrx_word' id='word_1_949' title='bbox 3041 4717 3209 4780; x_wconf 82' lang='lat' dir='ltr'><strong>deum,</strong></span> <span class='ocrx_word' id='word_1_950' title='bbox 3234 4729 3347 4786; x_wconf 74' lang='lat' dir='ltr'><strong>qua:</strong></span> <span class='ocrx_word' id='word_1_951' title='bbox 3372 4714 3424 4766; x_wconf 88' lang='lat' dir='ltr'><strong>in</strong></span> <span class='ocrx_word' id='word_1_952' title='bbox 3453 4714 3728 4782; x_wconf 70' lang='lat' dir='ltr'><strong>funeribus</strong></span> 
     </span>
    </p>
   </div>
   <div class='ocr_carea' id='block_1_111' title="bbox 2115 4787 3009 4860">
    <p class='ocr_par' dir='ltr' id='par_1_111' title="bbox 2115 4787 3009 4860">
     <span class='ocr_line' id='line_1_111' title="bbox 2115 4787 3009 4860; baseline 0.001 -17"><span class='ocrx_word' id='word_1_953' title='bbox 2115 4804 2292 4860; x_wconf 86' lang='lat' dir='ltr'><strong>senum</strong></span> <span class='ocrx_word' id='word_1_954' title='bbox 2311 4797 2567 4844; x_wconf 84' lang='lat' dir='ltr'><strong>cantatur.</strong></span> <span class='ocrx_word' id='word_1_955' title='bbox 2593 4787 2764 4844; x_wconf 75' lang='lat' dir='ltr'><strong>Nova.</strong></span> <span class='ocrx_word' id='word_1_956' title='bbox 2797 4806 2848 4860; x_wconf 93' lang='lat' dir='ltr'><strong>p.</strong></span> <span class='ocrx_word' id='word_1_957' title='bbox 2885 4790 3009 4844; x_wconf 69' lang='grc'><strong>426.</strong></span> 
     </span>
    </p>
   </div>
   <div class='ocr_carea' id='block_1_112' title="bbox 2188 4856 3729 4932">
    <p class='ocr_par' dir='ltr' id='par_1_112' title="bbox 2188 4856 3729 4932">
     <span class='ocr_line' id='line_1_112' title="bbox 2188 4856 3729 4932; baseline -0.001 -20"><span class='ocrx_word' id='word_1_958' title='bbox 2188 4859 2310 4932; x_wconf 74' lang='lat' dir='ltr'><strong>Jan:</strong></span> <span class='ocrx_word' id='word_1_959' title='bbox 2331 4876 2446 4932; x_wconf 72' lang='lat' dir='ltr'><strong>qua:</strong></span> <span class='ocrx_word' id='word_1_960' title='bbox 2497 4863 2670 4914; x_wconf 88' lang='lat' dir='ltr'><strong>durat.</strong></span> <span class='ocrx_word' id='word_1_961' title='bbox 2693 4860 2782 4918; x_wconf 90' lang='lat' dir='ltr'><strong>Sic</strong></span> <span class='ocrx_word' id='word_1_962' title='bbox 2798 4856 2946 4918; x_wconf 69' lang='lat' dir='ltr'><strong>edidi</strong></span> <span class='ocrx_word' id='word_1_963' title='bbox 3001 4877 3070 4917; x_wconf 82' lang='lat' dir='ltr'><strong>ex</strong></span> <span class='ocrx_word' id='word_1_964' title='bbox 3099 4857 3481 4916; x_wconf 89' lang='lat' dir='ltr'><strong>emendatione</strong></span> <span class='ocrx_word' id='word_1_965' title='bbox 3502 4856 3729 4913; x_wconf 75' lang='lat' dir='ltr'><strong>Meursii</strong></span> 
     </span>
    </p>
   </div>
   <div class='ocr_carea' id='block_1_113' title="bbox 2120 4930 2717 5003">
    <p class='ocr_par' dir='ltr' id='par_1_113' title="bbox 2120 4930 2717 5003">
     <span class='ocr_line' id='line_1_113' title="bbox 2120 4930 2717 5003; baseline -0.002 -17"><span class='ocrx_word' id='word_1_966' title='bbox 2120 4948 2218 5003; x_wconf 92' lang='lat' dir='ltr'><strong>pro</strong></span> <span class='ocrx_word' id='word_1_967' title='bbox 2243 4930 2384 4984; x_wconf 80' lang='lat' dir='ltr'><strong>Nam</strong></span> <span class='ocrx_word' id='word_1_968' title='bbox 2410 4949 2522 5001; x_wconf 80' lang='lat' dir='ltr'><strong>qua:</strong></span> <span class='ocrx_word' id='word_1_969' title='bbox 2545 4933 2717 4988; x_wconf 86' lang='lat' dir='ltr'><strong>durat.</strong></span> 
     </span>
    </p>
   </div>
   <div class='ocr_carea' id='block_1_114' title="bbox 2196 5000 3730 5075">
    <p class='ocr_par' dir='ltr' id='par_1_114' title="bbox 2196 5000 3730 5075">
     <span class='ocr_line' id='line_1_114' title="bbox 2196 5000 3730 5075; baseline -0.002 -18"><span class='ocrx_word' id='word_1_970' title='bbox 2196 5000 2453 5074; x_wconf 85' lang='lat' dir='ltr'><strong>Ossilago.</strong></span> <span class='ocrx_word' id='word_1_971' title='bbox 2491 5005 2797 5075; x_wconf 88' lang='lat' dir='ltr'><strong>Legendum</strong></span> <span class='ocrx_word' id='word_1_972' title='bbox 2821 5004 2904 5060; x_wconf 89' lang='lat' dir='ltr'><strong>vel</strong></span> <span class='ocrx_word' id='word_1_973' title='bbox 2936 5019 3058 5060; x_wconf 91' lang='lat' dir='ltr'><strong>cum</strong></span> <span class='ocrx_word' id='word_1_974' title='bbox 3077 5005 3311 5060; x_wconf 82' lang='lat' dir='ltr'><strong>Cantero</strong></span> <span class='ocrx_word' id='word_1_975' title='bbox 3331 5001 3615 5071; x_wconf 86' lang='lat' dir='ltr'><strong>Ossipago,</strong></span> <span class='ocrx_word' id='word_1_976' title='bbox 3642 5000 3730 5056; x_wconf 87' lang='lat' dir='ltr'><strong>vel</strong></span> 
     </span>
    </p>
   </div>
   <div class='ocr_carea' id='block_1_115' title="bbox 2121 5075 3727 5206">
    <p class='ocr_par' dir='ltr' id='par_1_115' title="bbox 2121 5075 3727 5206">
     <span class='ocr_line' id='line_1_115' title="bbox 2121 5075 3727 5206; baseline -0.002 -78"><span class='ocrx_word' id='word_1_977' title='bbox 2121 5075 2580 5206; x_wconf 64' lang='lat' dir='ltr'><strong>§3HIOSIC\VCClll0</strong></span> <span class='ocrx_word' id='word_1_978' title='bbox 2599 5077 2911 5149; x_wconf 87' lang='lat' dir='ltr'><strong>Ossipanga.</strong></span> <span class='ocrx_word' id='word_1_979' title='bbox 2941 5076 3071 5133; x_wconf 88' lang='lat' dir='ltr'><strong>Vide</strong></span> <span class='ocrx_word' id='word_1_980' title='bbox 3098 5092 3260 5148; x_wconf 86' lang='lat' dir='ltr'><strong>supra</strong></span> <span class='ocrx_word' id='word_1_981' title='bbox 3279 5076 3346 5130; x_wconf 87' lang='lat' dir='ltr'><strong>ad</strong></span> <span class='ocrx_word' id='word_1_982' title='bbox 3366 5075 3462 5129; x_wconf 90' lang='lat' dir='ltr'><strong>lib.</strong></span> <span class='ocrx_word' id='word_1_983' title='bbox 3488 5089 3573 5142; x_wconf 83' lang='lat' dir='ltr'><strong>ut,</strong></span> <span class='ocrx_word' id='word_1_984' title='bbox 3601 5088 3727 5144; x_wconf 87' lang='lat' dir='ltr'><strong>cap.</strong></span> 
     </span>
     <span class='ocr_line' id='line_1_116' title="bbox 2199 5164 2444 5202; baseline 0 0"><span class='ocrx_word' id='word_1_985' title='bbox 2199 5189 2211 5202; x_wconf 96' lang='lat'><strong>.</strong></span> <span class='ocrx_word' id='word_1_986' title='bbox 2290 5164 2444 5202; x_wconf 81' lang='lat' dir='ltr'><strong>RELL.</strong></span> 
     </span>
    </p>
   </div>
   <div class='ocr_carea' id='block_1_116' title="bbox 2158 5154 2444 5206">
    <p class='ocr_par' dir='ltr' id='par_1_116' title="bbox 2158 5154 2444 5206">
     <span class='ocr_line' id='line_1_117' title="bbox 2158 5154 2444 5206; baseline -0.014 0"><span class='ocrx_word' id='word_1_987' title='bbox 2158 5154 2211 5206; x_wconf 88' lang='lat'><strong>0.</strong></span> <span class='ocrx_word' id='word_1_988' title='bbox 2239 5154 2444 5203; x_wconf 80' lang='lat' dir='ltr'><strong>URELL.</strong></span> 
     </span>
    </p>
   </div>
   <div class='ocr_carea' id='block_1_117' title="bbox 2199 5215 3730 5290">
    <p class='ocr_par' dir='ltr' id='par_1_117' title="bbox 2199 5215 3730 5290">
     <span class='ocr_line' id='line_1_118' title="bbox 2199 5215 3730 5290; baseline -0.003 -16"><span class='ocrx_word' id='word_1_989' title='bbox 2199 5220 2466 5274; x_wconf 82' lang='lat' dir='ltr'><strong>Mellonia.</strong></span> <span class='ocrx_word' id='word_1_990' title='bbox 2501 5221 2896 5290; x_wconf 83' lang='lat' dir='ltr'><strong>Augustin.,de</strong></span> <span class='ocrx_word' id='word_1_991' title='bbox 2917 5219 3034 5276; x_wconf 91' lang='lat' dir='ltr'><strong>Civ.</strong></span> <span class='ocrx_word' id='word_1_992' title='bbox 3069 5220 3186 5285; x_wconf 89' lang='lat' dir='ltr'><strong>Dei,</strong></span> <span class='ocrx_word' id='word_1_993' title='bbox 3209 5219 3305 5274; x_wconf 90' lang='lat' dir='ltr'><strong>lib.</strong></span> <span class='ocrx_word' id='word_1_994' title='bbox 3333 5235 3405 5285; x_wconf 87' lang='lat' dir='ltr'><strong>tv,</strong></span> <span class='ocrx_word' id='word_1_995' title='bbox 3456 5233 3579 5284; x_wconf 86' lang='lat' dir='ltr'><strong>cap.</strong></span> <span class='ocrx_word' id='word_1_996' title='bbox 3615 5215 3689 5271; x_wconf 75' lang='grc'><strong>54</strong></span> <span class='ocrx_word' id='word_1_997' title='bbox 3718 5235 3730 5270; x_wconf 93' lang='lat'><strong>:</strong></span> 
     </span>
    </p>
   </div>
   <div class='ocr_carea' id='block_1_118' title="bbox 2126 5291 3736 5364">
    <p class='ocr_par' dir='ltr' id='par_1_118' title="bbox 2126 5291 3736 5364">
     <span class='ocr_line' id='line_1_119' title="bbox 2126 5291 3736 5364; baseline -0.006 -15"><span class='ocrx_word' id='word_1_998' title='bbox 2126 5294 2253 5349; x_wconf 86' lang='lat' dir='ltr'><strong>Sine</strong></span> <span class='ocrx_word' id='word_1_999' title='bbox 2284 5291 2492 5362; x_wconf 87' lang='lat' dir='ltr'><strong>Segetia</strong></span> <span class='ocrx_word' id='word_1_1000' title='bbox 2533 5294 2896 5364; x_wconf 30' lang='lat' dir='ltr'><strong>segetestsiue</strong></span> <span class='ocrx_word' id='word_1_1001' title='bbox 2949 5291 3157 5347; x_wconf 82' lang='lat' dir='ltr'><strong>Bobova</strong></span> <span class='ocrx_word' id='word_1_1002' title='bbox 3203 5294 3369 5354; x_wconf 85' lang='lat' dir='ltr'><strong>boves,</strong></span> <span class='ocrx_word' id='word_1_1003' title='bbox 3422 5291 3580 5364; x_wconf 77' lang='lat' dir='ltr'><strong>mella</strong></span> <span class='ocrx_word' id='word_1_1004' title='bbox 3613 5291 3736 5364; x_wconf 9' lang='lat' dir='ltr'><strong>gsinc</strong></span> 
     </span>
    </p>
   </div>
   <div class='ocr_carea' id='block_1_119' title="bbox 2127 5362 3731 5433">
    <p class='ocr_par' dir='ltr' id='par_1_119' title="bbox 2127 5362 3731 5433">
     <span class='ocr_line' id='line_1_120' title="bbox 2127 5362 3731 5433; baseline -0.004 -13"><span class='ocrx_word' id='word_1_1005' title='bbox 2127 5365 2356 5420; x_wconf 80' lang='lat' dir='ltr'><strong>Mellona</strong></span> <span class='ocrx_word' id='word_1_1006' title='bbox 2375 5407 2390 5428; x_wconf 83' lang='lat'><strong>,</strong></span> <span class='ocrx_word' id='word_1_1007' title='bbox 2439 5362 2600 5433; x_wconf 78' lang='lat' dir='ltr'><strong>poma</strong></span> <span class='ocrx_word' id='word_1_1008' title='bbox 2616 5366 2724 5419; x_wconf 90' lang='lat' dir='ltr'><strong>sine</strong></span> <span class='ocrx_word' id='word_1_1009' title='bbox 2753 5363 3004 5418; x_wconf 85' lang='lat' dir='ltr'><strong>Pomona.</strong></span> <span class='ocrx_word' id='word_1_1010' title='bbox 3051 5366 3297 5420; x_wconf 68' lang='lat' dir='ltr'><strong>Emit-3m.</strong></span> <span class='ocrx_word' id='word_1_1011' title='bbox 3326 5393 3397 5404; x_wconf 89' lang='lat'><strong>-—</strong></span> <span class='ocrx_word' id='word_1_1012' title='bbox 3428 5362 3698 5418; x_wconf 80' lang='lat' dir='ltr'><strong>Meursius</strong></span> <span class='ocrx_word' id='word_1_1013' title='bbox 3716 5400 3731 5426; x_wconf 89' lang='lat'><strong>,</strong></span> 
     </span>
    </p>
   </div>
   <div class='ocr_carea' id='block_1_120' title="bbox 2127 5436 2744 5507">
    <p class='ocr_par' dir='ltr' id='par_1_120' title="bbox 2127 5436 2744 5507">
     <span class='ocr_line' id='line_1_121' title="bbox 2127 5436 2744 5507; baseline -0.005 -14"><span class='ocrx_word' id='word_1_1014' title='bbox 2127 5438 2231 5507; x_wconf 86' lang='lat' dir='ltr'><strong>leg.</strong></span> <span class='ocrx_word' id='word_1_1015' title='bbox 2255 5436 2514 5507; x_wconf 12' lang='lat' dir='ltr'><strong>,Mellona.</strong></span> <span class='ocrx_word' id='word_1_1016' title='bbox 2541 5436 2744 5492; x_wconf 78' lang='lat' dir='ltr'><strong>ORELL.</strong></span> 
     </span>
    </p>
   </div>
   <div class='ocr_carea' id='block_1_121' title="bbox 2203 5504 3734 5576">
    <p class='ocr_par' dir='ltr' id='par_1_121' title="bbox 2203 5504 3734 5576">
     <span class='ocr_line' id='line_1_122' title="bbox 2203 5504 3734 5576; baseline -0.004 -14"><span class='ocrx_word' id='word_1_1017' title='bbox 2203 5506 2415 5562; x_wconf 86' lang='lat' dir='ltr'><strong>Vlll.——</strong></span> <span class='ocrx_word' id='word_1_1018' title='bbox 2447 5510 2629 5572; x_wconf 87' lang='lat' dir='ltr'><strong>Dicite,</strong></span> <span class='ocrx_word' id='word_1_1019' title='bbox 2671 5525 2699 5562; x_wconf 92' lang='grc' dir='ltr'><strong><em>ο</em></strong></span> <span class='ocrx_word' id='word_1_1020' title='bbox 2738 5524 2930 5576; x_wconf 66' lang='lat' dir='ltr'><strong>quaeso,</strong></span> <span class='ocrx_word' id='word_1_1021' title='bbox 2967 5517 3023 5562; x_wconf 89' lang='lat' dir='ltr'><strong>ut</strong></span> <span class='ocrx_word' id='word_1_1022' title='bbox 3068 5509 3140 5562; x_wconf 89' lang='lat' dir='ltr'><strong>ita</strong></span> <span class='ocrx_word' id='word_1_1023' title='bbox 3181 5507 3321 5562; x_wconf 82' lang='lat' dir='ltr'><strong>vobis</strong></span> <span class='ocrx_word' id='word_1_1024' title='bbox 3371 5504 3615 5576; x_wconf 79' lang='lat' dir='ltr'><strong>prapitite</strong></span> <span class='ocrx_word' id='word_1_1025' title='bbox 3659 5505 3734 5576; x_wconf 86' lang='lat' dir='ltr'><strong>fa-</strong></span> 
     </span>
    </p>
   </div>
   <div class='ocr_carea' id='block_1_122' title="bbox 2129 5575 3728 5648">
    <p class='ocr_par' dir='ltr' id='par_1_122' title="bbox 2129 5575 3728 5648">
     <span class='ocr_line' id='line_1_123' title="bbox 2129 5575 3728 5648; baseline -0.009 -8"><span class='ocrx_word' id='word_1_1026' title='bbox 2129 5590 2276 5640; x_wconf 82' lang='lat' dir='ltr'><strong>veant</strong></span> <span class='ocrx_word' id='word_1_1027' title='bbox 2303 5580 2452 5646; x_wconf 87' lang='lat' dir='ltr'><strong>Peta,</strong></span> <span class='ocrx_word' id='word_1_1028' title='bbox 2488 5581 2647 5642; x_wconf 87' lang='lat' dir='ltr'><strong>Puta,</strong></span> <span class='ocrx_word' id='word_1_1029' title='bbox 2676 5575 2900 5634; x_wconf 81' lang='lat' dir='ltr'><strong>Patella.</strong></span> <span class='ocrx_word' id='word_1_1030' title='bbox 2932 5581 3021 5636; x_wconf 87' lang='lat' dir='ltr'><strong>Sic</strong></span> <span class='ocrx_word' id='word_1_1031' title='bbox 3050 5580 3222 5636; x_wconf 90' lang='lat' dir='ltr'><strong>editio</strong></span> <span class='ocrx_word' id='word_1_1032' title='bbox 3254 5579 3443 5648; x_wconf 89' lang='lat' dir='ltr'><strong>prima.</strong></span> <span class='ocrx_word' id='word_1_1033' title='bbox 3472 5575 3547 5630; x_wconf 44' lang='lat' dir='ltr'><strong>&#39;At</strong></span> <span class='ocrx_word' id='word_1_1034' title='bbox 3574 5575 3728 5630; x_wconf 82' lang='lat' dir='ltr'><strong>Fulv.</strong></span> 
     </span>
    </p>
   </div>
   <div class='ocr_carea' id='block_1_123' title="bbox 2132 5653 3729 5722">
    <p class='ocr_par' dir='ltr' id='par_1_123' title="bbox 2132 5653 3729 5722">
     <span class='ocr_line' id='line_1_124' title="bbox 2132 5653 3729 5722; baseline -0.008 -10"><span class='ocrx_word' id='word_1_1035' title='bbox 2132 5656 2361 5712; x_wconf 89' lang='lat' dir='ltr'><strong>Ursinus</strong></span> <span class='ocrx_word' id='word_1_1036' title='bbox 2411 5654 2727 5722; x_wconf 89' lang='lat' dir='ltr'><strong>particulam</strong></span> <span class='ocrx_word' id='word_1_1037' title='bbox 2777 5663 2830 5705; x_wconf 90' lang='lat' dir='ltr'><strong>ut</strong></span> <span class='ocrx_word' id='word_1_1038' title='bbox 2873 5653 3290 5716; x_wconf 82' lang='lat' dir='ltr'><strong>exterminavit,</strong></span> <span class='ocrx_word' id='word_1_1039' title='bbox 3331 5666 3454 5720; x_wconf 68' lang='lat' dir='ltr'><strong>qua:</strong></span> <span class='ocrx_word' id='word_1_1040' title='bbox 3483 5663 3616 5722; x_wconf 85' lang='lat' dir='ltr'><strong>sane</strong></span> <span class='ocrx_word' id='word_1_1041' title='bbox 3642 5662 3729 5700; x_wconf 84' lang='lat' dir='ltr'><strong>re-</strong></span> 
     </span>
    </p>
   </div>
   <div class='ocr_carea' id='block_1_124' title="bbox 2131 5720 3732 5795">
    <p class='ocr_par' dir='ltr' id='par_1_124' title="bbox 2131 5720 3732 5795">
     <span class='ocr_line' id='line_1_125' title="bbox 2131 5720 3732 5795; baseline -0.009 -11"><span class='ocrx_word' id='word_1_1042' title='bbox 2131 5726 2346 5785; x_wconf 88' lang='lat' dir='ltr'><strong>tinenda</strong></span> <span class='ocrx_word' id='word_1_1043' title='bbox 2377 5720 2512 5780; x_wconf 80' lang='lat' dir='ltr'><strong>erat.</strong></span> <span class='ocrx_word' id='word_1_1044' title='bbox 2547 5724 2637 5780; x_wconf 92' lang='lat' dir='ltr'><strong>Sic</strong></span> <span class='ocrx_word' id='word_1_1045' title='bbox 2670 5725 2888 5795; x_wconf 91' lang='lat' dir='ltr'><strong>passim,</strong></span> <span class='ocrx_word' id='word_1_1046' title='bbox 2919 5724 3120 5779; x_wconf 90' lang='lat' dir='ltr'><strong>veluti:</strong></span> <span class='ocrx_word' id='word_1_1047' title='bbox 3171 5734 3226 5778; x_wconf 88' lang='lat' dir='ltr'><strong>ut</strong></span> <span class='ocrx_word' id='word_1_1048' title='bbox 3261 5723 3407 5777; x_wconf 88' lang='lat' dir='ltr'><strong>illum</strong></span> <span class='ocrx_word' id='word_1_1049' title='bbox 3427 5721 3498 5774; x_wconf 86' lang='lat' dir='ltr'><strong>dii</strong></span> <span class='ocrx_word' id='word_1_1050' title='bbox 3516 5720 3732 5795; x_wconf 12' lang='lat' dir='ltr'><strong>idemque</strong></span> 
     </span>
    </p>
   </div>
   <div class='ocr_carea' id='block_1_125' title="bbox 2131 5792 3731 5868">
    <p class='ocr_par' dir='ltr' id='par_1_125' title="bbox 2131 5792 3731 5868">
     <span class='ocr_line' id='line_1_126' title="bbox 2131 5792 3731 5868; baseline -0.008 -13"><span class='ocrx_word' id='word_1_1051' title='bbox 2131 5800 2324 5856; x_wconf 88' lang='lat' dir='ltr'><strong>senium</strong></span> <span class='ocrx_word' id='word_1_1052' title='bbox 2374 5798 2609 5868; x_wconf 83' lang='lat' dir='ltr'><strong>perdant,</strong></span> <span class='ocrx_word' id='word_1_1053' title='bbox 2657 5792 2711 5852; x_wconf 81' lang='lat' dir='ltr'><strong>ct</strong></span> <span class='ocrx_word' id='word_1_1054' title='bbox 2740 5798 2952 5852; x_wconf 85' lang='lat' dir='ltr'><strong>similia.</strong></span> <span class='ocrx_word' id='word_1_1055' title='bbox 2985 5795 3252 5854; x_wconf 83' lang='lat' dir='ltr'><strong>Observat</strong></span> <span class='ocrx_word' id='word_1_1056' title='bbox 3283 5792 3731 5865; x_wconf 74' lang='lat' dir='ltr'><strong>diligentissimus</strong></span> 
     </span>
    </p>
   </div>
  </div>
