4026 6314
348 285 488 342 1057

1687 291 1896 356 LIBER
1932 294 2280 368 QUARTUS.

3512 326 3654 386 1038

344 422 525 478 lisitas
554 421 824 479 fastidium
855 423 1144 482 audientiae
1166 427 1359 501 pariat,
1381 431 1716 490 cessabimus
1744 436 1825 493 ire
1851 453 1949 509 per
1975 432 2029 503 Α
2052 439 2483 515 caerimoniisque
2516 459 2756 516 narrare,
2789 449 2931 521 quod
2962 451 3189 510 relatum
3221 456 3275 514 in
3305 458 3513 520 litteras
3541 481 3655 526 non

346 514 576 586 singula,
600 531 668 572 ne
687 515 815 571 dum
839 533 936 574 vos
962 521 1238 592 arguimus
1265 523 1576 598 nimietatis,
1610 526 1949 599 loquacitatis

343 608 651 669 immodicae
687 612 1045 684 suscipiamus
1084 625 1137 671 et
1178 632 1277 674 nos
1306 619 1540 691 culpam.
1587 621 1725 691 Quid
1771 624 1950 682 dicitis

342 720 380 761 ο
405 705 533 773 isti,
570 706 661 778 qui
688 707 757 763 ad
783 708 1012 767 deorum
1040 726 1141 769 nos
1171 714 1350 771 cultus
1380 716 1747 776 membrorum
1782 721 1951 779 lania-

348 797 491 855 tibns
538 799 806 869 invitatis,
854 812 909 859 et
953 806 1231 877 suscipere
1272 824 1374 866 nos
1398 810 1600 868 cultum
1645 821 1948 872 vestrorum

341 892 669 965 compellitis
691 897 1015 955 numinum?
1042 899 1338 959 Possumus
1365 903 1617 963 difﬁciles
1654 922 1764 963 non
1794 922 1947 978 esse,

340 986 387 1042 si
417 986 584 1044 modo
612 989 819 1061 aliquid
846 991 1003 1049 nobis
1030 992 1253 1067 dignum
1275 998 1405 1054 tanti
1435 1000 1671 1057 nominis
1692 1002 1950 1073 opinione

338 1090 693 1138 monstretur.
724 1083 1008 1145 Ostendite
1049 1088 1206 1145 nobis
1228 1089 1577 1161 Mercurium,
1603 1095 1699 1151 sed
1733 1111 1897 1152 unum
1928 1112 1945 1153 :

338 1174 467 1232 date
509 1175 763 1235 Liberum
787 1221 801 1245 .
848 1182 944 1238 sed
991 1198 1157 1239 unum
1193 1203 1206 1240 :
1236 1202 1401 1244 unam
1449 1189 1714 1247 Venerem
1741 1234 1756 1261 ,
1788 1199 1950 1265 atque

340 1284 502 1327 unam
528 1272 780 1330 similiter
805 1273 1049 1335 Dianam.
1069 1277 1204 1336 Nam
1234 1296 1356 1338 esse
1386 1283 1665 1355 Apollines
1683 1297 1945 1358 quatuor,

335 1374 432 1422 aut
466 1374 580 1425 tres
600 1367 767 1427 loves
793 1411 809 1440 ,
851 1387 1147 1446 numquam
1180 1376 1335 1435 nobis
1375 1378 1581 1436 facietis
1609 1380 1770 1439 ﬁdem
1803 1401 1816 1439 :
1850 1398 1952 1442 nec

336 1459 384 1517 si
429 1468 627 1519 testem
658 1463 835 1535 ipsum
866 1466 1044 1525 citetis
1071 1467 1295 1539 Jovem,
1334 1481 1427 1530 aut
1464 1472 1713 1549 Pythium
1750 1478 1952 1535 consti-

337 1555 509 1611 tuatis
528 1566 833 1615 auctorem.

411 1647 601 1705 XVIII.
638 1651 747 1709 Sed
777 1668 844 1710 ex
874 1653 1111 1726 diverso,
1144 1660 1331 1717 nescio
1359 1661 1501 1733 quis,
1533 1664 1708 1733 unde,
1741 1664 1947 1737 inquit,

335 1738 577 1809 scimus,
606 1758 678 1798 an
721 1745 1003 1815 explorata
1046 1759 1101 1806 et
1130 1752 1346 1823 cognita
1386 1752 1627 1827 theologi
1672 1756 1948 1827 scriptita-

2052 530 2155 599 sit,
2186 542 2237 588 et
2264 536 2588 606 scriptorum
2633 545 3039 601 commentariis
3088 548 3458 617 publicatum?
3485 565 3578 612 aut
3601 560 3652 616 si

2052 624 2308 695 ponderis
2357 630 2680 689 existimatis
2724 634 2925 692 nullius
2968 636 3086 694 haec
3125 655 3249 698 esse
3275 686 3289 711 ,
3331 645 3652 708 aboleantur

2052 732 2243 774 omnes
2281 719 2434 789 libri,
2459 737 2595 793 quos
2619 723 2688 781 de
2709 725 2813 783 diis
2840 726 3048 786 habetis
3075 736 3407 805 compositos
3433 740 3649 798 theolo-

2052 824 2274 881 gorum,
2309 813 2654 885 pontiﬁcum,
2688 820 3072 878 nonnullorum
3100 826 3261 882 etiam
3296 828 3651 904 philosophia)

2052 903 2356 962 deditorum
2389 924 2401 961 :
2434 908 2731 979 quinimmo
2772 914 2951 984 potius
2995 915 3260 990 tingamus
3307 923 3376 980 ab
3420 903 3648 984 exordio

2052 998 2239 1055 mundi
2266 999 2473 1057 nullum
2503 1002 2794 1075 aliquando
2815 1010 3125 1067 mortalium
3144 1014 3428 1085 scripsisse
3453 1017 3523 1075 de
3542 1019 3650 1077 diis

2052 1091 2342 1166 quidquam
2376 1113 2389 1151 :
2420 1096 2656 1168 experiri
2686 1098 2935 1159 volumus
2961 1145 2976 1170 ,
3009 1113 3065 1160 et
3095 1107 3342 1178 cupimus
3371 1110 3510 1168 scire
3532 1153 3547 1179 ,
3578 1128 3652 1171 an

2052 1186 2249 1243 mutire
2267 1229 2281 1254 ,
2308 1202 2376 1243 an
2404 1186 2618 1246 hiscere
2646 1191 2871 1249 deorum
2900 1193 2955 1250 in
2982 1198 3261 1256 mentione
3307 1204 3554 1271 possitis,
3579 1220 3651 1262 an

2051 1279 2337 1351 concipere
2364 1295 2460 1337 eos
2487 1291 2669 1340 mente
2693 1326 2708 1353 ,
2738 1300 2877 1358 quos
2917 1287 2973 1344 in
3001 1291 3196 1347 animis
3225 1295 3420 1351 vestris
3447 1297 3650 1355 nullius

2050 1370 2237 1441 scripti
2265 1370 2637 1431 informaverit
2665 1377 2837 1434 notio.
2870 1377 3007 1435 Cum
3037 1396 3169 1439 vero
3197 1386 3435 1456 nomina,
3468 1398 3524 1445 et
3553 1406 3653 1462 po—

2052 1468 2250 1525 tentias
2280 1466 2499 1525 illorum
2527 1473 2944 1543 suggerentibus
2969 1475 3124 1533 vobis
3150 1478 3304 1536 libris
3323 1471 3653 1542 addidicisse

2053 1574 2148 1617 vos
2176 1569 2412 1630 constet,
2432 1562 2677 1635 iniquum
2702 1575 2787 1622 est
2814 1566 3105 1627 detrahere
3133 1569 3329 1630 litteris
3358 1574 3441 1631 his
3468 1575 3653 1645 ﬁdem,

2053 1669 2283 1727 quarum
2312 1671 2376 1714 ea
2420 1673 2540 1730 qum
2571 1659 2753 1717 dicitis
2778 1663 3087 1721 testimonio
3125 1675 3288 1739 atque
3330 1670 3656 1729 auctoritate

2054 1746 2301 1805 ﬁrmatis.

335 1833 471 1901 rint,
487 1851 577 1903 an,
603 1845 663 1892 ut
685 1837 858 1895 visum
882 1849 987 1907 est,
1007 1851 1169 1914 atque
1184 1844 1347 1912 sedit,
1372 1846 1715 1905 libidinosam
1734 1850 1947 1909 extule-
1972 1853 2024 1919 B
2078 1863 2085 1869 '
2122 1841 2263 1899 ΧῙΧ-
2295 1842 2407 1901 Νίεί
2439 1846 2575 1904 “me
2604 1846 2722 1905 hinc
2749 1846 2906 1916 {3153i
2938 1859 2993 1908 ει
3014 1866 3098 1921 ea:
3123 1868 3245 1925 quie
3289 1871 3321 1912 ³
3363 1858 3517 1915 νοδῖε
3560 1859 3647 1916 ἀί·-

272 1930 283 1937 ’
335 1926 448 1982 rint
474 1927 786 1987 ﬁctionem?
806 1932 951 1989 Nihil
977 1934 1122 1992 istud
1152 1939 1219 1993 ad
1249 1954 1466 1997 causam
1504 1960 1517 1997 :
1548 1959 1649 2000 nec
1675 1946 1943 2002 sermonis

334 2016 495 2076 istius
522 2020 575 2076 in
598 2038 665 2079 eo
686 2031 771 2080 est
791 2026 930 2083 ratio
950 2029 1241 2086 constituta
1262 2075 1277 2102 ,
1311 2043 1566 2092 utrumne
1588 2051 1676 2092 res
1706 2036 1775 2094 ita
1808 2037 1940 2108 sint,

224 2122 249 2145 ν
336 2110 716 2187 theologorum
746 2127 804 2174 ut
828 2119 1070 2179 indicant
1090 2124 1312 2196 scripta,
1333 2140 1403 2183 an
1424 2127 1583 2185 aliter
1597 2145 1658 2186 se
1683 2131 1941 2202 habeant,

335 2215 394 2262 et
419 2211 590 2265 multo
616 2210 921 2271 dissociatae
958 2216 1272 2275 discrimine
1298 2238 1313 2276 :
1342 2220 1500 2279 nobis
1526 2224 1669 2279 enim
1700 2226 1831 2282 satis
1855 2232 1942 2283 est

333 2300 502 2358 rebus
526 2300 593 2359 de
620 2304 907 2376 publicatis
935 2309 1110 2382 loqui.
1145 2326 1323 2385 neque
1348 2330 1595 2386 quatrcre
1631 2317 1759 2389 quid
1785 2319 1856 2374 sit
1882 2319 1939 2375 in

333 2408 466 2451 vero
489 2437 506 2463 ,
547 2397 643 2455 sed
687 2399 966 2472 refutare,
1005 2407 1338 2466 convincere.
1377 2409 1429 2469 id
1455 2452 1470 2478 ,
1503 2411 1646 2483 quod
1678 2413 1731 2470 in
1758 2414 1938 2472 medio

333 2485 570 2558 positum
618 2501 720 2559 est,
764 2500 929 2566 atque
956 2496 1202 2569 opinatio
1229 2502 1482 2574 concepit
1524 2502 1785 2563 humana.
1829 2504 1938 2564 Sed

333 2578 379 2633 si
420 2579 708 2639 mendaces
748 2583 860 2654 illi,
890 2602 1020 2659 vos,
1053 2591 1254 2649 veritas
1293 2607 1413 2664 qua:
1455 2595 1556 2663 sit,
1584 2598 1837 2669 exponite
1883 2606 1940 2657 et

333 2667 668 2732 irreiutabile
693 2677 900 2748 aperite
929 2690 1223 2739 secretum.
1253 2684 1324 2743 Et
1350 2686 1442 2757 qui
1470 2685 1591 2745 ﬁeri
1617 2667 1759 2761 potis
1788 2691 1934 2761 est‘,

332 2768 561 2824 remotis
600 2771 930 2842 magisteriis
960 2772 1304 2837 litterarum?
1335 2779 1474 2846 Quid
1495 2789 1579 2838 est
1606 2782 1752 2839 enim
1789 2784 1935 2856 quod

2049 1944 2263 2010 cuntur,
2315 1948 2478 1995 erunt
2530 1955 2678 1997 vera.
2736 1941 2855 2011 Quo
2898 1955 3217 2017 argumento
3244 1990 3260 2018 ,
3301 1965 3409 2021 quo
3455 1951 3649 2024 signo!

2048 2030 2183 2087 Cum
2211 2031 2354 2088 enim
2384 2030 2636 2091 homines
2668 2034 2906 2109 utrique,
2941 2047 2994 2095 et
3018 2040 3107 2113 qui
3131 2040 3268 2111 hzec,
3299 2051 3356 2099 et
3387 2044 3473 2100 illa
3496 2060 3655 2103 com-

2049 2128 2271 2184 mentati
2295 2138 2445 2197 sunt,
2482 2129 2704 2197 fuerint,
2738 2140 2793 2188 et
2827 2131 2895 2189 de
2918 2132 3082 2191 rebus
3129 2136 3353 2195 incertis
3391 2140 3461 2196 ab
3498 2150 3655 2199 utras

2047 2236 2150 2291 que
2176 2222 2247 2277 sit
2293 2221 2631 2294 disputatum
2663 2232 2818 2295 parte
2848 2242 2861 2279 :
2895 2229 3202 2298 arrogantis
3239 2239 3323 2286 est
3362 2230 3565 2301 dicere,
3599 2234 3657 2292 id

2046 2315 2189 2386 quod
2237 2313 2331 2370 tibi
2385 2316 2594 2386 placeat
2636 2324 2757 2374 esSe
2799 2332 2985 2375 verum
3012 2361 3027 2386 ,
3060 2321 3203 2394 quod
3243 2338 3374 2381 vero
3410 2326 3655 2387 animum

2047 2407 2223 2473 laedit,
2253 2407 2306 2465 id
2347 2407 2592 2465 libidinis
2629 2418 2683 2466 et
2723 2411 2974 2471 falsitatis
3018 2428 3265 2486 arguere.
3300 2415 3403 2475 Per
3431 2417 3658 2480 humani

2046 2503 2261 2575 generis
2285 2502 2432 2573 jura,
2456 2511 2617 2576 atque
2639 2506 2810 2576 ipsius
2830 2508 3177 2566 mortalitatis
3204 2514 3501 2585 consortia,
3528 2531 3657 2575 cum

2045 2595 2243 2652 auditis
2271 2604 2321 2652 et
2374 2596 2553 2669 legitis
2579 2615 2591 2649 :
2617 2596 2696 2653 Ex
2728 2599 2823 2655 illo
2844 2642 2860 2669 ,
2888 2610 3051 2672 atque
3079 2617 3144 2659 ex
3174 2604 3263 2662 illa
3307 2618 3481 2665 matre
3507 2610 3655 2669 Deus

2046 2688 2143 2745 ille
2168 2697 2253 2745 est
2277 2689 2525 2760 proditus
2554 2707 2568 2769 ς
2600 2707 2781 2748 nonne
2828 2693 2995 2749 animi
3026 2697 3193 2752 vestri
3243 2713 3438 2757 sensus
3480 2704 3656 2774 tangit

2044 2781 2339 2840 humanum
2368 2784 2694 2859 nescio'quid
2707 2787 2838 2857 diei,
2853 2797 2908 2845 et
2930 2804 2994 2845 ex
3021 2791 3220 2847 terreni
3242 2797 3458 2865 generis
3473 2796 3657 2863 humi.

332 2856 438 2915 dici
465 2860 533 2916 de
559 2861 953 2923 immortalibus
980 2867 1085 2925 diis
1112 2869 1302 2942 possit,
1334 2872 1480 2945 quod
1520 2890 1628 2932 non
1656 2891 1723 2933 ex
1753 2875 1933 2935 homi-
2041 2875 2196 2933 litate
2229 2856 2618 2949 proﬁciscens?
2640 2890 2732 2936 aut
2760 2895 2879 2936 cum
2912 2896 3034 2939 esse
3059 2883 3399 2943 arbitramini
3426 2904 3522 2946 vos
3551 2890 3651 2964 ita,

332 2968 462 3010 num
491 2953 558 3011 de
585 2954 671 3021 his
690 2956 906 3033 scriptis
934 2959 1002 3017 ad
1026 2960 1290 3025 humanas
1310 2970 1620 3039 pervenerit
1648 2969 1933 3031 notiones?
2041 2971 2460 3030 sollicitudinem
2501 2975 2787 3047 concipitis
2839 2975 3073 3044 nullam,
3102 2993 3174 3034 ne
3213 2977 3528 3040 oﬁ‘ensionis
3549 2953 3653 3044 ali:-

331 3045 441 3109 Aut
468 3048 761 3122 quidquam
808 3067 906 3113 vos
933 3053 1037 3127 ipsi
1065 3054 1136 3117 de
1179 3055 1398 3117 illorum
1445 3061 1642 3121 ritibus
1670 3066 1932 3136 potestis,
1960 3055 2008 3119 C
2041 3065 2170 3138 quid
2200 3067 2344 3139 apud
2372 3068 2544 3141 ipsos,
2574 3045 2902 3142 qui—cumque
2929 3078 3076 3139 sunt,
3104 3072 3443 3134 contrahatis
3468 3075 3646 3141 deos:

1534 3194 1539 3197 '
1577 3178 1959 3245 LECTIONES
1985 3182 2397 3244 VARIANTES.

391 3259 421 3292 ⁸
458 3260 541 3313 Ita
555 3274 646 3317 ms.
668 3261 799 3324 Pete
820 3272 898 3319 est
917 3264 1023 3321 alii.

1673 3358 2236 3423 COMMENTARIUS.

329 3441 577 3515 copulam
598 3444 850 3502 omittere
866 3447 1122 3505 amantis.
1140 3446 1283 3507 Nihil
1307 3456 1486 3508 tamen
1503 3461 1716 3511 mutare
1738 3457 1935 3515 ausim.

328 3508 509 3587 Verba
538 3517 899 3586 praecedentia
931 3518 995 3574 de
1020 3521 1139 3576 aliis
1164 3523 1398 3579 omnibus
1427 3508 1938 3587 idemﬁStevveebi-iis

327 3582 581 3643 immutat
605 3605 618 3641 :
647 3589 710 3643 de
738 3589 856 3645 aliis
886 3592 1197 3649 numinibus.
1222 3594 1427 3652 ORELL.

401 3655 721 3738 lyimietatis.
755 3661 888 3738 Vide
912 3678 1075 3738 supra
1105 3665 1180 3738 ad,
1197 3681 1319 3738 cap.
1352 3668 1440 3724 I0.
1471 3667 1675 3726 (issu.

401 3728 630 3802 Dignum
652 3734 782 3809 tanti
803 3728 1023 3809 nominis
1045 3728 1304 3809 opinione.
1322 3739 1393 3799 Et
1413 3739 1519 3799 hoc
1538 3742 1660 3800 loco
1670 3741 1935 3801 Meursius

325 3816 590 3873 reponere
607 3804 719 3859 vult
746 3822 760 3858 :
795 3807 924 3861 tanti
953 3804 1196 3869 numinis.
1219 3810 1426 3873 ORELL.

396 3871 592 3937 XVIII.
615 3906 702 3959 __—-
728 3875 798 3933 Ut
853 3877 1019 3959 pisum
1061 3889 1134 3937 est
1168 3891 1317 3955 atque
1380 3871 1531 3959 sedit.
1580 3885 1774 3945 Sedere
1833 3904 1932 3959 pro

324 3945 560 4073 plaﬁrse.
586 3948 777 4017 ﬁxum
823 3945 1260 4026 obstinatumque
1288 3971 1431 4014 esse.
1465 3957 1720 4029 Virgilius
1763 3945 1929 4032 Ai'm,

363 4058 561 4085 ’τιν’

417 4112 574 4178 quue
602 4116 685 4180 pio
697 4118 845 4170 sedet
862 4118 1066 4186 Encas;
1100 4122 1275 4189 probat
1294 4131 1465 4177 auctor
1481 4124 1708 4178 Acestes.

321 4207 381 4256 et
408 4215 505 4268 vn,
528 4199 654 4257 vers
677 4202 779 4260 6II
805 4222 820 4261 :

417 4288 516 4344 Ubi
541 4300 681 4346 certa
703 4297 848 4350 sedet
870 4301 1093 4365 patribus
1108 4307 1360 4358 sententia
1379 4320 1575 4373 pagum.

318 4374 693 4461 Elqugulib.
747 4400 807 4454 II,
838 4402 957 4459 cap.
990 4387 1078 4456 I5,
1113 4386 1145 4461 ᾗ
1172 4391 1204 4445 4
1234 4409 1248 4446 :
1276 4391 1405 4446 Cum
1453 4392 1644 4448 bellum
1695 4394 1925 4461 sederet,

319 4450 384 4524 de
409 4450 527 4507 belli
552 4453 654 4524 ﬁne
686 4450 955 4519 tractatum
979 4450 1072 4516 est.

1156 4462 1210 4517 bi
1239 4464 1362 4519 vide
1380 4462 1592 4523 .Duker.
1626 4475 1680 4520 et
1706 4464 1949 4522 Freins—.

2038 3459 2371 3535 mortalium,
2405 3458 2609 3535 nullum
2640 3473 2748 3535 esse
2785 3460 2850 3514 de
2875 3460 2984 3535 diis
3013 3462 3313 3535 quidquam.
3346 3462 3502 3525 Unde
3530 3471 3644 3529 Ge.

2039 3530 2220 3607 lenius
2259 3531 2477 3607 reﬁnxit
2504 3552 2515 3586 :
2544 3530 2829 3607 meminisse
2850 3531 2912 3607 de
2930 3530 3034 3607 diis
3048 3530 3348 3605 quidquam.
3376 3538 3643 3607 Heraldus

2039 3602 2247 3689 mavult
2280 3622 2294 3660 :
2324 3604 2589 3689 intimasse
2617 3603 2680 3689 de
2696 3603 2796 3689 diis
2821 3602 3099 3689 quidquam
3117 3646 3132 3670 ,
3163 3602 3215 3662 id
3233 3602 3641 3689 estyavspgsaai,

2035 3679 2304 3753 γνωρίσας.
2346 3675 2453 3731 Sed
2506 3675 2734 3753 praefero
2778 3675 3218 3753 emendationem
3248 3675 3504 3739 Sal'tnas'ii
3573 3675 3644 3747 ob

2037 3745 2316 3818 aequentia
2345 3745 2518 3829 {quos
2539 3748 2593 3800 in
2631 3745 2816 3801 animis
2837 3748 3016 3802 vestris
3037 3748 3231 3806 nullius
3255 3754 3437 3824 scripti
3477 3745 3645 3829 infer?-

2038 3820 2249 3875 mauerit
2272 3820 2429 3874 notio.
2470 3819 2673 3874 ORELL.

2112 3890 2256 3947 XIX.
2300 3922 2372 3931 -——
2399 3888 2648 3945 Homines
2696 3890 2911 3960 utrique.
2960 3890 3035 3947 Ita
3089 3891 3355 3953 Meursius
3381 3906 3436 3955 et
3464 3898 3644 3961 editor

2038 3961 2211 4034 Lugd.
2246 3963 2362 4019 Bat.
2397 3962 2654 4034 Gelenius
2683 3979 2696 4018 :
2724 3963 2982 4034 utrinque.
3013 3962 3219 4021 OssLL.

2110 3981 2115 4016 ι
2158 3980 2211 4021 u.
2248 3980 2362 4019 nat.
2397 3980 2654 4020 uetentus
2683 3980 2696 4018 :
2724 3980 2982 4034 utrmque.
3013 3980 3219 4021 υκαι.

2110 3980 2181 4091 Ῐά
2207 4035 2435 4091 libidinis
2446 4044 2500 4107 et
2524 4033 2765 4107 falsitatis
2785 4050 3016 4107 arguere.
3040 4034 3367 4095 Rescribunt
3388 4046 3639 4105 nonnulli

2082 4116 2140 4164 ut
2168 4105 2464 4188 Meursius)
2495 4105 2830 4188 {libidinosis
2849 4105 2862 4107 “
2864 4107 3119 4188 falsitatis
3133 4151 3147 4176 ,
3161 4113 3444 4188 quomodo
3473 4132 3639 4188 supra

2082 4116 2140 4164 ut
2168 4107 2464 4177 Meursius)
2495 4124 2507 4161 :
2542 4107 2830 4163 libidinosis
2862 4107 3147 4233 1aalsitatis,
3174 4113 3444 4179 quomodo
3473 4132 3635 4188 supra

2034 4107 2169 4235 dixit
2197 4180 2521 4252 libidinosam
2552 4177 2829 4252 ﬁctionem.
2911 4179 3054 4252 olim,
3083 4181 3376 4252 quidquam
3429 4195 3635 4249 temere

2034 4260 2262 4308 mutare.
2293 4250 2573 4331 Sic_ig_it_t_tr
2599 4248 2864 4331 signiﬁcat
2891 4248 3162 4331 tirnobius
3188 4248 3481 4331 ﬁctionem,
3512 4248 3635 4331 qua:

2032 4337 2061 4377 a
2082 4332 2361 4399 poetarum
2390 4320 2611 4399 libidine
2632 4330 2687 4376 et
2707 4320 2943 4399 iubentia
2969 4320 3210 4393 profecta
3231 4335 3353 4399 est:
3378 4320 3500 4399 quia
3527 4320 3634 4388 sci-

2032 4392 2159 4451 licet
2203 4395 2411 4473 libitum
2441 4393 2504 4451 iis
2530 4401 2703 4473 estea
2739 4392 2944 4473 ﬁngere
2976 4392 3035 4448 et
3084 4392 3455 4473 coni_rninisc'i,
3506 4418 3631 4473 quae

2068 4478 2219 4524 ostea
2244 4468 2505 4522 miserunt
2532 4466 2587 4520 in
2611 4463 2840 4521 litteras;
2872 4463 3633 4533 [ianum—Elmenhtirsiius

318 4522 466 4620 hem;
495 4522 572 4620 'in
602 4598 614 4610 _
638 4525 847 4620 Indicej
864 4540 1374 4620 postrumpquoque
1413 4535 1615 4620 locum_
1638 4538 1919 4620 citatttem.
1950 4550 2006 4613 D
2031 4522 2149 4620 leg,
2168 4546 2353 4620 censet
2380 4554 2393 4592 :
2425 4536 2693 4620 libidinose
2714 4536 2953 4620 falsitatis
2980 4553 3210 4620 arguere.
3241 4538 3445 4600 Ossan.

317 4592 476 4651 Conl‘.
495 4596 765 4666 Perizon.,
783 4601 850 4657 ad
864 4602 1067 4660 Sanctii
1088 4592 1313 4662 Miﬁerv'.
1332 4623 1409 4675 tv,
1428 4624 1478 4665 c.
1497 4608 1530 4662 4
1594 4592 1718 4677 114,
1750 4622 1803 4665 et
1820 4592 1917 4667 Sa?

317 4680 534 4736 varon.,
561 4670 628 4725 ad
647 4669 859 4736 Sidon.,
882 4675 974 4730 lib.
999 4691 1072 4736 tv.
1097 4678 1257 4736 epist.
1282 4679 1370 4736 I5.
1390 4651 1653 4736 naa.é76.
1687 4681 1890 4736 Οιιειι..

315 4670 628 4753 varon.,.ad
647 4670 859 4741 Sidon.,
882 4675 974 4730 lib.
991 4691 1072 4758 .IV,
1097 4678 1257 4761 epist.
1282 4679 1370 4744 I5,
1390 4670 1653 4763 pag.27ﬁ.
1687 4670 1890 4737 Οιιειι.

389 4737 773 4835 ιιςξιξεηυξμῖηι
788 4747 1339 4835 ςφιιςιεηητβειιοηεηι
1350 4791 1375 4835 ..
1402 4752 1481 4835 Ita
1500 4754 1777 4835 editiones
1802 4770 1920 4835 om:

315 4825 436 4868 nes.
622 4829 730 4896 ms:
748 4817 929 4876 habet:
948 4811 1223 4896 libidinosa
1235 4823 1510 4896 extulerint
1523 4825 1750 4896 ﬁctione,
1771 4826 1916 4895 quod

313 4896 443 4980 cur:
460 4883 1119 4980 Stevvechiqpraztulerim
1162 4893 1381 4980 lectioni
1426 4883 1913 4980 vrtlgatte:_tisiatc.

556 4958 616 5038 in
643 4955 809 5038 medio
836 4962 1173 5038 positu.m_est.
1198 4964 1394 5038 idest,
1419 4955 1563 5038 quod
1586 4967 1915 5037 publicatum

312 5036 431 5098 est,
465 5037 525 5085 ut
553 5030 876 5102 loquebatur
890 5034 1052 5107 modo
1064 5035 1347 5093 Lucretius
1365 5030 1388 5105 ,ἡ
1404 5030 1499 5095 lib.
1514 5055 1571 5108 ν,
1586 5030 1711 5097 vers
1735 5039 1877 5095 1159
1897 5056 1911 5097 :

440 5144 506 5197 Et
527 5145 696 5215 Celata
716 5148 800 5202 diu
819 5153 868 5202 in
892 5152 1107 5203 medium
1125 5161 1328 5219 peccata
1349 5153 1568 5206 dedisse.

312 5249 660 5358 Siqnprmci.
719 5254 1025 5358 ileraflitps
1083 5274 1172 5331 ap.
1220 5260 1579 5358 Eximendum
1644 5261 1838 5358 alicubi
1896 5281 1912 5358 ξ

309 5326 527 5395 ἀμαθίην
553 5327 792 5404 κρύπτειν
826 5332 913 5386 οὐκ
954 5328 988 5388 ἅ
1031 5326 1149 5388 slacio
1167 5374 1182 5397 ,
1209 5333 1311 5389 ἀλλ’
1338 5336 1408 5395 εἰς
1433 5337 1586 5410 μέσον
1608 5336 1791 5392 τιθέναι
1833 5339 1916 5397 καὶ

311 5394 648 5483 θεροεῖιςεῦςοξι.
686 5398 777 5455 Sic
820 5404 889 5465 εἰς
931 5355 1088 5477 μσς-ον
1130 5405 1327 5483 φέρειν,
1354 5409 1425 5467 εἰς
1472 5409 1625 5481 μέσον
1662 5404 1816 5463 ἕλκειν
1858 5416 1914 5469 et

308 5466 530 5523 similia.
564 5469 807 5529 HEBALD.

385 5536 473 5594 Ea:
498 5541 764 5620 hominum
807 5545 870 5620 de
914 5546 993 5602 his
1030 5547 1254 5620 scriptis.
1311 5547 1386 5605 Ita
1428 5548 1741 5606 Salmasius.
1773 5550 1909 5609 Cod.

308 5623 418 5690 ms.
453 5628 515 5690 ea;
544 5613 807 5690 hominum
832 5613 1317 5690 descriptisfFulv.
1354 5621 1581 5678 Ursinus
1608 5639 1620 5678 :
1647 5622 1910 5677 hominum

250 5692 256 5697 '
309 5680 613 5762 descriptis,
633 5687 833 5762 omisso
851 5705 915 5744 ex
937 5680 1081 5762 quod
1105 5691 1296 5762 probat
1317 5692 1676 5751 SteWeeltius.
1703 5693 1909 5751 OsuLL.

387 5752 1224 5836 Nullumaliquandoqmortabum
1252 5767 1516 5835 scripsisse
1536 5765 1598 5821 de
1630 5764 1742 5822 Diis
1761 5767 1911 5836 quid-

307 5841 487 5895 quam.
521 5828 733 5908 Ethaac
758 5842 839 5908 est
864 5832 1088 5908 editoris
1106 5834 1277 5908 Lugd.
1311 5828 1430 5893 Bat.
1460 5840 1746 5895 correctio.
1770 5828 1906 5893 Cod.

306 5912 417 5959 ms.
445 5909 502 5958 et
526 5899 693 5962 editio
722 5903 974 5981 princeps
994 5899 1343 5970 vitiosissime
1370 5927 1387 5993 ξ
1406 5909 1608 5969 nullum
1628 5908 1908 5993 aliquando

2102 4611 2208 4667 Per
2248 4610 2463 4666 humani
2511 4610 2707 4682 generis
2737 4610 2865 4682 jura
2900 4617 3051 4676 atque
3085 4610 3255 4682 ipsius
3303 4616 3630 4676 mortalitatis

2021 4684 2297 4741 consortia.
2331 4679 2646 4738 Oblestandi
2675 4695 2771 4734 seu
2796 4679 3118 4736 obsecrandi
3136 4681 3226 4737 hic
3248 4685 3441 4743 modus
3469 4689 3629 4748 Valde

2021 4758 2243 4829 elegans
2276 4773 2288 4809 :
2319 4755 2526 4829 integer
2553 4751 2769 4822 quidem
2798 4750 3105 4829 hoc__l_oco,
3134 4753 3272 4829 alias
3302 4763 3481 4829 tamen
3514 4778 3625 4819 non

2023 4822 2189 4885 semel
2217 4822 2572 4902 interpolatus
2592 4864 2608 4889 ,
2641 4832 2698 4902 ut
2723 4822 2936 4902 ostendi
2964 4822 3017 4878 in
3048 4823 3452 4902 Qumstimtibus
3473 4828 3634 4902 Apu-‘

2021 4901 2233 4957 leianis.
2264 4894 3002 4966 S'rewscu.-—Lucnlentum
3024 4897 3332 4966 exemplum
3358 4894 3622 4963 habemus

2019 4972 2164 5044 apud
2194 4970 2480 5055 Apuleium
2505 4968 2656 5036 Met.,
2688 4965 2894 5055 libzvt,
2928 4967 3043 5055 in'it.
3080 4965 3199 5021 Per
3225 4984 3315 5034 ego
3359 4980 3407 5055 te
3446 4977 3619 5055 frugi.

2019 5039 2180 5122 feram
2238 5039 2403 5122 tuam_
2426 5043 2686 5122 dexteram
2740 5039 2892 5122 istam
2953 5041 3221 5122 deprecor,
3257 5056 3351 5122 per
3386 5039 3621 5113 ludiﬁcas

2019 5109 2257 5172 messium
2284 5113 2624 5177 caerimonias,
2654 5126 2744 5181 per
2773 5109 2929 5188 tacita
2957 5122 3147 5165 secreta
3173 5111 3435 5188 cistarum,
3461 5109 3509 5171 et
3528 5135 3623 5188 per

2018 5187 2329 5259 fainulorum
2347 5197 2546 5259 tuorum
2563 5184 2840 5259 draconum
2859 5182 3354 5259 pinnatarurricula,
3373 5194 3474 5241 etc.
3488 5182 3618 5255 ,étc.

2017 5253 2325 5314 miseranda:
2379 5255 2602 5329 Psyches
2646 5255 2877 5329 eniture,
2923 5253 3173 5329 supplicis
3227 5262 3326 5309 tua:
3379 5253 3616 5318 subsiste.

2018 5329 2123 5387 Ubi
2154 5331 2275 5387 vide
2297 5323 2478 5400 intpp?~
2503 5344 2621 5399 pag.
2654 5325 2783 5393 585,
2812 5323 2901 5381 ed.
2930 5323 3279 5397 Oudendorp.
3309 5337 3363 5383 et
3392 5329 3616 5390 Elmeno

2016 5401 2190 5487 bonst.
2224 5398 2818 5487 itt‘lnd.‘0nt:t.t...hi_w_
2861 5468 2874 5487 Β
3060 5468 3125 5487 ’.ᾗ
3199 5467 3333 5487 “ML
3388 5470 3431 5487 υ
3496 5474 3509 5487 ο

2088 5474 2189 5530 Aut
2237 5490 2352 5529 cum
2405 5488 2510 5527 esse
2554 5468 2874 5526 arbitramini
2926 5483 3013 5522 vos
3056 5468 3148 5524 ita.
3199 5467 3352 5526 Fulv.
3388 5470 3618 5534 Ursinus

2014 5548 2220 5604 mavult
2247 5563 2352 5602 eos.
2385 5543 2492 5601 Sed
2520 5544 2595 5617 nil
2618 5537 3115 5617 mutandum.__Esse
3137 5557 3222 5617 vos
3243 5543 3347 5608 ita,
3383 5542 3485 5602 boc
3507 5558 3610 5617 cst,

2016 5619 2268 5692 profectos
2294 5634 2357 5673 ea:
2382 5616 2563 5692 terreni
2586 5611 2780 5692 generis
2821 5609 3125 5692 humilitate.
3144 5612 3353 5687 υκαι.
3373 5646 3445 5656 -
3462 5609 3612 5674 Ανῡὶὶ

2016 5683 2141 5748 irari
2174 5692 2503 5747 collocatum
2527 5683 2777 5770 ltu'c'lneo
2802 5683 3161 5770 prejudicire
3190 5701 3341 5770 aqua
3388 5694 3610 5749 notione

2015 5763 2067 5821 id
2096 5764 2345 5821 crebrum
2377 5764 2431 5818 in
2458 5758 2673 5831 scriptis
2691 5755 2927 5831 _Apuleii_
2962 5764 3017 5831 et
3062 5755 3270 5814 Plauti.
3309 5758 3610 5820 Srswecu.

2089 5836 2170 5890 Ne
2208 5833 2506 5903 offensionis
2543 5827 2739 5899 aliquid
2765 5827 2927 5903 apud
2964 5829 3102 5903 ipsos
3128 5832 3441 5890 contrahatis
3465 5836 3611 5892 deos.

2012 5906 2132 5967 Lib.
2158 5924 2216 5965 v:
2241 5899 2368 5964 Cum
2388 5919 2545 5962 unam
2575 5899 2872 5960 contrahere
2892 5902 3102 5973 possetis
3117 5905 3343 5977 culpam.
3363 5903 3610 5969 ELIIENH.
