4018 6294
1599 502 2220 593 ELENCHUS
2297 508 2730 597 RERUM

1035 870 1272 959 QUAS
1329 867 1453 945 IN
1514 869 1743 945 HOC
1798 871 2099 949 VOLUJ

2195 875 2362 951 [NE
2419 876 3272 959 CONTINENTUB.

501 1719 868 1778 DODWELLI
895 1719 1316 1779 Dissertationes
1349 1719 1687 1792 Cyprianicre
1717 1727 1845 1774 tres.

507 1813 693 1871 SIXTI
721 1829 874 1886 papa:
899 1812 943 1868 ll
963 1813 1224 1885 Epistolze
1252 1813 1432 1869 dubiae
1453 1828 1576 1868 cum
1603 1809 1847 1882 Dionysii
1874 1808 2109 1865 Alexan-

647 1906 786 1962 drini
807 1905 1171 1976 Fragmentis.

505 2000 686 2057 Sancti
733 1998 1032 2056 DIONYSII
1061 1999 1274 2056 romani
1313 1998 1582 2071 pontiﬁcis
1621 1999 1886 2055 adversus
1912 1993 2108 2056 Sabel-

647 2091 820 2148 lianos
850 2091 1254 2162 Fragmentum.

504 2183 800 2242 DIONYSII
837 2183 1310 2242 ALEXANDle
1336 2184 1574 2257 episcopi
1601 2183 1669 2240 ad
1689 2183 1998 2256 Dionysium
2022 2199 2109 2239 ro-

654 2292 872 2333 manum
904 2277 1249 2350 Fragmenta.

584 2368 884 2426 Concilium
907 2387 1190 2426 romanum
1220 2373 1272 2427 in
1301 2386 1462 2427 causa
1494 2372 1733 2444 Dionysii
1756 2369 2110 2430 Alexandrini

647 2462 716 2519 de
747 2463 1159 2520 Sabellianismo
1189 2465 1424 2520 accusati
1453 2463 1694 2522 habitum
1719 2479 1861 2521 anno
1888 2477 2104 2534 count,

652 2565 895 2626 tempore
918 2557 1160 2629 Dionysii
1187 2573 1361 2629 papas.

501 2648 685 2704 Sancti
714 2648 981 2706 FELICIS
1013 2665 1160 2720 papas
1191 2649 1451 2721 Epistola:
1480 2652 1661 2708 dubia:
1690 2662 1940 2724 quatuor.

503 2743 581 2797 De
609 2750 798 2798 sancto
827 2740 1272 2799 EUTYCHIANO
1300 2759 1454 2816 papae
1481 2745 1717 2801 decretis
1745 2745 2049 2812 adscriptis.

501 2833 558 2888 S.
588 2832 1017 2892 EUTYCHIANI
1043 2850 1194 2905 papae
1221 2834 1539 2893 Exhortatio
1567 2838 1635 2893 ad
1667 2839 2013 2910 presbyteros
2040 2853 2110 2896 ex

641 2920 863 2999 antiquo
886 2927 1074 2986 codice
1100 2927 1380 2986 Vaticano.

500 3018 560 3078 S.
588 3018 1017 3080 EUTYCHIANI
1041 3037 1194 3096 papae
1220 3021 1463 3097 Epistola
1487 3033 1542 3081 et
1567 3023 1786 3084 decreta
1810 3025 1992 3085 dubia.

2213 1715 2291 1773 De
2317 1716 2538 1774 decreto
2561 1717 2721 1777 unico
2749 1718 2893 1792 quod
2920 1716 3082 1777 CAIO
3121 1719 3468 1791 adscribitur,
3493 1721 3639 1778 circa
3666 1721 3816 1780 ordi-

2355 1811 2584 1867 nandos.

2212 1899 2350 1957 CAII
2380 1917 2530 1973 papae
2557 1903 2797 1974 Epistola
2824 1903 2891 1960 ad
2912 1903 3149 1962 Felicem
3174 1906 3511 1978 episcopum.

2210 1993 2641 2056 COMMODIANI
2670 1996 3052 2054 lnstructiones
3076 1998 3335 2057 adversus
3381 1999 3632 2057 Gentium
3681 1999 3816 2057 deos

2353 2104 2451 2159 pro
2491 2089 2787 2146 christiana
2813 2090 3098 2162 disciplina
3130 2108 3144 2145 :
3175 2106 3273 2161 per
3302 2091 3511 2148 litteras
3555 2106 3815 2150 versuum

2353 2184 2574 2253 primas.

2212 2275 2490 2332 ANTONll
2531 2276 2762 2335 Carmen
2788 2278 3051 2337 adversus
3076 2289 3290 2352 gentes.

2211 2368 2397 2425 Sancti
2439 2367 2786 2427 VICTORINI
2827 2371 3526 2443 mertyris,petavionensis
3551 2371 3817 2445 episcOpi,
3932 2360 3937 2366 ’

2354 2461 2740 2534 Fragmentum
2770 2461 2840 2520 de
2873 2463 3096 2520 Fabrica
3135 2463 3345 2520 mundi.

2212 2556 2394 2612 Sancti
2458 2555 2800 2612 VlCTORlNl
2862 2556 3082 2614 Scholia
3138 2558 3192 2612 in
3243 2557 3607 2629 Apocalypsin
3669 2555 3818 2615 beati

2354 2647 2600 2704 Joannis.

2211 2741 2564 2799 MAGNETIS
2605 2741 3011 2814 Fragmentum.

2212 2834 2490 2892 ARNOBII
2537 2837 2650 2892 Afri
2682 2837 3110 2909 Disputationum
3153 2837 3412 2894 adversus
3455 2845 3645 2910 gentes
3686 2835 3818 2894 libri

2352 2935 2582 2986 sentem.

2352 2946 2377 2984 8
2569 2971 2582 2984 .

2280 2946 2618 3096 “5:53:35
2645 3033 2703 3083 et
2729 3023 2936 3084 indices
2959 3023 3030 3082 ad
3051 3024 3276 3083 Amobii
3300 3024 3472 3082 libros
3499 3033 3732 3097 septem.

2132 5765 2441 5829 Sucwrsale,
2465 5779 2526 5817 au
2550 5765 3016 5831 Petitfldontrouge,
3033 5768 3109 5831 ide
3131 5768 3466 5831 l‘imprimerie
3487 5768 3552 5820 de
3569 5767 3730 5831 Siron,

2559 5841 2650 5882 rue
2671 5830 2763 5884 des
2787 5829 2994 5897 Noyers,
3015 5830 3094 5898 37,
3115 5831 3144 5883 ’a
3166 5829 3322 5885 Paris.
