4018 6350
256 545 2187 839 ””””1)1έξὲἶῖΤΑΤιο
2280 670 3055 881 PRIMA

757 1008 1065 1155 AD
1110 1006 1489 1156 SAN
1500 996 1858 1153 ΟΤΙ
1873 1002 2764 1156 CYPRIAN
2772 1010 2841 1151 Ι

1142 1283 1795 1443 EPISTOLAM
1829 1282 2404 1467 0GTAVAM,

1400 1539 1728 1599 AUCTORE
1773 1537 2163 1596 DODWEILO
2178 1581 2190 1603 ,

134 1710 243 1776 DE
292 1708 760 1785 VISIONIBUS,
806 1706 1073 1784 UTQUE
1114 1703 1507 1769 VISIONUM
1554 1702 1881 1769 SUARUM
1913 1703 2169 1766 FIDEM
2214 1702 2841 1767 COMPROBARINT
2886 1705 3275 1783 VETERES,
3310 1725 3454 1772 mc.

1757 1876 1852 1920 ΟΕ

1817 1877 2567 1921 ψ-

747 1882 1737 1927 α-ῇ--ὼ

2571 1896 2828 1911 *α

139 2062 170 2139 ς
199 2064 258 2119 1.
308 2062 658 2119 Permansisse
692 2064 913 2119 visiones
933 2075 979 2120 et
1000 2070 1137 2119 dona
1160 2063 1460 2136 prophetica
1490 2078 1521 2116 a
1558 2071 1750 2131 tempo-
1776 2058 1830 2118 Α
1926 2063 2026 2109 tate
2052 2054 2396 2109 commendari
2410 2070 2523 2123 non
2559 2061 2775 2125 poterat.
2808 2084 2875 2094 -—-
2904 2054 2932 2126 §
2984 2054 3067 2110 10.
3110 2054 3340 2111 Visiones
3359 2058 3452 2127 jac

208 2155 357 2209 ribus
381 2155 740 2226 Apostolorum
782 2172 940 2226 usque
973 2156 1042 2210 ad
1077 2155 1394 2228 Cyprianum
1430 2171 1494 2210 ea:
1535 2164 1743 2208 auctore
1924 2165 2104 2204 venum
2150 2158 2292 2202 erant
2346 2149 2587 2219 propriae.
2629 2178 2703 2190 -ο
2735 2147 2763 2220 §
2826 2150 2917 2215 41,
2944 2149 3035 2204 42.
3092 2151 3229 2217 Quid
3255 2151 3321 2205 de
3348 2152 3453 2206 illis

211 2248 617 2322 Apocalypseos,
648 2248 908 2305 Hermete.
933 2280 1003 2291 -—
1026 2250 1054 2320 §
1080 2250 1137 2305 2.
1171 2248 1427 2304 Clemente
1449 2247 1683 2304 Romano
1705 2254 1750 2300 et
1926 2242 2241 2298 sentiendum
2270 2243 2357 2311 qui
2392 2243 2685 2312 prophetias
2725 2241 2843 2297 illas
2886 2245 3209 2308 antiquorum
3236 2245 3456 2299 ludibrio

215 2350 429 2396 auctore
455 2340 638 2396 Esdrte
674 2340 990 2414 Apocryphi.
1032 2371 1104 2382 --
1140 2340 1169 2413 §
1208 2344 1262 2396 5.
1302 2340 1527 2412 lgiiatio.
1555 2337 1747 2410 -ςκι
1928 2335 2214 2388 habuerint.

219 2431 514 2497 Quadrato,
541 2431 777 2501 Philippi
794 2433 1227 2503 filiabus,Ammia
1246 2430 1686 2501 Philadelphiensi
1706 2438 1753 2485 et
1928 2424 1956 2499 §
1974 2427 2024 2481 1.
2046 2456 2112 2465 ——
2128 2425 2243 2480 Non
2262 2434 2342 2480 est
2358 2424 2498 2496 quod
2527 2425 2612 2479 hic
2634 2426 3002 2493 rabbinorum,
3022 2428 3339 2497 aliorumve,
3366 2432 3457 2501 qui

220 2520 539 2594 Polycarpo.
570 2554 640 2566 -——
659 2522 688 2596 §
710 2524 760 2579 5.
788 2523 997 2579 Iustino
1022 2522 1271 2595 Martyre.
1296 2522 1406 2594 -ς
1429 2523 1481 2579 6.
1512 2522 1753 2576 Melitone
1857 2521 2139 2588 prophetia
2193 2527 2418 2588 egerunt
2460 2518 2865 2589 visionibusque
2892 2519 3221 2589 preplieticis
3242 2562 3257 2587 ,
3306 2538 3462 2577 com-

222 2612 807 2679 Sardensi,Alea:andro
826 2614 1055 2687 Phryge,
1082 2614 1275 2679 Attalo,
1301 2615 1614 2685 aliisque.-—
1638 2612 1666 2685 §
1696 2614 1750 2667 7.
1855 2612 2167 2681 pilatioucm
2209 2612 2374 2665 lector
2401 2621 2669 2680 eXpectct.
2702 2611 2809 2666 Nos
2836 2628 2898 2667 ea
2931 2622 3137 2668 tantum
3176 2615 3464 2683 seligemus

222 2704 452 2761 Irenteo.
477 2704 599 2778 —§
633 2707 686 2761 8.
713 2705 971 2777 Perpetua
992 2717 1037 2760 et
1061 2706 1274 2761 Saturo.
1303 2706 1427 2760 Non
1458 2707 1616 2773 fuisse
1636 2706 1754 2760 illos
1855 2717 1975 2773 qute
2002 2703 2070 2756 ab
2095 2701 2320 2757 eruditis
2365 2703 2726 2771 praetermissa
2751 2746 2765 2769 ,
2820 2704 3127 2759 nondumvc
3170 2706 3303 2760 satis
3348 2706 3466 2761 ani-

222 2797 592 2854 lllontanistas.
612 2828 686 2840 --
707 2798 734 2870 §
754 2800 809 2855 9.
837 2798 1025 2854 Verum
1052 2816 1153 2854 non
1178 2809 1271 2863 est,
1286 2800 1521 2855 relictum
1551 2799 1756 2854 Monta-
1858 2796 2135 2849 madversa
2188 2807 2333 2857 sunt,
2365 2796 2506 2864 quod
2539 2797 2737 2862 sciam,
2765 2812 2884 2866 qua:
2919 2808 3095 2852 tamen
3127 2797 3193 2852 ad
3227 2798 3368 2853 illius
3396 2799 3466 2854 de

222 2890 377 2944 nistis
398 2890 459 2943 ab
476 2889 706 2945 Ecclesia
736 2890 1120 2959 prOphctiarum
1144 2892 1301 2961 fuisse
1340 2901 1661 2962 praetextum.
1685 2922 1757 2933 —
1859 2904 1966 2958 quo
2005 2888 2212 2957 agimus
2242 2887 2421 2943 saeculi
2454 2886 2731 2942 historiam
2761 2887 2966 2958 aliquid
3011 2889 3335 2945 videbuntur
3364 2891 3463 2944 lia-

219 2982 371 3055 §iO.
410 2981 602 3038 Contra
631 2990 745 3051 post
783 2984 1054 3053 imperium
1092 2980 1393 3048 Commodi,
1423 3000 1481 3037 eo
1518 2984 1629 3054 ipso
1670 3000 1760 3038 ar-
1859 2978 1990 3035 bere
2016 2980 2298 3033 momenti.

220 3083 467 3145 gumento
493 3078 783 3146 refutarunt
811 3073 1248 3129 Mon'anistarum
1271 3076 1559 3145 prophetias
1582 3077 1759 3130 catho-
1930 3070 2067 3124 Male
2096 3073 2274 3140 itaque
2302 3069 2502 3125 faciunt
2531 3071 2729 3125 eruditi
2757 3074 2846 3140 qui
2869 3089 2988 3143 qme
3022 3073 3205 3144 legunt
3237 3074 3288 3129 in
3322 3074 3467 3129 illius

220 3166 512 3235 lici,quod
546 3182 677 3221 verre
703 3168 987 3237 prophetia:
1029 3169 1219 3222 donum
1258 3169 1311 3222 in
1350 3167 1579 3224 Ecclesia
1621 3167 1757 3223 Per-
1859 3162 2045 3216 saeculi
2086 3160 2395 3215 auctoribus
2424 3161 2492 3215 de
2542 3162 2837 3216 visionibus
2863 3206 2877 3228 ,
2927 3177 2990 3218 ea
3040 3166 3105 3219 ad
3151 3164 3461 3220 Montanum

219 3266 438 3325 petuum
485 3258 714 3327 futurum
754 3269 917 3323 esset;
957 3275 1075 3313 cum
1109 3270 1280 3315 tamen
1323 3260 1759 3317 Montanistarum
1862 3258 2084 3314 trahunt
2112 3266 2271 3327 atque
2299 3259 2675 3323 montanistas,
2706 3259 2859 3328 quasi
2888 3273 3017 3313 vero
3043 3260 3109 3313 ab
3142 3261 3272 3329 ipsis
3300 3276 3470 3331 usque

218 3348 364 3404 illud
368 3349 486 3419 jam
509 3351 686 3423 fuisset
710 3351 1113 3423 extinctum.——§
1137 3353 1225 3407 11.
1248 3351 1332 3406 Ita
1349 3353 1580 3408 Asterius
1598 3352 1763 3409 Urba-
1863 3350 2230 3421 apestolorum
2266 3350 2596 3420 temporibus
2618 3349 2852 3405 visiones
2906 3349 2958 3404 in
2991 3349 3230 3405 Ecclesia
3257 3350 3475 3407 defece-

221 3457 350 3500 nus.
372 3439 1763 3515 Epiphanius.—§12,13.AuctorActorumPerpetua:
1864 3444 1994 3510 rint,
2037 3446 2323 3511 omnisque
2353 3457 2535 3496 earum
2576 3452 2867 3511 pra-textus
2897 3442 2949 3496 in
2979 3443 3208 3498 ecclesia
3242 3459 3465 3513 suspec-

222 3541 275 3588 ει
304 3530 734 3607 Felicitatis.—-§
755 3535 841 3590 14.
880 3533 1110 3590 Visiones
1127 3534 1335 3591 Natalis
1350 3548 1397 3591 et
1424 3536 1755 3607 Potamiente,
1789 3541 1836 3602 B
1867 3547 1950 3592 tus
1977 3536 2137 3590 fuerit
2160 3548 2325 3606 atque
2355 3535 2710 3605 improbatus,
2742 3537 2982 3607 solisque
3010 3537 3353 3592 montanistis
3383 3553 3469 3594 re-

222 3629 393 3700 deque
430 3628 726 3684 Alexandro
771 3628 1271 3702 Hierosolymorum,
1320 3630 1552 3686 Fabiano
1583 3631 1763 3688 Roma:
1866 3629 2043 3684 lictus.
2075 3627 2216 3681 Nihil
2261 3638 2342 3681 est
2371 3628 2594 3681 munino
2638 3643 2734 3681 cur
2780 3627 2853 3681 ita
2892 3630 3149 3684 sentiant.
3191 3628 3375 3685 Potius
3414 3631 3469 3685 in

222 3721 598 3776 constituendis
629 3720 918 3791 Episcopis.
938 3720 1058 3794 —§
1089 3722 1176 3779 15.
1199 3722 1442 3795 Agnoscit
1471 3725 1763 3794 prophetias
1865 3723 2011 3777 omni
2039 3721 2132 3776 illo
2160 3720 2462 3786 intervallo,
2494 3721 2565 3774 ab
2602 3722 2860 3791 apostolis
2907 3721 2974 3776 ad
3007 3723 3334 3794 Cyprianum
3378 3740 3470 3779 us-

227 3813 503 3884 Origenes.
527 3810 761 3882 —§16.
816 3810 1113 3866 Declinatur
1155 3814 1495 3868 testimonium
1532 3814 1765 3889 Gregorii
1866 3830 1990 3886 que,
2032 3821 2325 3885 perpetuus
2365 3824 2480 3868 crat
2521 3814 2786 3868 visionum
2840 3829 3001 3883 usus,
3044 3831 3366 3886 semperque
3404 3819 3474 3873 ab

226 3900 467 3974 Nysseni
486 3902 551 3958 de
573 3901 633 3958 S.
662 3901 906 3973 Gregorio
930 3901 1423 3977 Thoumaturgo.—
1451 3906 1479 3980 §
1503 3908 1585 3961 17.
1625 3907 1763 3987 γὶέὶο
1870 3908 2108 3964 Ecclesia
2138 3907 2412 3978 probatus.
2446 3905 2558 3962 Sub
2575 3907 2727 3976 primi
2754 3908 2935 3962 saeculi
2969 3908 3127 3963 liuent
3157 3912 3355 3979 scripta
3379 3911 3470 3966 illa

232 3996 472 4067 Dionysii
516 3994 872 4050 Alexandrini.
904 3995 1026 4068 —§
1064 3997 1148 4060 18,
1196 4000 1284 4063 19,
1322 3998 1411 4063 20.
1451 4000 1539 4055 2i.
1596 3999 1765 4057 Visio-
1869 4010 1980 4066 est,
2030 4014 2189 4071 quam
2241 4000 2500 4055 habemus
2544 3999 2930 4071 Apocalypsis.
2962 4002 3077 4056 sive
3104 4002 3171 4056 ab
3202 4003 3469 4072 apostolo,

228 4106 324 4144 nes
356 4089 519 4158 ipsius
565 4088 832 4160 Cypriani.
880 4118 953 4129 —
980 4089 1008 4160 §
1059 4089 1151 4145 22.
1202 4089 1342 4146 Visio
1372 4092 1477 4147 alia
1535 4093 1767 4167 Dionysii
1870 4107 1965 4148 seu
1996 4092 2132 4148 forte
2160 4108 2189 4144 a
2226 4076 2433 4146 Joanne
2476 4093 2793 4163 presbytero
2815 4133 2829 4155 ,
2861 4108 2981 4163 qua:
3009 4103 3183 4149 tamen
3216 4095 3391 4150 omnis
3419 4097 3473 4151 iu

226 4179 819 4252 Alexandrini.—§25.
855 4179 1082 4237 Visiones
1107 4184 1278 4254 palam
1298 4186 1554 4240 enuntiari
1581 4187 1765 4255 solitte,
1870 4184 2139 4240 visionum
2181 4193 2498 4254 argun'tento
2538 4195 2804 4240 versatur.
2856 4184 3056 4239 Eodem
3092 4186 3309 4241 circiter
3341 4198 3475 4242 tem-

230 4274 397 4346 idque
411 4285 531 4328 ante
559 4284 812 4330 eventum.
840 4304 910 4315 —-
938 4274 1077 4347 δὴ.
1115 4275 1181 4332 Ut
1209 4279 1403 4346 fraudi,
1434 4279 1488 4332 in
1518 4280 1769 4335 visionum
1876 4293 2005 4348 pore
2032 4277 2312 4331 Pastorem
2341 4290 2495 4331 suum
2545 4278 2761 4346 scripsit
2793 4275 3039 4337 Hermes.
3070 4278 3169 4332 sub
3195 4275 3475 4335 Clemente

226 4379 524 4438 praetextu,
562 4370 856 4424 subventum
894 4371 980 4424 sit.
1008 4368 1237 4442 ~§25,
1268 4371 1361 4436 26,
1390 4372 1480 4427 27.
1514 4373 1590 4430 De
1615 4392 1772 4447 argu-
1873 4371 2018 4425 enim
2047 4366 2332 4439 scripsisse
2352 4379 2565 4425 constat
2595 4387 2663 4426 ex
2690 4371 2826 4425 libro
2855 4370 3027 4441 primo
3057 4372 3260 4427 Vision.
3283 4415 3296 4439 ,
3329 4390 3385 4428 n.
3413 4373 3470 4427 2.

225 4463 422 4518 mentis
446 4460 936 4532 quibusprobaretur
954 4463 1203 4517 visionum
1224 4464 1370 4532 ﬁdes,
1390 4467 1665 4536 prmsertim
1686 4469 1769 4521 in-
1872 4460 1986 4517 Nec
2025 4473 2109 4518 εει
2134 4461 2277 4532 quod
2325 4476 2603 4517 moremur
2642 4463 2945 4518 recentiora
2989 4464 3078 4517 illa
3125 4463 3470 4536 Pontificalis,

226 4553 495 4609 trimecis.
531 4552 736 4607 Donum
769 4554 1137 4626 cogitationum
1180 4555 1665 4627 patefaciendarunt.
1700 4589 1771 4599 -—
1874 4555 2172 4611 carminum
2225 4554 2484 4610 adversus
2523 4554 2819 4610 Macionem
2858 4566 2948 4612 aut
2992 4574 3112 4627 qua:
3167 4558 3245 4613 Pii
3276 4575 3473 4616 nomen

231 4646 387 4718 §28,
419 4645 513 4713 29,
540 4645 631 4703 50.
677 4645 990 4703 Futurorum
1045 4648 1497 4718 prwdicendorum.
1548 4650 1768 4719 Futura,
1876 4648 2124 4705 feruntur
2157 4648 2507 4718 epistolarum
2556 4648 2621 4703 ad
2662 4648 2869 4704 Justum
2915 4649 3298 4714 Viettttemetn,
3350 4652 3475 4709 lidei

225 4753 355 4810 quae
410 4738 541 4793 vires
599 4738 790 4810 alioqui
860 4749 1057 4794 creatas
1108 4757 1209 4795 non
1237 4742 1551 4809 excederent,
1579 4743 1643 4798 ab
1670 4744 1773 4798 alio
1876 4742 2056 4797 omnia
2084 4750 2378 4809 suspectw,
2431 4740 2757 4795 testimonia.
2793 4742 2960 4811 llujus
2989 4728 3126 4811 opus
3150 4757 3271 4798 cum
3305 4742 3477 4798 tribus

231 4842 441 4897 tamen,
467 4841 806 4903 prieterquam
834 4830 942 4887 Deo
968 4833 1204 4903 praedici,
1235 4851 1297 4889 ea:
1324 4833 1466 4890 illius
1507 4836 1601 4891 tevi
1630 4839 1773 4907 prin-
1876 4845 2090 4893 constet
2132 4836 2305 4904 libris,
2354 4835 2558 4905 primus
2601 4836 2864 4890 visionum
2899 4836 3110 4890 titulum
3142 4851 3251 4906 pra:
3271 4852 3330 4891 se
3353 4835 3476 4904 fert,

230 4925 426 4996 cipiis,
465 4940 564 4979 non
601 4934 851 4994 poterant.
903 4955 975 4966 ——
1021 4925 1168 4996 §3L
1227 4926 1424 4983 Eodem
1458 4930 1629 4998 redit,
1676 4930 1779 4986 sive
1802 4931 1848 4995 C
1879 4936 2133 4997 totusque
2172 4935 2255 4981 est
2300 4928 2350 4981 in
2393 4942 2459 4981 eo
2489 4936 2825 4996 argumento.
2858 4926 2915 4981 In
2948 4927 3184 4983 secundo
3221 4929 3381 4983 etiam
3411 4928 3481 4986 de

231 5033 268 5071 a
316 5016 433 5071 Deo
474 5017 586 5084 ipso
624 5017 933 5081 immediate,
967 5019 1010 5073 si
1040 5019 1142 5074 sive
1191 5019 1357 5074 media
1402 5018 1576 5090 aliqua
1630 5037 1775 5075 creu-
1881 5022 2267 5093 prophetarum
2340 5019 2733 5090 spirituumque
2803 5036 3055 5076 verorum
3118 5020 3483 5091 falsorumque

236 5120 370 5166 tura
400 5112 621 5166 revelata
667 5113 875 5185 fuerint.
908 5111 1032 5185 -—-§
1087 5113 1177 5168 52.
1226 5112 1576 5184 ngotheseos
1621 5115 1776 5185 hujus
1880 5114 2224 5169 distinctione
2269 5112 2378 5183 agit
2423 5129 2490 5168 ex
2535 5111 2784 5179 professo
2836 5113 3152 5185 (Mandat,
3200 5115 3283 5179 11,
3341 5115 3405 5167 12
3435 5110 3476 5184 ).

233 5218 363 5257 cum
402 5204 751 5273 phwnomenis
776 5207 1040 5260 consensio
1057 5207 1285 5262 veritatis
1310 5218 1662 5279 argumentum
1680 5218 1773 5265 est.
1881 5205 2149 5273 Quorsum
2208 5204 2362 5271 illud,
2403 5206 2502 5260 nisi
2549 5220 2801 5261 verorum
2842 5222 3056 5277 quoque
3101 5206 3482 5277 prophetarum

234 5326 315 5338 -—
345 5297 378 5369 §
409 5297 498 5354 55.
528 5297 613 5354 Ex
638 5299 857 5353 aliarum
888 5299 1274 5371 propltetiarum
1329 5302 1432 5370 fide
1474 5311 1531 5356 ut
1561 5302 1779 5356 aliarum
1883 5296 2024 5353 dena
2069 5311 2308 5365 eousque
2340 5298 2390 5351 in
2426 5297 2666 5352 Ecclesia
2716 5299 3078 5367 permansisse
3123 5298 3483 5353 credidisset?

238 5389 414 5459 fidem
451 5390 816 5445 adstruxerim.
838 5421 909 5432 -—
939 5391 967 5465 §
995 5394 1084 5448 51.
1140 5390 1381 5447 Verorum
1419 5394 1782 5464 prophetarum
1892 5392 2044 5446 Hune
2074 5390 2385 5446 Blondellus
2418 5391 2680 5444 larvatum
2714 5391 3027 5461 prophetam
3074 5391 3486 5446 somniatorem-

241 5484 433 5539 omnia
455 5501 555 5539 non
577 5487 784 5558 fuerunt
811 5485 1249 5557 prophetica.--§
1276 5486 1365 5549 35,
1396 5486 1594 5552 36,37.
1618 5486 1789 5558 Aliqui
1893 5502 1998 5556 que
2037 5484 2301 5554 appellat,
2349 5484 2846 5539 meulanisticarum
2885 5483 3325 5553 superstitionum
3363 5500 3487 5550 gur-

241 5575 620 5647 prOphetarum
647 5593 839 5632 errores
873 5593 988 5633 cum
1027 5594 1145 5633 vera
1176 5578 1441 5647 prophetia
1489 5581 1787 5649 consistunt,
1892 5580 2051 5650 gitem
2080 5577 2320 5651 (Apolog.
2348 5594 2440 5649 pro
2466 5576 2611 5632 Sent.
2648 5575 2973 5647 llieronytn.,
2999 5594 3052 5645 p.
3083 5574 3172 5639 16,
3207 5576 3317 5646 17).
3339 5576 3488 5632 Idem

240 5680 294 5725 et
341 5670 558 5742 quinam
584 5672 685 5725 illi.
710 5670 837 5744 -ς
871 5674 959 5727 '58.
992 5670 1282 5739 Prophetite
1324 5673 1506 5727 veritas
1551 5690 1613 5728 ea:
1654 5691 1792 5729 com-
1900 5682 2075 5727 tamen
2108 5671 2306 5726 ibidem
2347 5680 2556 5740 patrum
2586 5671 2744 5725 aliter
2778 5669 3124 5725 sentientium
3173 5669 3346 5741 elogia
3396 5685 3492 5739 pro

242 5761 519 5817 munionis
548 5765 628 5817 cui
652 5779 706 5818 se
733 5765 1037 5834 adjunxerat
1065 5763 1333 5834 propheta,
1363 5764 1557 5819 unitate
1583 5766 1794 5836 probata
1899 5782 2049 5823 more
2094 5781 2194 5822 suo
2238 5764 2576 5820 coacervavit
2605 5761 2894 5817 admodum
2938 5761 3255 5827 honoriﬁca,
3298 5772 3349 5818 et
3377 5762 3494 5833 qui-

250 5862 354 5911 est.
400 5881 481 5894 -—
523 5854 552 5926 ᾗ
595 5853 686 5910 39.
736 5855 961 5924 Quorum
1030 5855 1311 5928 prophetia:
1362 5873 1535 5912 omnes
1581 5859 1797 5929 fuissent
1902 5860 2025 5918 dem
2070 5877 2100 5916 a
2162 5856 2554 5916 montanisticis
2615 5854 3088 5927 superstitionibus
3139 5855 3496 5911 alienissimo-

246 5951 522 6013 obscurte,
553 5964 729 6003 eorum
758 5949 887 6019 fides
911 5950 1061 6007 aliter
1080 5949 1180 6006 nisi
1204 5966 1269 6007 ex
1289 5951 1657 6008 communionis
1682 5954 1799 6009 uni-
1905 5968 2045 6009 rum.
2090 5951 2165 6008 lta
2201 5949 2333 6008 nihil
2362 5950 2415 6007 in
2445 5963 2511 6005 eo
2552 5946 2987 6005 montanisticum
3035 5945 3278 6018 reperire
3308 5954 3496 6017 potuc-

515 6042 791 6108 ΡΔτιιοι..
830 6043 906 6105 ν.
1625 6066 1685 6163 1
3013 6041 3067 6103 1.

1716 6121 1974 6165 ﬁeri);
