4018 6276
542 353 605 411 ii
1563 350 1933 413 DODWELLI
1970 349 2428 414 DISSERTATIO
2470 350 2893 416 CYPRIANICA
3780 356 3853 416 12

540 478 670 529 runt
692 469 1035 528 montanistis
1071 467 1242 527 coarvi
1268 474 1475 541 patres,
1508 470 1711 542 quique
1738 470 1856 527 illas
1882 471 2140 542 supersti-
2167 472 2219 532 Α
2246 469 2409 539 ﬁlias,
2437 486 2504 528 ex
2534 471 2642 527 illis
2672 469 2953 543 probabile
2976 475 3062 527 est
3090 484 3212 543 quae
3239 470 3458 544 scripsit
3485 470 3553 529 ad
3575 471 3849 530 Victorem

542 567 721 623 tiones
749 567 908 638 primi
936 566 1279 623 damnarunt.
1311 563 1524 622 Judicet
1549 564 1719 622 lector
1741 565 2052 641 φιλαρχαῖος
2066 565 2154 622 cui

549 661 622 717 sit
647 662 823 732 potius
849 660 1143 718 ridendum.

622 752 651 825 §
688 753 745 808 2.
768 784 837 794 -
857 753 1097 811 Hermeti
1120 754 1353 810 diximus
1378 767 1618 810 comvum
1660 768 1783 811 esse
1812 752 2149 812 Clementem

541 849 844 904 Romanum
876 849 1234 921 eumdemque
1264 848 1531 906 donorum
1573 851 2014 922 propheticorum
2058 864 2153 920 pa-

538 950 779 998 tronum.
813 941 1118 998 istiusmodi
1166 943 1312 999 enim
1342 942 1482 1000 dona
1529 943 1697 1000 fuisse
1739 944 1935 1014 quibus
1962 956 2152 1013 super-

537 1032 763 1089 biebant
785 1035 1097 1091 schismatis
1118 1044 1390 1101 auctores,
1421 1048 1489 1092 ex
1515 1034 1621 1091 illis
1648 1035 1764 1106 ejus
1794 1035 1974 1092 verbis
1995 1035 2152 1091 facile

535 1126 826 1197 colligitur.
847 1124 985 1183 ’Ἠτω
1011 1130 1092 1191 τίς
1116 1130 1326 1194 πιστὸς,
1345 1129 1452 1189 ἤτω
1470 1127 1689 1192 δυνατός
1708 1137 1894 1204 γνῶσιν
1914 1129 2147 1197 ἐξειπεῖν,

534 1220 644 1280 ἤτω
688 1222 844 1295 σοφός
885 1222 936 1276 ἐν
961 1219 1137 1297 δικαίᾳ
1181 1242 1348 1299 κρισει
1396 1219 1595 1294 (Clem.
1637 1220 1726 1277 Al.
1790 1220 2065 1294 διακρίσει,
2096 1228 2153 1277 et

526 1312 757 1387 rectius)
777 1315 958 1388 λόγων.
992 1312 1120 1387 (Ep.
1152 1331 1167 1369 ι
1195 1315 1264 1369 ad
1294 1313 1555 1382 Corinth.,
1588 1312 1617 1387 ᾗ
1653 1312 1741 1378 48,
1772 1322 1819 1367 et
1848 1328 1913 1369 ea:
1939 1312 2146 1368 Asteria

538 1408 770 1478 Urbano,
822 1410 912 1465 lib.
943 1426 1011 1478 v,
1041 1425 1093 1467 c.
1123 1412 1241 1483 Π.)
1271 1410 1391 1466 Νοιι
1420 1411 1529 1466 alio
1577 1418 1829 1481 spectant
1879 1410 1998 1466 hac
2046 1424 2149 1466 no-

534 1504 686 1559 mina
712 1519 874 1576 quam
900 1504 968 1561 ad
999 1505 1140 1561 dona
1184 1505 1401 1561 illorum
1450 1515 1756 1577 temporum
1803 1504 2145 1576 prephetica.

534 1599 713 1661 Ιιίστις
756 1599 845 1654 illa
888 1598 957 1654 de
1002 1616 1105 1669 qua
1145 1599 1365 1671 gloriari
1418 1608 1689 1670 poterant,
1738 1610 1847 1653 non
1890 1597 1996 1653 alia
2032 1602 2152 1653 erat

533 1706 696 1762 quam
729 1690 1113 1747 miraculorum
1144 1691 1230 1746 illa
1277 1707 1437 1763 quam
1475 1692 1623 1767 λόγον
1659 1693 1888 1753 πίστεως
1914 1690 2151 1761 appellat

533 1784 849 1855 Apostolus,
898 1799 1006 1855 quo
1045 1784 1167 1840 loco
1210 1783 1350 1839 dona
1397 1784 1493 1854 Sp.
1544 1785 1601 1841 S.
1646 1784 1785 1859 λόγοι
1822 1783 1967 1856 apud
1996 1782 2150 1838 illum

2255 562 2589 636 Polycrates.
2653 565 2912 635 Quadrati
2989 562 3244 641 διαδοχήν
3308 569 3519 624 Ammia
3576 568 3851 624 Philadel-

2257 655 2500 726 phiensis
2514 666 2570 713 et
2592 657 2706 727 ipsa
2733 672 2945 729 quoque
2963 657 3303 730 prophetissa
3324 659 3392 716 ad
3418 659 3655 716 Montani
3677 670 3853 717 ortum

2256 751 2586 807 continuavit
2614 750 2866 827 (Asterius
2897 751 3138 809 Urbanus
3163 771 3253 825 ap.
3286 753 3497 821 Euseb.,
3527 756 3614 810 ubi
3643 754 3848 827 supra).

2255 842 2551 916 Polycarpo
2609 843 2678 900 dc
2742 859 2842 900 suo
2885 847 3147 919 martyrio
3192 848 3430 902 omnium
3480 847 3853 920 propheticum

2254 933 2492 991 oblatum
2536 951 2682 1005 esse,
2730 944 2897 994 testes
2943 946 3069 995 sunt
3117 939 3437 1010 exceptione
3466 941 3714 1012 majores
3752 940 3856 1013 ipsi

2254 1026 2520 1100 Smyrntci
2553 1028 2605 1084 in
2634 1043 2698 1086 ea
2728 1043 2888 1101 quam
2933 1030 3005 1087 de
3035 1031 3153 1102 ejus
3197 1033 3456 1106 martyrio
3494 1032 3761 1090 dederunt
3786 1035 3856 1092 ad

2254 1119 2700 1178 Philomelienses
2725 1122 2976 1194 epistola.
3010 1124 3163 1197 Hunc
3192 1125 3475 1183 Ductorem
3500 1127 3855 1197 apostolicum

2252 1213 2419 1273 iidem
2481 1225 2643 1288 atque
2711 1217 3082 1290 propheticum
3147 1220 3461 1291 appellant,
3514 1219 3857 1291 fatenturque

2253 1306 2389 1362 nihil
2419 1322 2540 1364 esse
2566 1308 2633 1364 ab
2659 1323 2725 1365 eo
2775 1310 3090 1379 prandiotum
3119 1313 3248 1383 quin
3280 1323 3425 1369 esset
3459 1323 3653 1369 eventu
3707 1329 3857 1368 eom-

2253 1403 2561 1473 prohalum.
2605 1401 2730 1476 (Ap.
2760 1401 2974 1471 Euseb.,
3004 1404 3143 1460 Hist.
3173 1404 3343 1471 Eccl.,
3373 1422 3445 1471 tv,
3477 1405 3593 1478 15.)
3624 1413 3725 1462 Πᾶν
3752 1410 3858 1484 γὰρ

2252 1492 2451 1573 ῥῆμαὸ
2490 1498 2674 1569 ἀφῆκεν
2703 1500 2759 1552 ἐκ
2797 1504 2892 1555 τοῦ
2935 1499 3195 1573 στόματος
3232 1502 3395 1557 αὐτοῦ
3450 1504 3538 1555 καί
3574 1501 3856 1565 ἐτελειώθη.

2251 1591 2526 1663 inquiunt,
2549 1595 2637 1648 mi
2679 1592 3082 1653 τιλιιωθήσιται.
3116 1594 3270 1651 llunc
3297 1596 3402 1650 An.
3433 1608 3859 1665 cxcvu.passum

2253 1697 2374 1738 esse
2395 1682 2532 1752 vult,
2564 1694 2619 1739 et
2646 1683 2863 1755 quidem
2885 1685 3119 1741 maxima
3145 1684 3640 1754 verisimilitudine,
3668 1694 3861 1743 noster

2253 1772 2651 1830 eruditissimus
2687 1774 3033 1831 Cestriensis.

533 1873 780 1930 audiunt.
828 1881 1023 1937 Γνῶσις
1050 1890 1160 1930 non
1186 1875 1443 1946 quaelibet
1466 1886 1581 1930 erat
1603 1875 1862 1946 cognitio,
1895 1875 1992 1931 sed
2017 1890 2147 1931 vero
2174 1876 2224 1937 B
2328 1864 2357 1937 §
2398 1865 2452 1922 5-
2480 1896 2553 1907 -
2578 1864 2656 1922 De
2682 1866 2891 1923 JIISlillO
2919 1867 3152 1941 Marlyre
3179 1864 3319 1926 idem
3368 1871 3527 1928 habet
3567 1871 3857 1929 Eusebius.

530 1967 914 2040 mysteriorum
939 1967 1034 2022 illa
1062 1983 1223 2038 quam
1250 1968 1303 2023 in
1330 1968 1601 2024 haereticis
1624 1984 1691 2025 eo
1719 1967 1939 2024 nomine
1960 1983 2150 2040 super-

2258 1958 2456 2034 Γράφει,
2482 1958 2674 2029 inquit,
2703 1962 2774 2021 ὡς
2802 1957 2881 2017 ὅτι
2903 1964 3179 2041 καὶμέχρι
3220 1968 3306 2020 καί
3350 1965 3513 2023 αὐτοῦ
3542 1967 3865 2042 χαρίσματα

533 2059 809 2119 bientibus
832 2059 1166 2133 ψευδώνυμον
1208 2069 1395 2134 ’γνῶσιν
1441 2061 1585 2117 idem
1632 2070 1791 2117 vocat
1831 2062 2147 2132 Apostolus.

534 2152 736 2210 Eadem
759 2155 931 2226 σοφία,
955 2168 1116 2224 quam
1136 2162 1192 2208 et
1207 2153 1354 2228 λόγον
1376 2155 1561 2229 σοφίας
1579 2163 1871 2226 nuncupat.
1888 2154 2147 2233 Διάκρισις

531 2248 693 2323 λόγων
719 2246 909 2303 eadem
936 2255 1020 2303 est
1045 2263 1163 2317 quae
1191 2257 1246 2303 et
1260 2245 1519 2323 διάκρισις
1548 2248 1876 2318 πνευμάτων,
1896 2262 2003 2317 quo
2023 2260 2149 2302 sen-

530 2353 594 2396 su
623 2340 766 2395 dona
791 2339 886 2409 Sp.
917 2338 973 2395 S.
1018 2339 1200 2411 λόγους
1246 2340 1548 2411 appellatos
1589 2354 1711 2396 esse
1749 2338 2008 2395 diximus.
2036 2337 2150 2394 Nisi

527 2435 668 2492 forte
695 2436 855 2510 λόγων
911 2448 1009 2504 pro
1063 2434 1319 2506 λογισμῶν
1368 2434 1772 2504 intelligamus,
1820 2448 1928 2504 quo
1982 2433 2146 2490 etiam

533 2543 693 2586 sensu
743 2526 999 2607 διάκρισιν
1043 2529 1352 2601 πνευμάτων
1401 2527 1469 2583 de
1514 2528 1898 2599 cogitationum
1933 2527 2146 2584 revela-

531 2622 682 2677 tione
720 2620 1219 2690 interpretabimur.
1257 2619 1352 2674 liis
1383 2618 1615 2677 fortasse
1643 2621 1978 2691 temporibus
2005 2634 2148 2675 coae-

530 2727 631 2768 vus
659 2721 776 2767 erat
804 2718 992 2766 auctor
1022 2710 1283 2766 librorum
1309 2710 1498 2767 Esdrze
1524 2711 2138 2783 Apocryphorum,quo.

528 2821 649 2864 rum
683 2818 891 2877 partem
917 2807 1075 2877 longe
1105 2806 1396 2861 maximam
1418 2804 1624 2861 faciunt
1656 2807 1709 2862 id
1737 2821 1909 2878 genus
1939 2806 2149 2862 visione

531 2910 697 2972 atque
721 2900 1112 2956 revelationes.

607 2993 638 3066 ᾗ
670 2996 811 3049 5.-
848 2992 1131 3048 Proximus
1157 2999 1239 3047 est
1259 2990 1527 3063 ignatius;
1557 2992 1612 3047 in
1640 3006 1748 3063 quo
1774 2991 1827 3047 id
1863 2992 2039 3063 ipsum
2060 3006 2147 3048 re-

533 3087 877 3161 prehendunt
902 3086 959 3141 ]ιί
990 3085 1330 3157 antiquitatis
1357 3086 1522 3141 momi
1544 3127 1559 3150 ,
1584 3085 1728 3157 quod
1758 3096 1843 3142 est
1872 3085 2148 3158 propheti-

533 3182 614 3238 cis
643 3181 792 3237 bisce
822 3178 980 3235 donis
1008 3179 1207 3251 magis,
1252 3195 1415 3250 quam
1456 3180 1646 3235 volunt
1694 3179 1807 3244 illi,
1857 3179 2144 3250 propitius.

2250 2056 2549 2130 προφητικά
2569 2050 2840 2129 διίλαμπεν
2867 2054 3035 2128 (Hist.
3057 2056 3283 2124 Eccles.,
3300 2073 3372 2125 tv,
3402 2059 3513 2130 18).
3551 2059 3718 2115 [tecte
3740 2060 3862 2131 qui--

2251 2144 2375 2201 detn
2404 2144 2514 2201 ille.
2544 2144 2741 2202 Justini
2763 2146 2829 2203 ad
2853 2148 3199 2220 Tryphonem
3223 2152 3386 2207 verba
3407 2162 3536 2208 sunt
3558 2153 3684 2209 illa:
3715 2156 3864 2231 Παρά

2252 2241 2354 2316 γὰρ
2382 2240 2500 2312 ἡμῖν
2522 2243 2801 2320 καὶμέχρι
2833 2248 2923 2298 νῦν
2951 2248 3241 2321 προφητικά
3270 2249 3584 2324 χαρίσματα
3621 2251 3778 2306 ἐστιν·
3809 2251 3864 2315 ἐξ

2252 2328 2312 2386 οὗ
2342 2335 2434 2387 καί
2461 2334 2611 2389 αὐτοὶ
2632 2336 2859 2390 συνιέναι
2885 2335 3125 2409 ὀφείλετε.
3158 2335 3236 2395 ὅτι
3264 2342 3333 2395 τά
3370 2342 3530 2397 πάλαι
3561 2342 3611 2396 ἐν
3635 2349 3708 2416 τῷ
3732 2343 3865 2416 γένει

2251 2423 2394 2494 ὑμῶν
2423 2419 2547 2480 ὄντα
2576 2425 2649 2485 εἰς
2687 2427 2824 2498 ἡμᾶς
2863 2429 3120 2499 μετετέθη.
3157 2427 3390 2502 (Dialog.
3421 2447 3536 2485 cum
3560 2430 3858 2504 Tryphon.,

2253 2534 2307 2588 ρ.
2337 2517 2464 2583 508,
2496 2517 2573 2589 Β.)
2608 2519 2807 2574 Eodem
2853 2529 3038 2591 postea
3090 2538 3221 2580 usus
3247 2535 3329 2580 est
3353 2524 3615 2583 adversus
3642 2520 3863 2583 Iudaeos

2252 2623 2594 2683 argumento,
2620 2624 2742 2683 post
2762 2614 2963 2671 Christi
2994 2616 3307 2687 adventum,
3335 2619 3512 2675 nullos
3540 2620 3706 2675 fuisse
3719 2620 3863 2692 apud

2252 2704 2492 2771 Judaeos,
2521 2706 2590 2762 de
2620 2723 2727 2777 quo
2756 2707 2904 2778 ipsos
2944 2724 3132 2765 eorum
3162 2727 3353 2767 sensus
3384 2721 3553 2767 testes
3579 2713 3820 2783 appellat
3846 2730 3861 2767 :

2252 2800 2434 2869 μηκέτι
2454 2800 2504 2853 ἐν
2532 2808 2605 2874 τῷ
2625 2802 2756 2873 γένει
2779 2802 2921 2873 ὐμων
2948 2805 3082 2859 κατὰ
3123 2806 3183 2861 τό
3217 2806 3432 2861 παλαιὸν
3460 2803 3567 2868 ἔθος
3597 2811 3866 2884 προφήτας

2251 2897 2553 2967 γενήσεσθαι
2591 2892 2717 2972 ὅπερ
2743 2900 2831 2951 καὶ
2852 2893 2965 2969 ὄψει
2994 2899 3113 2971 ὑμῖν
3137 2897 3256 2955 ίδεῐν
3274 2897 3406 2956 ἔστι.
3422 2901 3534 2973 μετ’
3556 2902 3742 2956 ἐκεῖνον
3758 2904 3865 2979 γάρ

2251 2983 2417 3047 οὐδεὶς
2445 2985 2571 3049 ὅλως
2597 2991 2859 3062 προφήτης
2905 2990 3032 3065 παρ’
3067 2992 3187 3062 ὑμῖν
3214 2993 3498 3066 γεγένηται.
3541 2992 3700 3064 (Pag.
3734 2994 3864 3061 514,

2254 3094 2303 3147 c,
2340 3076 2422 3151 ο.)
2451 3078 2826 3137 Permansisse
2852 3092 3032 3137 autem
3073 3081 3214 3152 apud
3246 3086 3327 3138 sui
3362 3099 3577 3153 quoque
3605 3084 3867 3156 temporis

2251 3172 2577 3228 christianos
2603 3175 2918 3231 eorutudem
2948 3191 3205 3231 sensuum
3234 3176 3865 3244 testimonioconlirmat,

528 3275 589 3332 In
617 3274 645 3347 §
674 3274 730 3340 7,
762 3272 865 3342 Ep.
898 3271 965 3326 ad
1012 3271 1353 3341 Philadelph.
1394 3286 1547 3326 suam
1600 3272 1769 3341 ipsius
1811 3271 2148 3341 prophetiam

2258 3266 2447 3322 eadem
2477 3266 2599 3324 ἰδεῖν
2642 3284 2777 3326 voce
2809 3285 2935 3325 usus
2966 3290 2978 3325 :
3012 3275 3099 3327 καὶ
3123 3272 3379 3348 παρ’ἠμὶν
3434 3273 3573 3329 ἐστὶν
3618 3271 3740 3329 ἰδεῖν
3778 3275 3870 3330 καί

540 3374 934 3425 commemorat
954 3406 969 3430 ,
997 3379 1157 3435 quam
1180 3365 1283 3419 sibi
1307 3380 1437 3422 vere
1463 3365 1760 3420 revelatam
1788 3363 1958 3421 fuisse
1985 3365 2154 3421 Deum

536 3462 716 3533 ipsum
750 3469 942 3517 testem
971 3458 1228 3529 appellat.
1258 3460 1316 3514 Ei
1344 3460 1444 3534 γὰρ
1478 3457 1699 3531 (inquit)
1724 3461 1861 3515 κατὰ
1890 3461 2064 3533 σάρκα
2086 3460 2152 3533 μέ

533 3575 669 3618 τινες
695 3553 932 3613 ἕθίλησαν
952 3551 1210 3611 πλανῆσαι
1230 3567 1243 3581 '
1274 3550 1401 3607 ἀλλὰ
1441 3553 1502 3607 τό
1542 3557 1749 3624 πνεῦμα
1776 3553 1836 3607 οὐ
1872 3551 2152 3621 πλανᾶται,

535 3654 641 3708 ἀπὸ
666 3654 780 3705 θεοῦ
805 3645 881 3704 ὄν.
911 3643 1042 3703 οἶδεν
1065 3648 1168 3723 γὰρ
1201 3646 1352 3702 πόθεν
1394 3644 1637 3723 ἔρχεται,
1668 3649 1756 3701 καί
1790 3652 1893 3702 ποῦ
1940 3646 2152 3720 ὑπάγει,

536 3752 628 3804 καὶ
652 3749 719 3803 τά
748 3747 957 3823 κρυπτά
984 3745 1187 3818 ἐλέγχει
1212 3757 1226 3771 ⁵
1271 3743 1577 3819 ὶκραύγασα
1604 3742 1796 3816 μεταξὺ
1830 3740 1917 3796 ὥν.
1950 3741 2155 3797 ἐλάλουν

539 3839 735 3913 μεγάλῃ
761 3844 915 3910 φωνῇ’
945 3842 1020 3909 τῷ
1039 3833 1307 3905 ἓπισκὸπῳ
1346 3834 1666 3910 προσέχετε,
1697 3834 1783 3888 καί
1819 3840 1892 3905 τῷ
1917 3834 2153 3909 πρεσϐυ-

538 3933 716 4007 τερίῳ,
745 3932 833 3984 καί
856 3926 1128 3987 διακόνοις.
1159 3926 1207 3981 οἱ
1248 3923 1303 3982 δὲ
1347 3927 1634 3987 «ricam-ie
1669 3947 1731 3999 με
1769 3928 1839 3988 ὡς
1878 3924 2159 4004 προειδότα

541 4025 631 4081 τόν
654 4023 905 4100 μερισμὸν
933 4027 1079 4077 τινῶν
1108 4019 1269 4093 λέγειν
1294 4026 1484 4075 ταῦτα.
1505 4021 1717 4097 Μάρτυς
1743 4017 1798 4075 δέ
1819 4041 1906 4093 μοι
1930 4019 2157 4093 (rectius

546 4115 715 4172 editio
738 4114 1065 4185 interpolata
1104 4112 1433 4185 suifraganle
1462 4113 1627 4168 etiam
1650 4125 1834 4169 vetere
1862 4116 2161 4187 interprete

548 4210 863 4273 Usseriano,
891 4210 948 4264 Ei
971 4207 1025 4264 δὲ
1055 4207 1377 4263 ὑποπτεύετί
1401 4226 1463 4280 με
1497 4208 1567 4268 ὡς
1595 4209 1928 4285 προμαθόντα
1956 4210 2044 4265 τὸν
2068 4228 2157 4280 με·

547 4306 733 4382 ρισμὸν
760 4308 908 4359 τινῶν
936 4301 1095 4376 λέγειν
1133 4305 1325 4364 ταῦτα,
1352 4301 1563 4376 Μάρτυς
1593 4301 1720 4371 μοι)
1749 4302 1799 4355 ἐν
1837 4297 1878 4374 ᾧ
1925 4298 2158 4373 δέδεμαι,

549 4395 629 4453 ὅτι
655 4398 759 4452 ἀπὸ
802 4397 997 4472 σαρκὸς
1044 4396 1358 4470 ἀνθρωπίνης
1395 4396 1490 4449 οὐκ
1538 4392 1715 4468 ὄκνων.
1747 4398 1807 4451 τό
1852 4393 1905 4450 δέ
1953 4401 2161 4467 πνεῦμα

546 4492 832 4567 ἐκήρυσσεν
860 4488 1016 4573 λόγιον
1041 4485 1183 4565 τάδε’
1216 4490 1386 4572 χωρὶς
1411 4492 1506 4543 τοῦ
1534 4487 1844 4556 ἐπισκόπου,
1875 4494 1979 4543 etc.
2013 4486 2161 4542 Idem

547 4583 618 4640 de
646 4584 761 4639 suis
792 4580 844 4636 id
875 4594 1047 4652 genus
1072 4579 1230 4634 donis
1260 4584 1311 4632 in
1341 4578 1369 4651 §
1401 4578 1458 4644 4,
1485 4580 1585 4649 Ep.
1607 4581 1675 4635 ad
1704 4579 2010 4635 Trallianos
2033 4580 2157 4635 illa:

2257 3362 2457 3424 θηλείας
2479 3366 2568 3419 καί
2596 3360 2842 3438 ἄρσενάς,
2870 3368 3183 3443 χαρίσματα
3209 3368 3312 3422 ἀπὸ
3342 3373 3434 3423 τοῦ
3461 3370 3753 3442 πνεύματος
3772 3373 3869 3425 τοῦ

2257 3459 2372 3512 θεοῦ
2416 3455 2661 3529 ἔχοντας.
2706 3458 2869 3531 (Pag.
2917 3460 3044 3526 515,
3077 3460 3159 3530 B.)
3187 3458 3319 3516 Tam
3364 3476 3492 3533 ergo
3522 3460 3867 3517 manifestum

2258 3547 2358 3604 fuit
2386 3547 2699 3605 chrisﬁanis
2738 3552 2903 3609 fuisse
2950 3554 3239 3624 prophetas
3277 3568 3438 3624 quam
3478 3552 3681 3610 ludatis
3718 3554 3871 3611 deie-

2260 3642 2423 3697 cisse.
2450 3640 2753 3714 Utrumque
2780 3643 2851 3697 ita
2881 3645 3248 3707 manifestum.
3280 3652 3340 3700 ut
3364 3647 3667 3716 argumenti
3692 3645 3867 3701 vicem

2260 3732 2530 3790 susdnere
2576 3746 2762 3805 posset
2807 3735 3070 3792 adversus
3113 3738 3504 3792 adversarium.
3556 3737 3871 3809 Eademque

2261 3828 2672 3898 argumentandi
2708 3830 2878 3885 forma
2903 3846 3036 3887 usus
3062 3839 3147 3887 est
3172 3833 3489 3902 Apostolus,
3517 3830 3664 3899 Gal.,
3696 3847 3777 3900 nt,
3805 3829 3865 3899 2,

2263 3938 2360 3994 per
2386 3924 2634 3995 spiritum
2682 3925 2827 3980 enim
2858 3925 3291 3982 extraordinaria
3340 3925 3575 3997 Spiritus
3612 3926 3754 3983 dona
3790 3926 3871 3983 in-

2264 4014 2600 4087 telliguntur.

2338 4108 2366 4181 §
2396 4109 2450 4164 6.
2476 4138 2549 4151 --
2572 4109 2684 4167 Sub
2716 4112 2876 4167 linem
2900 4110 3061 4168 Marci
3088 4111 3157 4168 de
3182 4112 3434 4169 Melitone
3449 4111 3709 4169 Sardensi
3738 4112 3873 4169 illud

2264 4202 2525 4257 habemus
2556 4203 2858 4276 Polycratis
2890 4206 3228 4274 Encomium,
3261 4208 3404 4279 quod
3422 4207 3516 4279 Sp.
3540 4207 3601 4264 S.
3630 4206 3869 4277 afﬂatus,

2264 4306 2457 4349 cuncta
2489 4298 2739 4367 gesserit,
2772 4301 2858 4356 τόν
2885 4300 2935 4355 ἓν
2966 4301 3093 4375 ἁγίῳ
3124 4304 3380 4376 πνεύματι
3417 4305 3590 4360 πάντα
3634 4304 3872 4361 πολιτεψ

2267 4392 2487 4462 σάμενον
2538 4390 2660 4462 (Αρ.
2707 4391 2920 4462 Euseb.,
2958 4394 3097 4451 Hist.
3128 4396 3300 4465 Ercl.,
3328 4399 3416 4453 lib.
3446 4414 3502 4467 v,
3540 4397 3656 4467 24).
3685 4398 3744 4453 In
3774 4414 3872 4455 ea-

2266 4484 2388 4540 dem
2420 4488 2796 4555 persecutione
2817 4490 3118 4547 Alexander
3136 4492 3317 4566 Phryx
3343 4492 3540 4548 dicitur
3552 4496 3645 4549 οὐκ
3656 4491 3877 4570 ἄμοιρος

2264 4580 2619 4636 Δποστολικοῦ
2658 4586 2996 4659 χαρίσματος
3033 4584 3140 4657 (Ex
3177 4584 3276 4657 Ep.
3316 4584 3556 4658 Ludgun.
3581 4598 3628 4641 et
3691 4586 3873 4641 Vienn.

545 4680 624 4735 Μὴ
652 4677 712 4730 οὐ
741 4673 966 4749 δύναμαι
986 4675 1057 4729 τὰ
1087 4674 1367 4750 ἐπουράνια
1388 4671 1623 4750 modulate;
1654 4672 1780 4728 ἀλλά
1806 4673 2065 4747 φοϐοῦμαι
2089 4678 2150 4746 μή

2264 4690 2352 4745 ap.
2400 4671 2613 4741 Euseb.,
2647 4675 2735 4729 lib.
2768 4693 2818 4743 ν,
2849 4674 2929 4749 1).
2974 4675 3032 4731 In
3092 4678 3181 4733 illa
3212 4678 3508 4748 apOstolica
3532 4680 3701 4751 gratia
3733 4678 3877 4735 hanc

548 4770 745 4827 νηπίοις
782 4762 928 4821 οὖσιν
975 4768 1095 4839 ὑμῖν
1132 4764 1326 4838 βλάϐην
1369 4768 1587 4843 παραθῷ
1617 4782 1630 4796 ·
1661 4769 1749 4821 καί
1792 4786 2150 4839 συγνωμονειτι

2270 4769 2639 4839 propheticum
2668 4785 2791 4825 esse
2821 4771 3202 4827 includendam
3227 4773 3336 4841 jam
3354 4773 3586 4829 vidimus
3614 4790 3679 4829 ex
3709 4774 3876 4829 simili

552 4881 657 4932 μοι,
692 4863 887 4931 μήποτε
915 4860 974 4911 οὐ
1000 4856 1288 4919 δυνηθέντες
1319 4867 1568 4935 χωρῆσαι
1597 4859 2047 4935 στραγγαλωθῆτε’
2079 4879 2146 4913 κα

2269 4859 2672 4933 Smyrnmorum
2718 4862 2785 4917 de
2816 4862 3114 4935 Polycarpo
3167 4866 3306 4929 loco.
3343 4866 3431 4921 ubi
3461 4867 3575 4921 lucc
3599 4868 3708 4921 duo
3737 4883 3875 4923 con-

547 4954 651 5029 γὰρ
678 4953 777 5025 ἐγὼ
807 4952 864 5005 οὐ
894 4950 1084 5012 καθότι,
1113 4953 1200 5004 καὶ
1225 4948 1501 5021 δυνάμενος
1526 4953 1595 5008 τὰ
1623 4952 1925 5028 ἐπουράνια,
1955 4954 2046 5006 καί
2071 4954 2150 5012 τὰς

2263 4951 2564 5023 junguntur
2593 4953 2719 5026 (Ap.
2770 4952 2987 5022 Euseb.,
3032 4958 3128 5024 ib.,
3152 4956 3232 5029 5).
3267 4956 3669 5015 Revelationem
3694 4960 3877 5015 Attalo

549 5048 855 5105 τοποθεσίας
878 5046 973 5104 τάς
998 5042 1288 5117 ἀγγελικάς,
1310 5046 1511 5105 καὶτὰς
1536 5047 1823 5106 συστάσεις
1848 5048 1945 5107 τάς
1972 5048 2150 5122 ἀρχόν

2265 5045 2459 5102 factam
2475 5048 2543 5103 de
2574 5048 2852 5105 Alcibiade
2878 5064 3274 5109 commemorat
3306 5053 3550 5110 Ecclesia
3580 5054 3872 5124 gallicana.

546 5142 716 5203 τικὰς,
746 5136 913 5213 ὁρατά
944 5158 999 5192 τε
1028 5138 1115 5192 καί
1140 5137 1363 5211 ἀόρατα⁶
1411 5139 1560 5214 παρά
1612 5144 1767 5195 τοῦτο
1820 5138 1916 5199 ἤδη
1942 5142 2031 5195 καὶ
2058 5161 2163 5213 μα-

545 5236 698 5293 eme;
735 5233 860 5304 εἰμι.
889 5229 997 5284 Nec
1030 5245 1158 5285 vero
1183 5229 1514 5300 smgularem
1546 5230 1713 5287 fuisse
1755 5232 1856 5288 hac
1899 5235 1953 5288 in
1999 5247 2161 5290 causa

551 5323 840 5395 lgnatium,
865 5338 932 5377 ex
961 5322 1081 5376 aliis
1098 5321 1372 5377 constabit
1393 5322 1537 5377 illius
1564 5323 1665 5377 navi
1698 5327 2086 5381 monumentis.

627 5414 657 5486 §
686 5414 1076 5487 £.-lgnatium
1102 5414 1343 5483 proxime
1361 5416 1912 5486 excepitQuadratus,
1930 5420 2017 5489 qui
2036 5432 2165 5488 apo-

550 5507 746 5577 logiam
777 5523 873 5578 pro
902 5506 1212 5561 christiauis
1252 5505 1525 5562 Hadriano
1581 5510 1797 5563 dicavit.
1855 5510 2007 5565 llunc
2051 5524 2153 5565 una

548 5616 675 5657 cum
704 5600 939 5670 Philippi
974 5601 1188 5655 ﬁliabus
1212 5615 1346 5671 quas
1374 5601 1431 5657 S.
1455 5601 1631 5656 Lucas
1660 5604 2034 5671 prupbetissas
2054 5620 2153 5675 ap-

546 5696 742 5766 pellat,
797 5693 1111 5763 prophetica
1164 5694 1337 5764 ipsum
1396 5709 1608 5767 quoque
1661 5696 1833 5765 gratia
1882 5697 2153 5754 illustrem

546 5788 715 5846 fuisse
761 5787 949 5844 scribit
1005 5788 1269 5844 Eusebius
1306 5787 1477 5862 (Hist.
1532 5787 1764 5857 Eccles.,
1812 5806 1890 5859 Ill,
1921 5793 2036 5863 57).
2085 5794 2153 5850 Et

541 5878 761 5957 quidem
802 5878 1117 5949 mucusque
1166 5888 1404 5951 tempora
1457 5880 1699 5952 attigisse
1747 5880 1870 5939 illas
1915 5883 2150 5956 Philippi

2267 5140 2711 5215 Frequentesqne
2753 5145 2980 5201 aliorum
3010 5146 3242 5204 diversis
3268 5148 3326 5203 in
3358 5149 3616 5206 Ecclesiis
3633 5151 3876 5221 prOphe-

2267 5235 2371 5290 tias
2404 5236 2563 5291 iidem
2612 5241 3008 5297 montanisticis
3051 5242 3158 5298 illis
3184 5243 3251 5300 de
3290 5246 3572 5316 prophetia
3603 5247 3875 5316 prwlexti-

2266 5327 2368 5383 bus
2414 5329 2631 5398 fecisse,
2684 5343 2875 5388 auctor
2932 5343 3017 5389 est
3079 5334 3368 5392 Eusebius.
3418 5336 3497 5392 Ita
3542 5338 3687 5394 enim
3735 5339 3869 5396 ille:

2262 5421 2502 5479 πλεῖσται
2541 5418 2627 5478 οὖν
2655 5428 2742 5480 καὶ
2768 5426 3199 5507 παραδοξοποιΐαι
3234 5438 3328 5487 τοῦ
3356 5434 3488 5487 Θείου
3536 5437 3877 5514 χαρίσματος

2261 5517 2419 5573 εἰσέτι
2447 5517 2563 5574 τότε
2591 5521 2725 5576 κατὰ
2762 5518 3034 5597 διαφόρους
3063 5523 3333 5586 ἐκκλησίας
3362 5525 3730 5601 ἐκτελούμεναι,
3749 5528 3875 5583 πίσ-

2262 5631 2339 5665 τιν
2388 5613 2535 5689 παρά
2586 5614 2785 5675 πολλοῖς
2820 5621 2913 5671 τοῦ
2953 5619 3215 5690 κᾴκείνους
3256 5624 3590 5695 προφητεύειν
3612 5631 3872 5700 παρεῖχον

2262 5700 2501 5771 (Euseb.,
2546 5704 2642 5771 ib.,
2670 5722 2716 5761 ε.
2744 5707 2822 5776 4).
2868 5706 2946 5763 Ita
2995 5711 3444 5769 montanistarum
3485 5712 3724 5771 nondum
3754 5723 3874 5771 erat

2261 5796 2518 5867 proprius
2559 5795 2650 5855 hic
2700 5807 3029 5873 praetextas,
3080 5812 3139 5861 ut
3186 5802 3446 5865 hactenus
3487 5808 3875 5870 existimarunt

2261 5887 2480 5945 eruditi.

2261 5888 2480 5947 eruditi.
