3970 6292
184 404 233 462 ιε
1278 406 1368 469 ne
1406 405 1789 471 VISIONIBUS
1824 407 2307 469 puopuc'rtms.
3366 435 3435 495 η

178 524 187 543 τ
232 515 537 591 §7.-—-ldem
557 517 626 575 de
658 518 848 586 illo,id
874 528 983 592 est,
1009 535 1128 589 suo,
1149 537 1361 596 quoque
1387 527 1586 582 saeculo
1617 526 1724 582 Ire-
1753 527 1802 587 Α
1830 524 2001 591 milia,
2024 524 2323 580 Exorcistae
2344 525 2490 582 vices
2513 523 2677 584 'obire
2705 529 2867 600 velle,
2910 546 3033 591 cum
3064 550 3124 593 ea
3157 547 3432 615 tamquam

176 628 299 670 natus
339 613 630 683 (1ι”ι·ιι.,ιίὸ.
662 633 721 681 ιι,
754 633 800 673 c.
836 618 960 689 58),
988 618 1141 689 cujus
1176 620 1338 675 verba
1383 621 1537 676 nobis
1556 636 1727 690 graeca

173 710 375 762 servavit
402 708 658 764 Eusebius
694 729 707 765 :
737 714 795 766 Οἱ
822 711 875 768 δὲ
918 719 1004 768 καὶ
1046 716 1334 790 πρόγνωσιν
1377 714 1593 788 ἔχουσιν
1629 725 1730 773 τῶν

174 800 431 873 μελλόντων,
468 808 553 859 καὶ
597 804 857 869 ὀπτασίας
885 810 973 861 καί
998 808 1176 881 ῥήσεις
1202 811 1527 888 προφητικὰς
1556 807 1731 881 (Apud

169 893 353 961 Euseb,
387 896 520 955 Hist.
556 897 726 964 Eccl.,
759 916 811 969 v,
848 899 928 973 7).
960 902 1113 970 Quod
1144 903 1234 957 ille
1264 903 1563 972 argumenti
1608 904 1728 958 loco

166 998 297 1058 urget
315 988 566 1048 adversus
583 992 890 1048 haereticos.
923 992 1073 1049 idem
1103 994 1229 1049 alibi
1248 1013 1262 1051 :
1281 993 1376 1049 Ubi
1397 993 1729 1063 Ecclesia,ibi

165 1091 204 1136 et
226 1079 452 1152 Spiritus,
480 1093 529 1138 et
553 1083 639 1138 ubi
661 1085 887 1157 Spiritus
919 1085 1034 1153 Dei,
1064 1087 1173 1141 illic
1195 1085 1429 1142 Ecclesia
1446 1129 1461 1155 ,
1487 1096 1532 1141 et
1560 1089 1727 1142 omnis

164 1175 493 1247 gratia(lren.,
514 1180 552 1233 ι.
583 1194 665 1245 ιιι,
694 1198 740 1234 c.
772 1179 887 1252 40).
910 1181 1074 1252 Negat
1102 1198 1383 1237 numerum
1414 1183 1535 1237 iniri
1567 1198 1726 1253 posse

160 1267 386 1324 donorum
414 1287 533 1341 quae
561 1286 662 1327 suo
716 1281 958 1343 tempore
1006 1287 1228 1345 Operata
1279 1283 1422 1331 esset
1461 1276 1721 1331 Ecclesia.

159 1366 242 1419 Οὐκ
264 1363 389 1423 ἔστιν
419 1367 626 1443 ἀριθμὸν
651 1375 753 1425 τῶν
779 1371 1144 1449 χαρισμάτων,
1171 1367 1237 1424 ὧν
1258 1372 1393 1427 κατά
1419 1374 1610 1435 παντὸς
1632 1376 1725 1428 τοῦ

158 1461 323 1535 κόσμου
348 1463 377 1519 ἦ
404 1463 642 1521 ἐκκλησία
679 1464 824 1533 παρὰ
862 1464 976 1517 θεοῦ
1013 1464 1267 1536 λαβοῦσα,
1301 1466 1351 1518 ἐν
1394 1472 1468 1538 τῷ
1515 1465 1726 1537 ὀνόματι

155 1560 279 1612 tam?
303 1560 522 1629 Χριστοῦ
548 1561 644 1612 τοῦ
681 1558 1062 1635 σταυρωθέντος
1102 1558 1188 1611 ἐπί
1227 1559 1435 1612 Ποντίου
1481 1557 1721 1622 Πιλάτου,

154 1643 339 1707 ἑκάστης
362 1647 556 1724 ἡμέρας
584 1647 666 1703 ἐπ’
694 1650 961 1728 εὐεργεσίᾳ
983 1656 1084 1704 τῶν
1110 1651 1255 1703 ἐθνῶν
1276 1649 1496 1705 ἐπιτελεῖ
1523 1648 1718 1720 (lrcn.,

153 1736 219 1790 lib.
244 1752 299 1803 ιι,
323 1756 366 1793 c.
392 1739 480 1804 58;
505 1756 594 1811 ap.
630 1738 974 1813 Euseb.,ib.).
1006 1741 1081 1795 Ex
1103 1756 1210 1811 quo
1240 1741 1291 1795 id
1321 1757 1534 1812 quoque
1562 1741 1723 1797 intel-

150 1830 349 1902 ligimus,
388 1847 448 1889 ea
486 1849 650 1905 quam
698 1833 899 1889 fuerint
938 1834 1201 1907 vulgaria.
1233 1835 1310 1891 Ne
1327 1851 1456 1892 vero
1480 1836 1588 1891 falli
1620 1851 1718 1908 po-

1837 617 2167 675 daemoniaca
2213 635 2377 690 agere
2405 661 2418 685 ,
2474 622 2524 674 ni
2563 622 2631 677 ab
2653 623 2773 678 aliis
2797 625 3070 685 cohibitus
3095 631 3314 702 fuisset,
3360 640 3438 695 ait

1834 712 2160 782 Apollonius
2208 712 2331 785 (Ap.
2364 713 2577 782 Euseb.,
2614 716 2755 773 Ilist.
2792 721 2941 787 εει-1.,
2973 740 3026 789 v,
3064 726 3175 798 18).
3211 730 3282 785 De
3307 732 3436 788 Sota

1834 802 1937 859 hoc
1983 804 2124 859 idem
2174 814 2403 860 testatur
2428 805 2605 862 Ailius
2643 808 2865 865 Publius
2892 813 3065 870 Julius
3096 818 3299 875 Develti
3327 821 3435 877 Co-

1834 896 1994 952 loniae
2036 896 2336 968 Episcopus
2381 899 2523 969 apud
2550 900 2926 971 Serapionem,
2962 924 3029 962 ex
3058 910 3257 967 Euseb.
3290 914 3434 971 Hist.

1833 990 1981 1057 βοείη
2035 990 2211 1057 lib.v,
2260 1006 2311 1046 c.
2338 992 2426 1048 19.
2462 993 2537 1048 De
2578 995 2837 1064 praedicto
2880 999 3065 1057 Zotico
3109 1002 3439 1067 Cumanensi

1833 1081 2104 1153 Episcopo
2134 1094 2189 1139 et
2231 1083 2449 1141 Juliano
2476 1084 2755 1157 Apameno
2783 1093 3027 1149 Asterius
3058 1095 3307 1155 Urbanus
3336 1118 3427 1172 ap.

1831 1176 2052 1242 Euseh.,
2081 1178 2154 1233 ib.
2180 1223 2194 1245 ,
2239 1194 2291 1246 γ,
2314 1180 2381 1234 16
2409 1179 2531 1254 (Ap.
2577 1181 2795 1249 Ettseb.,
2844 1186 2911 1240 ib.
2943 1230 2956 1253 ,
2990 1206 3033 1242 ε.
3062 1191 3152 1259 16,
3201 1194 3287 1259 17,
3318 1195 3435 1269 18).

1829 1267 1886 1323 Id
1925 1271 2179 1326 (atholici
2213 1288 2279 1327 ex
2310 1274 2505 1339 variis,
2551 1277 2747 1346 quibus
2788 1279 2903 1333 veri
2939 1293 3121 1335 essent
3161 1267 3435 1356 prophetae

1829 1362 1896 1417 ab
1943 1363 2308 1421 Enthnsiastis
2338 1369 2702 1435 secernendi,
2749 1372 3075 1442 colligebant
3106 1393 3121 1449 :7
3146 1379 3283 1446 quod
3312 1377 3435 1436 fuco
3510 1392 3513 1395 '

1828 1456 2111 1512 oculorum
2143 1461 2431 1529 supercilia
2473 1462 2806 1531 capillosque
2839 1465 3097 1521 illevissct
3123 1469 3428 1540 Montanus;

1828 1550 1970 1620 quod
1994 1551 2185 1607 salaria
2218 1554 2495 1624 prophetis
2521 1558 2632 1611 suis
2658 1570 3127 1633 mercaturamqne
3146 1568 3433 1633 quamdam

1826 1657 1893 1699 co
1935 1654 2200 1714 prietextu
2230 1648 2630 1717 constituisset;
2663 1652 2808 1718 quod
2840 1654 2985 1709 viros
3019 1671 3148 1711 suos
3178 1660 3429 1730 reliquis-

1828 1745 1949 1791 sent
1975 1737 2092 1807 ejus
2124 1739 2458 1796 mulicrculat
2499 1758 2621 1797 cum
2656 1744 3118 1815 propltetissarum
3147 1764 3343 1806 munus
3373 1753 3431 1809 in

1825 1843 1886 1883 se
1916 1830 2312 1900 suscepissent;
2360 1834 2503 1904 quod
2527 1835 2634 1891 illa:
2654 1852 2869 1907 quoque
2895 1842 3135 1895 avaritiae
3166 1844 3429 1911 pecuniis-

149 1926 286 1982 tuisse
310 1925 392 1981 hic
419 1929 766 1998 suspicemur
793 1926 1076 1993 Irenaeum,
1108 1927 1161 1983 id
1178 1944 1394 2001 quoque
1424 1929 1718 1995 addit,non
1748 1931 1797 1993 Β
1824 1938 1930 1994 que
1974 1927 2162 1996 quavis
2207 1928 2426 1982 tandem
2477 1939 2594 1985 arte
2623 1932 2971 1987 corradendis
3001 1941 3127 1988 ίοιιΡ
3150 1936 3430 1995 incumbe-

147 2017 289 2076 alieoa
315 2018 574 2078 duntaxat
598 2021 707 2078 ﬁde
731 2038 792 2078 se
812 2036 875 2077 ea
901 2021 1171 2086 retulisse,
1205 2023 1300 2078 sed
1328 2038 1449 2094 quae
1484 2024 1717 2093 propriis

146 2109 237 2181 ipse
255 2113 461 2169 auribus
489 2114 781 2171 hausisset.
811 2118 903 2171 Καί
932 2116 1123 2173 πολλῶν
1144 2117 1396 2188 ἀκούομεν
1419 2114 1638 2190 ἀδελφῶν
1664 2117 1715 2172 ἐν

216 2206 435 2286 ἐκκλησίᾳ
457 2210 752 2288 προφητικά
788 2213 1099 2288 χαρίσματα
1128 2209 1379 2282 ἐχόντων,
1408 2212 1493 2263 καί
1524 2230 1714 2266 παντο-

143 2295 299 2361 δαπαῖς
330 2301 620 2358 λαλούντων
656 2300 742 2357 διὰ
779 2308 874 2358 τοῦ
912 2304 1202 2375 πνεύματος
1229 2300 1510 2375 γλώσσαις,
1533 2304 1618 2356 καὶ
1647 2304 1715 2358 τὰ

144 2396 294 2467 κρύφια
314 2402 410 2451 τῶν
437 2398 720 2470 ἀνθρώπων
747 2398 819 2458 είς
854 2397 1064 2473 φανερὸν
1094 2394 1319 2468 ἀγόντων
1358 2395 1443 2449 ἐπὶ
1472 2401 1545 2467 τῷ
1575 2415 1709 2466 συμ-

142 2489 319 2562 9ἑροντι,
348 2493 433 2544 καί
476 2493 552 2546 τὰ
586 2494 851 2568 μυστήρια
896 2494 988 2545 τοῦ
1028 2489 1141 2543 θεοῦ
1170 2485 1556 2559 ἐκδιηγουμένον
1585 2484 1708 2560 (Ap.

144 2576 293 2634 Euseb.
324 2579 436 2653 ib.).
474 2582 575 2636 llis
602 2582 727 2652 quid
760 2580 865 2638 dici
894 2581 1069 2653 potuit
1096 2578 1474 2635 manifestius?

196 2671 219 2744 ξ
240 2672 288 2730 8.
307 2705 377 2716 —
400 2674 727 2732 Tertulliani
752 2675 1052 2732 testimonia
1082 2682 1371 2746 propterea
1402 2689 1507 2729 non
1529 2673 1710 2731 refero

141 2765 252 2836 quod
273 2768 412 2825 illum
435 2770 792 2827 montanismi
819 2779 1129 2840 su3pectum
1152 2769 1277 2825 facit
1298 2768 1587 2841 Rigaltins,
1608 2783 1710 2826 nec

137 2876 266 2938 negat
304 2870 441 2940 apud
486 2888 617 2929 eum
661 2872 1098 2942 praphetiCarum
1144 2871 1411 2926 visionum
1460 2870 1708 2941 exempla

135 2976 380 3021 occurrere
404 2966 541 3021 satis
566 2965 886 3035 frequentia.
918 2965 1017 3021 Est
1044 2974 1099 3020 et
1120 2965 1267 3021 aliud
1297 2980 1539 3020 coaevum
1574 2965 1706 3021 Ter-

136 3057 326 3114 tulliano
367 3061 743 3116 testiinonium
784 3063 1092 3132 neutiquam
1125 3077 1255 3116 sane
1282 3062 1703 3132 praetermitten-

135 3150 237 3207 dum
259 3194 273 3221 ,
328 3166 575 3212 actorum
611 3156 894 3225 Perpetua:
918 3168 972 3213 et
999 3155 1311 3213 Felicitatis.
1344 3155 1421 3212 lbi
1466 3157 1704 3212 visiones

133 3241 357 3302 habemus
388 3247 675 3319 Perpetua:
692 3259 748 3305 et
778 3247 958 3305 Saturi
996 3267 1009 3315 ;
1040 3258 1096 3305 et
1128 3247 1345 3321 quidem
1394 3249 1525 3320 ipsis
1564 3249 1705 3304 Mar-

1820 2024 1971 2078 rent;
1995 2016 2139 2086 quod
2160 2022 2306 2094 παρά
2329 2022 2389 2076 τὸ
2415 2024 2554 2077 κατὰ
2580 2022 2867 2097 παράδοσιν
2896 2028 2982 2080 καί
3009 2029 3143 2082 κατὰ
3168 2026 3429 2102 διαδοχήν

1820 2107 2001 2167 ἄνωθεν
2030 2121 2122 2173 τῆς
2151 2114 2421 2176 ἐκκλησίας
2446 2112 2555 2178 ἔθος
2578 2116 2891 2173 docuissent
2923 2135 2938 2185 ;
2968 2124 3269 2190 praesertim
3296 2140 3432 2182 vero

1817 2208 1959 2276 quod
1990 2208 2040 2262 in
2066 2209 2326 2264 insaniam
2352 2211 2475 2267 illos
2498 2212 2756 2283 profanus
2779 2216 2867 2270 ille
2887 2217 3110 2285 spiritus
3132 2218 3425 2289 adegisset,

1818 2298 1961 2367 quod
2004 2300 2150 2355 veris
2194 2302 2474 2373 prophetis
2529 2320 2822 2375 numquam
2875 2307 3227 2363 crediderunt
3252 2310 3429 2366 conti-

1814 2390 1961 2459 gissc
2009 2390 2300 2451 Catholici.
2358 2396 2472 2451 Hoc
2500 2400 2733 2454 maxime
2761 2410 3138 2471 argumentum
3181 2405 3423 2459 occasio-

1816 2497 1938 2537 nem
1969 2483 2116 2539 dedit
2144 2485 2483 2544 Tertulliano
2506 2490 2782 2547 scribendi
2810 2490 2879 2547 de
2921 2492 3133 2548 Ecsmsi
3158 2494 3423 2553 adversus

1813 2576 2182 2646 ApoIIOnium.

1888 2668 1916 2742 §
1940 2671 2024 2726 10.
2042 2702 2112 2712 --
2137 2673 2240 2728 Sed
2263 2674 2447 2729 etalio
2474 2674 2586 2741 illo,
2611 2677 2754 2748 quod
2782 2677 3040 2748 diximus,
3102 2689 3424 2751 argumento

1812 2762 2076 2821 adversus
2123 2765 2245 2823 illos
2284 2768 2363 2823 usi
2392 2777 2517 2824 sunt
2562 2770 2834 2838 catholici,
2883 2772 2984 2829 hac
3025 2785 3237 2846 arrepta
3266 2793 3418 2833 ansa.

1812 2856 2105 2915 Maximilla
2139 2862 2206 2916 de
2245 2879 2305 2917 se
2354 2863 2696 2934 praedixerat,
2751 2878 2875 2937 post
2922 2884 2981 2924 se
3024 2872 3416 2940 prophetissam

1811 2950 1973 3005 aliam
2024 2970 2132 3009 non
2185 2954 2460 3024 futuram,
2509 2959 2603 3015 sed
2659 2965 3206 3017 consummationem.
3242 2965 3422 3021 Verba

1809 3047 1928 3115 ejus
1948 3049 2088 3116 apud
2121 3049 2480 3120 Epiphanium
2506 3054 2595 3108 illa
2614 3064 2739 3109 sunt
2766 3074 2778 3109 :
2807 3057 2926 3112 Μετ’
2951 3060 3039 3129 ἐμὲ
3065 3069 3315 3134 προφῆτις
3344 3063 3426 3115 οὐ·

1807 3142 1915 3198 κέτι
1944 3139 2113 3207 ἔσται,
2141 3144 2267 3199 ἀλλὰ
2296 3146 2561 3201 συντέλεια
2592 3146 2810 3217 (Epip/t.
2839 3191 2854 3213 ,
2885 3147 3029 3203 Ηιεν.
3067 3164 3255 3214 XLVIII,
3283 3150 3310 3223 ξ
3338 3152 3413 3222 9.).

1807 3234 1937 3301 Quae
1979 3235 2111 3290 mihi
2155 3251 2286 3291 sane
2314 3238 2545 3292 suadent
2576 3250 2630 3292 ut
2655 3239 2921 3295 Blondclli
2951 3243 3234 3297 sententia:
3259 3259 3416 3299 acce-

134 3346 279 3411 tyrum
306 3346 559 3400 ma-tibus
583 3344 815 3415 scriptas
841 3343 1209 3416 consignatas,
1243 3342 1525 3399 Africanas
1542 3346 1704 3400 etiam

1813 3326 1932 3381 dam
1963 3370 1979 3395 ,
2038 3345 2145 3383 non
2176 3328 2394 3401 quidem
2425 3332 2608 3387 omnia
2640 3332 2731 3387 illa
2757 3334 2972 3388 oracula
3010 3334 3269 3405 Sibyllina
3293 3352 3415 3406 quae

132 3429 245 3499 illas,
273 3437 534 3507 planeque
570 3435 635 3490 ad
663 3435 1106 3509 CyprianiCarutn
1129 3437 1354 3492 formam
1388 3445 1699 3509 conceptas.

132 3520 365 3585 Habemus
397 3531 567 3585 etiam
603 3530 771 3585 coievi
797 3530 1033 3584 auctoris
1059 3528 1453 3599 praefationem,
1484 3544 1587 3601 qua
1618 3527 1701 3583 vi-

131 3616 309 3674 sionum
356 3622 665 3676 istiusmodi
711 3636 867 3677 usum
910 3637 941 3677 e
979 3621 1150 3676 Joelis
1181 3620 1461 3691 prophetia
1511 3620 1700 3691 prohat

131 3714 572 3787 commendatque.
603 3715 794 3771 Mirum
824 3716 1070 3787 estquod
1097 3715 1223 3771 hinc
1254 3716 1574 3786 scriptorem
1614 3715 1699 3784 ip-

132 3817 295 3875 sosque
335 3807 475 3863 adeo
523 3817 793 3879 martyres
836 3811 1180 3865 montanistis
1235 3807 1433 3863 favisse
1485 3806 1703 3878 colligat

131 3894 435 3956 doctissimus
482 3901 682 3957 editor.
713 3900 830 3956 Non
861 3911 943 3958 est
972 3902 1195 3958 omnino
1220 3901 1535 3969 verisimile,
1570 3900 1621 3956 id
1652 3900 1699 3956 si

130 3986 288 4048 luisset
319 4008 546 4060 verum,
574 3994 691 4052 fore
718 3995 839 4053 illos
866 3996 918 4052 in
959 4007 1257 4067 martyrum
1287 4011 1455 4052 censu
1502 4011 1697 4052 nume-

128 4083 319 4154 randos,
347 4088 746 4159 colendamque
787 4092 947 4145 etiam
989 4106 1177 4146 eorum
1228 4090 1279 4145 in
1317 4089 1561 4147 Ecclesia
1607 4105 1699 4146 ca-

128 4177 292 4236 tholica
336 4182 684 4239 memoriam.
715 4182 825 4240 Nec
852 4184 993 4239 enim
1039 4198 1066 4237 a
1099 4183 1368 4256 Cypriano
1422 4183 1695 4238 inductam

128 4281 223 4324 esse
264 4271 404 4329 illam
472 4273 544 4330 de
589 4275 835 4347 negando
885 4276 1353 4332 schismaticorum
1427 4274 1688 4347 martyrio

126 4368 411 4422 sententiam
445 4410 462 4436 ,
516 4368 613 4423 sed
660 4369 730 4424 ab
757 4370 874 4440 ipso
919 4384 1090 4439 usque
1132 4367 1467 4423 Tertulliano
1516 4368 1695 4423 Africa

128 4452 264 4516 fuisse
298 4473 600 4534 receptam,
631 4464 876 4535 probavit
905 4480 974 4522 ex
1002 4463 1199 4521 eodem
1228 4463 1568 4520 Tertulliano
1606 4464 1693 4520 Cl.

127 4548 429 4612 Cestriensis.
465 4556 533 4612 Et
552 4572 680 4613 vero
707 4567 892 4613 contra
926 4560 1304 4624 montanistas,
1333 4559 1511 4629 potius
1534 4575 1693 4629 quam

129 4653 178 4697 ex
199 4660 372 4703 eorum
397 4650 670 4706 sententia
689 4693 704 4717 ,
738 4666 859 4709 esse
876 4663 1162 4724 concepta,
1191 4668 1311 4724 qua:
1340 4653 1445 4709 huc
1473 4652 1696 4708 trahunt

128 4737 202 4791 viri
224 4743 433 4810 eruditi,
465 4744 648 4799 statim
678 4745 1047 4802 ostendemus.

182 4830 207 4904 5
231 4831 363 4889 9.-
380 4837 542 4905 Quod
567 4839 711 4893 enim
739 4839 811 4893 illi
833 4840 1236 4910 prophetiarum
1257 4848 1576 4910 praetextum
1608 4855 1694 4895 rc-

127 4918 277 4983 lictum
326 4939 519 4999 putant
558 4932 899 4987 montanistis
935 4933 1004 4987 ab
1034 4931 1279 4988 Ecclesia
1302 4973 1318 4998 ,
1364 4947 1551 4987 verum
1586 4948 1694 4987 non

131 5028 209 5072 est.
232 5020 336 5080 Nec
361 5027 511 5081 enim
547 5041 642 5097 pro
676 5028 820 5083 veris
844 5028 1124 5098 prolihetis
1152 5037 1465 5083 montanum
1510 5029 1696 5098 ejusve

131 5113 446 5174 mulierculas
507 5120 805 5175 habuerant
866 5119 1144 5188 catholici,
1204 5136 1304 5176 nec
1359 5121 1692 5176 defecturam

132 5216 328 5278 unquam
370 5211 722 5270 crediderunt
769 5216 822 5270 in
872 5216 1112 5271 Ecclesia
1155 5215 1544 5286 prophetarum
1573 5231 1697 5271 suc-

131 5302 421 5361 cessionem.
469 5304 661 5362 Utrum
686 5324 773 5378 pte
798 5309 1098 5363 docuerant
1124 5318 1312 5363 centra
1337 5308 1695 5363 montanistas

131 5393 378 5465 catholici,
429 5411 762 5471 possuntque
802 5416 866 5455 ex
908 5416 1094 5455 eorum
1129 5400 1393 5454 alterutro
1423 5398 1452 5453 it
1484 5409 1693 5453 monta-

128 5483 357 5547 nistarum
384 5494 742 5564 scriptoribus
779 5494 1027 5551 facillime
1053 5494 1328 5566 distingui.
1367 5493 1482 5548 Non
1510 5495 1652 5549 bono
1676 5535 1692 5560 ,

129 5576 207 5630 Sal
250 5583 386 5639 malo
454 5587 665 5658 spiritui
714 5586 1021 5643 tribuebant
1074 5587 1192 5642 illas
1243 5589 1688 5641 montanistarum

130 5673 440 5746 Prophetias,
494 5681 634 5737 unde
669 5681 757 5737 illa
786 5682 906 5751 ejus
946 5681 1089 5752 apud
1134 5680 1425 5736 Eusebium
1462 5678 1687 5752 querela

130 5760 316 5831 (ενοι.
340 5813 359 5841 ,
399 5772 538 5830 Hist.
580 5775 731 5846 eccl.,
762 5793 816 5844 v,
842 5776 931 5843 16,
963 5790 1026 5832 ex
1043 5775 1246 5833 Asteria
1265 5774 1499 5845 Urbano)
1528 5818 1543 5843 ,
1589 5789 1688 5845 pro

129 5854 235 5932 ¹υιιο
250 5878 331 5935 se,
359 5866 450 5939 qui
480 5876 656 5928 tamen
682 5887 852 5945 agnus
881 5882 1047 5942 esset,
1079 5869 1290 5928 haberi.
1323 5870 1557 5927 Proinde
1581 5866 1688 5926 Ζο-

132 5949 271 6013 ιίωω
298 5999 314 6030 ι
361 5975 489 6019 cum
514 5977 572 6022 se
593 5969 917 6039 prophetare
944 5965 1176 6037 primum
1208 5966 1490 6023 simularet
1517 5963 1685 6021 Maxi-

1806 3429 1993 3476 extant
2019 3420 2199 3491 hodie,
2240 3438 2270 3478 a
2302 3425 2645 3480 montanistis
2666 3441 2787 3482 esse
2816 3427 3067 3489 conficta,
3100 3427 3197 3482 sed
3226 3444 3415 3484 eorum

1806 3514 1995 3569 saltem
2042 3516 2243 3586 aliqua.
2300 3517 2377 3572 Ibi
2429 3519 2571 3573 enim
2621 3519 2675 3574 in
2718 3518 2879 3574 Marci
2908 3519 3189 3589 imperium
3230 3522 3418 3578 mundi

1770 3626 1785 3641 ο
1805 3607 1919 3664 huic
1950 3612 2214 3666 συντέλεια
2243 3610 2358 3666 sive
2384 3614 2782 3667 consummatio
2823 3613 3089 3683 rejicitur.
3124 3614 3239 3669 Sub
3265 3615 3410 3671 illius

1804 3709 1985 3757 autem
2025 3702 2237 3773 imperii
2266 3704 2426 3759 finem
2457 3703 2826 3760 Mareellinam
2874 3707 3177 3762 excessisse
3221 3708 3414 3763 verisi-

1804 3796 2091 3851 millimum
2135 3806 2241 3853 est.
2270 3796 2403 3853 Cum
2460 3799 2604 3854 enim
2655 3801 2723 3856 ab
2749 3799 2869 3870 ejus
2889 3816 3116 3857 excessu
3147 3801 3211 3855 ad
3253 3817 3413 3858 suum

1803 3904 1912 3960 quo
1933 3890 2205 3946 scribebat
2224 3906 2445 3957 annum,
2471 3907 2644 3948 annos
2671 3910 2792 3962 xm,
2818 3894 2933 3950 sive
2958 3911 3073 3961 xw,
3096 3893 3413 3952 inchoatum

1801 3993 2051 4038 numeret
2077 3985 2324 4040 Asterius
2355 3984 2606 4041 Urbanus
2658 3986 2782 4059 (Ap.
2814 3986 3028 4055 Euseb.,
3066 3987 3206 4043 Hist.
3238 3990 3361 4043 cccl.
3390 4031 3407 4059 ,

1803 4090 1856 4143 v,
1890 4076 1980 4142 16,
2013 4077 2125 4146 17),
2158 4093 2265 4132 ιιοη
2293 4078 2398 4133 alio
2422 4077 2509 4132 illa
2537 4093 2695 4147 quam
2728 4078 2794 4134 ad
2812 4079 3092 4135 Commodi
3121 4082 3408 4152 imperium

1803 4168 1980 4239 aptius
2008 4166 2198 4224 referri
2215 4184 2376 4239 posse
2403 4170 2713 4227 existimant
2742 4172 2964 4228 eruditi.
2994 4172 3194 4229 Contra
3219 4175 3409 4230 catho-

1802 4262 1891 4319 lici
1921 4264 2006 4317 vel
2050 4263 2177 4319 hinc
2212 4265 2330 4321 illos
2365 4264 2663 4336 prophetiae
2706 4277 2998 4336 prmtextus
3035 4268 3156 4324 falsi
3184 4271 3408 4326 convin-

1801 4359 2003 4415 cendos
2042 4367 2276 4430 putant,
2307 4357 2450 4430 quod
2502 4374 2614 4414 suae
2668 4360 2988 4430 pr0phetiac,
3033 4362 3119 4417 vel
3162 4377 3228 4418 ex
3270 4379 3403 4419 con-

1801 4450 1980 4517 fesso,
2034 4453 2155 4509 linis
2186 4453 2322 4507 foret
2353 4452 2648 4524 aliquando
2677 4454 3016 4510 statuendus.
3048 4455 3248 4511 Verum
3276 4472 3401 4528 pro-

1801 4544 2037 4614 phetiam
2065 4554 2379 4616 perpetuam
2408 4545 2543 4609 fore,
2572 4556 2626 4602 et
2647 4547 2715 4603 ad
2743 4548 2925 4603 mundi
2953 4565 3122 4620 usque
3146 4564 3399 4605 consum-

1802 4636 2093 4691 mationem
2159 4653 2345 4693 revera
2398 4653 2830 4709 permansuram.
2892 4640 2965 4694 lta
3033 4643 3403 4711 intelligebant

1717 4742 1773 4804 Ι)
1801 4728 2118 4800 Apostoium
2143 4730 2257 4793 illo.
2282 4733 2334 4785 ni
2364 4729 2522 4787 fallor
2547 4774 2560 4797 ,
2590 4731 3007 4803 loco(l€ph.,tv.
3041 4735 3127 4799 11,
3162 4735 3251 4805 12,
3286 4736 3398 4811 15).

1801 4824 1873 4879 Ita
1921 4824 2230 4894 prophetas,
2267 4823 2432 4879 Joelis
2455 4867 2469 4891 ,
2504 4834 2561 4879 ut
2590 4824 2800 4894 opinor,
2827 4825 2977 4881 illum
3003 4828 3178 4883 locum
3210 4831 3402 4900 princi-

1800 4933 1906 4989 pue
1936 4933 2093 4987 quem
2125 4917 2378 4973 diximus.
2411 4918 2525 4983 Qua
2554 4918 2965 4975 ratiocinatione
2998 4920 3071 4976 ita
3111 4922 3402 4979 abfuerunt

1802 5027 1830 5065 a
1862 5010 2119 5081 negandis
2148 5026 2366 5065 suorum
2398 5020 2703 5081 tetnporum
2750 5014 3067 5083 prophetiis,
3102 5027 3159 5071 ut
3192 5017 3243 5071 in
3271 5034 3399 5088 qua-

1798 5119 2028 5173 cumque
2070 5104 2311 5160 Ecclesia
2344 5120 2451 5160 non
2497 5105 2721 5160 fuissent
2742 5109 3041 5179 prophetae,
3074 5124 3136 5165 ea
3163 5126 3230 5166 ne
3256 5119 3402 5167 esset

1798 5201 2013 5271 quidem
2046 5215 2143 5270 pro
2173 5200 2413 5256 Ecclesia
2446 5200 2713 5255 habenda.

1871 5293 1898 5366 §
1932 5294 2103 5349 11.--
2124 5293 2198 5348 Ita
2226 5304 2630 5363 argumentatus
2656 5301 2740 5349 est
2769 5295 3014 5350 ASIerius
3044 5295 3311 5352 Urbanus.
3337 5300 3397 5353 Et

1790 5395 1892 5470 γάρ
1923 5396 2054 5467 μετὰ
2085 5392 2335 5471 Κοδρᾶτον
2371 5395 2459 5448 καί
2496 5397 2585 5451 τήν
2630 5393 2680 5446 ἐν
2718 5389 3035 5465 Φιλαδελφείᾳ
3073 5389 3301 5463 Ἀμμίαν,
3328 5396 3400 5456 ὡς

1795 5493 1964 5564 φασίν,
1995 5489 2048 5544 αἱ
2075 5494 2195 5565 περὶ
2218 5490 2470 5544 Μοντανὸν
2508 5485 2789 5551 διεδέξαντο
2809 5493 3041 5560 γυναῖκες
3060 5488 3119 5540 τὸ
3148 5508 3398 5564 προφητι-

1793 5586 1876 5640 κὸν
1906 5587 2170 5661 χαρίσμα,
2196 5588 2317 5645 τοὺς
2345 5586 2445 5638 ἀπὸ
2465 5586 2742 5645 Μοντανοῦ,
2768 5585 2971 5635 καὶτῶν
2994 5589 3244 5651 γυναικῶν
3266 5586 3399 5647 τίνες

1795 5680 1921 5757 παρ’
1962 5682 2137 5740 αὐτοῖς
2180 5677 2462 5744 διεδέξαντο
2505 5675 2815 5741 δειξάτωσαν
2839 5690 2853 5706 ⁶
2883 5671 2985 5728 δεῖν
3026 5677 3128 5754 γὰρ
3175 5673 3299 5733 εἶναι
3336 5680 3396 5734 τὸ

1793 5776 2100 5853 προφητικὸν
2128 5775 2374 5850 χαρίσμα
2401 5772 2450 5825 ἓν
2477 5771 2621 5842 πάσῃ
2642 5777 2703 5840 τῇ
2734 5767 2974 5845 ἐκκλησίᾳ
3003 5771 3167 5846 μέχρι
3194 5780 3286 5831 τῆς
3313 5792 3398 5827 τε,

1789 5867 1925 5931 λείας
1954 5869 2246 5942 παρουσίας
2273 5864 2300 5921 ὁ
2327 5863 2631 5923 Ἀπόστολος
2661 5863 2794 5926 ἀξιοῖ
2818 5860 2935 5934 (Ap
3014 5861 3200 5917 Euseb.
3256 5861 3398 5917 llist.

1792 5962 1941 6030 eccl.,
1970 5978 2025 6032 v,
2062 5961 2125 6015 l7
2151 5958 2194 6034 ).
2226 5958 2303 6016 Ita
2328 5954 2661 6029 Epiphanius
2701 5970 2715 6008 :
2744 5956 2799 6011 Εἰ
2828 5957 2928 6035 γὰρ
2971 5952 3052 6010 δεῖ
3090 5958 3400 6032 χαρίσματα
