4018 6280
524 357 592 416 ’15
1492 349 1857 411 DODWELLI
1896 347 2346 411 DlSSERTATlO
2391 344 2810 431 CYPBIANICA
3755 342 3832 402 16

512 471 780 545 δέχεσθαι,
810 473 897 527 καί
938 470 1017 528 δεῖ
1062 471 1113 527 ἓν
1158 471 1398 549 ἐκκλησίᾳ
1426 474 1764 551 χαρίσματα,
1792 481 1904 534 πῶς
1949 473 2120 528 οὐκέτι

2228 469 2462 524 visiones
2511 473 2629 521 erat
2666 463 3087 536 complexurus;
3141 473 3448 535 quanquam
3498 468 3709 517 certum
3760 458 3833 516 sit

517 573 651 636 μετὰ
674 566 946 630 Μοντανὸν,
987 568 1072 619 καὶ
1098 565 1416 641 Πρίσκιλλαν,
1467 570 1553 621 καὶ
1597 566 1904 640 Μαξιμίλλαν
1934 563 2126 638 ἔχουσι

514 662 822 734 «popinas;
855 651 956 734 ἆρα
979 658 1200 734 rimae-ev
1224 660 1255 717 ἡ
1281 660 1481 735 χάριςς
1513 660 1603 714 οὐκ
1629 661 1779 734 ἀργεῖ
1815 657 1869 713 δέ
1907 660 1936 717 ἡ
1963 660 2125 732 χάρις

515 750 569 804 ἓν
595 749 716 825 ἁγίᾳ
740 749 1001 824 ἐκκλησίᾳ.
1029 755 1099 821 μὴ
1124 751 1337 824 γένοιτο.
1369 752 1425 805 Εἰ
1450 748 1503 806 δὲ
1532 750 1627 810 ἕως
1666 752 1802 811 τινὸς
1835 754 2123 825 προφῆτιν-

516 862 615 896 σαν
640 841 686 895 οί
709 832 1180 918 προφητεῦσαντις,
1214 845 1302 897 καὶ
1325 843 1494 897 οὐκέτι
1536 842 1946 919 προφητεύουσιν
1999 842 2125 898 ἀλλὰ

515 934 635 992 οὔτε
656 936 949 1015 Πρίσκιλλα,
977 934 1098 992 οὔτε
1120 936 1399 1009 Μαξιμίλλα
1426 940 1786 1013 προεφήτευσαν
1811 938 1943 1009 μετὰ
1967 938 2124 1007 (κατά

513 1031 683 1085 scrib.
713 1030 731 1098 )
782 1032 876 1090 τὰς
924 1031 1234 1106 προφητείας
1259 1036 1353 1090 τὰς
1373 1026 1459 1085 διὰ
1485 1036 1589 1084 τῶν
1627 1027 2123 1106 ἁγίων-Ἀποστόλων

512 1123 566 1176 ἐν
593 1130 654 1194 τῇ
684 1120 807 1197 ἁγίᾳ
834 1122 1081 1197 ἐκκλησίᾳ
1109 1120 1507 1193 δοκιμασθείσας
1541 1120 1714 1191 (Uter.
1747 1102 1930 1186 XLVIII,
1966 1120 1994 1193 §
2021 1120 2056 1174 2

516 1214 682 1272 Plane
712 1215 828 1269 haec
857 1214 1233 1286 Epiphaniano
1261 1217 1461 1272 saeculo
1502 1231 1607 1270 non
1639 1214 1986 1279 conveniunt,
2016 1229 2124 1286 quo

506 1307 620 1379 jam
667 1309 721 1364 in
765 1307 1014 1364 confesso
1052 1316 1170 1363 erat
1208 1307 1324 1363 haec
1375 1310 1686 1385 χαρίσματα
1737 1322 1978 1378 eousque
2013 1322 2123 1363 nou

513 1416 888 1475 permanasse.
936 1401 1200 1457 Existimo
1258 1403 1423 1473 igitur
1480 1418 1548 1459 ex
1602 1400 1905 1472 antiquiore
1942 1401 2125 1473 aliquo

511 1497 785 1566 scriptore
826 1494 978 1550 illum
1013 1495 1127 1550 hrec
1168 1496 1416 1566 imperite
1441 1495 1817 1567 descripsisse.

588 1586 617 1661 §
642 1588 888 1645 12.—-Ad
910 1588 1154 1643 eamdem
1176 1587 1403 1643 formam
1422 1598 1828 1661 argumentatur
1848 1596 2003 1645 vetus
2029 1588 2124 1644 ille

515 1691 724 1747 auctor,
758 1681 1084 1752 quicumque
1112 1681 1230 1747 fuit,
1259 1694 1559 1754 martyrum
1586 1694 2074 1751 contemporaneus
2104 1722 2120 1747 ,

512 1783 758 1832 actorum
784 1773 1067 1844 Perpetua:
1103 1784 1157 1829 et
1188 1774 1508 1830 Felicitatis.
1548 1774 1598 1831 ls
1625 1775 1736 1843 ubi,
1764 1774 1928 1830 allato
1953 1774 2123 1831 Joelis

2228 562 2371 618 hanc
2397 558 2895 630 interpretationem
2923 557 2989 613 ad
3015 566 3250 613 mentem
3280 554 3591 611 Maximilla:
3610 569 3832 611 accom-

2228 654 2434 712 modari
2468 670 2572 709 non
2604 668 2784 726 posse.
2819 652 2949 722 Qua:
2980 654 3123 709 enim
3154 662 3275 723 post
3301 667 3362 707 se
3392 651 3832 715 συντέλειανῐοιέ

2228 748 2458 816 dixerat,
2481 764 2603 804 eam
2630 763 2847 804 omnem
2877 764 3098 819 prorsus
3132 748 3429 819 prophetiaa
3459 762 3613 803 usum
3643 746 3837 802 exclu-

2228 859 2407 899 suram
2438 859 2659 900 necesse
2693 852 2829 899 erat.
2883 844 2947 897 5°
2990 842 3129 899 Cum
3174 842 3276 898 hac
3321 841 3435 912 ipsa
3483 848 3834 912 argumenta-

2228 934 2375 991 tione
2397 975 2413 1001 ,
2466 945 2592 991 ante
2619 950 2792 991 annos
2818 933 2886 990 ad
2913 935 3195 990 minimum
3223 933 3412 991 decent
3436 974 3454 1001 ,
3485 934 3537 989 in
3566 944 3709 989 secta
3740 932 3836 989 illa

2225 1028 2517 1085 refellenda
2545 1044 2674 1085 usus
2705 1030 2879 1085 fuerat
2900 1029 3146 1084 Asterius
3177 1026 3467 1094 Urbanus;
3500 1025 3623 1097 quis
3643 1024 3836 1082 credat

2227 1121 2419 1176 eadem
2441 1118 2915 1191 argumentatione
2954 1134 3176 1175 usurum
3200 1128 3365 1175 sectae
3393 1127 3676 1188 patronum
3701 1117 3726 1171 ?
3764 1115 3835 1170 4°

2227 1213 2286 1269 Id
2325 1213 2485 1269 etiam
2536 1228 2604 1269 ex
2652 1211 2846 1268 eodem
2901 1211 3121 1269 Urbano
3149 1219 3362 1267 constat
3413 1210 3481 1267 de
3531 1208 3675 1266 facto
3710 1209 3836 1266 illos

2226 1319 2443 1361 Omnem
2490 1321 2641 1360 suam
2693 1305 3079 1377 prophetarum
3126 1305 3530 1361 successionem
3572 1303 3626 1358 in
3667 1301 3836 1358 Μελίη

2226 1397 2372 1453 nlilla
2403 1396 2727 1453 terminasse
2749 1440 2765 1467 ,
2805 1412 2905 1453 nec
2946 1398 3109 1453 alium
3140 1398 3386 1468 quemvis
3408 1404 3529 1468 pust
3557 1394 3705 1451 illam
3732 1394 3836 1451 ad-

2228 1489 2440 1545 misisse
2480 1505 2873 1546 successorem.
2932 1490 3136 1546 Eadem
3184 1492 3655 1562 argumentatione
3703 1504 3839 1547 usus

2226 1581 2561 1653 Epiphanius
2609 1582 2781 1656 (liter.
2827 1599 3030 1653 vaut,
3080 1582 3220 1656 ἐξ),
3265 1593 3390 1657 post
3439 1583 3582 1640 illius
3627 1582 3838 1640 obitum

2227 1676 2496 1731 neminem
2524 1677 2686 1731 alium
2732 1693 2764 1733 a
2794 1678 3141 1733 montanistis
3161 1677 3229 1733 ad
3260 1693 3358 1733 sua
3389 1692 3559 1749 usque
3590 1688 3837 1748 tempora

2227 1774 2466 1842 agnitum
2522 1787 2645 1828 esse
2687 1774 2992 1829 continuat.
3044 1771 3186 1828 Fieri
3226 1773 3389 1844 igitur
3425 1789 3533 1828 non
3572 1780 3750 1849 potest
3779 1778 3843 1829 ut

514 1870 657 1934 loco,
692 1866 998 1939 probasset,
1031 1867 1102 1922 ita
1128 1883 1232 1922 non
1262 1868 1497 1924 deficere
1526 1885 1554 1923 a
1582 1868 1645 1924 γ.
1670 1869 1732 1924 Τ.
1768 1868 1872 1924 illis
1900 1868 1962 1925 N.
1989 1868 2123 1925 Tes-
2151 1879 2200 1941 Β
2229 1865 2558 1920 montanista
2588 1864 2843 1922 Saturum
2870 1865 3301 1938 Perpetuamque
3346 1867 3398 1922 in
3438 1866 3837 1938 prophetarum

515 1959 743 2016 tamenti
773 1960 1083 2031 prophetias
1106 2000 1122 2025 ,
1154 1971 1213 2015 ut
1234 1961 1342 2015 sint
1372 1962 1547 2032 potius
1573 1977 1642 2017 ex
1669 1962 1899 2018 adverso
1925 1962 2026 2018 sub
2052 1961 2116 2018 N.

514 2054 581 2111 Τ.
608 2053 845 2126 potiores
876 2053 1256 2125 expectandae;
1301 2053 1418 2110 htcc
1445 2054 1641 2111 deinde
1669 2055 1942 2126 subjungit
1967 2055 2019 2109 in
2050 2054 2121 2109 il-

515 2145 649 2211 lam,
670 2161 829 2216 quam
861 2145 998 2211 dixi,
1028 2146 1383 2202 sententiam:
1411 2166 1430 2199 ι
1464 2148 1649 2220 Itaque
1665 2159 1718 2205 et
1748 2164 1868 2216 nos,
1898 2148 1987 2219 qui
2016 2150 2123 2205 sic-

512 2247 575 2293 ut
603 2238 950 2311 prophetias,
999 2240 1071 2293 ita
1109 2248 1165 2294 et
1203 2240 1443 2296 visiones
1490 2258 1662 2297 novas
1689 2243 1894 2313 pariter
1930 2258 2122 2312 repro-

511 2331 709 2386 missas
755 2339 810 2387 et
848 2332 1191 2403 agnoscimus
1244 2344 1298 2389 et
1357 2333 1737 2403 honoramus;
1785 2348 2122 2415 οωιθτειείιυθ

514 2426 746 2481 virtutes
793 2426 1027 2498 Spiritus
1069 2426 1250 2483 Sancti
1291 2428 1358 2484 ad
1401 2429 1817 2487 instrumentum
1859 2435 2123 2495 Ecclesia:

515 2528 831 2589 repulamus
859 2558 875 2585 ,
924 2520 1011 2574 cui
1040 2530 1091 2575 et
1122 2518 1320 2594 missus
1364 2531 1449 2576 est
1476 2522 1620 2577 idem
1649 2525 1828 2579 omnia
1860 2527 2121 2587 donativa

510 2613 902 2673 administrans
930 2614 982 2667 in
1024 2615 1273 2669 omnibus
1298 2655 1314 2682 ,
1347 2624 1507 2685 prout
1532 2618 1821 2688 unicuique
1848 2620 2123 2679 distribuit

513 2704 802 2773 Dominus,
832 2704 1141 2761 neces3ario
1166 2715 1222 2760 et
1248 2705 1563 2777 digerimus,
1597 2718 1651 2763 et
1681 2710 1747 2764 ad
1770 2710 1999 2781 gloriam
2028 2714 2122 2771 Dei

514 2798 752 2854 lectione
776 2798 1137 2854 celebramus.
1178 2796 1248 2855 Ut
1286 2815 1355 2854 ne
1382 2816 1485 2872 qua
1518 2811 1609 2857 aut
1634 2802 1999 2870 imbecillitas,
2032 2817 2124 2863 aut

516 2891 828 2963 desperatio
860 2890 982 2946 ﬁdei
1010 2933 1023 2957 ,
1079 2891 1221 2963 apud
1263 2902 1481 2949 veteres
1504 2903 1712 2950 tantum
1740 2899 1970 2955 aestimet
1998 2916 2123 2972 gra-

520 2984 652 3040 tiam
688 2983 998 3039 Divinitatis
1027 2995 1401 3041 conversatam
1424 3026 1437 3051 ,
1482 2987 1597 3044 sive
1646 3000 1971 3063 martyrum,
2004 2994 2121 3050 sive

516 3078 575 3135 in
615 3078 1005 3134 revelationum
1044 3079 1352 3149 dignatione
1381 3096 1396 3134 :
1431 3095 1553 3136 eum
1582 3097 1800 3154 semper
1826 3086 1966 3141 Deus
1990 3102 2121 3158 ope—

515 3180 670 3232 retur
697 3187 819 3242 quae
862 3171 1172 3241 repromisit
1199 3215 1217 3241 ,
1269 3188 1375 3227 non
1421 3173 1770 3232 credentibus
1796 3177 2120 3235 iutestimo—

2225 1957 2405 2013 album
2436 1958 2702 2015 retulerit.
2740 1958 2797 2015 ld
2825 1959 3016 2015 saltem
3048 1975 3113 2015 ex
3160 1960 3250 2016 illa
3282 1959 3516 2016 altorum
3543 1975 3841 2033 argumen-

2225 2053 2429 2109 talione
2457 2054 2723 2110 concedat
2749 2054 2920 2111 lector
2940 2069 3165 2111 necesse
3188 2065 3307 2122 est,
3332 2057 3424 2128 qui
3458 2058 3532 2112 ita
3556 2072 3843 2129 argumen-

2227 2155 2367 2203 tetur
2401 2163 2510 2203 non
2554 2163 2675 2205 esse
2708 2164 2775 2205 eo
2808 2150 3028 2206 nomine
3058 2164 3156 2221 pro
3206 2151 3531 2206 montanista
3560 2151 3840 2207 aestimans

2224 2239 2376 2296 dum.
2425 2239 2536 2296 Nec
2580 2249 2759 2297 tamen
2787 2241 2936 2298 aliud
2984 2242 3263 2313 proferunt
3290 2247 3379 2315 qui
3407 2243 3568 2299 aliter
3596 2242 3842 2300 sentiunt

2223 2333 2326 2388 viri
2353 2348 2484 2389 sane
2511 2333 2731 2390 eruditi.
2765 2334 2890 2392 Scio
2929 2335 3183 2407 equidem
3216 2337 3517 2409 labensque
3546 2338 3788 2395 concedo
3817 2379 3838 2407 ,

2224 2427 2278 2482 in
2309 2438 2417 2483 tota
2438 2429 2537 2483 hac
2566 2428 2636 2483 de
2664 2429 3072 2501 prophetiarum
3105 2432 3465 2503 perpetuitate
3489 2444 3837 2506 argumenta-

2225 2521 2371 2575 tione
2410 2519 2766 2577 hallucinatos
2793 2538 2915 2579 esse
2937 2532 3151 2580 veteres
3176 2567 3193 2593 ,
3226 2540 3327 2581 nec
3347 2527 3413 2580 ad
3440 2542 3628 2581 eorum
3651 2536 3839 2583 aucto-

2224 2614 2438 2671 ritatem
2470 2618 2814 2673 minuendam
2846 2616 2996 2688 facit,
3027 2620 3169 2690 quod
3200 2620 3250 2676 id
3276 2638 3447 2693 genus
3467 2626 3672 2680 erroris
3696 2624 3837 2681 alios

2226 2706 2648 2781 frequentesque
2697 2726 3079 2783 agnoscamus.
3113 2712 3225 2769 Nec
3267 2716 3413 2770 enim
3449 2714 3591 2771 aliud
3634 2702 3837 2774 habue-

2225 2810 2354 2855 runt
2388 2805 2672 2857 sententias
2702 2818 2816 2859 suae
2856 2805 3263 2861 fundamentum
3290 2821 3449 2877 quam
3482 2816 3667 2864 textus
3710 2809 3837 2867 illos

2230 2907 2368 2962 quos
2418 2893 2678 2962 diximus,
2705 2896 2849 2953 unde
2880 2908 3101 2955 rectene
3123 2900 3488 2971 argumentati
3515 2911 3676 2971 sunt,
3722 2920 3839 2961 non

2223 2983 2291 3041 de
2318 2986 2629 3059 testimonio
2656 3003 2876 3057 eorum,
2931 2991 3026 3047 sed
3058 3008 3187 3047 vero
3230 2990 3300 3047 de
3333 2991 3540 3063 judicio
3573 3006 3653 3051 est
3684 3011 3839 3068 qua:-

2222 3080 2348 3147 stio,
2371 3082 2422 3136 in
2447 3098 2550 3153 qua
2578 3084 2783 3140 nullum
2811 3085 3011 3141 habent
3036 3103 3065 3142 a
3088 3100 3182 3143 sua
3206 3096 3471 3145 vetustate
3497 3089 3834 3160 praesidium.

2224 3173 2380 3244 Quod
2421 3193 2555 3236 vero
2604 3180 2730 3238 inde
2758 3180 2933 3240 infero
2957 3224 2973 3251 ,
3017 3183 3088 3241 de
3135 3185 3281 3242 facto
3312 3185 3434 3243 illos
3459 3188 3747 3259 agnovisse
3777 3190 3837 3249 itt

516 3262 667 3321 nium
700 3304 715 3329 ,
746 3262 1094 3318 credentibus
1138 3262 1191 3316 in
1223 3263 1539 3320 beneficium
1568 3265 1659 3339 (In
1689 3266 1955 3341 Prwfat.).
1995 3292 2015 3325 ι
2044 3272 2124 3329 Eo
2151 3274 2195 3337 C
2228 3283 2328 3325 suo
2358 3287 2571 3343 quoque
2590 3278 2790 3331 saaculo
2815 3278 3147 3349 prophetias,
3172 3281 3224 3337 id
3250 3282 3361 3351 jam
3396 3286 3450 3338 in
3482 3282 3623 3340 facto
3650 3275 3837 3342 versa:

515 3356 740 3413 omnino
765 3364 975 3425 spectat
1002 3362 1111 3410 tota
1143 3370 1206 3410 ea
1234 3355 1525 3426 disputatio
1556 3373 1621 3413 ne
1654 3358 1828 3416 fraudi
1858 3373 2003 3419 esset
2028 3380 2119 3420 se-

516 3448 727 3503 cuturis
757 3446 1056 3500 visionibus
1086 3446 1229 3513 quod
1259 3448 1463 3503 ultimis
1495 3449 1754 3508 Ecclesia:
1785 3457 2123 3527 temporibus

511 3537 635 3594 illas
667 3537 809 3594 Deus
833 3537 1072 3593 revelare
1103 3538 1350 3609 dignatus
1374 3542 1463 3597 sit.
1490 3541 1548 3597 Id
1577 3559 1644 3599 ne
1669 3554 1834 3613 esset,
1864 3547 1968 3604 hoc
2018 3550 2120 3607 sibi
2156 3594 2165 3603 .

514 3636 856 3711 probandum
887 3637 1136 3708 sumpsit,
1165 3637 1367 3693 ultimis
1397 3641 1653 3696 esseillas
1681 3646 1951 3716 praecipue
1984 3657 2120 3704 tem-

514 3730 762 3803 poribus,
792 3744 1118 3800 semperque
1155 3734 1222 3784 ad
1250 3736 1777 3792 consummationem
1817 3755 1988 3810 usque
2016 3759 2120 3799 ex-

512 3821 833 3896 pectandus.
876 3822 1134 3878 Poterant
1178 3839 1239 3880 ea
1284 3824 1531 3883 fortassis
1560 3829 1819 3886 adversus
1862 3834 2122 3894 Ethnicos

517 3917 662 3975 dicta
715 3916 884 3978 videri
916 3959 932 3984 ,
985 3927 1237 3988 poterant
1261 3919 1423 3974 etiam
1451 3921 1712 3981 adversus
1740 3930 2116 3987 mentanistas.

516 4008 714 4069 Contra
756 4011 1109 4067 montanistas
1163 4011 1339 4082 potius
1387 4013 1526 4071 dicta
1576 4019 1944 4091 crediderim,
1995 4025 2120 4094 quia

512 4125 635 4182 qua:
663 4109 871 4164 dixerat
896 4150 911 4174 ,
940 4123 1001 4164 ea
1030 4107 1429 4178 Scripturarum
1464 4113 1772 4171 tesﬁmonio
1820 4120 2119 4178 confirma-

515 4202 617 4259 vit.
669 4201 726 4257 id
779 4215 911 4257 sane
939 4200 1283 4257 manifestum
1303 4212 1389 4259 est
1416 4220 1536 4275 qua:
1563 4206 1649 4262 hic
1676 4211 1977 4280 protulerat
1999 4229 2121 4271 esse

517 4292 660 4366 apud
709 4307 838 4349 suos
890 4293 944 4348 in
991 4293 1279 4362 confesso,
1332 4297 1472 4367 quod
1504 4313 1535 4354 a
1578 4304 1904 4360 montanista
1956 4308 2121 4364 scribi

520 4389 744 4447 omnino
770 4402 877 4441 non
904 4395 1134 4457 poterat.

594 4480 625 4554 §
656 4478 1057 4537 l5.-—-Notetur
1078 4483 1221 4536 enim
1252 4481 1498 4553 inprimis
1525 4488 1721 4558 scripta
1751 4504 1873 4546 esse
1895 4492 1962 4548 ab
1990 4508 2119 4549 auc-

519 4587 641 4633 tore
686 4588 828 4627 anno
881 4571 1092 4627 Domini
1130 4588 1253 4635 ccn.
1285 4575 1335 4629 id
1366 4590 1467 4643 cs1,
1498 4594 1642 4634 anno
1665 4581 1732 4635 ab
1762 4582 1908 4639 obitu
1954 4585 2121 4643 Maxi-

2224 3361 2388 3432 bitur,
2421 3364 2489 3420 de
2515 3383 2621 3438 quo
2649 3371 3018 3427 testimonium
3050 3388 3240 3430 eorum
3263 3374 3366 3430 erit
3386 3390 3486 3446 pro
3511 3390 3610 3433 suo
3635 3380 3837 3435 saculo

2224 3459 2616 3517 certissimum.
3088 3503 3109 3513 -

2298 3549 2329 3624 §
2361 3552 2633 3610 H.—Sed
2664 3562 2721 3611 ut
2741 3556 2987 3620 eo,unde
3007 3557 3247 3631 digressa
3276 3570 3380 3629 est,
3411 3561 3598 3618 redeat
3623 3563 3837 3632 oratio,

2223 3646 2411 3701 eadem
2441 3663 2543 3719 qua
2573 3663 2746 3719 passm
2770 3663 2896 3706 sunt
2918 3652 3185 3724 Perpetua
3202 3664 3256 3709 et
3284 3654 3539 3711 Felicitas
3564 3697 3582 3725 ,
3638 3656 3835 3713 Severi

2224 3741 2624 3809 persecutione,
2667 3745 3033 3801 occurrebant
3080 3756 3136 3803 et
3180 3747 3286 3801 alia
3333 3747 3600 3802 visionum
3641 3763 3834 3805 exem-

2225 3834 2312 3902 pla
2352 3834 2568 3905 (Auctor
2598 3837 2891 3910 incognitus
2920 3841 3042 3897 adv.
3083 3840 3374 3896 Artemonis
3428 3843 3647 3897 Itan-eain
3672 3884 3688 3911 ,
3739 3859 3835 3915 ap.

2225 3925 2443 3995 Euseb.,
2466 3927 2606 3983 Hist.
2631 3931 2781 3997 eccl.,
2814 3948 2869 3995 v,
2895 3930 3012 4001 28).
3046 3931 3254 3989 Natalis
3278 3933 3524 4004 inprimis
3550 3935 3837 3992 confesso-

2223 4019 2300 4074 ris
2327 4019 2415 4076 illa
2444 4022 2545 4077 sub
2567 4038 2793 4079 romano
2825 4023 3080 4095 pontifice
3101 4026 3432 4099 Zephyrino,
3463 4042 3566 4098 qua
3583 4028 3652 4082 ab
3675 4028 3836 4085 Arte-

2222 4112 2399 4169 monis
2431 4115 2625 4171 haeresi
2646 4116 2715 4171 ad
2744 4115 3070 4173 catholicam
3100 4119 3398 4174 Ecclesiam
3429 4130 3718 4177 revocatus
3742 4130 3834 4181 est

2226 4204 2438 4272 (Euseb.
2475 4248 2491 4274 ,
2539 4206 2679 4263 Ilist.
2707 4211 2859 4277 eccl.,
2889 4226 2966 4275 vt,
2996 4209 3077 4282 5).
3121 4209 3261 4267 Tum
3288 4210 3634 4269 Potamiaena:
3661 4213 3783 4269 alite
3812 4254 3832 4284 ,

2223 4300 2419 4371 quibus
2448 4318 2556 4357 non
2587 4302 2848 4361 Basilides
2875 4304 3059 4373 modo,
3094 4306 3192 4362 sed
3227 4318 3282 4363 et
3337 4308 3427 4364 alii
3474 4309 3833 4368 Alexandrini

2223 4393 2408 4464 plures
2433 4394 2499 4449 ad
2534 4394 2692 4451 fidem
2722 4396 3074 4454 cbristianam
3097 4400 3350 4456 conversi
3381 4411 3529 4458 sunt.
3552 4402 3831 4460 Praeterea

2223 4488 2587 4545 revelationes
2608 4489 2954 4563 visiones'que
2992 4493 3145 4560 aliae,
3183 4509 3412 4565 quarum
3445 4496 3617 4567 prima
3642 4498 3833 4566 jussus

2224 4587 2310 4635 est
2336 4579 2645 4637 Alexander
2692 4598 2723 4637 e
2773 4581 3115 4654 Cappadocia
3160 4594 3217 4639 ut
3249 4586 3300 4640 in
3333 4584 3679 4641 Pal:e5tinam
3729 4587 3834 4643 mi-

524 4665 689 4724 milhe
719 4663 934 4720 circiter
961 4680 1129 4727 xxnt;
1161 4665 1467 4724 decessisse
1496 4671 1639 4725 eiiim
1685 4673 1830 4729 illam
1880 4677 2123 4736 diximus
2149 4679 2200 4738 D
2227 4684 2409 4744 grate!
2448 4673 2688 4748 (Euubu
2712 4677 2806 4745 θθο,
2838 4695 2883 4752 0:
2910 4676 3025 4750 Η),
3066 4679 3299 4735 secunda
3328 4689 3489 4752 διίιυθ
3522 4681 3676 4737 "mia
3706 4697 3832 4740 cum

520 4771 664 4813 anno
688 4755 848 4810 Marci
876 4756 1065 4809 ultimo
1088 4799 1103 4824 ,
1133 4757 1183 4811 id
1208 4768 1311 4823 est,
1351 4760 1503 4815 Dom.
1533 4778 1751 4819 CLXXIX.
1785 4769 1944 4837 Atqui
1976 4787 2038 4825 ea
2068 4773 2114 4827 si

518 4863 652 4905 vera
687 4848 872 4902 fuisset
897 4849 1256 4917 prophetissa,
1276 4867 1383 4907 non
1409 4854 1519 4923 jam
1549 4856 1688 4912 altus
1711 4869 1828 4916 erat
1858 4865 2119 4935 propheta

518 4938 908 5011 expectandus.
942 4939 1042 5007 Qui
1070 4943 1230 5010 igitur
1256 4944 1393 4999 alios
1416 4949 1591 5004 adhuc
1616 4958 1943 5024 expectavit,
1972 4974 2118 5015 sem-

512 5050 613 5107 per
636 5032 999 5102 expectandos
1028 5035 1376 5104 existimavit,
1406 5040 1517 5096 fieri
1544 5059 1650 5098 non
1682 5056 1859 5115 potest
1891 5059 1947 5105 nt
1973 5054 2115 5109 illam

515 5145 618 5199 pro
657 5144 784 5184 vera
818 5127 1159 5199 prophetissa
1194 5129 1484 5199 habuerit,
1516 5153 1615 5193 nec
1646 5142 1876 5211 proinde
1900 5157 2112 5204 monta-

516 5223 657 5279 nista
685 5236 809 5277 esse
836 5224 1025 5290 potuit.
1048 5221 1379 5292 Quamquam
1408 5228 1550 5282 enim
1583 5246 1645 5285 ea
1675 5232 1898 5292 lncresis
1929 5249 2115 5308 postea

518 5316 574 5372 in
601 5316 778 5370 varias
807 5313 1005 5369 deinde
1032 5326 1206 5373 sectas
1232 5316 1513 5375 distributa
1544 5321 1735 5389 fuerit;
1763 5328 1813 5381 in
1846 5344 1911 5385 eo
1939 5341 2119 5390 tamen

516 5420 709 5464 omnes
756 5405 1150 5462 conveniebant
1184 5449 1200 5476 ,
1247 5409 1447 5479 primas
1479 5413 1595 5471 illas
1622 5419 1987 5488 mulierculas,
2019 5444 2116 5497 pro

512 5496 872 5570 prepltetissis
900 5498 1069 5553 fuisse
1090 5499 1486 5569 agnoscendus.
1508 5507 1733 5564 Netctur
1770 5512 1835 5567 2°
1865 5523 1923 5569 ut
1947 5530 2112 5573 sensu

507 5588 897 5660 benignissimo
943 5590 1249 5648 Maximillae
1278 5595 1444 5651 verba
1480 5599 1922 5673 interpretemur,
1962 5617 2017 5663 et
2043 5610 2112 5665 de

504 5681 825 5741 mulieribus
874 5685 1231 5753 prophetissis
1258 5730 1273 5755 ,
1310 5706 1415 5745 non
1444 5691 1513 5747 de
1541 5695 1673 5749 viris
1713 5699 1998 5768 prophetis
2026 5704 2112 5758 in-

507 5778 814 5847 telligamus
844 5793 861 5833 :
892 5793 964 5834 ne
985 5779 1055 5833 ita
1086 5781 1303 5850 quidem
1338 5783 1479 5841 hanc
1494 5788 1862 5857 pra'fationem
1902 5810 1930 5849 a
1956 5813 2112 5854 mon-

507 5872 704 5945 tanista
740 5868 904 5930 scribi
946 5870 1207 5946 potuisse.
1248 5876 1534 5949 Perpetua:
1567 5881 1713 5941 enim
1754 5887 2108 5960 prophetissze

2225 4782 2361 4823 voce
2406 4747 2614 4825 coalesu
2659 4786 2821 4841 quam
2863 4747 2938 4855 ΒΡ
2965 4747 3050 4828 fl:
3083 4773 3362 4841 appellant
3388 4747 3600 4838 .ludtei.
3634 4774 3833 4846 quibus

2224 4863 2416 4919 moniti
2443 4874 2570 4920 sunt
2594 4881 2715 4921 eum
2745 4866 3016 4938 Episc0po
3034 4882 3134 4923 suo
3147 4867 3649 4941 Hierosolymitani,
3679 4883 3827 4925 eum-

2222 4957 2344 5013 dem
2398 4960 2762 5017 Alcxandrum
2805 4970 2864 5016 ut
2912 4962 2964 5015 in
3024 4961 3405 5033 Episcopatum
3455 4960 3831 5019 admitterent.

2222 5051 2335 5108 Sub
2384 5053 2674 5110 Maximino
2719 5055 2806 5110 vel
2858 5054 3134 5111 Gordiano
3173 5055 3449 5112 Fabianus
3492 5055 3832 5113 revelatione

2218 5144 2410 5200 Divina
2439 5143 2612 5201 factus
2639 5155 2721 5202 est
2755 5145 3053 5216 Episcopus
3083 5144 3301 5215 (Euseb.
3325 5188 3340 5212 ,
3368 5145 3510 5202 Hist.
3540 5146 3664 5202 εισι.
3685 5189 3701 5215 ,
3729 5163 3783 5204 v1
3808 5188 3826 5216 ,

2220 5237 2336 5308 29),
2387 5237 2483 5307 Sp.
2514 5240 2573 5292 ὃ.
2617 5238 2670 5292 ἱη
2704 5237 2855 5292 illum
2887 5280 2903 5307 ,
2950 5239 3217 5294 columbae
3241 5239 3423 5307 specie
3452 5238 3678 5309 delapso
3702 5281 3720 5306 ,
3759 5238 3832 5295 ad

2220 5330 2466 5386 canidem
2513 5331 2676 5402 plane
2722 5332 2950 5387 formam
2977 5349 3082 5404 qua
3117 5332 3172 5388 in
3202 5330 3539 5389 Salvatorem
3571 5332 3828 5405 delapsus

2219 5421 2418 5478 fuerat.

2296 5514 2325 5588 §
2356 5515 2517 5572 l5.——
2544 5514 2659 5573 Sub
2686 5516 2979 5585 Gordiano,
3005 5518 3086 5574 vel
3113 5518 3287 5587 potius
3320 5518 3548 5576 fortasse
3576 5518 3826 5591 Philippo

2221 5626 2351 5666 suos
2376 5611 2637 5669 adversus
2687 5611 2902 5669 Celsum
2938 5624 3115 5670 tomos
3143 5613 3430 5685 scripsisse
3458 5615 3670 5671 videtur
3698 5613 3822 5669 Ori-

2216 5721 2421 5778 genes;
2473 5722 2574 5763 nec
2620 5709 2764 5763 enim
2806 5709 2992 5771 στάσις
3025 5708 3111 5763 illa
3143 5714 3300 5779 cujus
3326 5709 3573 5764 meminit
3604 5723 3658 5778 p.
3692 5705 3819 5776 120,

2214 5798 2284 5855 ad
2309 5814 2479 5871 remp.
2512 5800 2794 5858 referenda
2822 5812 2907 5859 est
2933 5800 2951 5875 (
2975 5800 3092 5858 Lib.
3113 5818 3190 5871 ιιι,
3220 5802 3337 5857 adv.
3372 5798 3556 5872 Cels.),
3588 5809 3643 5856 ut
3669 5809 3823 5872 puta-

2217 5893 2293 5950 vit
2346 5894 2611 5970 interpres
2643 5940 2657 5965 ,
2710 5897 2807 5956 scd
2854 5898 2922 5956 ad
2959 5909 3136 5958 sectas
3189 5896 3368 5969 potius
3396 5894 3821 5959 christianoruut
