4018 6322
122 498 295 556 I17

1345 492 1431 549 DE
1469 482 1852 549 VISIONIBUS
1890 482 2360 547 PROPHETICIS.
2425 537 2432 552 .
3443 477 3511 541 I8

223 610 342 670 Jam
391 620 570 669 autem
611 613 788 688 χρόνῳ
840 613 1028 671 πλείονι
1070 610 1504 683 persecutionem
1538 606 1679 677 passi
1712 618 1816 658 non
1843 600 2029 672 Ajam
2080 613 2236 660 antea
2287 604 2518 661 futuram
2571 606 2924 665 intellexerat.
2976 608 3042 664 Et
3070 606 3286 680 quidem
3317 609 3407 665 illa
3448 609 3517 664 de

218 713 380 761 erant
419 704 742 767 christiani,
789 721 948 777 quam
1001 705 1165 759 etiam
1218 705 1378 760 πάλαι
1448 700 1613 755 fuisse
1661 697 1812 752 dicit.

219 796 462 867 Longam
492 797 635 852 illam
667 812 855 867 paCem
884 798 1104 852 omnino
1132 797 1394 852 deputare
1425 793 1636 848 videtur
1662 790 1817 861 cujus

217 891 467 947 meminit
491 890 794 963 Cyprianus
824 891 913 963 (de
931 888 1154 961 Laps.);
1189 888 1528 944 intervallum
1563 885 1814 940 nimirum

215 996 251 1039 a
304 983 681 1053 persecutione
722 983 909 1038 Severi
958 983 1025 1038 ad
1062 983 1208 1037 illam
1253 981 1424 1036 Decii.
1473 979 1585 1035 Hoc
1632 988 1811 1033 autem

214 1081 464 1144 tempore
490 1074 803 1145 prOphetica
832 1074 970 1130 dona
1002 1074 1141 1144 apud
1173 1074 1499 1129 christianos
1541 1071 1773 1143 viguisse
1798 1113 1814 1136 ,

217 1167 374 1222 testis
400 1167 516 1236 ipse
541 1178 624 1222 est
655 1166 725 1223 de
754 1181 854 1223 suo
877 1177 1121 1237 tempore
1147 1166 1252 1221 fide
1276 1165 1626 1237 dignissimus
1654 1204 1671 1231 ,
1722 1163 1813 1234 qui

211 1269 272 1315 et
341 1274 457 1316 rem
522 1274 737 1316 omnem
806 1260 1249 1331 proplteticorum
1305 1259 1570 1314 donorum
1631 1255 1815 1326 paucis

210 1350 467 1408 absolvit.
498 1350 628 1409 Οὔτε
658 1360 758 1409 τῶν
786 1361 878 1414 τῆς
904 1354 1126 1413 πίστεως
1159 1353 1429 1428 ἀλλοτρίων
1456 1348 1815 1427 παραπλήσιόν

208 1470 266 1505 τι
291 1456 400 1509 τοῖς
437 1452 722 1526 προφήταις
769 1452 1101 1512 πεποιήκασι,
1131 1445 1247 1503 οὔτε
1291 1450 1526 1521 νεώτεροι
1566 1447 1653 1499 καί
1682 1445 1816 1516 μετά

208 1547 305 1603 τὴν
330 1541 493 1602 Ἰησοῦ
522 1542 792 1615 ἐπιδημίαν
829 1544 1125 1618 ἱστόρηνται
1166 1544 1217 1597 ἐν
1241 1541 1499 1601 Ἰουδαίοις
1528 1542 1658 1600 τινὲς
1685 1561 1815 1616 προ-

210 1637 579 1711 φητεύσαντες.
609 1638 669 1691 τὸ
709 1637 810 1713 γὰρ
839 1634 979 1710 ἅγιον
1003 1641 1212 1708 πνεῦμα
1250 1635 1569 1707 ὡμολόγηται
1596 1635 1816 1694 ἐκείνους

206 1731 630 1787 καταλελοιπέναι
670 1729 1029 1790 ἀσεϐήσαντας
1061 1731 1131 1791 εἰς
1173 1730 1259 1785 τὸν
1296 1729 1422 1793 θεὸν,
1455 1728 1542 1781 καί
1569 1728 1656 1781 τὸν
1685 1746 1814 1801 προ-

205 1826 518 1901 φητευθέντα
565 1825 669 1879 ὑπὸ
714 1830 815 1879 τῶν
850 1823 976 1899 παρ’
1002 1823 1175 1883 αὐτοῖς
1202 1826 1470 1898 προφητῶν
1505 1819 1521 1889 (
1553 1816 1669 1872 Lib.
1717 1832 1812 1883 vn,

204 1936 266 1988 ν.
301 1916 433 1990 ⁸557)
468 1916 613 1972 Idem
648 1931 809 1986 supra
832 1915 899 1970 de
928 1914 1132 1970 Iudaeis
1160 1914 1404 1969 Justinus
1432 1922 1653 1982 martyr.
1686 1910 1815 1966 Per-

1922 698 2288 753 uttattimitatis
2312 699 2523 755 defectu
2554 700 2675 758 talis
2701 711 2816 756 erat
2836 703 3048 770 qualem
3073 702 3517 772 descripsitApo-

1919 791 2111 857 stultis,
2136 809 2236 862 qua
2289 794 2401 864 ipsa
2448 810 2662 866 qucque
2689 795 2930 850 eordinm
2968 798 3175 852 occulta
3230 796 3512 853 manifesta

1921 885 2295 942 redderentur.
2327 888 2450 943 Erat
2484 899 2538 943 et
2584 890 2686 944 alia
2733 891 2989 945 revelatio
3038 906 3197 960 quam
3250 890 3316 945 ad
3350 890 3513 945 mini-

1920 993 2066 1032 mum
2115 978 2368 1034 famulum
2404 980 2485 1050 (se
2528 997 2588 1036 ea
2620 981 2968 1051 proculdubio
3024 997 3158 1036 voce
3210 981 3514 1052 denotarat)

1921 1069 2226 1125 mandatam
2272 1073 2368 1136 ait,
2400 1071 2489 1126 dic
2531 1072 2628 1138 illi,
2656 1073 2847 1142 ittquit,
2893 1087 3114 1129 securus
3141 1075 3231 1140 sit,
3256 1074 3380 1145 quia
3411 1089 3512 1144 pax

1920 1170 2143 1217 ventura
2174 1168 2276 1218 θεῖ.
2307 1162 2422 1219 Jam
2447 1164 2605 1235 longe
2633 1165 2860 1221 aberant
2898 1181 2924 1218 a
2959 1166 3103 1236 pacis
3149 1181 3245 1237 spe
3274 1182 3394 1222 cum
3427 1167 3513 1221 illa

1920 1256 2180 1311 scriberet
2204 1255 2523 1328 Cyprianus.
2550 1257 2660 1314 Nec
2690 1269 2865 1315 tamen
2894 1260 3332 1315 dissimulandum
3360 1276 3517 1331 prop-

1922 1358 2070 1405 terea
2123 1350 2381 1416 credidit,
2432 1353 2561 1422 quin
2596 1353 2771 1421 potius
2818 1353 2986 1422 ipsam
3041 1352 3178 1407 hanc
3227 1352 3510 1423 epistolam

1921 1443 2084 1499 fuisse
2112 1444 2366 1499 fratribus
2386 1446 2686 1515 legendam.
2707 1446 2783 1501 Ita
2806 1456 3009 1502 certum
3034 1446 3101 1500 de
3129 1457 3323 1501 eventu
3348 1445 3515 1501 fuisse

1919 1546 2152 1602 constat,
2187 1536 2299 1591 fore
2331 1537 2678 1593 nihilominus
2707 1537 2848 1608 quod
2880 1540 3201 1609 promissum
3229 1547 3364 1593 erat.

1990 1628 2118 1685 Orta
2141 1630 2513 1700 persecutione
2536 1632 2781 1687 secessit.
2798 1632 2853 1687 Id
2875 1647 3087 1702 quoque
3120 1642 3174 1687 ιιι
3202 1632 3510 1704 Dionysium

1921 1719 2111 1777 lecisse
2140 1722 2494 1789 ostendimus,
2522 1724 2601 1779 sic
2646 1726 2754 1778 Deo
2803 1726 3003 1793 pariter
3047 1735 3270 1781 auctore
3300 1734 3515 1780 constat

1921 1814 2111 1869 fecisse
2125 1814 2472 1888 Cyprianum.
2489 1835 2509 1869 ‹
2524 1818 2583 1872 Et
2610 1817 2859 1885 audietis,
2879 1819 3072 1889 inquit,
3094 1817 3513 1889 omnia,quaudo

1918 1906 1984 1962 ad
2012 1922 2108 1961 vos
2150 1909 2401 1964 reducem
2437 1925 2523 1964 tne
2555 1911 2809 1965 Dominus
2842 1909 3047 1976 fecerit,
3076 1913 3165 1981 qui
3196 1921 3252 1964 ut
3279 1910 3506 1965 secede-

203 2009 286 2082 git
316 2018 493 2064 autem
525 2008 784 2077 Origenes
814 2025 828 2063 :
860 2017 1047 2080 Σημεῖα
1074 2007 1128 2064 δὲ
1175 2014 1268 2064 τοῦ
1319 2008 1465 2081 ἁγίου
1515 2009 1808 2081 πνεύματος

1924 2015 2024 2055 rem
2051 1999 2363 2075 jnssit(Ep.
2398 2002 2476 2071 x).
2523 2020 2544 2055 ι
2592 2000 2737 2057 Idem
2785 2004 2836 2056 in
2885 2018 2971 2072 ep.
3000 2019 3091 2067 xv,
3141 2002 3427 2072 multisque
3460 2001 3511 2055 in

203 2103 325 2160 κατ’
363 2105 541 2182 ἀρχὰς
585 2105 677 2176 μέν
719 2113 811 2164 τῆς
837 2100 1002 2162 Ἰησοῦ
1053 2099 1408 2163 διδασκαλίας,
1444 2102 1575 2173 μετά
1621 2097 1676 2153 δὲ
1723 2103 1814 2159 τὴν

202 2195 457 2268 ἀνάληψιν
485 2198 648 2252 αὐτοῦ
671 2196 876 2251 πλείονα
903 2193 1178 2254 ἐδείκνυτο,
1226 2192 1442 2268 ὕστερον
1469 2189 1523 2246 δέ
1541 2192 1809 2247 λάττοντα.

203 2289 337 2349 πλὴν
363 2293 450 2344 καί
468 2294 557 2343 νῦν
584 2287 660 2345 ἕίτι
686 2286 812 2361 ἴχνη
841 2290 980 2345 ἔστιν
1010 2290 1173 2343 αὐτοῦ
1198 2288 1323 2364 παρ’
1351 2288 1557 2360 ὀλίγοις.
1588 2288 1684 2347 τὰς
1711 2286 1813 2359 ψυ-

203 2385 321 2455 χὰς
340 2389 413 2455 τῷ
436 2381 569 2456 λόγῳ
588 2384 675 2436 καὶ
699 2389 814 2441 ταῖς
842 2379 953 2437 κατ’
973 2382 1128 2436 αὐτὸν
1153 2382 1373 2457 πράξεσι
1398 2381 1809 2456 κεκαθαρμένοις.

202 2472 363 2543 Quod
394 2487 492 2527 suo
523 2482 769 2541 tempore
799 2470 1022 2542 vestigia
1055 2470 1318 2525 duntaxat
1344 2469 1808 2539 superessedicat,

203 2567 277 2624 ad
324 2569 490 2637 prima
541 2566 626 2621 illa
650 2566 929 2621 christiani
979 2565 1157 2621 cultus
1183 2563 1473 2633 primordia
1521 2563 1573 2617 in
1616 2572 1812 2632 pente-

203 2668 360 2716 coste
388 2657 738 2730 proculdubio
790 2658 1048 2727 respexit,
1073 2665 1237 2727 utque
1266 2656 1434 2710 voluit
1474 2670 1597 2710 cum
1636 2654 1812 2710 chris-

201 2751 478 2807 tianorum
524 2750 784 2821 cujusque
828 2749 1036 2805 ordinis
1083 2749 1390 2804 communia
1435 2749 1563 2804 olim
1615 2748 1814 2804 fuerint

203 2843 313 2899 sub
338 2842 597 2914 apostolis
650 2842 787 2898 dona
818 2841 956 2909 haec,
996 2858 1115 2912 quae
1141 2842 1405 2908 diximus,
1459 2840 1772 2912 prOphetica
1794 2884 1808 2907 ,

200 2936 317 3010 jam
347 2937 633 2992 illustrium
672 2935 933 2992 duntaxat
969 2936 1234 3006 primique
1278 2934 1453 2990 meriti
1483 2934 1808 2989 christiano-

204 3045 330 3086 rum
364 3028 499 3085 facta
528 3044 649 3086 esse
678 3029 912 3100 prOpria.

283 3121 313 3193 §
341 3120 505 3177 I6.—
518 3120 811 3193 Benignum
825 3121 910 3176 hic
926 3120 1193 3191 praeberet
1209 3130 1578 3191 argumentum
1599 3120 1682 3175 vel
1705 3133 1809 3174 una

204 3213 303 3270 illa
347 3212 591 3282 Gregorii
620 3212 1002 3283 Thaumaturgi
1025 3256 1039 3278 ,
1072 3211 1315 3284 Origcnis
1345 3212 1612 3282 discipuli,
1648 3212 1752 3266 vita
1777 3227 1805 3265 a

204 3303 455 3378 Nysseno
476 3304 778 3374 conscripta
801 3321 815 3361 :
840 3304 894 3359 ni
916 3305 965 3358 id
998 3315 1289 3358 metuerem
1314 3318 1381 3358 ne
1408 3304 1654 3359 certioris
1683 3301 1805 3358 fidei

1917 2093 2159 2164 ejusdem
2204 2095 2310 2149 vita
2366 2094 2609 2151 Pontius.
2652 2095 2841 2167 Lapsis
2866 2111 3158 2165 pacem,eo
3186 2096 3511 2163 inconsulto,

1919 2195 2124 2242 temere
2152 2198 2532 2242 concesserant
2592 2187 2912 2260 presbyteri.
2943 2188 3017 2242 De
3067 2203 3133 2244 eo
3173 2188 3356 2251 etiam,
3387 2188 3514 2259 quid

1920 2279 2138 2346 faceret,
2188 2279 2353 2335 Deum
2402 2279 2583 2335 habuit
2636 2281 2956 2335 monitorem
2990 2298 3004 2337 :
3042 2298 3060 2332 t
3091 2279 3366 2351 Castigare
3413 2294 3516 2334 nos

1918 2373 2096 2443 itaque
2114 2372 2288 2427 divina
2304 2387 2531 2428 censura
2548 2388 2648 2429 nec
2670 2374 2916 2429 noctibus
2932 2376 3149 2439 desinit,
3173 2389 3273 2431 nec
3298 2374 3508 2430 diebus.

1920 2465 2124 2522 Pra-ter
2180 2476 2470 2522 nocturnas
2515 2467 2656 2522 enim
2706 2469 2963 2533 visiones,
3016 2483 3111 2538 per
3157 2469 3271 2522 dies
3299 2481 3516 2537 quoque

1922 2560 2177 2629 impletur
2203 2562 2343 2631 apud
2372 2578 2469 2617 nos
2492 2563 2694 2632 Spiritu
2723 2571 2907 2618 sancto
2936 2578 3221 2632 puerorum
3254 2562 3515 2617 innocens

1920 2662 2070 2719 atlas,
2098 2668 2219 2725 qua!
2247 2655 2299 2709 in
2317 2655 2491 2709 extasi
2524 2654 2664 2710 videt
2691 2656 2883 2723 oculis,
2915 2665 2971 2712 et
2995 2656 3162 2719 audit,
3196 2665 3250 2711 et
3276 2654 3518 2725 loquitur

1917 2748 2114 2817 quibus
2148 2763 2246 2802 nos
2275 2748 2534 2803 Dominus
2564 2765 2785 2804 monere
2812 2758 2866 2805 et
2912 2750 3175 2806 instruere
3202 2749 3505 2820 dignzttttt‘J

1916 2842 2163 2913 Quinque
2211 2843 2511 2914 presbyteri
2539 2844 2814 2913 lapsorum
2862 2845 3104 2914 patroni,
3131 2859 3265 2915 quas
3298 2842 3375 2898 illi
3399 2852 3513 2897 tur-

1918 2936 2020 2992 bas
2065 2936 2335 3003 dederint,
2364 2937 2564 3008 ubique
2593 2947 2803 2994 constat
2859 2952 2924 2993 ex
2954 2938 3196 3008 ejusdem
3245 2936 3509 3003 epistolis.

1915 3027 1973 3085 ld
2003 3030 2164 3086 etiam
2191 3031 2240 3085 ei
2284 3046 2314 3085 a
2346 3030 2570 3084 Domino
2614 3032 2817 3087 caelesti
2864 3032 3071 3086 visione
3116 3040 3272 3086 antea
3303 3029 3510 3084 revela-

1919 3132 2029 3177 ttittt
2063 3131 2166 3177 est.
2208 3140 2226 3174 ι
2262 3122 2606 3189 Persecutio,
2649 3123 2841 3192 inquit,
2875 3134 2959 3179 est
2991 3125 3105 3179 hare
3153 3123 3276 3185 alia.
3310 3132 3368 3177 et
3405 3122 3511 3178 alia

1916 3216 2179 3282 tentatio;
2210 3224 2263 3269 et
2294 3215 2528 3285 quinque
2578 3216 2661 3269 isti
2713 3215 3010 3287 presbyteri
3044 3216 3175 3270 nihil
3208 3215 3351 3270 aliud
3383 3224 3515 3270 sunt

1915 3322 2074 3376 quam
2122 3308 2357 3377 quinque
2413 3312 2675 3376 primores
2724 3307 2824 3371 illi,
2856 3309 2944 3377 qui
2977 3307 3155 3362 edicto
3183 3323 3353 3377 nuper
3397 3322 3509 3362 ma-

202 3401 574 3459 monumentis
623 3401 781 3456 fidem
835 3400 1195 3468 detraherem,
1220 3402 1263 3456 si
1310 3403 1593 3458 incertiora
1642 3402 1801 3458 etiam
1831 3401 1877 3463 Ε
1909 3400 2222 3471 gistratibus
2247 3399 2458 3455 fuerant
2486 3399 2716 3468 c0pulati
2746 3398 2874 3471 (Ep.
2904 3398 3017 3472 XL).
3071 3420 3090 3453 ›
3126 3401 3200 3455 Ita
3250 3399 3513 3455 intellexit

203 3507 607 3549 coacervarem.
640 3492 826 3549 Hausit
848 3494 936 3548 illa
962 3492 1235 3564 Nyssenus
1263 3509 1366 3549 non
1407 3510 1437 3551 e
1467 3496 1663 3552 coaevis
1692 3510 1807 3550 mo-

206 3586 507 3653 numentis,
563 3585 657 3640 sed
711 3600 840 3641 vero
872 3600 937 3640 ex
985 3586 1116 3641 orali
1155 3587 1472 3658 plerumque
1500 3587 1806 3654 traditione,

206 3692 315 3736 nec
340 3679 428 3733 illa
462 3680 679 3750 prepius
721 3695 879 3748 quam
907 3695 971 3734 ex
1004 3678 1178 3748 unius,
1206 3679 1271 3734 ad
1301 3682 1605 3747 minimum,
1638 3682 1810 3735 aetatis

206 3772 504 3828 intervallo
527 3770 774 3827 deducta.
810 3771 880 3826 Ea
908 3773 950 3825 si
979 3786 1158 3826 coram
1197 3774 1487 3842 accepisset
1512 3813 1527 3839 ,
1563 3787 1660 3827 nec
1686 3787 1801 3827 rem

209 3872 421 3935 gestam
443 3864 597 3919 aliter
616 3878 774 3932 quam
802 3871 951 3932 gesta
977 3873 1079 3931 est,
1114 3863 1405 3919 ratiociniis
1431 3864 1680 3919 nimirum
1701 3865 1813 3918 suis

207 3956 644 4027 conjectnriSque
669 3964 898 4020 auctam,
925 3958 1153 4026 posteris
1200 3965 1640 4027 repraesentasset
1659 3996 1673 4021 ,
1706 3970 1811 4010 non

207 4049 459 4105 viderem
474 4064 603 4104 sane
623 4063 720 4103 cur
738 4048 997 4121 Nysseno,
1012 4065 1107 4104 cur
1118 4049 1292 4104 cuivis
1309 4049 1543 4119 probatae
1562 4050 1682 4103 fidei
1698 4048 1814 4104 viro

208 4155 470 4198 assensus
514 4149 657 4196 esset
707 4141 1072 4212 denegandus.
1121 4140 1269 4195 Talia
1300 4153 1424 4195 sunt
1466 4152 1643 4195 autem
1695 4156 1816 4211 qua:

209 4235 481 4294 hactenus
511 4235 848 4306 protulimus,
878 4250 1104 4306 quaeque
1156 4236 1409 4304 deinceps
1459 4232 1812 4304 proferemus.

289 4326 318 4400 ς
349 4329 440 4384 I7.
462 4358 535 4369 -—
559 4328 737 4395 Quare
787 4327 1032 4398 suppleat
1056 4328 1171 4399 ejus
1208 4327 1383 4382 locum
1411 4326 1546 4381 alius
1574 4328 1691 4396 ejus
1717 4328 1816 4383 sub

210 4419 447 4490 Origene
498 4420 917 4491 condiscipulus,
961 4420 1244 4492 Dionysius
1274 4420 1693 4475 Alexandrinus.
1722 4420 1817 4477 Hic

211 4515 318 4571 sub
344 4514 506 4570 finem
541 4514 792 4586 Philippi,
820 4515 1101 4584 ingruente
1147 4513 1511 4579 Alexandriae,
1544 4512 1738 4583 papuli'
1762 4514 1815 4568 in

212 4607 545 4665 christianos
597 4605 904 4663 ferocientis
953 4607 1176 4677 impetu,
1213 4609 1606 4676 persecutione,
1634 4606 1817 4664 divino

213 4702 424 4757 monitu
472 4702 657 4773 fugere
697 4702 880 4772 jussus
928 4710 1030 4765 est,
1060 4702 1144 4757 cui
1190 4712 1243 4757 et
1274 4699 1410 4772 fugae
1436 4700 1577 4755 viam
1624 4710 1818 4771 praeter

1916 3501 2189 3563 recteque,
2248 3500 2306 3546 ut
2342 3491 2571 3559 videtur,
2602 3491 2877 3556 Pamelius
2927 3511 2941 3546 :
2980 3511 2998 3542 ι
3036 3490 3257 3547 Videtur
3280 3491 3409 3546 tuilti
3436 3492 3515 3546 al-

1915 3583 2102 3639 ludere
2143 3583 2210 3639 ad
2272 3584 2534 3640 visionem
2583 3584 2888 3654 quampiam
2944 3584 2996 3638 in
3048 3597 3151 3654 qua
3201 3583 3516 3654 apparuisse

1920 3680 2166 3736 videntur
2195 3694 2316 3735 cum
2366 3678 2769 3749 magistratibus
2809 3679 3044 3748 quinque
3106 3678 3392 3748 primores,
3423 3679 3515 3747 qtti

1917 3774 2150 3831 ediCtum
2174 3784 2361 3830 contra
2392 3775 2672 3845 episcopos
2701 3789 2805 3830 una
2838 3774 3191 3844 publicarent.
3228 3793 3248 3827 ι

1996 3865 2023 3937 ς
2055 3866 2141 3921 19.
2160 3897 2229 3906 —-
2259 3865 2561 3923 Secundam
2591 3865 2736 3920 illam
2767 3866 2847 3920 sui
2881 3867 3137 3936 temporis
3159 3866 3259 3920 sub
3279 3863 3434 3922 Gallo
3457 3876 3515 3922 et

1919 3957 2215 4012 Volusiano
2262 3957 2695 4029 persecutionem
2721 3958 2835 4029 jam
2882 3970 3039 4013 antea
3092 3974 3156 4013 ex
3185 3959 3513 4015 revelatione

1920 4050 2100 4104 divina
2130 4049 2451 4114 didicerant,
2478 4049 2655 4121 deque
2704 4066 2765 4106 ea
2796 4051 3049 4122 popttlum
3091 4051 3285 4107 litteris
3324 4052 3516 4107 etiam-

1921 4160 2049 4199 nttm
2097 4143 2410 4199 extantibus
2481 4143 2807 4199 monendum
2862 4145 3263 4200 existimarunt.
3315 4144 3391 4199 Ita
3449 4142 3517 4199 ad

1923 4236 2135 4307 plebem
2180 4235 2584 4292 Thibaritanatn
2635 4234 2935 4309 Cyprianus
2984 4255 2996 4289 :
3035 4255 3053 4290 ι
3087 4237 3219 4292 Nam
3251 4253 3372 4292 eum
3410 4237 3516 4291 Do-

1921 4328 2052 4382 tnini
2103 4329 2421 4383 inStruentis
2448 4327 2758 4399 dignatione
2798 4328 3116 4400 instigemur
3151 4330 3372 4400 smpius,
3398 4344 3518 4383 am-

1921 4421 2063 4492 plius
2091 4430 2145 4475 et
2170 4421 2579 4486 admoneamur,
2618 4421 2685 4477 ad
2712 4431 2945 4477 vestram
2987 4437 3202 4493 quoque
3230 4424 3518 4478 conscien-

1922 4515 2050 4570 tiam
2102 4515 2489 4572 admonitionis
2543 4526 2743 4572 nostra:
2791 4516 3207 4572 Sollicitudinem
3275 4516 3517 4588 perferre

1921 4605 2200 4663 debemus.
2230 4606 2382 4663 Scire
2405 4608 2548 4663 enim
2576 4608 2783 4664 debetis
2823 4617 2876 4664 et
2900 4623 2996 4679 pro
3026 4617 3176 4665 cet-to
3205 4609 3428 4664 credere
3452 4623 3516 4664 ac

1922 4709 2131 4768 tenere,
2149 4715 2434 4771 prtessurre
2460 4701 2600 4757 diem
2628 4717 2789 4773 super
2808 4710 2970 4773 caput
2989 4718 3108 4757 esse
3133 4703 3365 4772 cmpisse
3384 4702 3513 4776 (Ep.

214 4793 528 4865 opinionem
557 4796 786 4864 aperuit.
815 4793 890 4853 Ita
919 4795 988 4851 de
1020 4811 1079 4851 se
1131 4797 1245 4867 ipse
1271 4798 1324 4851 in
1355 4812 1447 4852 sua
1478 4798 1545 4851 ad
1595 4798 1817 4853 Germa-
1838 4796 1895 4857 D
1922 4792 2049 4863 LVI),
2069 4793 2441 4858 etc.iDeinde,
2471 4794 2654 4864 paucis
2688 4793 3015 4864 interpositis
3044 4811 3058 4847 :
3089 4813 3108 4846 ι
3134 4793 3241 4850 Nec
3269 4805 3519 4865 putemus

215 4904 346 4943 num
374 4889 599 4959 epismla
623 4905 639 4942 :
663 4891 994 4952 κελεύσαντος
1013 4911 1098 4963 μοι
1113 4900 1429 4964 μεταστῆναι
1452 4898 1545 4948 τοῦ
1565 4898 1714 4957 Θεοῦ,
1738 4893 1825 4947 καί

216 4984 530 5063 παραδόξως
559 4984 958 5047 ὁδοποιήσαντος
983 5027 999 5053 ,
1040 4992 1144 5039 etc.
1193 4985 1371 5053 (Apud
1414 4983 1626 5053 Euseb.,
1678 4984 1820 5039 Hist.

216 5079 429 5146 eccles.,
457 5094 533 5145 vt,
578 5078 698 5151 40).
734 5079 861 5134 lla-c
902 5093 1028 5133 vera
1071 5092 1209 5141 esse,
1269 5078 1434 5132 Dettm
1502 5078 1675 5147 ipsunt
1712 5088 1821 5132 tes-

218 5181 330 5229 tem
375 5175 607 5246 appellat
633 5192 647 5231 :
689 5178 789 5249 ἐγὼ
835 5174 890 5232 δὲ
920 5180 1007 5230 καί
1051 5177 1257 5231 ἐνώπιον
1284 5182 1377 5232 τοῦ
1405 5179 1539 5239 θεοῦ,
1554 5175 1707 5240 λαλῶ,
1738 5176 1826 5228 καί

219 5270 381 5330 αὐτὸς
426 5265 555 5324 οἶδεν
593 5264 673 5324 ὅτι
705 5270 765 5324 οὐ
812 5266 1067 5342 ψεύδομαι
1093 5283 1106 5296 ·
1172 5266 1287 5322 οὐδέ
1334 5271 1454 5340 μίαν
1493 5266 1573 5324 ἐπ’
1599 5269 1826 5339 ἐμαυτοῦ

221 5362 553 5439 βαλλόμενος.
584 5365 715 5418 ἀθεεὶ
752 5365 1035 5436 πεποίημαι
1078 5367 1168 5422 τὴν
1193 5367 1369 5437 φυγήν.
1396 5361 1532 5428 Quid
1556 5361 1641 5415 hic
1668 5360 1829 5415 facie-

221 5455 391 5510 mus?
418 5454 546 5509 Viro
571 5455 911 5511 sanctissimo
956 5470 1025 5510 ne
1054 5455 1232 5523 jurato
1253 5454 1467 5526 quidem
1501 5452 1829 5509 credemus?

299 5544 329 5615 §
354 5546 529 5602 I8.—
555 5545 637 5601 Ad
664 5546 776 5619 ipsa
795 5546 906 5617 jam
937 5545 1192 5618 Cypriani
1224 5555 1462 5616 tempora
1486 5544 1821 5609 devenimus,

226 5638 387 5712 cujus
411 5641 457 5695 si
488 5641 647 5696 unius
689 5640 992 5697 testimonia
1032 5640 1397 5705 consulamus,
1426 5654 1527 5695 nec
1549 5638 1652 5694 erit
1696 5650 1827 5694 sane

227 5733 377 5806 quod
403 5733 731 5802 dubitemus,
761 5734 925 5790 fuisse
953 5733 1186 5789 visiones
1213 5732 1451 5804 aliasque
1490 5730 1820 5803 prophetias,

232 5841 337 5885 nec
368 5827 532 5882 fuisse
553 5827 719 5882 etiam
748 5826 866 5882 illas
887 5826 1279 5883 veracissimas.
1314 5823 1372 5879 In
1400 5824 1500 5880 bac
1528 5825 1640 5896 ipsa
1662 5837 1822 5894 quam

237 5934 531 5981 tractamus
552 5920 780 5993 epistola
826 5921 1070 5979 meminit
1098 5917 1318 5976 visionis
1348 5918 1495 5990 prius
1536 5918 1695 5989 longe
1732 5930 1824 5971 os-

234 6035 407 6080 tensa:
428 6031 588 6091 quam
620 6025 909 6092 tempestas
934 6015 1197 6071 vastitatis
1219 6014 1362 6070 illius
1386 6011 1640 6081 oriretur,
1666 6024 1827 6081 quam

1925 4885 2051 4939 talia
2075 4899 2197 4941 esse
2212 4901 2332 4955 quae
2361 4886 2606 4949 veniunt,
2627 4887 2800 4956 qualia
2833 4886 3048 4940 ftterunt
3071 4886 3159 4942 illa
3191 4902 3310 4957 quae
3343 4899 3519 4944 trans-

1924 4977 2121 5032 ierunt.
2174 4976 2398 5032 Gravior
2445 4992 2586 5033 nunc
2612 4986 2665 5032 et
2716 4977 2944 5032 ferocior
2997 4994 3169 5049 pugna
3218 4979 3514 5045 imminet”

1925 5084 2031 5128 etc.
2052 5071 2259 5127 Rursus
2278 5071 2416 5127 idem
2430 5088 2550 5125 eum
2566 5071 2773 5144 synodo
2785 5071 3082 5143 Cyprianus
3095 5074 3159 5127 ad
3174 5073 3479 5129 Cornelium
3501 5088 3517 5125 :

1933 5183 1951 5216 ι
1988 5162 2093 5220 Sed
2125 5164 2266 5219 enim
2295 5179 2416 5219 cum
2444 5165 2719 5219 videamus
2758 5164 2898 5219 diem
2947 5181 3134 5220 rursus
3182 5166 3404 5221 alterius
3435 5166 3521 5220 in-

1927 5256 2232 5313 festationis
2273 5257 2702 5328 appmpinquare
2747 5258 2999 5328 coepisse,
3026 5266 3081 5311 et
3121 5258 3324 5312 crebris
3352 5267 3519 5328 atque

1929 5349 2161 5404 assiduis
2191 5349 2595 5404 ostensiouibus
2623 5350 3035 5415 admoneamur,
3067 5357 3125 5403 ut
3152 5348 3217 5403 ad
3244 5357 3523 5404 certamen

1926 5442 2068 5513 quod
2092 5441 2246 5499 nobis
2278 5441 2673 5509 hostisindicit,
2703 5443 2894 5498 armati
2919 5452 2974 5497 et
2996 5442 3162 5512 parati
3186 5441 3376 5505 simus,
3409 5442 3523 5512 ple-

1930 5535 2052 5592 bem
2076 5537 2236 5590 etiam
2261 5535 2417 5590 nobis
2434 5533 2505 5590 de
2518 5535 2697 5590 divina
2720 5535 3029 5607 dignatione
3041 5535 3406 5605 commissam,
3428 5550 3523 5592 ex~

1931 5627 2326 5685 ltortationibus
2358 5629 2559 5684 nostris
2583 5638 2977 5700 paremus,etc.
3009 5626 3133 5699 (Ep.
3167 5628 3333 5700 ιιν).»
3368 5629 3526 5686 Ροει-

1931 5737 1994 5778 ea
2016 5739 2028 5776 :
2056 5722 2574 5794 «Obtemperandum
2591 5730 2676 5777 est
2697 5737 2927 5792 namque
2938 5722 3337 5778 ostensionibus
3359 5733 3523 5792 atque

1931 5816 2385 5874 admonitionibus
2431 5817 2607 5886 iustis,
2640 5825 2699 5871 ut
2740 5833 2770 5871 a
2804 5814 3107 5887 pastoribus
3134 5830 3263 5872 oves
3295 5816 3346 5870 in
3380 5818 3519 5885 peri-

1932 5910 2054 5967 culo
2085 5926 2190 5967 non
2217 5909 2560 5977 deserantur,
2589 5919 2696 5963 etc.
2733 5927 2750 5962 ι
2788 5909 2995 5964 Rursus
3026 5927 3038 5962 :
3078 5907 3316 5964 «Placuit
3343 5906 3522 5972 nobis,

1934 6007 2139 6079 Spiritu
2192 6014 2380 6061 sancto
2425 6012 2750 6074 suggerente
2798 6009 2853 6060 et
2881 6001 3113 6061 Domino
3149 6016 3249 6073 per
3277 6000 3521 6059 visiones
