4018 6294
525 389 598 451 19

1502 375 1873 436 DODWELLI
1911 374 2294 434 DISSERTAT
2299 376 2364 434 10
2415 375 2828 434 CYPRIANICA

3769 373 3853 431 20

527 505 731 564 multas
771 509 828 559 et
854 497 1170 557 manifestas
1217 492 1546 551 admonente
1573 490 1700 563 quia
1749 490 1922 546 hostis
1975 489 2132 548 nobis
2159 495 2213 559 Α
2239 501 2362 564 post
2407 501 2658 548 exactum
2705 505 2906 549 annum
2955 495 3274 548 coronatum
3328 501 3454 546 esse
3491 485 3656 546 tradi;
3689 486 3862 546 Ροη..

527 599 818 659 imminuere
845 590 1238 666 prmnuntiatur
1266 595 1321 644 et
1355 584 1684 650 ostenditur,
1712 584 1973 656 colligere
1995 585 2136 640 intra

535 702 714 754 castra
743 689 942 746 milites
971 684 1174 742 Christi
1201 725 1216 749 ,
1241 691 1345 737 etc.
1388 699 1407 733 ι
1435 679 1554 735 Non
1609 677 1832 734 credent
1879 678 1994 734 haec
2023 676 2134 735 for-

535 797 681 842 tasse
706 781 872 838 athei.
904 779 1010 836 Sed
1065 775 1196 848 quid
1244 774 1444 830 habent
1471 788 1576 844 quo
1603 773 1781 827 minus
1825 771 1932 827 fide
1975 771 2137 839 digna

537 894 659 936 esse
701 871 1007 932 censeant?
1048 869 1298 926 Visiones
1329 865 1417 922 hic
1472 866 1753 932 habemus,
1785 880 1891 920 non
1941 864 2139 921 multas

534 969 720 1036 modo,
761 967 858 1022 sed
901 975 957 1021 et
1005 961 1354 1027 manifestas;
1387 974 1486 1014 nec
1537 958 1656 1014 illas
1709 966 1833 1029 post
1886 967 2138 1014 eventum

535 1062 816 1128 conﬁctas,
847 1057 943 1114 sed
995 1070 1126 1111 vero
1171 1061 1329 1109 antea
1387 1051 1810 1122 praenuntialas,
1839 1061 2142 1121 eventuque

539 1156 917 1230 comprobatas
947 1169 962 1217 ;
997 1165 1100 1206 nec
1129 1148 1179 1204 id
1211 1149 1438 1203 obscura
1463 1145 1657 1216 privati
1687 1145 1986 1215 cujuspiam
2014 1145 2139 1214 fide,

425 1289 437 1303 ι
534 1255 628 1312 sed
657 1249 850 1325 synodi
878 1245 1042 1302 totius
1061 1243 1438 1299 consentiente
1451 1239 1727 1308 suffragio,
1747 1239 2142 1310 manSurisque,

538 1349 584 1405 si
630 1344 780 1402 falsae
827 1341 1093 1404 fuissent,
1127 1337 1180 1391 in
1217 1335 1298 1390 rei
1350 1333 1669 1388 memoriam
1699 1333 1922 1387 aeternis
1949 1348 2143 1387 monu-

540 1438 768 1504 mentis,
795 1434 1119 1506 scriptisque
1163 1427 1509 1500 consignatas
1533 1425 1672 1490 sole,
1703 1434 1761 1480 ut
1782 1425 2144 1498 Hieronymus

543 1536 640 1603 ait,
664 1528 1020 1590 clarioribus;
1053 1541 1159 1580 non
1187 1522 1344 1579 video
1369 1519 1499 1592 quid
1531 1528 1794 1590 praeterea
1833 1519 1973 1574 velle
2016 1533 2144 1590 pos-

543 1636 666 1684 sent
695 1623 762 1679 ad
792 1637 904 1678 rem
935 1618 1063 1675 facti
1093 1612 1578 1686 comprobandam,
1609 1613 1654 1669 si
1685 1611 1846 1667 modo
1892 1627 1958 1667 ex
1990 1626 2146 1682 mque

537 1718 784 1794 judicare
807 1714 1034 1782 vellent,
1065 1725 1168 1767 nec
1216 1707 1381 1764 ﬁdem
1412 1719 1638 1778 prorsus
1665 1721 1882 1763 omnem
1913 1705 2146 1761 homini-

541 1814 646 1870 bus
668 1811 951 1878 derogare.

621 1904 650 1976 ς
671 1903 765 1958 20.
779 1899 1016 1958 —Adeo
1043 1897 1344 1953 familiares
1359 1893 1633 1968 Cypriane
1653 1901 1810 1949 erant
1835 1889 2149 1972 hujusmodi

537 1997 800 2063 visiones,
832 2005 890 2050 ut
919 1993 973 2047 in
1019 1989 1321 2062 disciplina:
1365 1987 1530 2044 etiam
1573 1984 1958 2042 ecclesiastica:
1989 1999 2144 2039 exer-

539 2092 670 2151 citio
701 2091 822 2146 illas
874 2085 1167 2158 acceperit,
1214 2085 1457 2155 aliasque
1513 2081 1774 2151 deinceps
1807 2086 2142 2150 expectaret.

541 2185 619 2243 Ita
645 2185 738 2240 ille
765 2183 834 2238 de
858 2179 1136 2236 Florentio
1166 2177 1426 2248 Pupiano,
1451 2173 1568 2230 fore
1594 2191 1614 2226 ι
1647 2173 1692 2228 si
1724 2171 2041 2244 plenissime
2063 2185 2150 2224 sa-

539 2277 830 2334 tisfecisset
876 2284 933 2329 ut
958 2267 1460 2328 communicationis
1507 2266 1626 2337 ejus
1671 2273 1895 2337 possent
1946 2263 2148 2320 habere

540 2374 807 2431 rationem
837 2374 1092 2426 manente
1114 2376 1316 2430 tamen,
1341 2361 1513 2436 inquit
1533 2359 1660 2432 (Ep.
1694 2356 1865 2432 thx),
1890 2357 2030 2430 apud
2050 2374 2148 2414 nos

543 2468 738 2525 divinae
766 2455 1024 2522 censura?
1054 2468 1305 2530 reSpeetu
1335 2466 1390 2513 et
1417 2465 1586 2522 metu;
1609 2464 1665 2510 ut
1686 2455 1837 2526 prius
1861 2453 2146 2509 Dominum

541 2574 724 2618 meum
753 2556 1127 2613 consulam'an
1170 2551 1263 2607 tibi
1293 2564 1480 2620 pacem
1521 2547 1640 2602 dari
1665 2588 1679 2615 ,
1711 2554 1766 2602 ct
1795 2555 1847 2602 te
1891 2545 1960 2600 ad
1988 2560 2142 2601 com-

441 2671 448 2676 '
543 2651 969 2709 municationem
1018 2645 1275 2702 Ecclesia:
1313 2658 1423 2698 suae
1451 2640 1664 2696 admitti
1713 2655 1810 2695 sua
1837 2640 2151 2696 ostensione

544 2757 600 2804 et.
653 2743 1022 2802 admonitione
1071 2740 1367 2812 permittat.
1417 2733 1634 2791 Memini
1691 2733 1834 2790 enim
1867 2732 1994 2804 quid
2036 2732 2149 2804 jam

544 2839 680 2897 mihi
710 2839 779 2894 sit
810 2850 1113 2901 oStcnsum,
1139 2835 1304 2889 immo
1326 2829 1452 2901 quid
1483 2842 1643 2884 servo
1659 2827 1978 2897 obsequenti
1997 2835 2053 2882 et
2079 2825 2148 2882 ti-

551 2929 717 2986 menti
750 2929 820 2985 de
849 2927 1028 2982 divina
1056 2933 1110 2979 et
1140 2920 1410 2978 dominica
1436 2919 1758 2974 auctoritate
1781 2926 2109 2988 praeceptum
2133 2933 2149 2982 ;

553 3028 644 3100 qui
679 3027 818 3081 inter
847 3033 1042 3078 caetera
1083 3035 1205 3090 quae
1235 3015 1526 3073 ostendere
1554 3023 1609 3068 et
1638 3012 1879 3068 revelare
1901 3011 2152 3083 dignatus

542 3129 625 3176 est
647 3126 703 3174 et
730 3118 846 3174 haec
864 3115 1069 3171 addidit
1092 3111 1281 3183 (verba
1305 3119 1462 3166 erant
1489 3107 1844 3179 proculdubio
1863 3105 2068 3163 Christi
2097 3106 2150 3161 in

545 3213 756 3268 visione
790 3226 911 3282 quae
942 3203 1237 3278 subjungit)
1271 3204 1449 3274 itaque
1481 3203 1569 3273 qui
1602 3201 1818 3256 Christo
1845 3216 1952 3256 non
1977 3199 2149 3256 credit

548 3304 886 3363 sacerdotem
917 3301 1159 3362 facienti,
1191 3310 1373 3369 postea
1423 3296 1649 3351 credere
1689 3295 1877 3366 incipit
1901 3296 2149 3351 sacerdo-

545 3407 655 3454 tem
697 3395 1008 3451 vindicanti.
1052 3413 1070 3446 ι
1108 3391 1184 3447 Ita
1233 3399 1388 3445 erant
1426 3387 1738 3460 frequentes
1765 3404 1827 3444 ea
1874 3398 2033 3444 aetate
2072 3389 2157 3444 di-

547 3490 690 3546 vinze
728 3487 1109 3552 revelationes,
1145 3493 1198 3538 ut
1226 3498 1292 3536 ne
1325 3481 1392 3538 de
1417 3479 1774 3551 resipiscente
1803 3481 2020 3552 quidem
2052 3481 2157 3538 Pn-

553 3583 717 3654 piano
746 3578 988 3650 polliceri
1015 3576 1242 3632 auderet
1269 3575 1397 3646 quid
1421 3583 1565 3628 esset
1593 3582 1913 3641 statuturus,
1933 3575 2157 3632 ncaliud

557 3675 790 3730 fortasse
821 3688 850 3727 a
883 3671 992 3726 Deo
1031 3670 1332 3740 juberctur,
1368 3676 1424 3722 ut
1453 3666 1618 3721 Deum
1662 3667 1889 3738 proinde
1925 3669 2155 3739 primum

554 3769 808 3822 innueret
837 3781 958 3820 esse
985 3763 1403 3830 consulendum,
1436 3769 1494 3816 ut
1522 3761 1737 3817 tandem
1769 3762 1865 3817 Dei
1894 3762 1948 3817 in
1976 3762 2158 3818 rebel-

550 3860 659 3916 lem
684 3875 900 3929 poenam
933 3864 1268 3928 expectaret,
1305 3855 1468 3910 talem
1501 3855 1656 3924 plane
1685 3857 1900 3926 qualem
1933 3867 2154 3927 aposto-

549 3953 778 4007 licarum
809 3963 1163 4006 censurarum
1200 3947 1455 4003 comitem
1502 3945 1668 4002 fuisse
1713 3948 1855 4018 apud
1881 3947 2072 4004 doctos
2103 3949 2158 4005 in

551 4043 810 4100 confesso
860 4051 962 4098 est.
998 4040 1200 4097 lterum
1255 4039 1325 4094 de
1357 4023 1688 4111 presbyteris
1717 4039 1832 4111 qui,
1863 4055 1922 4096 se
1970 4041 2157 4097 incon-

553 4139 720 4204 sulto,
753 4137 916 4208 lapsis
971 4135 1510 4192 communicaverant
1540 4177 1555 4204 ,
1619 4153 1640 4186 ι
1675 4145 1818 4203 utar,
1848 4135 2061 4206 inquit,
2093 4151 2156 4191 ea

551 4231 921 4287 admonitione
949 4270 966 4297 ,
1004 4243 1108 4299 qua
1140 4242 1228 4283 me
1274 4227 1539 4283 Dominus
1587 4226 1781 4297 jubet,
1834 4235 1892 4283 ut
1939 4228 2154 4286 interim

554 4326 948 4401 prohibeantur
973 4323 1320 4391 oll'erre,etc.
1346 4321 1474 4392 (Ep.
1505 4319 1587 4394 κ).
1632 4339 1654 4374 ι

627 4420 656 4494 §
683 4421 776 4476 ‘31.
799 4449 868 4460 —-
889 4417 965 4472 lta
995 4424 1208 4472 constat
1234 4411 1500 4486 gravioris
1522 4413 1782 4470 momenti
1803 4413 2002 4481 omnia,
2032 4430 2154 4486 qua:

552 4517 771 4590 quidem
819 4514 1090 4587 publicum
1138 4510 1398 4566 Ecclesia:
1447 4498 1648 4566 statum
1677 4509 1996 4578 attinerent,
2029 4525 2154 4568 esse

553 4607 862 4668 istiusmodi
916 4604 1210 4662 visionibus
1262 4601 1542 4674 praedicta.
1611 4602 1933 4673 Designatus
1991 4613 2076 4658 est
2124 4618 2154 4658 a

2243 587 2369 652 tius,
2393 602 2502 658 quo
2545 587 2646 642 hoc
2669 587 2744 642 illi
2770 595 2898 643 ante
2922 598 3124 642 annum
3153 583 3327 640 fuerat
3352 591 3631 642 ostensum
3653 581 3865 652 (Pent.

2238 679 2295 734 in
2330 677 2448 733 Vita
2475 675 2767 752 Cypriani).
2795 675 2935 747 Quid
2961 675 3048 732 hic
3085 673 3440 731 dubitamus?
3473 673 3548 730 De
3577 673 3808 730 somnio
3836 674 3864 729 ?

2244 773 2316 831 At
2337 789 2365 828 a
2400 773 2674 848 Cypriane
2707 774 2824 846 ipso
2865 771 3053 827 habuit
3074 769 3304 826 Pontius
3326 769 3657 826 domesticus
3685 779 3871 839 atque

2254 868 2406 925 exilii
2435 884 2639 924 comes.
2675 869 2750 924 De
2777 867 3005 924 Pontio?
3036 866 3104 923 At
3141 865 3252 938 jam
3285 875 3411 922 ante
3437 865 3681 938 martyrii
3711 863 3874 920 diem

2247 962 2502 1018 omnibus
2536 963 2868 1027 innotuerat,
2898 971 2955 1016 ut
2985 975 3053 1016 ne
3096 959 3224 1032 quid
3253 957 3482 1016 Pontius
3512 959 3877 1016 comminisci

2249 1069 2434 1128 posset
2459 1059 2504 1114 si
2535 1058 2620 1112 vel
2648 1057 2880 1116 maxime
2909 1055 3190 1112 voluisset.
3215 1074 3234 1108 ι
3268 1055 3446 1111 Medio
3463 1056 3630 1123 enim,
3659 1055 3874 1126 inquit,

2256 1159 2503 1221 tempore
2531 1150 2816 1206 imminens
2843 1148 3025 1220 passio
3063 1163 3159 1219 pro
3179 1157 3329 1204 certo
3351 1147 3421 1203 ab
3440 1147 3692 1204 omnibus
3723 1147 3884 1204 scie-

2247 1242 2410 1300 batur
2439 1241 2646 1316 (Pont.,
2679 1241 2797 1310 ib.).
2830 1261 2850 1298 ›
2877 1241 3016 1311 Quid
3065 1241 3210 1313 quod
3237 1239 3330 1296 illa
3362 1239 3594 1296 ediderit
3633 1239 3880 1296 Pontius

2255 1351 2366 1408 quo
2399 1343 2646 1408 tempore
2692 1335 2801 1406 jam
2848 1349 3040 1392 recens
3087 1343 3202 1390 erat
3247 1333 3502 1406 Cypriani
3551 1333 3878 1399 memoria;

2251 1445 2360 1501 quo
2381 1430 2534 1486 multi
2559 1429 2736 1485 adhuc
2764 1437 3116 1500 superessent
3143 1427 3397 1500 Cypriani
3431 1427 3616 1483 hostes
3633 1427 3727 1500 qui
3769 1441 3880 1481 no-

2252 1521 2388 1579 mini
2416 1522 2533 1594 ejus
2564 1530 2748 1578 essent
2797 1520 3016 1582 infensi.
3042 1521 3294 1590 gentiles,
3319 1519 3475 1594 lapsi,
3506 1517 3711 1584 tantuli,
3762 1517 3881 1590 ipsi

2252 1615 2416 1673 etiam
2472 1613 2735 1671 haeretici.
2772 1613 2956 1669 Hosne
3008 1613 3171 1686 igitur
3225 1611 3593 1678 indormiisse,
3626 1609 3880 1684 factique

2253 1707 2556 1776 historiam,
2586 1708 2634 1764 si
2677 1707 2808 1764 falsa
2847 1717 3025 1776 esset,
3050 1716 3156 1764 tam
3185 1706 3419 1764 refutatu
3452 1705 3684 1770 facilem,
3711 1721 3873 1778 prte-

2257 1803 2628 1868 termissuros,
2665 1811 2855 1871 putant
2884 1815 3004 1856 esse
3049 1799 3386 1856 verisimile?
3419 1799 3492 1854 De
3521 1799 3720 1856 somnii
3761 1801 3876 1854 ita-

2178 1901 2226 1966 B
2253 1911 2359 1967 que
2387 1895 2492 1952 fide
2512 1896 2536 1950 ?
2556 1895 2718 1968 Atqui
2745 1895 2895 1950 illam
2937 1894 3420 1971 manifestissimus.
3454 1895 3712 1966 omnique
3763 1908 3872 1949 ex-

2255 1990 2506 2060 ceptione
2563 1988 2737 2059 major
2774 1988 3150 2059 comprobavit
3214 1997 3463 2043 eventus.
3517 1986 3872 2057 Quamquam

2254 2095 2387 2154 ergo
2407 2079 2711 2138 defuissent
2759 2079 2852 2135 illa
2875 2121 2889 2145 ,
2921 2094 3042 2152 quae
3084 2078 3316 2134 vidimus
3341 2078 3409 2136 de
3445 2077 3716 2136 visionum
3764 2093 3875 2136 usu

2255 2176 2356 2230 alia
2393 2185 2499 2230 tam
2549 2175 2756 2231 diserta
2804 2174 3136 2238 testimonia,
3168 2173 3299 2245 ipsa:
3352 2183 3533 2231 tamen
3579 2172 3681 2229 sibi
3708 2188 3878 2228 com-

2257 2265 2556 2338 probandis
2581 2267 2666 2323 vel
2698 2266 2827 2324 solae
2869 2264 3214 2324 suffecissent
3243 2266 3567 2340 cyprianicze
3588 2307 3604 2334 ,
3659 2266 3879 2338 totique

2260 2358 2399 2415 adeo
2429 2360 2607 2414 cultus
2634 2358 2915 2414 christiani
2937 2373 3116 2415 causae
3146 2358 3612 2415 commendandae.

2328 2451 2358 2526 §
2385 2452 2476 2507 22.
2505 2483 2578 2494 —
2602 2451 2820 2509 Ultimis
2861 2450 3117 2525 Cypriani
3147 2453 3514 2523 temporibus,
3549 2452 3878 2523 pontificatu

2259 2548 2516 2605 nimirum
2569 2547 2727 2620 Xysti
2750 2589 2764 2612 ,
2789 2547 2881 2606 ille
2910 2549 3066 2618 cujus
3096 2563 3257 2621 supra
3289 2549 3636 2606 meminimus
3665 2549 3878 2623 Diony-

2261 2644 2376 2700 sius
2423 2643 2844 2710 Alexandrinus,
2876 2645 3102 2700 visionis
3133 2645 3378 2701 meminit
3405 2660 3510 2716 qua
3553 2643 3757 2700 factum
3787 2647 3876 2702 di-

2259 2737 2334 2792 cit
2358 2744 2420 2791 ut
2445 2735 2497 2790 in
2540 2735 2928 2791 haereticorum
2957 2735 3216 2792 librorum
3244 2735 3477 2792 lectione
3507 2737 3874 2794 confirmare-

2261 2835 2371 2883 tur.
2402 2827 2479 2882 lta
2507 2828 2651 2883 enim
2680 2827 2868 2882 scribit
2895 2827 2948 2884 in
2977 2829 3206 2899 epistola
3237 2827 3305 2883 ad
3336 2828 3715 2885 Philemonem
3768 2831 3876 2888 Ec-

2258 2913 2438 2967 clesiae
2466 2928 2704 2968 romanae
2737 2914 3110 2986 presbyterum
3145 2931 3158 2968 :
3189 2913 3363 2994 ὅραμα
3388 2915 3706 2989 θεόπεμπτον
3737 2939 3876 2996 προ-

2257 3009 2428 3066 σελθὸν
2450 3009 2712 3086 ἐπέῥρωσέ
2739 3030 2825 3081 με,
2855 3011 2941 3064 καί
2981 3009 3126 3083 λόγος
3163 3009 3296 3088 πρὸς
3329 3029 3392 3082 με
3417 3010 3702 3084 γενόμενος,
3735 3032 3872 3090 προ-

2255 3108 2436 3173 σέταξε
2464 3105 2742 3183 διαρῥήδην
2769 3106 2941 3180 λέγων’
2975 3111 3136 3163 πᾶσιν
3177 3109 3464 3180 ἐντύγχανε
3491 3102 3563 3169 οἷς
3589 3101 3650 3162 ἂν
3675 3116 3875 3184 χεῖρας

2256 3201 2452 3268 λάϐοις,
2481 3199 2749 3261 διευθύνειν
2788 3208 2890 3275 γὰρ
2919 3199 3117 3257 ἕκαστα
3150 3204 3236 3257 καὶ
3279 3199 3566 3273 δοκιμάζειν
3592 3201 3764 3264 ἱκανὸς
3804 3197 3871 3266 εἷ,

2178 3294 2224 3358 C
2257 3297 2343 3348 καὶ
2368 3315 2452 3348 σοι
2475 3294 2648 3368 ’γέγονε
2698 3299 2853 3350 τοῦτο
2891 3295 2944 3354 ἐς
2993 3295 3170 3366 ἀρχῆς
3218 3295 3307 3348 καί
3329 3300 3423 3354 τῆς
3449 3296 3676 3357 πίστεως
3703 3292 3872 3350 αἴτιον

2264 3385 2388 3457 (Ap.
2414 3383 2633 3452 Euseb.,
2669 3385 2806 3440 Hist.
2839 3385 3046 3453 ποίεε..
3074 3401 3172 3453 vit,
3205 3385 3283 3456 7).
3328 3386 3412 3440 Ab
3436 3387 3629 3441 horum
3664 3386 3873 3459 Diony-

2260 3481 2327 3538 sii
2359 3489 2663 3552 temporum
2697 3480 2803 3537 ﬁne
2849 3495 3070 3535 suorum
3102 3489 3404 3550 temporum
3435 3480 3646 3535 initium
3673 3494 3869 3536 arces-

2261 3583 2333 3636 sit
2371 3579 2636 3635 Emebius
2663 3577 2829 3654 (Hist.
2859 3577 3066 3644 eccles.,
3097 3593 3189 3640 vit,
3222 3575 3336 3649 52).
3368 3575 3470 3644 Qui
3505 3591 3627 3633 cum
3678 3577 3784 3632 hoc
3815 3577 3868 3632 in

2262 3689 2358 3730 sua
2388 3674 2612 3729 historia
2640 3681 2824 3728 notatu
2867 3671 3086 3744 dignum
3119 3672 3354 3736 duxerit,
3385 3687 3664 3742 quousque
3693 3670 3870 3728 dono-

2262 3782 2380 3823 rum
2430 3766 2875 3839 propheticorum
2933 3765 3210 3822 successio
3241 3765 3618 3836 permanavit;
3651 3764 3702 3820 id
3731 3780 3868 3822 sane

2261 3862 2436 3918 innuit
2475 3877 2574 3916 suo
2601 3861 2711 3932 jam
2759 3872 3002 3932 tempore
3025 3861 3171 3917 illam
3201 3859 3484 3916 defecisse.
3520 3861 3693 3931 Atque
3721 3859 3865 3916 adeo

2261 3965 2382 4028 post
2407 3955 2751 4013 Constantini
2785 3964 3029 4026 tempora
3059 3955 3293 4026 primum
3322 3971 3351 4010 a
3373 3955 3686 4012 doctoribus
3704 3971 3862 4026 quaa-

2261 4051 2364 4108 sita
2392 4061 2475 4106 est
2502 4050 2645 4107 illius
2671 4048 2914 4106 defectus
2939 4051 3078 4105 ratio
3103 4065 3425 4120 quamquam
3451 4065 3520 4105 ne
3547 4049 3616 4104 ita
3639 4049 3862 4120 quidem

2261 4144 2630 4202 omnimodam
2664 4159 2852 4200 eorum
2876 4142 3236 4198 defectionem
3266 4144 3602 4214 agnoverint.
3627 4143 3694 4196 At
3717 4140 3862 4197 Con-

2261 4239 2498 4295 stantino
2549 4236 2908 4306 antiquiorem
2967 4235 3240 4292 neminem
3299 4233 3466 4290 fuisse
3496 4245 3624 4304 puto
3653 4235 3745 4305 qui
3771 4233 3862 4290 illa

2260 4331 2528 4390 defecisse
2547 4329 2876 4396 crediderit;
2901 4327 3102 4384 nedum
3125 4337 3184 4383 ut
3207 4327 3275 4384 de
3303 4325 3622 4384 defectionis
3649 4327 3864 4384 ratione

2261 4423 2609 4482 laborandum
2641 4438 2764 4480 esse
2792 4431 3061 4479 censeret.

2335 4517 2363 4590 §
2391 4517 2482 4573 2'5.
2511 4545 2584 4558 -—
2610 4516 2708 4572 Est
2735 4525 2790 4572 et
2813 4515 2942 4571 illud
2973 4511 3535 4577 animadvertendum,
3559 4510 3704 4583 quod
3731 4525 3866 4569 sane

2258 4611 2326 4668 ad
2344 4612 2610 4666 visionem
2639 4610 2784 4666 illius
2810 4609 2992 4665 smculi
3020 4606 3547 4664 commendationem
3571 4605 3866 4676 plurimum

554 4706 826 4778 Cypriano
855 4701 1026 4759 lector
1050 4697 1338 4755 Celerinus
1367 4695 1650 4752 confessor
1681 4693 1808 4768 (Ep.
1849 4694 2062 4770 xxxrv).
2102 4696 2228 4762 ISD
2256 4705 2415 4769 facit,
2467 4718 2795 4775 quamquam
2860 4710 3021 4758 noctu
3094 4709 3277 4755 essent
3324 4697 3845 4768 dormientibusque,

473 4795 488 4806 ’
557 4807 745 4854 contra
777 4811 874 4866 pro
906 4793 1210 4850 humilitate
1251 4805 1347 4846 sua
1369 4805 1494 4846 cum
1538 4790 1850 4846 consentire
1879 4789 2153 4846 dubitaret

554 4891 836 4956 Ecclesiae,
870 4888 963 4942 Dei
993 4887 1160 4956 ipsius
1187 4885 1464 4940 admonitu
1491 4893 1546 4940 et
1577 4881 1797 4938 hortatu
1853 4883 1903 4936 in
1946 4883 2154 4940 visione

557 5001 654 5060 per
685 4991 898 5039 noctem
949 4979 1262 5050 compulsus
1300 4987 1383 5032 est
1428 4990 1499 5032 ne
1537 4985 1777 5048 negaret.
1819 4975 1932 5032 Nec
1967 4976 2156 5034 deerat

553 5095 661 5152 quo
686 5077 755 5132 de
799 5073 1057 5157 martyrio
1083 5085 1183 5126 suo
1225 5070 1462 5126 monitus
1515 5080 1598 5125 est
1643 5071 1726 5125 vir
1754 5071 2150 5140 sanctissimus,

555 5172 827 5228 sonmium
883 5166 1100 5238 quidem
1145 5163 1300 5229 illud,
1348 5161 1444 5218 sed
1501 5162 1902 5234 propheticum,
1938 5173 1994 5220 et
2024 5179 2157 5222 sane

556 5259 1078 5320 manifestissimum.
1133 5257 1252 5324 Quo
1297 5255 1532 5326 primum
1561 5253 1650 5310 die
1701 5254 1756 5310 iu
1808 5255 1956 5312 exilii
1983 5255 2154 5314 Curu-

555 5356 726 5414 bitani
752 5358 869 5410 loco
903 5352 1121 5419 mansit,
1149 5364 1298 5405 mors
1325 5349 1444 5420 ejus
1469 5347 1766 5421 etquidem
1797 5348 1975 5420 ipsum
2007 5367 2154 5408 tuar-

560 5449 684 5520 tyrii
716 5461 887 5519 genus
918 5443 1233 5516 prophetico
1263 5440 1512 5514 symbolo
1566 5450 1950 5511 repraesentata
2003 5451 2150 5499 sunt.

555 5539 653 5594 llic
699 5535 1011 5594 dilationem
1057 5535 1217 5590 unius
1260 5533 1368 5590 dici
1403 5533 1556 5605 petiit
1608 5534 1946 5604 accepitque,
1978 5534 2152 5590 donec

556 5647 648 5688 res
687 5644 812 5684 suas
853 5630 1088 5700 legitima
1132 5626 1474 5685 ordinatione
1523 5627 1860 5697 disponeret,
1893 5625 2151 5683 Ecclesiae

557 5721 805 5779 fortassis
835 5720 970 5774 illas.
1005 5721 1126 5776 Dies
1178 5721 1269 5776 ille
1317 5734 1413 5791 pro
1444 5717 1698 5774 idiomatc
1731 5717 1965 5772 Dauielis
1991 5729 2152 5791 atque

554 5814 962 5890 Apocalypseos
1014 5813 1328 5885 prophetico
1398 5825 1598 5866 annum
1651 5811 1702 5866 da
1722 5809 1989 5882 signabat.
2044 5811 2151 5868 Re-

554 5909 883 5985 sponditque
907 5917 1135 5966 eventus
1161 5904 1594 5966 accuratissime.
1645 5904 1724 5962 Eo
1753 5905 1898 5961 enim
1917 5903 2036 5980 ipso
2062 5906 2150 5966 die

2262 4809 2322 4856 ut
2375 4797 2661 4870 plurinuun
2694 4795 2910 4862 oblatai,
2944 4811 3051 4850 non
3107 4802 3285 4850 tamen
3329 4791 3471 4848 intra
3525 4791 3861 4862 privatorum

2243 4891 2522 4952 .dnntaxat
2571 4889 2850 4946 hominum
2895 4903 3092 4943 arcana
3118 4902 3240 4944 esse
3262 4892 3586 4951 reservatas,
3614 4883 3708 4939 sed
3732 4897 3860 4939 vero

2262 4989 2438 5060 palam
2486 4995 2542 5042 et
2578 4987 2631 5042 in
2675 4985 2812 5041 facie
2843 4983 3120 5048 Ecclesia),
3148 4983 3316 5054 prima
3347 4995 3554 5052 quaque
3576 4978 3862 5034 occasione

2261 5081 2588 5139 euuntiatas.
2623 5077 2680 5135 Id
2722 5079 2790 5134 ab
2821 5079 2949 5151 ipsis
2981 5085 3150 5149 usque
3204 5075 3571 5148 apostolorum
3601 5071 3858 5143 tempori-

2259 5174 2360 5231 bus
2381 5173 2726 5230 observatum
2755 5184 2877 5242 esse
2901 5179 3128 5226 constat.
3159 5167 3464 5238 Prophctire
3495 5166 3602 5220 ill-.e
3623 5179 3850 5234 quarum

2260 5266 2508 5325 meminit
2557 5264 2786 5336 epistola
2835 5263 2901 5319 ad
2955 5261 3310 5332 Corinthios,
3360 5259 3850 5316 ecclesiasticorum

2260 5367 2414 5415 crant
2443 5355 2663 5412 omnino
2702 5364 2962 5414 coetuum.
2994 5352 3125 5410 Inde
3151 5361 3298 5408 tanta
3348 5359 3584 5408 coetuum
3633 5351 3852 5406 illorum

2263 5450 2534 5518 confusio,
2565 5449 2705 5522 quod
2750 5448 2912 5504 simul
2953 5449 3133 5519 plures
3173 5447 3544 5517 loquerentur,
3569 5459 3669 5504 nec
3691 5455 3854 5514 expe-

2256 5554 2468 5605 ctarent
2517 5542 2879 5618 prophetandi
2911 5543 3092 5606 vices;
3144 5537 3286 5608 quod
3336 5539 3478 5596 dona
3506 5537 3596 5593 illa
3636 5548 3853 5594 exerce-

2255 5651 2379 5699 rent
2423 5641 2617 5713 quibus
2665 5637 2912 5694 Ecclesia
2965 5635 3222 5692 mdiiieari
3263 5650 3369 5690 non
3421 5643 3624 5707 posset,
3678 5639 3736 5685 ut
3760 5629 3849 5703 qui

2254 5733 2400 5790 dono
2429 5732 2733 5804 linguarum
2763 5740 3044 5788 uterentur
3073 5730 3192 5785 sine
3237 5727 3382 5784 dono
3414 5723 3800 5796 interpretandi
3828 5738 3844 5790 ;

2254 5826 2396 5899 quod
2425 5824 2683 5882 mulieres
2725 5823 2913 5892 etiam,
2939 5820 3295 5894 prophetissae
3319 5817 3590 5882 nimirum,
3619 5817 3672 5872 in
3698 5815 3846 5872 ouati-

2255 5920 2358 5980 bus
2397 5919 2640 5980 virorum
2680 5926 2882 5993 praeter
2917 5931 3081 5976 sexus
3127 5915 3406 5984 decorum,
3455 5911 3704 5984 quodque
3731 5909 3845 5966 sine
