3970 6300
42 5990 45 6027 Γ

5 6289 48 6298 —-

123 384 184 443 21
1253 389 1345 449 DE
1383 385 1776 449 VISIONIBUS
1811 388 2287 457 PROPHETICIS.

3351 404 3424 459 22

125 507 268 578 velis,
286 506 468 579 passis
492 506 725 565 fortasse
751 508 985 580 capillis,
1013 507 1081 566 ad
1112 508 1331 566 modum
1358 509 1711 583 Sibyllarum,
1743 509 1791 573 A
1820 509 1947 566 dum
1975 514 2339 585 suspicionem
2355 515 2565 582 attinet.
2586 517 2915 575 alienissima
2929 527 3047 576 erat
3070 527 3202 577 tetas
3226 533 3423 592 puero-

127 603 527 677 propbetarent.
554 602 668 661 Nec
694 603 857 660 aliter
878 604 1095 676 Agabus
1148 604 1344 661 famem
1372 604 1520 660 illam
1568 617 1719 659 aecu-

127 698 382 755 menicam
415 696 686 767 pradixit,
718 714 839 768 qua:
868 698 1168 770 imperante
1196 697 1423 755 Claudio
1449 696 1710 768 contigit;

125 813 218 870 qua
249 807 430 852 tamen
461 795 818 867 prmdictione
857 796 1046 852 moniti
1082 795 1263 851 statim
1298 803 1584 865 antequam
1638 790 1717 846 Γει-

126 905 232 946 mes
262 888 375 959 ipsa
425 888 733 956 evenisset,
781 888 1041 946 subsidiis
1065 887 1393 959 pecuniariis
1430 884 1717 942 subvenie-

126 981 264 1047 bant,
294 979 363 1036 ad
392 980 642 1037 eamdem
676 980 834 1052 plane
862 980 1088 1036 formam
1114 996 1221 1051 qua
1241 979 1570 1053 Cyprianum
1598 977 1717 1048 jam

122 1074 349 1131 vidimus
392 1075 761 1146 persecutioni
809 1074 1061 1131 similiter
1107 1073 1377 1144 pratdicta:
1421 1074 1716 1128 etiamnum

119 1168 303 1223 futura:
326 1177 680 1224 occurentem
712 1168 852 1238 (Act.
884 1184 961 1233 xl,
987 1167 1076 1234 28,
1101 1166 1194 1232 29,
1229 1166 1345 1239 30).
1369 1166 1535 1222 Erant
1570 1166 1715 1222 enim

119 1261 342 1335 publica:
384 1274 441 1317 ut
487 1263 781 1334 plurimum
826 1262 1159 1319 calamitates
1209 1262 1610 1333 prophetiarutn
1640 1262 1714 1317 is.

119 1356 369 1413 tiusmodi
414 1366 817 1427 argumentum,
879 1357 965 1413 vel
998 1371 1351 1428 personarum
1392 1355 1582 1411 saltem
1614 1370 1715 1426 pu-

112 1448 398 1507 blicarum.
422 1448 529 1504 Ista
561 1450 617 1507 S.
654 1449 804 1505 Pauli
830 1449 1039 1505 vincula
1069 1447 1573 1520 praedixitAgabus,
1591 1446 1714 1503 Act.

111 1560 221 1609 ιιι,
269 1545 360 1611 10,
410 1544 898 1600 H.Pr:edixerunt
924 1554 979 1599 et
1001 1543 1090 1599 alii
1115 1541 1388 1613 discipuli,
1420 1542 1715 1612 v.4;prte-

109 1638 241 1694 dixit
291 1644 502 1713 πνεῦμα
563 1640 700 1697 κατὰ
749 1639 913 1702 πόλιν,
973 1652 1092 1707 cap.
1138 1653 1206 1693 xx
1236 1677 1250 1702 ,
1284 1634 1378 1703 25,
1430 1635 1485 1692 id
1530 1643 1633 1707 est,
1659 1642 1718 1691 ut

108 1745 205 1801 ego
259 1731 525 1797 arbitror,
566 1734 906 1806 πνευματικοὶ
953 1728 1289 1800 singularum
1337 1726 1713 1794 ecclesiarum,

110 1839 227 1892 qua:
252 1838 323 1879 ea
364 1822 533 1878 etiam
578 1831 737 1879 aetate
784 1820 1077 1879 secundum
1123 1820 1367 1876 civitates
1414 1818 1715 1874 distributae

1820 621 1958 673 rum,
1989 623 2124 678 quos
2152 610 2403 683 Cypriani
2428 612 2627 668 saeculo
2650 613 3002 685 prophetasse
3021 616 3132 685 jam
3164 614 3416 672 vidimus.

1891 699 1922 773 §
1953 701 2121 758 25.—
2143 704 2353 761 Fraude
2382 706 2562 775 itaque
2589 707 2934 774 remota,alia
2957 717 3136 764 tamen
3162 716 3420 779 suppete-

1818 793 1950 850 bant
1990 810 2305 867 arguinenta
2363 799 2559 869 quibus
2603 816 2631 854 a
2685 801 2795 856 Deo
2820 811 3041 859 auctore
3097 803 3421 874 proﬂuxisse

1820 887 2141 956 probaretur
2166 906 2229 946 ea
2259 891 2563 961 pmphetia,
2594 892 2677 947 vel
2701 893 2846 949 enim
2894 894 3002 950 alio
3057 895 3203 950 edito
3250 897 3421 951 mira-

1820 980 1943 1035 culo
1970 995 2029 1037 se
2057 981 2230 1037 a-Deo
2259 985 2484 1038 missum
2535 986 2796 1055 propheta
2833 986 3224 1054 confirmabat,
3277 986 3422 1057 quod

1819 1076 2031 1144 signum
2064 1075 2346 1148 propheta:
2378 1078 2579 1134 veteris
2624 1082 2932 1136 testamenti
2982 1081 3277 1150 scriptores
3326 1096 3428 1152 ap-

1820 1165 2058 1237 pellant;
2091 1166 2177 1223 vel
2208 1168 2519 1223 intrinsecis
2550 1169 2847 1239 prephctim
2890 1172 3221 1243 argumentis
3247 1186 3279 1226 a
3310 1172 3425 1229 Deo

1820 1261 1966 1317 illam
1993 1276 2279 1318 emanasse
2308 1263 2594 1333 probabat.
2640 1264 2697 1320 Si
2728 1265 2989 1320 miraculo
3034 1281 3093 1321 se
3137 1280 3423 1322 commen-

1820 1353 1952 1409 dare
1980 1354 2175 1422 vellet,
2202 1355 2346 1409 aliud
2379 1357 2581 1411 donum
2614 1356 2838 1413 haberet
2862 1372 3087 1415 necesse
3117 1358 3222 1414 erit
3241 1399 3256 1425 ,
3280 1364 3425 1428 quod

1820 1457 1999 1503 tamen
2024 1464 2129 1503 non
2156 1460 2261 1514 est,
2288 1462 2354 1505 ex
2380 1450 2654 1521 Evangelii
2677 1451 3007 1519 meonomia,
3028 1453 3424 1507 necessarium.

1820 1539 2238 1596 Iutrinsecorum
2268 1552 2447 1597 autem
2474 1551 2952 1613 argumentorum,
3007 1559 3127 1614 qua:
3170 1560 3237 1601 eo
3289 1559 3428 1616 prte-

1820 1635 1978 1703 cipue
2007 1634 2324 1704 spectabant
2352 1644 2410 1690 ut
2453 1636 2842 1694 revelationem
2895 1637 3041 1693 illam
3095 1638 3423 1710 probarent,

1819 1735 2027 1783 natura:
2054 1730 2201 1784 vires
2228 1743 2522 1799 superare,
2565 1740 2881 1801 naturaeque
2934 1730 3161 1802 proinde
3215 1732 3427 1789 auctori

1820 1821 1924 1876 soli
1947 1821 2307 1890 tribuendam,
2330 1822 2437 1878 duo
2459 1833 2615 1880 erant
2640 1840 2857 1896 genera.
2883 1825 2981 1881 Vel
3001 1826 3146 1882 enim
3181 1826 3423 1884 occultas

107 1926 248 1973 sunt.
310 1916 389 1972 Ita
437 1915 672 1987 denique
739 1926 1136 1985 postremorum
1206 1921 1506 1984 temporum
1576 1927 1715 1982 prce-
1747 1912 1797 1975 B
1824 1913 2100 1973 hominum
2128 1918 2481 1987 cogitationes
2503 1917 2883 1988 proferebant,
2934 1919 3024 1974 vel
3055 1919 3234 1974 futura
3287 1933 3426 1975 con-

106 2009 229 2066 dicti
256 2016 393 2066 sunt
439 2023 655 2065 errores
706 2008 751 2081 (ι
780 2007 940 2074 ’I‘im.,
973 2004 1045 2079 ιν)
1080 2025 1093 2061 :
1122 2012 1326 2080 πνεῦμα
1377 2005 1537 2061 etiam
1571 2004 1624 2060 in
1651 2018 1718 2060 eo

109 2104 225 2159 loco
248 2102 327 2159 de
365 2111 734 2158 conventuum
781 2099 1062 2172 prophetis
1115 2098 1379 2169 intelligo,
1430 2112 1564 2169 quos
1593 2112 1716 2153 cum

109 2197 232 2253 dicit
279 2196 403 2252 haec
433 2196 605 2271 ῥητῶς
639 2193 973 2265 praedixisse,
1008 2193 1060 2249 id
1100 2208 1296 2262 nempe
1326 2192 1519 2259 innuit,
1549 2190 1719 2247 diser-

115 2290 176 2345 tis
203 2288 329 2344 hrec
362 2287 548 2342 verbis
595 2301 717 2343 esse
762 2286 1038 2358 prmdicta,
1072 2293 1269 2356 praeter
1308 2284 1571 2339 usitatum
1594 2299 1721 2355 pro-

112 2380 420 2450 pbetiarum
456 2394 665 2435 morem
695 2394 818 2450 qua:
862 2377 1123 2449 symbolis
1160 2385 1217 2433 ut
1247 2376 1533 2445 plurimum
1558 2377 1718 2433 intel-

112 2478 247 2533 lectu
262 2473 614 2531 difficillimis
634 2484 790 2530 erant
822 2457 1097 2531 involutae.
1122 2473 1180 2530 Id
1197 2473 1391 2528 saltem
1421 2471 1719 2528 verisimil-

112 2569 294 2626 limum
316 2578 409 2624 est
425 2569 765 2641 privatorum
790 2569 967 2625 nullas
989 2578 1236 2639 receptas
1264 2583 1386 2625 esse
1409 2566 1719 2639 prophetias

110 2665 193 2734 qui
207 2680 269 2720 se
287 2663 513 2735 publico
531 2664 771 2720 examini
788 2679 893 2720 non
914 2664 1256 2735 probassent.
1276 2662 1354 2718 Ita
1378 2673 1527 2720 certe
1555 2666 1607 2720 in
1624 2680 1721 2733 pu-

110 2760 250 2814 blico
281 2773 487 2815 munus
508 2772 668 2813 suum
698 2759 1011 2814 exercuisse
1035 2757 1272 2814 vidimus
1300 2758 1578 2829 lgnatium‘.
1610 2757 1720 2812 Pu-

109 2850 311 2907 blicum
359 2852 415 2907 in
472 2867 629 2906 usum
676 2851 988 2922 prephetias
1016 2867 1142 2908 suas
1164 2851 1403 2908 scribere
1433 2851 1568 2922 jussi
1598 2859 1722 2906 sunt

106 2944 352 3013 ejusdem
369 2944 557 3000 saeculi
574 2944 872 3016 prophetae.
901 2946 960 3002 S.
988 2944 1246 3013 Joannes,
1265 2943 1719 3015 pseudo-Esdras,

105 3036 192 3105 qui
230 3035 356 3092 veri
398 3035 681 3107 prophetae
725 3051 1007 3107 personam
1036 3038 1263 3094 induere
1286 3037 1473 3102 voluit,
1506 3047 1559 3092 et
1587 3035 1720 3092 Iler-

105 3131 518 3204 mas.Cypriani
535 3132 695 3187 etiam
721 3141 965 3203 tempore
981 3132 1153 3203 palam
1168 3133 1290 3189 etin
1308 3131 1442 3186 facie
1460 3130 1717 3186 Ecclesiae

107 3222 599 3281 eommunicabant
625 3237 753 3278 suas
782 3224 1038 3280 visiones.
1070 3223 1345 3279 Visionem
1377 3221 1523 3277 illam
1555 3220 1722 3289 ipsius

1822 2010 2100 2079 tingentia.
2166 2009 2373 2066 Horum
2420 2020 2748 2081 utrumque,
2809 2025 2877 2067 ex
2927 2010 3071 2066 illius
3125 2011 3428 2083 praesertim

1822 2102 2005 2157 saeculi
2035 2102 2337 2175 principiis,
2360 2102 2461 2158 soli
2494 2102 2604 2159 Deo
2632 2103 2930 2173 proprium,
2952 2117 3248 2175 omnesque
3274 2117 3430 2159 crea-

1825 2204 2063 2251 turarum
2095 2195 2241 2251 vires
2291 2194 2600 2266 superabat.
2658 2194 2816 2250 Prius
2869 2193 3155 2265 equidem;
3202 2195 3330 2266 quia
3379 2195 3429 2253 is

1823 2286 1973 2343 solus
2002 2285 2440 2362 καρδιογνώστης,
2472 2303 2652 2344 rerum
2679 2295 2841 2358 atque
2865 2288 3108 2344 cordium
3135 2296 3429 2358 scrutator,

1823 2381 1909 2437 cui
1936 2382 2117 2436 nuntia
2148 2391 2275 2437 sunt
2299 2382 2440 2437 nuda
2483 2393 2646 2453 atque
2671 2383 3146 2458 τετραχηλισμένα.
3196 2380 3431 2438 Proinde

1824 2490 2019 2531 arcana
2054 2475 2151 2531 Dei
2175 2491 2338 2532 nemo
2392 2476 2721 2546 investigare
2773 2486 2985 2548 peterat
3038 2476 3142 2531 nisi
3197 2473 3430 2545 Spiritus

1828 2569 1926 2626 Dei
1968 2569 2014 2640 (Ι
2065 2567 2210 2637 Con,
2252 2584 2321 2637 ιι,
2374 2567 2486 2641 11).
2556 2569 2818 2640 Spiritum
2869 2569 3029 2623 etiam
3073 2566 3429 2623 discretoretn

1824 2663 2215 2734 cogitationum
2244 2672 2298 2719 et
2326 2663 2688 2719 intentionum
2721 2660 2902 2718 cordis
2930 2660 3166 2731 appellat
3195 2662 3430 2730 Aposto-

1824 2756 1909 2812 lus
1944 2755 2128 2827 (Heln,
2159 2772 2236 2823 tv,
2262 2756 2377 2826 I2).
2419 2756 2521 2825 Qui
2543 2772 2672 2829 ergo
2694 2755 2898 2812 alienas
2922 2754 3275 2828 cogitationes
3299 2769 3430 2825 ape-

1825 2860 2043 2921 ruerat,
2099 2851 2148 2906 is
2177 2852 2264 2908 ubi
2295 2850 2501 2908 fraudis
2548 2851 2726 2908 omnis
2748 2851 2987 2922 suspicio
3012 2860 3224 2906 remota
3277 2857 3428 2915 erat,

1827 2956 1935 2998 non
1965 2941 2074 2997 alio
2101 2958 2262 3012 quam
2288 2942 2475 2999 divino
2500 2943 2704 3015 Spiritu
2734 2941 2947 2997 afﬂatus
2973 2941 3314 2997 credebatur.

1898 3034 1928 3108 ᾗ
1958 3034 2135 3090 26.——
2161 3035 2352 3091 Fuisse
2377 3047 2557 3099 autem
2584 3037 2726 3092 inter
2750 3036 3127 3108 mcum-rimi;
3164 3034 3426 3090 Ecclesia:

1825 3128 2005 3199 quieo
2027 3128 2189 3182 etiam
2216 3137 2398 3183 essent
2428 3129 2570 3184 dono
2604 3127 2845 3199 prmditi,
2892 3136 3106 3183 constat
3151 3143 3218 3182 ex
3276 3127 3430 3197 Apo-

1830 3220 1972 3276 stolo
1998 3235 2016 3276 ι
2043 3218 2197 3287 Cor.,
2240 3235 2358 3286 xw,
2379 3220 2471 3287 24,
2500 3220 2573 3276 25
2602 3240 2615 3277 :
2652 3239 2671 3272 ι
2711 3219 2767 3276 Si
2797 3230 3000 3287 autem,
3026 3219 3216 3290 inquit,
3240 3233 3432 3276 omnes

107 3320 155 3375 in
197 3319 387 3376 exilio
438 3317 692 3373 omnibus
740 3318 1040 3373 innotuisse
1089 3316 1202 3387 jam
1254 3315 1614 3383 ostendimus,
1648 3310 1795 3375 utiC.
1831 3313 2184 3384 prophetent,
2232 3313 2397 3370 intret
2423 3325 2602 3371 autem
2648 3316 2770 3386 quis
2810 3313 3040 3370 infidelis
3084 3313 3170 3369 vel
3216 3313 3425 3369 idiota:

107 3414 270 3468 etiam
308 3419 366 3469 et
390 3410 513 3465 illas
537 3410 605 3467 de
635 3412 867 3466 instante
896 3411 1292 3480 persecutione.
1328 3408 1491 3479 idque
1518 3423 1583 3464 ex
1608 3408 1721 3477 ipsa

106 3506 387 3561 visionum
402 3503 688 3559 mentione
715 3519 847 3559 sane
867 3502 1272 3573 abruptissima,
1297 3502 1584 3572 colligitur,
1609 3510 1722 3557 tum

108 3597 155 3653 in
183 3597 299 3653 hac
334 3596 599 3668 epistola,
623 3606 734 3651 tum
765 3597 816 3651 in
849 3612 935 3669 ep.
971 3612 1040 3651 xi.
1078 3596 1147 3652 de
1175 3596 1412 3667 quinque
1449 3593 1725 3666 presbyte-

105 3691 197 3758 ris,
226 3700 357 3745 tum
388 3689 447 3745 in
479 3704 571 3759 ep.
602 3705 722 3744 thx
755 3688 824 3744 de
855 3689 1128 3745 Florentio
1169 3689 1429 3760 Pnpiano.
1461 3688 1535 3743 Ita
1577 3697 1726 3743 certe

106 3785 488 3855 perstrinxit,
539 3799 641 3840 nec
695 3784 856 3840 ullam
915 3799 1167 3856 umquam
1222 3785 1428 3850 καθεξῆς
1483 3783 1723 3853 exponit,

106 3883 255 3950 quasi
287 3894 419 3935 rem
462 3890 919 3934 commemoraret
938 3879 1048 3950 jam
1079 3879 1331 3935 omnibus
1359 3877 1721 3944 notissimam,

106 3989 343 4047 eumque
374 3972 521 4029 adeo
558 3974 870 4028 narratione
913 3989 1018 4028 non
1045 3973 1329 4042 indigeret.

166 4067 422 4140 μι-
448 4064 607 4133 Quod
633 4080 754 4120 cum
783 4066 855 4121 ita
884 4080 942 4120 se
961 4066 1203 4128 haberet,
1231 4064 1342 4133 jam
1372 4063 1575 4133 optime
1600 4075 1726 4118 cau-

105 4166 213 4214 tum
248 4158 568 4215 videbatur
587 4173 654 4212 ne
683 4157 776 4229 qui
806 4156 1146 4213 falsariorum
1190 4155 1300 4211 doli
1343 4155 1590 4210 ﬁdelibus
1620 4155 1726 4210 im-

105 4265 409 4323 ponerent.
462 4253 716 4324 Inprimis
763 4254 907 4308 enim
954 4252 1084 4308 nulli
1141 4251 1209 4307 ad
1259 4251 1362 4307 hoc
1406 4266 1600 4307 munus
1630 4250 1727 4307 ad-

103 4349 239 4405 mitti
269 4347 711 4420 potueruntuisi
750 4362 975 4417 quorum
1028 4346 1230 4416 optima
1275 4354 1417 4402 esset
1456 4345 1730 4401 exiStima-

104 4439 192 4503 tio,
228 4441 473 4509 vitaque
519 4438 589 4493 ab
630 4440 775 4493 omni
816 4439 1018 4494 fraudis
1055 4441 1372 4505 astutiaeque
1421 4439 1727 4508 suspicione

104 4531 473 4589 alienissima.
508 4530 585 4585 ita
615 4528 810 4586 factum
838 4540 897 4587 ut
920 4532 1223 4603 prophetae,
1253 4532 1398 4587 onmi
1426 4531 1731 4602 suspicione

104 4637 346 4693 remota,
369 4626 449 4681 de
477 4624 597 4695 ejus
623 4625 880 4680 duntaxat
903 4641 1025 4682 esse
1051 4625 1330 4697 prophetia
1354 4625 1725 4697 judicandum.

1828 3406 2168 3462 convincitur
2205 3406 2273 3462 ab
2324 3407 2607 3475 Omnibus,
2655 3404 2983 3477 diiudicatur
3032 3406 3100 3461 ab
3153 3406 3427 3463 omnibus.

1828 3498 2050 3554 Occulta
2102 3499 2248 3555 enim
2299 3500 2481 3557 cordis
2532 3500 2651 3570 ejus
2698 3502 2982 3556 mauifesla
3036 3498 3172 3555 fiunt
3204 3517 3218 3555 :
3248 3509 3302 3555 et
3352 3499 3428 3555 ita

1827 3592 2029 3647 cadens
2064 3590 2115 3646 in
2143 3590 2332 3648 faciem
2358 3593 2605 3649 adorabit
2651 3595 2819 3650 Deum
2841 3633 2856 3659 ,
2902 3593 3253 3663 pronuntians
3282 3590 3429 3662 quod

1828 3699 1956 3741 vere
1988 3684 2131 3741 Deus
2165 3686 2221 3743 in
2264 3686 2417 3743 vobis
2457 3691 2547 3743 sit.
2585 3706 2605 3741 ι
2640 3688 2698 3744 In
2745 3688 2848 3743 hoc
2893 3687 3128 3743 [nfidelis
3175 3686 3431 3755 exemplo

1828 3788 2036 3837 certum
2062 3790 2176 3836 erat
2200 3781 2333 3837 nihil
2354 3783 2438 3853 agi
2463 3782 2702 3853 potuisse
2730 3798 2796 3838 ex
2825 3781 3099 3849 condicto,
3120 3789 3179 3836 ut
3206 3778 3433 3850 proinde

1829 3873 2193 3929 certissimum
2222 3882 2403 3942 esset,
2446 3877 2536 3947 qui
2569 3876 2639 3931 ita
2686 3876 3042 3947 cogitationes
3091 3874 3209 3946 ejus
3251 3874 3430 3931 mani-

1829 3962 2086 4034 festaret,
2119 3981 2225 4022 non
2258 3967 2365 4023 alio
2397 3966 2550 4036 illas,
2575 3983 2733 4038 quam
2762 3969 2942 4027 divino
2974 3968 3178 4038 Spiritu
3208 3967 3426 4023 amante

1829 4060 2107 4117 didicisse.
2162 4060 2328 4133 Ilujus
2381 4061 2567 4133 gratia:
2613 4064 2867 4133 frequens
2914 4062 2972 4118 fit
3027 4063 3080 4117 in
3135 4059 3431 4118 Salvatoris

1830 4154 2054 4211 historia
2101 4158 2308 4212 mentio
2346 4156 2436 4227 (S.
2486 4156 2645 4226 Μαι,
2690 4173 2768 4225 tx,
2807 4158 2866 4226 2,
2904 4158 2974 4225 4;
3006 4170 3106 4225 xu,
3132 4156 3237 4224 25;
3269 4156 3427 4231 Lua,

1831 4267 1890 4320 ν,
1922 4250 2028 4318 ΞΞ;
2056 4266 2131 4318 Vl,
2164 4251 2228 4320 8;
2258 4267 2335 4318 XI,
2367 4250 2484 4334 17),
2517 4268 2547 4308 a
2576 4268 2685 4325 quo
2710 4255 2872 4333 χάριν
2898 4254 3013 4310 ἀντὶ
3061 4255 3286 4333 χάριτος
3338 4266 3433 4307 ac-

1831 4349 1975 4419 cepit
1993 4347 2256 4403 Ecclesia.
2277 4347 2476 4405 Eadem
2499 4361 2628 4405 usus
2649 4357 2733 4405 est
2755 4350 2807 4402 in
2832 4348 3055 4403 Ananiae
3071 4356 3126 4403 et
3147 4346 3431 4417 Sapphirae

1833 4443 1971 4496 utin
1999 4440 2236 4497 Simonis
2262 4440 2423 4496 etiam
2471 4440 2609 4513 Magi
2634 4455 2798 4497 causa
2846 4440 2907 4497 S.
2958 4439 3172 4496 Petrus.
3224 4439 3300 4494 De
3343 4438 3430 4494 Si-

1832 4551 1993 4592 mone
2021 4536 2093 4591 ita
2126 4553 2141 4591 :
2172 4537 2203 4596 ἡ
2244 4535 2433 4616 καρδία
2460 4556 2557 4592 σου
2586 4537 2680 4591 οὐκ
2704 4533 2845 4592 ἔστιν
2880 4538 3045 4591 εὐθεῖα
3080 4536 3292 4590 ἐνώπιον
3335 4536 3434 4589 τοῦ

1831 4630 1945 4684 θεοῦ
1972 4626 2135 4700 (Ach,
2166 4642 2282 4694 VIII,
2317 4628 2430 4700 21).
2476 4627 2683 4684 Rursus
2710 4632 2831 4690 :EI:
2866 4630 2969 4702 γὰρ
3015 4628 3178 4699 χολήν
3225 4628 3438 4697 πικρίας

110 4714 215 4775 Hoc
248 4729 457 4774 autem
482 4715 761 4786 judicandi
791 4733 1007 4784 munus,
1039 4726 1097 4772 ut
1135 4733 1295 4789 quam
1325 4717 1722 4773 accuratissime

1835 4726 1921 4777 καὶ
1945 4721 2233 4795 σύνδεσμον
2254 4719 2454 4783 ἀδικίας
2484 4720 2587 4797 ὁρῶ
2627 4742 2685 4777 σε
2722 4716 2864 4776 ὄντα.
2917 4719 2975 4773 In
3030 4731 3191 4773 causa
3242 4716 3436 4771 Elima:

111 4820 509 4880 prastaretur,
542 4811 745 4880 optima
776 4809 939 4865 etiam
967 4810 1197 4865 erantin
1222 4809 1435 4880 publico
1459 4809 1728 4879 praesidia.

109 4901 359 4962 Aderant
387 4903 546 4960 enim
579 4910 634 4957 et
660 4901 757 4956 alii
786 4901 1082 4972 prophetae,
1108 4902 1333 4958 aderant
1356 4911 1409 4957 et
1432 4901 1726 4972 propheta-

112 5010 218 5057 nm
243 4997 510 5071 iudices,
532 4994 625 5066 qui
652 4994 797 5050 dono
810 5006 992 5052 essent
1011 4996 1356 5053 discernendi
1380 4996 1610 5066 Spiritus
1640 4997 1731 5053 in-

117 5093 331 5161 structi,
383 5090 497 5161 ipsi
526 5088 692 5143 etiam
737 5086 896 5143 fama:
946 5087 1298 5159 proculdubio
1347 5088 1731 5159 integerrimas.

117 5184 319 5243 Horum
368 5186 424 5240 si
458 5199 589 5238 cum
637 5182 822 5253 aliquo
871 5192 1130 5254 pugnaret
1158 5198 1280 5238 cum
1324 5182 1456 5237 idin
1484 5180 1734 5238 confesso

116 5292 273 5353 esset,
304 5278 591 5340 eumdem
621 5277 714 5333 Dei
735 5276 992 5347 Spiritum
1020 5277 1124 5333 sibi
1146 5291 1269 5333 esse
1291 5292 1397 5332 non
1427 5290 1584 5346 posse
1613 5292 1738 5333 con-

117 5377 396 5442 trarium;
455 5372 621 5444 plane
664 5370 993 5438 sequebatur
1035 5372 1146 5441 jam
1196 5372 1373 5427 locum
1402 5386 1523 5427 esse
1562 5370 1741 5440 suspi-

334 5468 698 5538 Quamquam
742 5468 887 5521 enim
936 5476 1145 5523 certum
1200 5474 1316 5522 erat
1344 5466 1523 5521 omnia
1569 5461 1741 5521 divini

390 5561 549 5618 dona
567 5574 693 5616 esse
721 5562 923 5631 pariter
948 5560 1266 5627 infallihilia;
1298 5560 1348 5615 id
1374 5569 1551 5616 tamen
1574 5560 1736 5615 etiam

120 5667 352 5725 eorum,
413 5655 605 5727 quoad
663 5654 1218 5726 credibilitatis,qua:
1272 5663 1485 5717 vocant,
1516 5655 1737 5720 motiva,

1839 4815 2011 4886 magis
2049 4814 2111 4871 S.
2142 4814 2340 4870 Paulus
2370 4813 2508 4884 (Act.
2541 4828 2656 4879 xm,
2688 4812 2742 4879 9,
2774 4809 2887 4879 10).
2938 4809 2992 4867 Is
3046 4811 3191 4867 enim
3241 4810 3437 4882 plenus

1837 4908 1932 4980 Sp.
1978 4908 2212 4971 Sancto,
2261 4921 2370 4961 non
2422 4903 2552 4960 illud
2600 4904 2764 4960 modo
2811 4904 3016 4975 Elymaa
3046 4902 3279 4970 factum,
3336 4901 3434 4959 sed

1840 5003 2085 5058 dolosam
2124 5000 2287 5056 etiam
2347 4997 2585 5055 indolem
2653 4997 3041 5070 reprehendit,
3108 5010 3436 5071 quamquam

1840 5103 2001 5151 antea
2029 5094 2218 5164 ignoti.
2269 5092 2439 5150 Usum
2479 5093 2643 5150 etiam
2697 5091 2929 5148 vidimus
2969 5091 3264 5164 lgnatium,
3309 5102 3434 5144 cum

1839 5186 2308 5242 schismaticorum
2358 5185 2569 5245 occulta
2621 5184 2848 5241 consilia
2902 5185 3108 5254 primus
3157 5184 3211 5239 in
3256 5182 3433 5237 lucem

1840 5279 2085 5349 protulit.
2112 5277 2180 5333 Et
2209 5278 2427 5349 quidem
2468 5278 2656 5335 nescio
2678 5292 2858 5333 annon
2886 5277 2990 5334 huc
3015 5277 3243 5333 fortasse
3271 5273 3438 5330 fuerit

1822 5370 2041 5426 .donum
2102 5368 2408 5443 διακρίσεως
2456 5374 2762 5447 πνευμάτων
2810 5370 2966 5443 cujus
3009 5367 3252 5425 meminit
3293 5377 3442 5438 Apo-

1843 5464 2039 5520 stolus.
2093 5462 2366 5520 Attinibus
2413 5474 2563 5522 certe
2611 5465 2793 5521 verbis
2840 5464 2923 5519 usi
2972 5470 3096 5518 sunt
3146 5461 3443 5534 scriptores

1842 5557 1981 5614 sacri
2008 5555 2061 5611 in
2088 5554 2193 5612 hoc
2219 5557 2338 5629 ipso
2380 5556 2616 5627 Spiritus
2661 5557 2896 5629 negotio.
2952 5554 3156 5609 Dicitur
3208 5558 3443 5636 κριτικὸς

1841 5650 2195 5724 ἐνθυμήσεων,
2242 5660 2350 5706 etc.
2379 5648 2536 5715 Heln,
2581 5666 2652 5717 tv,
2706 5648 2797 5715 12,
2842 5648 3188 5722 ἀνακριτικὸς.
3241 5647 3443 5715 ICor.,

124 5753 355 5810 certiora
378 5756 860 5818 esseargumenta
890 5763 988 5803 cur
1024 5761 1165 5803 unus
1190 5746 1507 5804 crederetur
1530 5745 1745 5801 afflatus
1848 5758 1961 5812 xiv,
1987 5743 2077 5811 2d,
2111 5752 2167 5800 et
2191 5757 2322 5799 vero
2362 5742 2595 5814 Spiritus
2643 5757 2743 5814 pro
2790 5739 2956 5795 corde
2999 5738 3443 5812 cogitationibus-

128 5860 277 5916 ηοω
302 5858 419 5902 cur
449 5840 889 5912 alii;justumque
914 5856 1034 5898 esse
1063 5842 1235 5913 utqui
1268 5845 1446 5897 minus
1472 5851 1748 5898 essetcre-
1850 5851 1956 5906 que
1984 5850 2117 5892 usus
2152 5836 2487 5910 frequentior
2514 5843 2602 5894 est
2640 5847 2804 5907 quam
2843 5841 2900 5891 ut
2925 5832 2995 5891 de
3032 5848 3100 5891 eo
3143 5830 3448 5891 monendus

130 5938 325 6013 ﬁlis,
346 5938 405 5999 ἣ
436 5948 479 5992 a
502 5933 837 5995 credibiliori
857 5934 1147 6007 iudicetur.
1166 5934 1321 6005 Quod
1334 5937 1494 5997 etiam
1525 5935 1593 5995 ad
1609 5934 1752 5996 frau-
1852 5928 1925 5986 sit
1946 5927 2143 5988 lector.

39 6042 465 6294 LM
