4018 6308
512 372 585 428 9.5
1520 367 1893 426 DODWELLI
1932 365 2385 425 DlSSER'I‘ATlO
2432 368 2845 427 CYPRIANICA
3770 360 3850 431 ei

518 504 541 546 ετ
593 489 814 561 §27.-—
831 488 947 545 Duo
973 496 1153 544 autem
1179 478 1333 543 erant
1358 486 1637 543 hominum
1678 502 1877 558 genera
1908 499 2134 557 quorum
2167 483 2215 544 A
2242 495 2465 556 possent
2490 487 2598 549 nisi
2626 503 2691 542 ex
2719 487 2807 543 illa
2844 502 3005 544 causa
3045 488 3268 562 intelligi
3293 489 3457 546 futuri
3484 489 3570 547 cui
3603 490 3852 547 aliarum

516 586 874 651 cegitatioues
916 585 986 639 ita
1033 584 1374 654 pateﬁerent.
1411 583 1502 637 Vel
1543 583 1686 638 enim
1714 581 1941 637 aliorum
1995 595 2123 650 pro-

513 679 803 750 phetarum
862 679 1215 748 cogitatiOues
1241 677 1609 749 patefecerunt
1629 691 1750 731 cum
1782 674 1975 745 quibus
1998 672 2122 727 nul-

518 771 628 826 lum
676 771 773 836 ipsi
803 772 1187 826 commercium
1222 770 1524 835 habebant,
1569 784 1635 822 ex
1677 784 1784 839 quo
1808 782 1998 837 magna
2026 781 2119 821 ac-

521 867 688 921 cessit
714 865 793 921 rei
825 865 1095 933 pra-dicta}
1120 864 1478 918 conﬁrmatio.
1505 863 1577 917 Ita
1607 861 1675 916 de
1700 860 1985 915 Timotheo
2014 874 2119 913 non

517 973 626 1015 una
684 968 799 1012 erat
848 957 943 1013 sed
982 958 1164 1011 multa:
1195 958 1439 1026 interque
1474 970 1532 1010 se
1559 953 1960 1009 consentientes
1992 968 2118 1021 pru-

516 1050 719 1120 phetiae
746 1051 814 1105 de
846 1051 902 1108 S.
932 1051 1096 1105 Paulo
1126 1052 1430 1123 πνευμάτων
1457 1052 1592 1106 κατὰ
1620 1049 1808 1109 πόλεις,
1859 1055 1917 1101 ιιι
1959 1061 2117 1117 supra

519 1144 775 1198 vidimus.
807 1143 902 1198 His
930 1153 1108 1198 autent
1138 1143 1312 1213 major
1339 1154 1457 1198 erat
1480 1142 1784 1197 adhibenda
1815 1140 1948 1195 ﬁdes
1975 1139 2118 1209 quod

518 1251 624 1291 non
652 1236 1008 1291 humanorum
1055 1237 1349 1303 duntaxat,
1410 1236 1502 1291 sed
1558 1236 1861 1290 divinorum
1907 1250 2121 1305 quoque

516 1343 838 1385 arcanorum
872 1331 1073 1385 conscii
1126 1329 1461 1385 viderentur.
1523 1329 1888 1384 Humanarum
1938 1338 2117 1382 autem

516 1423 900 1492 cogitatioutnn
949 1424 1055 1479 duo
1078 1432 1234 1479 erant
1254 1439 1449 1491 genera
1482 1438 1601 1494 qum
1633 1420 1733 1477 hoc
1760 1406 1905 1476 dono
1935 1431 2119 1477 essent

514 1515 937 1571 manifestanda.
997 1515 1094 1572 Vel
1138 1518 1283 1572 enim
1337 1516 1574 1572 ﬁdelium
1631 1526 1783 1570 erant
1831 1516 1972 1582 illae,
2032 1516 2119 1570 vel

513 1607 835 1663 inﬁdelium.
902 1609 1199 1664 luﬁdclium
1237 1610 1486 1680 equidem
1515 1615 1558 1664 sl
1599 1610 1723 1679 quis
1762 1609 1906 1664 malo
1936 1609 2119 1663 animo

512 1700 567 1755 in
594 1702 1000 1757 ecclesiasticos
1026 1710 1325 1757 conventus
1354 1703 1657 1772 irrepsisset
1680 1743 1695 1767 ,
1736 1702 1820 1757 vel
1853 1699 2116 1771 prodendi

513 1807 674 1849 causa
698 1833 713 1858 ,
750 1793 834 1847 vel
863 1794 1097 1848 ludibrio
1128 1794 1472 1864 exponendi,
1504 1794 1587 1849 vel
1618 1803 1676 1848 ιιι
1720 1794 1992 1848 mundano
2022 1791 2110 1846 af-

2228 583 2469 663 omnium
2502 600 2786 641 causarum
2810 587 3122 657 complexio
3138 587 3207 645 de
3233 587 3372 645 facto
3399 596 3545 645 esset
3565 586 3844 644 obnoxia.

2228 674 2361 730 Eam
2391 684 2570 756 autem
2611 692 2717 731 non
2750 677 2910 732 aliam
2937 678 3282 734 crediderunt
3309 678 3621 747 christiani,
3656 695 3850 752 quam

2229 772 2485 840 primum,
2516 772 2780 841 optimum
2814 773 3217 844 maximumque
3244 774 3436 830 Deum.

2300 862 2328 935 §
2352 862 2877 921 29.—Crediderunt
2908 867 3172 937 imprimis
3200 883 3305 922 non
3333 883 3461 924 casu
3491 867 3690 923 factum
3716 882 3854 925 esse

2227 958 2523 1024 mundum,
2566 966 2626 1013 ut
2655 960 2907 1015 volebant
2942 961 3214 1030 epicurei,
3263 961 3358 1016 sed
3410 970 3556 1017 certa
3598 960 3849 1031 quadam

2229 1053 2589 1123 providentia,
2620 1052 2929 1125 factumque
2967 1055 3263 1110 etiamnum
3297 1054 3485 1110 eadem
3538 1054 3650 1127 regi
3702 1069 3850 1125 pro-

2230 1145 2467 1201 videntia
2495 1161 2596 1215 qua
2630 1144 2803 1202 factus
2830 1155 2931 1201 est.
2964 1145 3325 1202 Crediderunt
3365 1145 3565 1202 deinde
3596 1146 3845 1201 liberum

2226 1237 2510 1293 arbitrium
2543 1237 2675 1292 nulli
2717 1252 2840 1293 esse
2868 1252 3045 1293 causae
3072 1237 3226 1294 alteri
3275 1239 3375 1293 nisi
3423 1239 3533 1294 Deo
3580 1238 3683 1293 soli
3732 1237 3849 1292 ob-

2230 1332 2474 1385 noxium.
2523 1329 2761 1385 Proinde
2803 1329 2896 1385 fati
2918 1345 3109 1385 omnes
3139 1330 3261 1385 illos
3289 1345 3482 1386 sensus
3522 1330 3614 1401 qui
3644 1338 3849 1386 essent

2225 1438 2253 1476 a
2285 1424 2525 1493 supremi
2554 1423 2646 1478 Dei
2672 1424 2892 1479 decreto
2923 1422 3203 1490 distincti,
3236 1426 3449 1492 penitus
3478 1422 3839 1493 rejiciebant,

2224 1515 2341 1571 sive
2387 1516 2766 1585 epicureorum
2801 1515 2950 1570 illum
2980 1530 3009 1568 a
3043 1514 3402 1570 materialium
3433 1528 3722 1569 causarum
3754 1513 3847 1569 in-

2225 1607 2440 1663 liuentia
2470 1607 2716 1678 petitum,
2738 1607 2852 1662 sive
2878 1607 3274 1678 astrologorum
3300 1607 3447 1661 illum
3470 1622 3500 1660 a
3524 1607 3844 1662 cmlestinm

2223 1701 2459 1756 siderum
2488 1702 2603 1756 sive
2629 1710 2777 1755 motu
2808 1699 3123 1767 deductum,
3150 1700 3264 1753 sive
3291 1698 3455 1754 etiam
3487 1697 3839 1753 causalitate.

2222 1793 2276 1850 Si
2301 1808 2430 1864 ergo
2457 1794 2558 1849 soli
2591 1793 2701 1848 Deo
2742 1792 2973 1849 liberum
3005 1792 3285 1848 arbitrium
3335 1792 3631 1846 obnoxium
3679 1789 3844 1846 fecea

510 1886 677 1942 fectui
735 1887 1152 1957 gratiﬁcaretur,
1239 1889 1289 1942 id
1341 1889 1514 1957 ipsum
1571 1888 1774 1960 Spiritu
1834 1887 2110 1943 revelante
2140 1886 2347 1955 Briut,
2380 1888 2536 1958 plane
2566 1888 2813 1959 sequitur
2860 1897 3152 1943 eventuum
3205 1901 3393 1943 eorum
3441 1884 3839 1941 certitttdinem

510 1978 878 2050 prodebatur;
932 1978 1074 2034 unde
1123 1979 1288 2034 ﬁebat
1338 1989 1398 2034 ut
1446 1980 1490 2033 si
1542 1995 1609 2035 ex
1665 1995 1852 2035 eorum
1890 1992 2115 2034 numero

505 2071 735 2135 fuisset,
784 2088 924 2143 quos
966 2072 1138 2129 Grreci
1181 2076 1625 2147 εὐγνωμονοῦντας
1668 2068 1972 2145 appellant,
2007 2089 2113 2128 non

508 2172 622 2220 tam
654 2176 1005 2221 succenseret
1034 2166 1419 2236 prodentibus,
1444 2183 1602 2236 quam
1633 2169 1684 2223 in
1715 2183 1903 2224 eorum
1936 2166 2116 2237 potius

508 2258 928 2315 admirationem
957 2271 1260 2329 raperetur,
1294 2270 1352 2315 ut
1381 2261 1431 2315 in
1460 2261 1721 2330 prmdicto
1766 2260 1886 2317 loco
1935 2262 2117 2318 innui-

506 2360 601 2408 tur
633 2352 889 2423 Epistola:
934 2354 998 2407 ad
1048 2354 1377 2410 Corinthios.
1430 2354 1693 2410 Fidelium
1740 2364 1920 2410 autem
1970 2356 2117 2427 cogi-

509 2446 745 2502 lationes
785 2447 1175 2516 prodebantur,
1197 2448 1355 2518 siqui
1386 2458 1568 2503 essent
1592 2449 1643 2502 in
1674 2448 1877 2502 clerum
1905 2446 2113 2503 adseri-

512 2537 702 2603 bentli,
736 2548 793 2592 ιιι
839 2539 889 2594 in
918 2540 1171 2609 exemplo
1192 2539 1500 2602 Timothei;
1552 2540 1637 2595 vel
1688 2540 1872 2611 siqua
1925 2539 2114 2596 fraude

510 2632 593 2685 usi
643 2640 854 2697 essent,
911 2642 965 2685 ut
1021 2632 1072 2686 iu
1115 2632 1322 2687 Anania
1355 2641 1405 2685 et
1454 2634 1755 2703 Sapphira;
1814 2634 1896 2687 vel
1950 2634 2112 2689 etiam

510 2722 748 2790 insidiis,
770 2732 829 2778 ut
845 2722 1035 2778 Judam
1057 2724 1293 2795 prodidit
1321 2724 1660 2780 insidiantem
1685 2726 1799 2795 ipse
1823 2725 2112 2790 Dominus;

506 2814 596 2872 vel
620 2816 727 2870 alio
753 2817 986 2887 denique
1015 2819 1245 2871 fortasse
1290 2820 1481 2889 quovis
1523 2822 1735 2876 occulto
1790 2819 2013 2890 ﬂagitio.
2056 2819 2112 2874 Id

509 2910 656 2965 enim
720 2910 894 2979 ipsum
948 2910 1300 2979 reprehendit
1360 2912 1409 2966 in
1467 2913 1674 2968 Anania
1743 2922 1798 2969 et
1850 2912 2113 2983 Sapphira

511 3002 683 3074 (Act,
711 3020 764 3068 v,
791 3006 842 3069 4,
879 3002 934 3074 9)
963 3005 1021 3061 S.
1052 3006 1243 3060 Petrus
1285 3007 1428 3077 quod
1468 3008 1582 3061 ausi
1634 3017 1817 3063 essent
1865 3022 1972 3062 non
2014 3007 2113 3063 bo-

508 3097 748 3153 minihns
794 3101 1040 3166 mentiri,
1093 3101 1187 3155 sed
1221 3101 1365 3166 Deo;
1418 3102 1559 3172 quod
1588 3103 1846 3173 Spiritum
1897 3103 2110 3159 Domini

505 3198 798 3247 tentarent.
849 3192 1010 3261 Quasi
1041 3192 1091 3248 id
1120 3195 1538 3263 exprobrasset,
1587 3196 1728 3264 quod
1772 3210 1892 3250 cum
1940 3196 2004 3249 iis
2052 3210 2112 3251 se

2219 1985 2309 2054 qui
2340 1983 2423 2037 vel
2450 1982 2518 2037 ab
2545 1983 2662 2053 ipso
2690 1981 2863 2038 libero
2889 1982 3138 2048 arbitrio,
3156 1980 3285 2036 vela
3303 1978 3618 2035 conditione
3644 1977 3836 2048 aliqua

2221 2090 2317 2147 per
2363 2074 2592 2131 liberum
2642 2074 2924 2130 arbitrium
2965 2073 3212 2145 ponenda
3264 2071 3599 2142 penderent,
3651 2086 3681 2125 a
3714 2070 3837 2127 Deo

2220 2168 2341 2224 solo
2381 2184 2502 2224 esse
2529 2167 2597 2223 de
2628 2167 2773 2224 facto
2798 2167 3191 2224 deducendam.
3233 2165 3387 2236 Quod
3436 2180 3569 2220 vero
3606 2163 3676 2219 ad
3706 2178 3835 2220 ma-

2223 2260 2492 2317 terialium
2548 2277 2830 2317 causarum
2878 2271 3105 2318 eventus
3159 2259 3385 2326 attinet,
3440 2266 3693 2329 poterant
3746 2257 3830 2313 illi

2220 2367 2397 2412 motus
2428 2356 2750 2412 universalis
2777 2358 2884 2411 vim
2931 2357 3165 2425 aliquam
3198 2352 3567 2410 mechanicam
3615 2365 3826 2421 agnos-

2218 2464 2364 2504 cere.
2389 2447 2495 2505 Sed
2519 2464 2620 2503 nec
2642 2448 2713 2502 ita
2744 2448 2902 2502 talem
2930 2448 3075 2503 illam
3100 2454 3451 2515 agnoverunt,
3486 2453 3543 2498 ut
3570 2451 3835 2499 creatura

2218 2541 2428 2611 aliqua,
2462 2556 2582 2595 cum
2624 2556 2729 2611 qua
2761 2540 2916 2595 nobis
2964 2548 3048 2595 est
3096 2538 3516 2602 commercium,
3560 2536 3650 2591 vel
3706 2538 3832 2607 ipsa

2220 2634 2393 2704 possit
2445 2649 2510 2688 ex
2562 2632 2857 2688 universali
2917 2631 3008 2687 illo
3063 2639 3245 2687 mutus
3296 2644 3602 2693 consensu.
3646 2627 3831 2685 futura

2220 2729 2586 2799 eontingentia
2611 2743 2963 2799 cognoscere,
2987 2727 3069 2783 vel
3104 2727 3258 2782 nobis
3282 2726 3537 2782 indicare.
3572 2725 3829 2783 ludicare

2220 2832 2369 2877 certe
2394 2823 2541 2877 nulla
2574 2824 2748 2891 potuit
2778 2822 2878 2877 nisi
2908 2820 3317 2887 intellectualis,
3351 2835 3511 2892 quam
3543 2819 3829 2875 christiani

2220 2917 2469 2987 angelum
2522 2917 2879 2988 appellamus.
2935 2915 3008 2972 At
3052 2915 3142 2987 qui
3172 2930 3294 2970 cum
3330 2915 3486 2970 nobis
3537 2924 3832 2971 versantur

2217 3010 2458 3082 angelos,
2512 3026 2608 3067 eos
2653 3012 2818 3066 certis
2842 3019 3214 3066 creaturarum
3257 3010 3549 3080 provinciis
3577 3011 3830 3080 assigna-

2217 3103 2382 3168 bant,
2433 3105 2810 3160 universorum
2859 3103 3260 3174 provinciarum
3306 3104 3483 3176 λόγον,
3530 3103 3823 3173 praesidem

2216 3198 2630 3263 existimabant,
2664 3206 2719 3251 ut
2750 3195 2973 3267 proinde
3001 3195 3337 3266 angelorum.
3368 3209 3506 3266 quos
3535 3193 3668 3257 dixi,
3695 3208 3825 3250 cum

509 3287 741 3343 cmtibns
772 3286 1180 3356 adiunxissent,
1232 3289 1286 3342 in
1333 3288 1528 3354 quibus
1575 3286 1812 3357 Spiritus
1838 3287 1975 3341 dona
2007 3287 2107 3358 ipsi
2136 3279 2181 3344 C
2217 3290 2375 3344 nobis
2422 3289 2794 3357 versantium,
2844 3288 3025 3343 nullus
3091 3288 3262 3341 motui
3311 3286 3603 3341 universali
3656 3284 3823 3342 fuerit

509 3389 883 3451 agnoverant;
917 3380 1164 3449 interque
1193 3382 1294 3435 alia
1338 3382 1465 3435 illttd
1495 3397 1709 3453 quoque
1755 3399 1860 3452 quo
1915 3399 2108 3439 arcana

506 3472 921 3534 revelarentur;
972 3472 1073 3541 ipsi
1130 3482 1308 3530 tamcn
1340 3475 1552 3530 occulta
1582 3489 1677 3529 Sua
1711 3475 1909 3546 ﬂagitia
1943 3477 2112 3533 latere

505 3579 672 3637 pos<e
717 3565 1022 3634 Sperarint,
1074 3581 1242 3635 seque
1292 3582 1354 3621 ea
1413 3567 1630 3635 impune
1677 3567 1899 3623 laturos.
1946 3567 2111 3638 quue

508 3660 685 3727 ipsum
706 3672 956 3727 maguum
977 3657 1328 3728 proculdubio
1350 3659 1576 3714 incussit
1591 3659 1923 3714 occultorum
1946 3661 2106 3715 etiam

503 3750 833 3822 ﬂagitiorum
865 3760 1099 3818 metum,
1125 3767 1246 3807 cum
1281 3752 1455 3808 nullas
1504 3753 1699 3809 deinde
1750 3753 1984 3808 latebras
2024 3769 2109 3809 se-

505 3857 668 3899 curas
697 3843 810 3900 fure
842 3843 1277 3912 intellexissent,
1309 3861 1364 3898 v.
1395 3846 1449 3901 5.
1501 3845 1610 3901 Nec
1648 3854 1729 3901 est
1755 3844 1897 3917 quod
1931 3847 1983 3900 in
2008 3847 2109 3903 bac

503 3935 622 4007 ipsa
651 3936 1006 3992 ratiocinandi
1037 3937 1210 3993 forma
1235 3937 1319 3994 vel
1342 3937 1443 4008 ipsi
1473 3938 1615 3993 athei
1639 3948 1892 4009 poterunt
1915 3940 2107 3995 merito

508 4028 938 4098 reprehendere.

583 4120 613 4194 §
642 4119 1140 4178 28.—Erattamen
1169 4131 1223 4178 et
1242 4122 1384 4179 aliud
1407 4124 2106 4194 argumentum,etquidem

496 4214 608 4288 ipsi
639 4215 938 4286 prophetia:
966 4215 1108 4289 dono
1131 4215 1481 4272 intrinsecum
1506 4260 1520 4281 ,
1567 4232 1673 4286 quo
1704 4217 2105 4288 prophetiarum

503 4322 723 4364 suarum
781 4307 943 4364 ﬁdem
1014 4318 1228 4364 veteres
1296 4309 1719 4372 conﬁrmabant,
1798 4309 2102 4364 futurorum

500 4416 704 4474 nempe
726 4404 1152 4473 contingentium
1183 4403 1480 4474 praedictio.
1532 4404 1663 4472 Qute
1690 4403 1905 4473 quidem
1956 4412 2102 4459 certa

502 4510 663 4561 esse,
707 4506 762 4552 et
800 4513 846 4551 a-
890 4497 1005 4553 Deo
1052 4506 1273 4553 auctore
1318 4497 1481 4553 luisse
1529 4498 1797 4554 intellecta
1841 4507 1953 4561 est,
1980 4513 2102 4554 cum

497 4588 673 4660 ipsam
701 4588 1078 4645 conﬁrmasset
1118 4598 1366 4645 eventus.
1394 4589 1631 4660 Eratque
1670 4588 1787 4645 inec
1811 4604 2105 4660 argumen-

2216 3383 2498 3451 admOtus,
2545 3393 2604 3438 ut
2642 3384 2811 3453 possit
2837 3398 2905 3438 ex
2931 3382 3246 3438 causalitate
3274 3397 3368 3435 sua
3415 3380 3482 3436 de
3519 3380 3826 3436 futurorum

2215 3478 2639 3548 contingentium
2699 3486 2895 3533 eventu
2943 3476 3206 3547 judicare.
3264 3472 3372 3530 Sed
3432 3488 3531 3528 nec
3583 3487 3680 3528 eos
3733 3474 3812 3528 ita

2215 3573 2571 3641 incorporeos
2590 3578 2925 3642 agnoverunt
2950 3581 3007 3625 ut
3055 3577 3277 3640 possent
3314 3568 3493 3623 omnia
3533 3577 3711 3622 creata
3766 3567 3821 3621 in

2215 3658 2440 3729 speculo
2503 3657 2767 3713 creatoris
2817 3657 3037 3712 intueri.
3098 3655 3207 3711 Nec
3258 3655 3436 3709 omnia
3486 3662 3665 3708 creata
3714 3652 3827 3708 illis

2215 3753 2555 3809 innotescere
2580 3751 2950 3817 crediderunt,
2983 3750 3085 3805 nisi
3112 3764 3231 3820 qum
3269 3749 3407 3803 Dens
3435 3748 3538 3802 illis
3567 3746 3818 3803 revelare

2213 3846 2466 3916 dignatus
2487 3854 2668 3907 esset.
2711 3860 2812 3901 nec
2859 3845 3023 3900 etiam
3072 3843 3253 3899 omnia
3306 3842 3413 3897 illis
3462 3843 3703 3897 revelare
3748 3841 3821 3899 de

2214 3938 2357 3995 laeto
2382 3954 2504 3994 esse
2532 3938 2830 4010 diguatum.
2864 3935 3176 4008 Mysterium
3205 3934 3275 3990 de
3328 3934 3700 3989 incarnatione
3743 3933 3818 3989 ab

2216 4031 2454 4088 Ecclesia
2476 4030 2728 4086 didicisse
2772 4030 2992 4100 angelos
3022 4028 3173 4084 testis
3198 4034 3281 4082 est
3320 4025 3610 4096 Apostolus
3643 4024 3815 4098 (Eph.

2212 4139 2290 4190 ιιι,
2325 4123 2448 4195 10).
2492 4124 2616 4179 Tria
2646 4123 2808 4179 etiam
2831 4164 2846 4189 ,
2890 4132 3018 4176 ante
3049 4120 3473 4176 incarnationem
3503 4118 3809 4175 diemonem

2212 4218 2435 4273 latuisse
2459 4260 2474 4285 ,
2508 4228 2783 4273 auctorem
2817 4215 3079 4272 habemus
3108 4216 3372 4286 lgnatium
3424 4211 3652 4288 (Ignat.,
3704 4215 3813 4285 Ep.

2211 4310 2279 4364 ad
2308 4307 2531 4381 Ephes.,
2577 4309 2751 4383 §l9).
2779 4308 2884 4365 Sed
2937 4324 3044 4364 non
3091 4317 3247 4364 vacat
3290 4307 3439 4364 hisco
3489 4319 3546 4363 ut
3587 4308 3815 4380 singulis

2211 4402 2581 4457 immorentur.

2285 4495 2313 4568 §
2347 4494 2727 4564 30.—Liquet
2747 4495 2986 4560 interim,
3015 4494 3136 4549 data
3167 4493 3265 4549 hac
3293 4493 3600 4566 bypothesi,
3630 4493 3810 4551 futura

2209 4592 2577 4663 contingentia
2599 4631 2615 4657 ,
2643 4590 2757 4645 sive
2787 4605 2816 4644 a
2857 4590 3031 4646 libero
3058 4586 3314 4653 arbitrio,
3346 4589 3460 4643 sive
3489 4587 3559 4643 ab
3589 4588 3807 4644 univer-

498 4681 635 4736 tatio
693 4695 757 4737 ex
811 4680 1231 4736 christianorum
1284 4681 1564 4752 principiis
1606 4681 1932 4736 certissima.
1980 4680 2309 4750 lpseDsali
2356 4692 2541 4747 motu,
2588 4683 2914 4754 pendentia,
2954 4680 3223 4738 nemiuem
3249 4696 3439 4752 posse,
3472 4681 3573 4737 nisi
3596 4696 3811 4737 summo

496 4772 644 4830 Deus
676 4789 742 4828 eo
774 4785 1030 4844 provocat
1054 4776 1193 4845 apud
1245 4774 1437 4830 Isaiam
1482 4773 1647 4845 (lsa.,
1688 4789 1799 4837 xu,
1829 4771 1945 4847 25).
1991 4774 2105 4831 Nec

496 4880 637 4924 vero
686 4866 841 4922 alteri
892 4883 1052 4936 quam
1090 4869 1199 4924 Deo
1249 4870 1410 4924 tribui
1463 4868 1532 4923 de
1578 4869 1722 4923 facto
1768 4869 1941 4939 potuit
1987 4868 2105 4924 haec

498 4959 808 5017 futurorum
855 4961 1283 5031 contingentium
1340 4963 1677 5030 praascientia
1717 4977 1782 5017 ex
1826 4961 2105 5032 principiis

501 5054 947 5112 chrisﬁanorum.
999 5052 1070 5110 Ut
1100 5054 1243 5109 enim
1272 5054 1464 5110 demus
1498 5056 1699 5110 multos
1725 5069 1848 5112 esse
1876 5065 2103 5112 eventus

498 5149 590 5219 qui
651 5148 795 5205 vires
842 5157 1214 5204 creaturarum
1268 5165 1375 5204 non
1425 5149 1789 5216 excederent;
1842 5164 2101 5206 concessa

499 5251 680 5298 tamen
730 5242 851 5310 illa,
885 5257 1045 5314 quam
1069 5242 1345 5299 christiani
1375 5242 1681 5313 tuebantur,
1711 5243 2055 5315 providentia
2082 5285 2099 5312 ,

498 5344 658 5391 erant
700 5335 1054 5392 nihilominus
1100 5337 1232 5392 certi
1281 5334 1496 5407 quidam
1530 5344 1756 5391 eventus
1784 5337 1872 5407 qui
1899 5336 2100 5391 nullam

498 5428 777 5486 habebant
823 5446 1043 5488 causam
1088 5445 1119 5485 a
1147 5438 1337 5486 natura
1369 5430 1820 5499 determinatam,
1878 5447 1942 5487 ex
1995 5447 2101 5502 qua

496 5532 751 5594 pmerant
779 5533 937 5582 antea
987 5525 1278 5596 cognosci;
1331 5534 1388 5581 et
1433 5538 1561 5580 vero
1615 5524 1707 5596 qui
1752 5540 1859 5580 non
1900 5540 1969 5581 ex
1995 5540 2100 5581 una

495 5613 679 5684 aliqua
699 5629 880 5684 causa,
913 5618 1006 5674 sed
1035 5634 1102 5673 ex
1129 5618 1371 5674 omnium
1402 5632 1674 5695 consensu
1699 5617 2098 5688 complexuque

494 5706 769 5763 orirentur
816 5708 1049 5783 (quales
1095 5720 1253 5769 erant
1306 5712 1396 5783 qui
1445 5711 1715 5782 publicum
1777 5709 2098 5780 spectabant

491 5798 785 5873 plerique),
827 5802 948 5859 illos
972 5804 1057 5860 vel
1086 5804 1243 5860 unius
1282 5818 1462 5859 causa:
1496 5803 1764 5868 delectus,
1798 5803 1879 5858 vel
1926 5803 2088 5860 etiam

492 5892 654 5951 unius
698 5894 1072 5970 interpositio,
1105 5898 1342 5986 incertos
1369 5896 1533 5965 fecit,
1590 5903 1650 5953 ut
1700 5893 1926 5967 proinde
1979 5912 2087 5957 non

2211 4774 2302 4831 illo
2351 4776 2463 4831 Deo
2514 4775 2792 4831 revelante
2840 4789 3187 4846 cognoscere.
3233 4773 3340 4830 Sed
3372 4789 3471 4843 nec
3500 4774 3546 4828 si
3601 4784 3807 4830 motum

2208 4869 2358 4925 illum
2391 4870 2751 4926 universalem
2781 4870 3195 4941 cognovissent,
3228 4869 3312 4925 vel
3356 4871 3427 4924 ita
3476 4878 3695 4938 possent
3737 4870 3807 4928 de

2206 4976 2497 5021 eventuum
2524 4965 2679 5021 istius
2702 4966 2847 5021 modi
2873 4964 3198 5021 cerlitudine
3225 4963 3488 5033 judicare.
3520 4962 3631 5019 Nec
3658 4963 3804 5021 enim
3880 5022 3887 5027 ,

2206 5059 2279 5115 ita
2319 5059 2580 5114 mundum
2627 5058 2936 5113 universum
2971 5055 3284 5112 mechanice
3310 5071 3338 5109 a
3371 5056 3484 5111 Deo
3529 5055 3642 5127 regi
3688 5069 3807 5112 cre-

2207 5151 2440 5218 debant,
2476 5162 2533 5206 ut
2567 5167 2674 5206 non
2706 5149 2996 5220 aliquando
3022 5158 3211 5205 contra
3242 5158 3446 5204 mottun
3485 5148 3634 5204 illum
3684 5149 3804 5204 uni-

2206 5244 2505 5309 versalem,
2561 5243 2759 5313 smpius
2801 5250 2983 5298 tamen
3013 5250 3209 5312 praeter
3234 5241 3422 5307 illum,
3470 5241 3611 5297 Deus
3638 5241 3803 5298 inter-

2202 5349 2409 5407 ponere
2454 5343 2510 5390 et
2561 5334 2724 5391 vellet
2777 5343 2833 5390 et
2871 5335 3109 5400 soleret;
3161 5344 3349 5389 contra
3401 5333 3692 5404 equidem,
3747 5335 3799 5391 in

2206 5428 2483 5484 miraculis
2513 5444 2527 5482 :
2558 5437 2757 5498 prteter
2802 5427 2951 5483 illum
2975 5470 2989 5493 ,
3021 5428 3236 5499 quoties
3280 5428 3447 5487 vellet
3499 5429 3801 5485 ordinarias

2205 5520 2368 5577 etiam
2434 5521 2732 5576 electorum
2783 5534 2975 5592 preces
3031 5518 3313 5578 exaudire.
3378 5518 3601 5577 Frustra
3654 5522 3799 5579 enim

2204 5622 2388 5671 essent
2415 5614 2623 5683 piorum
2651 5629 2841 5684 preces
2872 5625 2929 5670 ut
2968 5614 3289 5685 plurimum,
3323 5629 3422 5681 pro
3461 5615 3620 5671 bonis
3659 5630 3797 5685 prte-

2199 5707 2387 5764 sertim
2435 5706 2852 5778 temporalibus;
2903 5707 2948 5762 si
2996 5705 3130 5762 nihil
3177 5716 3360 5777 posset
3406 5708 3547 5764 Dens
3595 5714 3796 5776 praeter

2196 5802 2521 5860 universalis
2552 5811 2760 5858 naturae
2790 5816 3031 5871 cursum,
3061 5800 3178 5857 sine
3200 5800 3484 5867 miraculo,
3516 5809 3794 5869 praestare.

2191 5898 2379 5957 Toties
2406 5897 2554 5959 enim
2580 5896 2787 5958 edenda
2815 5906 3000 5957 essent
3018 5895 3319 5955 istiusmodi
3343 5894 3621 5965 miracula,
3653 5908 3796 5964 quo-

4005 860 4010 933 ἓ
