4018 6324
241 410 321 470 εδ

1382 412 1469 469 DE
1512 410 1890 471 VISIONIBUS
1926 412 2399 472 PROPHETICIS.

3475 415 3550 470 26

249 530 353 587 ties
405 528 673 586 bonorum
725 526 911 587 essent.
964 541 1150 600 preces
1198 526 1501 584 audienda.
1581 526 1735 596 Quod
1802 528 1847 583 si
1875 528 1926 590 Λ
1954 528 2372 598 expectandum.
2416 527 2643 603 Quoque
2671 531 2871 601 stepius
2915 531 3213 604 prophetiis
3241 531 3360 603 ejus
3382 544 3548 587 even-

251 629 454 694 praeter
510 622 871 678 universalem
919 620 1069 676 illttm
1114 629 1318 676 motum
1372 620 1536 675 multa
1594 621 1733 676 Deus
1790 628 1846 675 et

250 714 386 768 velit
431 722 688 784 pra-stare
734 713 1077 784 soleretque;
1120 713 1362 784 sequitur
1400 727 1463 768 ex
1506 712 1632 776 illo,
1665 712 1708 765 si
1760 712 1845 767 vel

250 807 492 881 maxime
515 806 868 871 innotuisset,
901 805 1032 860 nihil
1058 820 1179 860 esse
1206 804 1275 860 de
1304 804 1500 860 futuris
1526 806 1844 875 contingen-

250 899 397 956 tibus
423 910 570 955 certo
601 899 1075 969 pronuntiandum.

325 992 356 1067 §
385 996 473 1050 5i.
496 1023 570 1034 —
597 994 749 1062 Quod
790 994 836 1049 si
878 993 1025 1060 hmo,
1061 1000 1118 1047 ttt
1143 1000 1352 1048 creatas
1384 991 1525 1047 vires
1552 1006 1616 1047 ex
1650 1001 1841 1046 natura

247 1100 347 1143 sua
376 1101 482 1142 nOu
515 1096 865 1158 superarent,
899 1102 1005 1142 non
1036 1097 1215 1141 tamen
1252 1097 1472 1156 possent
1498 1102 1526 1139 a
1554 1097 1803 1140 creatura
1825 1127 1839 1152 ,

248 1181 356 1238 nisi
395 1183 504 1236 Deo
534 1183 847 1247 revelante,
881 1182 1170 1253 cognosci;
1205 1180 1256 1236 id
1287 1196 1450 1236 unum
1493 1181 1706 1236 abunde
1733 1179 1843 1236 suf-

244 1277 385 1345 ﬁcit,
421 1286 476 1332 ut
495 1278 712 1348 quoties
744 1277 1052 1332 hominibus
1075 1276 1433 1332 innotuissent
1457 1317 1472 1342 ,
1522 1278 1632 1331 Deo
1664 1287 1841 1331 tamen

244 1385 462 1426 summo
489 1379 675 1425 essent
713 1370 911 1426 merito
943 1368 1245 1423 tribuenda.
1300 1367 1409 1423 Nec
1437 1368 1580 1422 enim
1612 1367 1663 1421 id
1693 1382 1842 1437 quac—

241 1461 519 1527 rendutn,
575 1462 785 1517 Ueusne
835 1461 982 1531 ipse,
1033 1477 1101 1515 an
1129 1461 1246 1531 ejus
1266 1459 1421 1531 jussu
1471 1460 1842 1530 permissuque

242 1565 495 1614 creatura
528 1556 736 1628 aliqua.
765 1556 815 1612 ei
847 1564 1024 1612 tamen
1057 1555 1272 1611 subdita
1305 1555 1611 1610 hominibus
1642 1569 1705 1609 ea
1749 1569 1839 1611 re-

239 1650 495 1706 velaret?
523 1651 656 1715 sed,
686 1666 755 1705 an
774 1691 790 1717 ,
830 1665 898 1705 eo
922 1651 1144 1729 nolente
1164 1693 1179 1719 ,
1214 1650 1295 1704 vis
1318 1648 1492 1719 aliqua
1523 1648 1840 1705 contraria?

239 1743 304 1801 In
335 1759 405 1801 eo
432 1746 576 1801 enim
623 1754 870 1801 versatur
899 1746 1102 1801 erroris
1129 1744 1444 1816 periculum.
1488 1745 1685 1814 Atqui,
1715 1743 1839 1798 data

236 1836 372 1906 hac,
399 1855 558 1909 quam
591 1839 1120 1909 reprzesentavimus,
1171 1838 1492 1910 hypotltesi;
1526 1837 1577 1893 id
1628 1850 1836 1894 certum

1952 630 2039 676 tus
2066 624 2503 695 respondissent,
2548 639 2613 680 eo
2660 625 2861 681 certius
2911 632 3192 683 constabat
3244 643 3349 682 non
3398 627 3549 682 casui

1951 716 2099 783 haec,
2156 718 2249 772 sed
2308 734 2436 774 vero
2467 719 2629 775 certis
2659 720 2835 775 causis
2875 736 2995 777 esse
3042 720 3345 778 tribuenda.
3406 719 3544 776 Cum

1951 824 2080 862 vero
2109 808 2337 865 duorum
2365 821 2548 866 essent
2576 828 2835 882 generum
2870 815 3167 884 prophetiae
3189 858 3202 881 ,
3235 815 3355 869 alite
3383 814 3546 870 clara:

1948 902 2242 972 facilesque
2283 897 2558 959 intellectu
2581 946 2596 971 ,
2631 906 2682 959 in
2712 907 2908 975 quibus
2940 907 3082 961 nulla
3115 922 3237 963 esse
3267 916 3450 977 pusset
3479 908 3547 964 de

1947 1008 2078 1048 vero
2132 994 2412 1065 prOphetm
2468 1011 2630 1051 sensu
2680 997 2978 1065 dubitatio;
3035 999 3158 1054 aliae
3213 1016 3398 1055 rursus
3450 1016 3548 1071 pro

1946 1088 2144 1140 usitato
2193 1088 2593 1158 prophetiarum
2639 1091 2925 1154 idiomate,
2976 1092 3237 1165 symbolis
3291 1096 3547 1165 tenigma-

1947 1179 2192 1251 libusque
2240 1181 2497 1237 involuta:
2519 1224 2534 1249 ,
2565 1193 2621 1237 ut
2649 1198 2792 1255 mgre
2822 1185 3045 1256 intelligi
3079 1196 3262 1256 posset
3290 1202 3541 1258 quamam

1946 1275 2224 1343 prophetae
2275 1286 2416 1330 esset
2448 1285 2540 1330 aut
2586 1277 2821 1331 numinis
2851 1278 3121 1333 sententia
3151 1296 3163 1332 :
3195 1294 3258 1333 ex
3297 1281 3535 1348 priorum

1947 1367 2177 1422 veritate
2232 1367 2301 1422 de
2352 1370 2745 1439 posterioribus
2776 1380 2893 1425 erat
2941 1371 3265 1426 solidissime
3287 1371 3542 1443 judican-

1944 1458 2091 1515 dum.
2124 1460 2180 1516 Si
2210 1478 2399 1519 omnes
2420 1464 2663 1519 obscurae
2694 1474 2895 1531 essent,
2933 1476 2988 1521 ut
3016 1467 3068 1521 in
3099 1468 3332 1523 oraculis
3375 1469 3542 1540 Apol-

1944 1553 2071 1609 linis
2126 1555 2345 1623 Loxim,
2407 1568 2823 1630 nostrorumque
2887 1559 3271 1615 hodiernorunt
3341 1561 3541 1617 enthu-

1943 1651 2229 1706 siastarum
2286 1652 2535 1717 deliriis;
2581 1652 2725 1707 nulla
2768 1653 2883 1723 jam
2915 1662 3069 1708 erant
3099 1654 3394 1710 intrinseca
3424 1671 3542 1713 cre-

1941 1742 2221 1797 dibilitatis
2274 1755 2633 1815 argumenta,
2703 1755 2759 1798 ut
2814 1745 2917 1800 nisi
2983 1745 3121 1802 forte
3167 1763 3291 1803 eum
3357 1747 3538 1804 locum

1942 1836 2248 1893 extrinseca
2303 1836 2684 1907 supplessent,
2742 1839 3085 1908 quantumvis
3112 1854 3259 1895 verte
3308 1850 3538 1897 essent:

243 1939 369 1987 erat
391 1929 697 2001 hujusmodi
745 1930 1107 1986 revelationes
1155 1945 1186 1986 a
1236 1931 1284 1985 vi
1339 1930 1516 2001 aliqua
1568 1931 1836 1985 contraria
1868 1935 1999 1995 Bal.
2051 1929 2258 1983 nullum
2306 1940 2453 1984 certe
2504 1929 2775 1985 habebant
2829 1931 3103 2000 veritatis,
3150 1948 3255 2004 quo
3301 1948 3331 1988 a
3388 1932 3539 1991 lalsis

237 2037 368 2080 esse
396 2038 504 2079 non
544 2039 723 2095 posse.
756 2023 869 2079 Nec
909 2024 1054 2079 enim
1102 2033 1220 2080 erat
1266 2032 1511 2079 creatura
1541 2040 1696 2094 quin,
1730 2023 1841 2080 Deo

238 2116 500 2184 uolente,
530 2133 591 2172 ea
636 2126 819 2187 posset
847 2132 1205 2188 cognoscere;
1238 2133 1336 2173 nec
1367 2118 1661 2174 verisimile
1690 2129 1838 2185 erat,

235 2209 454 2280 angelis
478 2210 766 2265 contrariis
791 2220 847 2265 et
869 2212 980 2265 suis
1009 2226 1336 2282 suorumque
1362 2210 1608 2266 hostibus
1661 2211 1839 2266 infen-

237 2304 500 2372 sissimis,
531 2304 697 2360 Deum
730 2319 793 2359 ea
822 2304 1205 2371 revelatttrmn,
1235 2320 1354 2375 quae
1383 2320 1488 2360 non
1511 2317 1692 2361 essent
1714 2305 1838 2361 illo-

238 2413 368 2455 rum
398 2410 605 2454 naturae
634 2398 815 2454 debita
836 2441 851 2467 ,
884 2414 983 2454 nec
1012 2409 1265 2470 possent,
1301 2401 1402 2456 nisi
1442 2416 1508 2456 eo
1540 2402 1836 2469 revelante,

236 2507 594 2565 cognoscere.
629 2492 885 2565 Sequitur
908 2509 1073 2565 ergo,
1108 2504 1164 2549 ut
1190 2499 1506 2566 angelorum
1538 2496 1840 2551 miniSIerio

238 2585 305 2641 in
344 2585 673 2641 revelatione
701 2585 1012 2642 hominibus
1044 2587 1406 2658 patefacienda
1441 2599 1705 2653 uteretur,
1735 2589 1838 2644 nisi

236 2676 406 2733 bonis
436 2687 614 2734 tamen
646 2679 869 2735 minime
911 2695 1157 2734 usurum.
1187 2679 1295 2736 Nec
1327 2682 1672 2737 metuendum
1706 2683 1835 2753 quin

236 2769 323 2825 illi
373 2785 598 2827 munere
651 2771 755 2827 sibi
806 2772 1096 2827 commisso
1124 2771 1533 2844 diligentissime
1586 2775 1838 2831 ﬁdelissi-

233 2876 440 2933 meqtte
490 2862 865 2934 fungerentur.
916 2863 995 2919 Ita
1042 2867 1329 2920 constabat
1377 2881 1532 2922 veras
1571 2866 1731 2924 hasce
1771 2868 1838 2924 de

236 2953 444 3012 futuris
471 2958 911 3028 contingentibus
954 2958 1312 3014 revelationes
1350 2960 1455 3014 nisi
1501 2976 1532 3015 a
1567 2961 1676 3017 Deo
1710 2977 1837 3019 auc-

233 3054 361 3104 tore
385 3062 508 3105 esse
539 3064 646 3105 non
675 3064 851 3120 posse.

316 3140 534 3213 §52.—
548 3141 879 3214 Quamquam
905 3154 1085 3200 autem
1115 3144 1476 3216 hypotlteseos
1498 3147 1714 3216 veritas,
1742 3164 1838 3204 cu-
1868 3142 1873 3147 ’

227 3232 324 3307 jus
367 3235 543 3305 justas
572 3234 735 3290 hasce
764 3236 997 3291 diximus
1023 3251 1143 3291 esse
1168 3246 1327 3309 atque
1351 3239 1618 3309 legitimas
1643 3256 1837 3298 conse—

1946 2023 2474 2088 internoscerentur,
2502 2023 2897 2092 characterem,
2952 2040 3054 2080 nec
3090 2027 3237 2080 alios
3290 2027 3536 2097 proinde,

1943 2124 2002 2169 ut
2028 2130 2154 2169 vera
2194 2115 2572 2181 crederentur,
2605 2115 2934 2186 obligabant.
2986 2116 3078 2172 Sin
3139 2118 3334 2188 aliquae
3391 2134 3541 2190 pers-

1943 2208 2157 2278 picuae;
2198 2207 2308 2278 jam
2354 2208 2508 2264 facile
2540 2208 2804 2278 judicium
2853 2220 3002 2277 erat,
3052 2210 3120 2267 de
3163 2212 3383 2283 reliquis
3411 2212 3541 2284 quid

1944 2314 2091 2359 esset
2117 2302 2484 2358 statuendum.
2531 2304 2589 2358 Si
2630 2312 2857 2359 eventus
2899 2305 2985 2359 vel
3038 2306 3199 2360 unius
3244 2306 3539 2377 perspicua:

1946 2395 2251 2467 prOpbetiac
2283 2413 2388 2451 non
2417 2398 2820 2467 respondisset;
2870 2398 3030 2469 plane
3058 2400 3387 2470 sequebatur
3439 2415 3540 2456 nec

1944 2489 2172 2559 reliquis
2200 2504 2321 2545 esse
2347 2490 2619 2546 lidendum
2641 2531 2658 2558 ,
2693 2491 2819 2560 quin
2849 2493 3024 2562 potius
3044 2493 3163 2548 illas
3189 2493 3274 2549 vel
3306 2493 3538 2549 naturali

1942 2581 2352 2649 enthusiasmo,
2415 2584 2492 2638 vel
2535 2584 2722 2651 alteri,
2775 2585 2954 2654 potius
3004 2584 3269 2640 diabolico
3325 2584 3536 2655 spiritui

1942 2690 2101 2747 quam
2144 2675 2326 2730 divino
2370 2690 2491 2731 esse
2540 2675 2875 2731 tribuendas.
2930 2677 3003 2732 lta
3057 2678 3366 2733 Maximillae
3416 2693 3542 2748 pro-

1942 2767 2154 2838 phetias
2185 2783 2244 2822 rc
2268 2767 2382 2823 ellit
2412 2768 2661 2823 Asterius
2704 2767 2955 2824 Urbanus
2992 2769 3121 2841 (Ap.
3156 2769 3370 2837 Euseb.,
3399 2768 3538 2824 Hist.

1939 2860 2091 2921 eccl..
2127 2874 2183 2925 v,
2217 2860 2330 2929 16).
2375 2859 2709 2916 Praedixerat
2754 2860 2845 2915 illa
2876 2860 3160 2917 imminere
3206 2863 3457 2936 πολέμους
3486 2870 3543 2918 et

1940 2955 2360 3020 ἀκαταστασίας,
2412 2969 2534 3008 cum
2561 2964 2737 3009 tamen
2765 2963 2886 3024 post
2912 2969 3111 3011 annum
3172 2957 3386 3011 tertium
3443 2956 3540 3011 dco

1940 3046 2140 3101 cimum
2191 3046 2302 3117 jam
2358 3048 2636 3116 elapsum,
2684 3063 2783 3103 nec
2842 3049 3166 3118 particulare
3218 3049 3418 3104 bellum
3445 3057 3540 3104 aut

1940 3140 2242 3196 universale
2292 3140 2343 3194 iu
2374 3142 2532 3195 terris
2578 3140 2798 3205 fuisset,
2845 3140 3161 3196 Christianis
3215 3144 3378 3197 etiam
3436 3158 3537 3212 pax

1940 3235 2093 3290 ﬁrma
2124 3234 2438 3304 stabilisque
2466 3234 2870 3303 permansisset.
2901 3231 3030 3288 Inde
3056 3233 3334 3288 concludit
3373 3232 3537 3289 ﬁdem

230 3330 509 3400 quentias,
542 3345 609 3385 ex
638 3330 949 3386 docentium
976 3332 1296 3387 auctoritate
1329 3332 1549 3402 probata
1577 3341 1679 3401 est,
1712 3350 1833 3405 quae
1860 3332 1904 3394 C
1937 3330 1986 3386 ei
2008 3345 2222 3384 omimm
2252 3342 2372 3383 esse
2402 3325 2789 3398 derogandam.
2817 3326 2971 3392 Quod
2998 3327 3045 3382 si
3071 3327 3380 3381 evenissent
3407 3341 3529 3397 quae

232 3432 295 3480 et
327 3424 445 3495 ipsa
466 3424 588 3479 aliis
612 3435 729 3479 erat
753 3424 1029 3480 miraculis
1058 3426 1466 3491 commendata;
1500 3426 1625 3481 facit
1656 3437 1832 3483 tamen

233 3517 491 3573 nonnihil
518 3517 587 3572 ad
628 3520 1031 3589 praemissarum
1061 3534 1274 3590 quoque
1302 3520 1580 3575 veritatem
1600 3562 1614 3585 ,
1643 3536 1835 3577 conse-

239 3610 588 3682 quentiarum
615 3626 831 3683 quoque
875 3613 988 3682 ipsa
1026 3611 1410 3682 probabilitas,
1445 3622 1661 3682 tamque
1709 3624 1832 3685 apta

232 3704 380 3762 inter
405 3721 466 3761 se
484 3714 537 3762 et
565 3720 687 3762 cum
717 3706 1084 3776 phrenOmenis
1110 3710 1393 3763 connexio.
1413 3707 1543 3762 Nam
1565 3709 1616 3763 in
1640 3709 1832 3781 hujus-

232 3800 401 3880 modi.
433 3802 610 3857 causis
659 3816 794 3873 quas
821 3800 968 3873 ipsas
1008 3801 1151 3857 nulla
1184 3811 1368 3857 nostra
1393 3819 1421 3854 a
1468 3802 1631 3873 priori
1662 3804 1834 3858 ratio-

231 3894 439 3953 cinatio
465 3895 711 3966 attingit,
751 3894 802 3950 id
832 3911 997 3949 unum
1043 3895 1261 3950 student
1291 3896 1572 3962 homines,
1625 3905 1685 3950 ut
1730 3895 1833 3951 sibi

229 3989 525 4064 quamdam
570 3989 774 4060 ﬁngant
802 3987 1127 4060 hypothesin
1157 4003 1276 4059 quae
1302 4002 1423 4042 cum
1463 3989 1833 4058 pltaznomenis

233 4093 364 4155 apte
391 4084 699 4147 conveniat,
727 4096 825 4138 nec
846 4082 1004 4137 aliam
1024 4090 1273 4150 quatrunt
1293 4082 1410 4151 ejus
1439 4082 1832 4151 probationem,

231 4191 398 4250 quam
427 4188 608 4246 aptam
644 4176 792 4230 illam
822 4191 944 4230 cum
976 4174 1347 4244 phaanomenis
1375 4176 1832 4243 convenientiam,

232 4284 467 4342 eamque
513 4268 1044 4339 vcrioremjudicant
1074 4283 1194 4340 qua:
1242 4267 1617 4340 phacnomenis
1668 4269 1835 4339 pluri-

231 4361 337 4419 bus
381 4363 668 4439 aptiusque
693 4360 1004 4433 reSpondet.
1060 4360 1136 4416 Ita
1182 4360 1427 4430 judicant
1480 4362 1548 4416 de
1599 4362 1836 4417 moubus

230 4454 449 4511 orbium
486 4454 813 4520 ctelestium,
868 4453 1094 4508 marium
1118 4496 1131 4518 ,
1164 4463 1591 4522 ventorumque:
1620 4453 1689 4508 de
1718 4468 1835 4507 ma-

231 4548 413 4621 gnetis
469 4555 660 4603 natura
716 4547 1053 4617 aliorumque
1107 4545 1161 4601 id
1209 4560 1379 4617 genus
1432 4546 1694 4600 omnium.
1727 4545 1839 4602 Nec

236 4651 424 4699 tamen
455 4642 634 4697 minus
661 4652 742 4697 est
767 4656 797 4696 a
841 4642 998 4696 nobis
1024 4641 1232 4696 occulta
1264 4640 1401 4696 ratio
1445 4639 1797 4710 providentite
1819 4682 1835 4708 ,

1941 3422 2196 3493 prtcdicta
2224 3428 2372 3487 sunt,
2405 3436 2504 3491 pro
2528 3421 2712 3474 talium
2751 3429 3042 3475 eventuum
3069 3420 3365 3490 frequentia
3404 3434 3533 3490 pro-

1940 3514 2119 3585 phetae
2148 3514 2282 3567 lidos
2314 3514 2482 3581 magis
2528 3525 2646 3567 erat
2692 3512 2939 3568 minusve
2989 3512 3244 3567 stabilita.
3298 3510 3534 3568 Omnino

1938 3604 2267 3662 solidiSsima
2296 3613 2415 3659 erat
2446 3602 2755 3675 hujusmodi
2779 3604 3177 3674 argumentatio
3197 3646 3212 3669 ,
3246 3619 3346 3659 nec
3378 3603 3536 3660 video

1938 3698 2066 3768 quid
2128 3698 2180 3751 in
2238 3711 2301 3752 ea
2342 3695 2746 3766 reprehendere
2774 3701 3018 3768 possint,
3073 3694 3270 3751 nedum
3324 3695 3536 3765 ridere,

1938 3805 2141 3846 scurra:
2161 3789 2341 3858 athei;
2394 3805 2494 3845 nec
2520 3790 2645 3860 quid
2677 3790 2852 3844 simile
2884 3789 3178 3845 obtendere
3205 3790 3413 3860 possint
3444 3804 3540 3859 pro

1938 3884 2049 3938 suis
2072 3926 2087 3951 ,
2118 3897 2252 3953 quas
2275 3881 2431 3936 hodie
2460 3882 2733 3937 venditant
2780 3880 3101 3952 propltt-tiis,
3144 3881 3260 3938 lteri
3316 3882 3537 3937 nudius-

1941 3979 2234 4047 tertiusque
2274 3976 2382 4031 nati
2427 3976 2679 4043 fanatici,
2728 3976 2842 4031 sive
2885 3991 3072 4031 eorum
3127 3977 3216 4048 qui
3263 3976 3535 4032 communi

1940 4071 2356 4141 protestantium
2390 4070 2650 4125 vocabulo
2680 4079 2993 4137 censentur,
3016 4070 3129 4125 sive
3160 4071 3318 4125 etiam
3351 4085 3537 4125 eorutn

1939 4180 2075 4236 quos
2105 4166 2361 4236 lliysllCOS
2386 4164 2662 4235 appellant
2700 4163 2981 4235 theologos
3020 4163 3300 4235 pantiﬁeii.
3354 4164 3536 4219 Neutri

1939 4257 2275 4327 argumentis
2332 4257 2654 4313 extrinsecis
2704 4266 2962 4325 utuntur,
3035 4257 3154 4312 sive
3221 4257 3535 4326 miraculis,

1940 4364 2122 4405 coram
2148 4361 2199 4406 el
2231 4352 2281 4405 in
2313 4352 2625 4421 propatulo,
2671 4351 2833 4422 inque
2855 4349 3149 4405 inﬁdelium
3182 4350 3317 4406 facie
3342 4350 3535 4417 editis,

1942 4445 2057 4500 sive
2087 4446 2338 4512 aliorum,
2372 4460 2402 4498 a
2433 4445 2588 4501 nobis
2613 4446 2775 4500 etiam
2807 4446 3110 4515 agnitornm
3146 4446 3536 4516 protihetarum

1944 4543 2292 4599 testimoniis.
2364 4541 2548 4596 Neutri
2618 4539 2941 4596 testimoniis
3006 4540 3350 4604 intrinsecis,
3424 4540 3538 4594 sive

1942 4637 2183 4693 cordium
2216 4635 2509 4691 infidelium
2538 4634 2813 4705 patefactis
2857 4634 3104 4699 occultis,
3155 4635 3270 4689 sive
3315 4633 3529 4688 futuro-

231 4750 400 4808 quam
427 4735 643 4789 orbium
665 4733 990 4790 etelestium.
1030 4732 1139 4789 Nec
1182 4733 1362 4787 minus
1408 4740 1534 4801 apte
1582 4731 1837 4786 convenit
1862 4728 1915 4788 D
1942 4744 2060 4784 rum
2092 4728 2519 4799 contingentium
2550 4728 2933 4796 praedictione,
2953 4725 3063 4795 jam
3094 4723 3184 4779 diu
3212 4734 3339 4779 ante
3366 4738 3535 4781 even-

230 4842 357 4887 cum
400 4829 775 4900 pht'cnomenis
803 4828 922 4884 btec
948 4826 1366 4883 christianorum
1395 4826 1464 4881 de
1492 4826 1832 4897 providentia

235 4922 587 4998 bypotbesis,
626 4938 786 4994 quam
818 4922 1093 4977 Ptolemtei
1124 4920 1212 4974 illa
1236 4961 1249 4984 .
1282 4918 1400 4975 sive
1435 4918 1597 4974 etiam
1626 4919 1830 4989 Coper-

232 5017 382 5082 nici,
420 5017 537 5072 sive
571 5015 794 5071 alterius
835 5016 1071 5084 cujusvis
1096 5012 1408 5069 Astronomi
1432 5027 1554 5067 cum
1588 5021 1830 5066 motuum

235 5107 456 5164 illorum
496 5106 893 5180 phacnomeuis.
921 5106 1122 5161 Contra
1154 5107 1332 5176 potius
1378 5105 1535 5175 longe
1571 5104 1835 5160 certiores

231 5209 392 5257 erant
414 5198 833 5255 Christianorum
857 5198 1016 5253 etiam
1046 5207 1251 5252 naturae
1277 5195 1828 5265 imperitissimorum,

233 5291 304 5349 de
357 5291 555 5347 futuris
604 5292 1042 5362 contingentibus
1072 5290 1424 5361 “prophetiae,
1478 5304 1638 5360 quam
1682 5289 1829 5360 peri-

235 5384 572 5439 tissintorum
631 5385 792 5439 etiam
842 5383 1238 5455 astrologorum
1296 5382 1518 5453 judicia.
1588 5382 1667 5437 Ex
1723 5397 1831 5453 quo

231 5478 291 5536 id
330 5480 493 5535 etiam
518 5483 849 5551 sequebatur
879 5479 1037 5549 longe
1077 5492 1202 5533 esse
1238 5477 1618 5544 verisimilius,
1645 5492 1676 5530 a
1719 5477 1831 5533 Deo

230 5583 360 5628 esse
392 5572 529 5635 haec.
562 5587 723 5644 quam
750 5586 779 5627 a
809 5571 1000 5644 quovis
1030 5570 1351 5627 naturalium
1381 5584 1666 5625 causarum
1694 5583 1829 5625 con-

232 5678 401 5722 sensu
427 5664 738 5735 repetenda.

309 5756 338 5829 ς
358 5756 759 5814 33.-—Probata
784 5772 914 5829 ergo
929 5756 1327 5829 prophetiarnm
1350 5748 1742 5827 prieteritarum
1762 5769 1829 5812 ex

235 5860 434 5909 eventu
466 5850 724 5918 veritate,
761 5851 832 5906 ita
858 5849 1055 5907 deinde
1084 5848 1359 5921 prepheta:
1404 5851 1698 5905 auctoritas
1745 5862 1832 5904 ac-

238 5945 409 6004 cessit
432 5944 502 6004 ad
532 5944 759 6003 aliarum
788 5945 1194 6018 prophetiarum
1242 5957 1553 6004 successum
1582 5942 1834 6001 similiter

1938 4834 2051 4879 tum
2085 4821 2393 4886 manifesta,
2427 4820 2800 4889 publicamque
2829 4818 2880 4871 itt
2912 4818 3083 4872 lucem
3116 4817 3282 4872 edita.

2008 4914 2151 4986 §5&.
2184 4944 2256 4954 —
2285 4910 2535 4969 Monendi
2581 4921 2707 4968 sunt
2747 4910 2959 4964 interim
3002 4909 3233 4965 lectores
3277 4923 3383 4965 non
3413 4923 3534 4966 esse

1936 5018 2114 5064 tamen
2170 5006 2312 5079 quod
2366 5006 2749 5075 prophetarum
2810 5006 2988 5061 omnia
3052 5005 3370 5076 prophetico
3424 5006 3532 5059 sint

1936 5102 2150 5173 spiritui
2208 5099 2512 5157 tribuenda.
2560 5099 2640 5155 Ne
2683 5099 2784 5155 hoc
2829 5098 3048 5167 quidem
3089 5098 3261 5155 Judaei
3291 5097 3360 5154 de
3401 5097 3534 5174 suis,

1935 5214 2038 5255 nec
2083 5198 2151 5253 de
2185 5197 2392 5270 Pythiis
2419 5195 2593 5252 Graeci
2622 5238 2637 5260 ,
2693 5210 2792 5250 nec
2835 5196 2904 5251 de
2936 5195 3215 5266 prophetis
3246 5193 3355 5248 suis
3399 5207 3534 5262 gen-

1936 5295 2057 5350 tiles
2100 5292 2222 5358 alii,
2274 5292 2560 5350 Phtenices
2598 5300 2759 5362 atque
2810 5289 3082 5362 AZgyptii,
3130 5304 3228 5343 nec
3270 5286 3359 5354 qui
3406 5301 3535 5356 pro-

1932 5386 2123 5457 phetas
2175 5394 2543 5455 agnoverunt,
2588 5383 2726 5438 ullos
2784 5382 3037 5437 docuisse
3101 5380 3354 5434 arbitror.
3419 5379 3535 5434 Eli-

1935 5493 2101 5534 sinum
2130 5477 2285 5532 latuit
2313 5475 2664 5534 Sunamitidls
2692 5474 3064 5530 infortunium.
3098 5471 3346 5527 Humano
3368 5469 3532 5527 etiam

1933 5570 2125 5640 Spiritu
2156 5570 2327 5626 edidit
2366 5569 2621 5625 nonnulla
2652 5568 3025 5623 sanctissimus
3054 5563 3373 5635 Apostolus.
3410 5563 3528 5621 Non

1932 5672 2017 5721 est
2066 5663 2228 5734 igitur
2282 5661 2558 5734 prephcta:
2610 5661 2745 5717 ﬁdes
2790 5661 2840 5714 in
2874 5660 3093 5713 dttbiutn
3145 5658 3424 5727 vocanda,
3486 5658 3533 5715 si

1934 5768 2039 5828 qua
2086 5754 2161 5809 illi
2220 5753 2531 5810 humanitus
2575 5753 2714 5808 dicta
2766 5750 3097 5818 exciderint,
3154 5750 3257 5806 hoc
3309 5759 3429 5815 est,
3477 5751 3534 5805 in

1934 5848 2002 5905 iis
2050 5865 2171 5920 qua:
2227 5865 2325 5906 nec
2368 5850 2484 5920 ipse
2531 5846 2753 5919 Spiritui
2809 5846 2932 5915 Dei,
2998 5847 3093 5903 sed
3149 5863 3247 5903 suo
3306 5847 3528 5917 potius,

1912 5942 2147 6027 _tribuit.
2182 5942 2251 6000 Ut
2291 5943 2338 6000 si
2365 5940 2659 6015 Apostolus
2702 5938 2756 5996 in
2799 5939 2865 5998 iis
2902 5955 3023 6012 quae
3071 5955 3161 6009 se,
3206 5954 3312 5998 non
3350 5936 3532 5996 Domi-
