4018 6332
461 359 534 418 27
1424 359 1797 419 DODWELLI
1835 357 2289 420 DISSERTATIO
2322 358 2741 419 CYPRIANIGA

3717 362 3807 419 28

465 492 598 536 num
645 475 852 537 hortari
891 478 1133 549 monuit,
1197 488 1465 549 errasset;
1509 496 1623 538 non
1677 481 1862 539 debuit
1908 480 1964 537 id
2008 481 2063 539 in
2088 481 2143 544 Α
2168 476 2512 533 revelaverat
2551 476 2811 548 Spiritus.
2841 475 3182 552 Colligebant
3213 480 3392 553 potius
3419 495 3488 539 ex
3518 490 3631 538 tam
3670 480 3807 539 fre—

466 569 713 629 fraudem
776 573 974 632 cedere
1035 574 1263 634 aliarum
1308 576 1426 647 ejus
1479 577 1903 648 prophetiarum.
1960 576 2067 632 Ne-

469 681 576 738 que
602 681 734 723 vero
764 667 837 723 ita
868 668 1075 723 incerta
1103 680 1185 726 est
1204 711 1218 734 ,
1253 677 1312 725 ut
1339 670 1512 727 voluit
1550 670 1807 741 profanus
1831 669 2067 725 Theolo-

467 757 829 831 gicooPolitici
893 770 1114 827 auctor,
1166 762 1360 818 horum
1422 764 1701 835 utriusque
1766 761 2062 820 distinctio.

469 852 589 921 Quo
642 851 764 909 loco
821 855 1128 912 cautionem
1176 857 1616 927 interposuerant
1653 859 1794 913 sacri
1840 858 2068 929 scripto-

468 962 590 1014 res,
640 962 705 1003 ea
746 950 862 1020 ipsa
911 948 1093 1005 cautio
1136 951 1351 1037 signum
1399 963 1542 1019 erat,
1590 952 1905 1021 excipienda
1946 968 2068 1009 esse

469 1040 588 1098 sola
635 1040 705 1099 de
751 1041 949 1113 quibus
1010 1040 1187 1099 fuerat
1250 1053 1500 1113 cautum,
1576 1045 1783 1117 reliqua
1841 1045 1909 1101 de
1967 1045 2072 1101 alio

470 1149 595 1192 esse
639 1135 833 1206 spiritu
866 1136 1237 1209 intelligenda.
1268 1139 1340 1194 Ita
1373 1140 1493 1210 quia
1526 1140 1579 1195 in
1614 1140 1829 1208 scriptis
1871 1140 2074 1210 episto-

470 1230 567 1298 lis,
613 1229 658 1287 si
724 1246 829 1303 qua
886 1246 987 1289 suo
1038 1233 1233 1303 spiritu
1282 1234 1596 1305 protulisset
1646 1234 1975 1305 Apostolus,
2020 1233 2073 1289 id

471 1328 649 1398 ipsum
721 1325 953 1383 duxerat
1008 1341 1132 1383 esse
1193 1328 1558 1392 monendum,
1614 1328 1774 1398 plane
1830 1326 2075 1398 sequitur

472 1418 812 1490 reliquorum
876 1426 1151 1475 auctorem
1191 1419 1432 1475 divinum
1501 1420 1760 1488 Spiritum
1812 1434 1932 1475 esse
1972 1419 2073 1475 ha-

474 1508 734 1567 bendum.
793 1511 997 1566 Contra
1022 1513 1146 1583 quia
1186 1512 1455 1584 Ignatius,
1495 1528 1616 1583 qua:
1646 1513 1827 1567 divino
1871 1511 2073 1581 Spiritu

474 1610 697 1659 auctore
767 1601 969 1669 edidit,
1030 1618 1217 1660 eorum
1287 1604 1506 1660 disertis
1566 1604 1745 1660 verbis
1814 1604 2073 1675 Spiritum

474 1704 749 1751 auctorem
780 1696 1137 1767 praeferebat,
1170 1696 1223 1754 id
1253 1712 1467 1769 quoque
1488 1698 1757 1769 sequitur,
1790 1699 1853 1753 iis
1877 1712 2077 1765 excep-

473 1788 575 1853 tis,
609 1787 817 1859 reliqua
859 1791 1071 1859 private
1115 1804 1238 1846 esse
1274 1791 1464 1861 lgnatii
1504 1791 1717 1861 spiritui
1767 1790 2071 1846 tribuenda.

2174 570 2361 639 quenti
2408 581 2778 627 extremorum
2811 581 3116 645 temporum
3158 574 3434 631 mentione
3461 575 3517 630 in
3555 575 3809 633 Veteris

2173 662 2508 722 Testamenti
2539 666 2871 737 prophetiis,
2911 668 3125 739 quoties
3152 668 3220 725 de
3249 669 3413 726 rebus
3452 670 3811 741 evangelicis

2174 758 2415 813 occurrit
2459 759 2666 814 mentio
2688 801 2705 827 ,
2735 776 2855 831 quae
2887 770 3064 817 tamen
3097 761 3164 817 de
3201 762 3431 832 judaica:
3461 764 3810 820 oeconomia:

2173 852 2374 908 ultimis
2419 854 2751 924 temporibus
2800 854 2933 910 satis
2981 856 3264 912 commode
3313 867 3563 928 poterant
3612 857 3809 913 intel—

2176 945 2289 1016 ligi.
2346 944 2582 1000 Omnino
2622 962 2835 1018 aequum
2871 962 2976 1004 non
3006 957 3089 1004 est
3127 959 3187 1004 ut
3231 948 3354 1005 illos
3384 950 3664 1006 hominum
3703 965 3808 1006 er-

2176 1052 2331 1093 rores
2382 1038 2605 1108 Spiritui
2660 1039 2989 1109 imputcmus
3039 1056 3177 1111 quos
3230 1057 3331 1098 nec
3379 1044 3493 1112 ipse
3543 1042 3810 1112 Spiritus

2177 1141 2491 1201 susceperat
2520 1132 2901 1202 corrigendos;
2933 1149 3033 1188 nec
3062 1133 3112 1189 id
3140 1134 3313 1204 ipsum
3344 1135 3662 1191 asserebant
3694 1134 3808 1205 qui

2177 1226 2246 1283 ab
2290 1227 2382 1282 illo
2426 1227 2617 1297 Spiritu
2641 1225 2805 1283 afﬂati
2838 1239 3028 1295 erant,
3055 1244 3177 1284 esse
3202 1228 3255 1284 id
3283 1245 3313 1282 a
3360 1229 3551 1298 spiritu
3594 1243 3808 1283 susce-

2179 1328 2348 1388 ptum.
2405 1319 2740 1390 Suppetebat
2794 1321 3010 1376 interitu
3065 1322 3197 1377 satis
3243 1328 3391 1376 certa
3439 1321 3565 1385 illa,
3616 1335 3803 1392 quam

2178 1410 2444 1477 diximus,
2495 1410 2776 1481 judicaudi
2809 1412 2967 1467 ratio.
3018 1413 3073 1469 Si
3103 1414 3247 1469 enim
3290 1413 3377 1469 vel
3408 1413 3620 1468 illorqu
3653 1428 3801 1484 qua:

2180 1506 2463 1574 perspicua
2500 1514 2685 1570 erant,
2737 1520 2841 1560 nec
2898 1505 3067 1560 ullum
3115 1505 3387 1562 habebant
3435 1506 3807 1562 obscuritatis

2179 1598 2431 1669 effugium
2457 1644 2473 1669 ,
2507 1614 2738 1670 quasque
2779 1600 3006 1671 spiritus
3058 1600 3278 1656 nomine
3322 1610 3506 1656 essent
3552 1616 3580 1654 a
3621 1623 3809 1665 mru-

2178 1702 2415 1766 ματικοῖς
2448 1694 2724 1748 venditata
2749 1735 2763 1759 ,
2804 1704 3069 1765 perpetuo
3100 1695 3386 1750 constabat
3418 1694 3552 1750 fides
3572 1736 3587 1761 ,
3621 1710 3731 1750 nec
3763 1709 3800 1749 a

2180 1800 2241 1842 se
2281 1787 2435 1843 ultibi
2467 1787 2797 1845 dissentiens
2820 1829 2836 1856 ,
2863 1788 2915 1842 id
2946 1789 3121 1859 ipsum
3150 1800 3470 1860 argumento
3494 1786 3613 1844 e‘rat
3647 1789 3801 1845 satis

548 1880 580 1959 θ
618 1881 709 1939 55.
733 1880 931 1939 —Sed
961 1891 1017 1940 et
1042 1882 1093 1939 id
1121 1884 1434 1940 existimant
1458 1883 1723 1952 nonnulli,
1744 1899 1902 1940 veros
1925 1883 2079 1939 affla-
2106 1892 2154 1953 Β
2182 1879 2471 1935 manifesto
2515 1888 2571 1935 et
2621 1881 2814 1951 spiritu
2855 1879 3069 1937 afﬂatus
3107 1895 3231 1937 esse
3272 1881 3361 1951 qui
3393 1896 3455 1935 ea
3508 1879 3803 1950 prmdixe-

473 1981 670 2047 tesque
711 1975 805 2032 Dei
834 1976 1038 2048 Spiritu
1075 1978 1405 2050 prophetas,
1451 1980 1504 2051 in
1554 1978 1913 2035 ret-alatorum
1956 1993 2073 2033 ma-

478 2066 827 2126 nifestatione
856 2083 957 2126 suo
983 2085 1105 2126 esse
1134 2070 1346 2141 Spiritui
1380 2073 1707 2143 permissos,
1752 2082 1808 2129 ut
1848 2089 1944 2143 pro
1976 2088 2075 2128 suo

476 2170 639 2237 captu
682 2177 745 2219 ea
776 2162 896 2220 aliis
925 2165 1349 2232 ennuntiarent,
1400 2165 1491 2237 qui
1535 2165 1674 2222 alius
1720 2176 1838 2223 erat
1882 2166 1934 2221 in
1968 2166 2075 2222 alio

477 2255 744 2313 excultior
780 2264 944 2328 atque
971 2258 1307 2314 exornatier.
1348 2257 1404 2315 Si
1447 2258 1628 2329 itaque
1674 2260 1724 2312 in
1780 2258 1942 2315 rebus
1981 2258 2077 2313 ob-

478 2349 586 2406 iter
612 2348 866 2406 notandis
885 2391 903 2416 ,
924 2365 1026 2406 nec
1055 2350 1123 2407 ad
1152 2350 1484 2423 praecipuum
1508 2351 1811 2423 prophetiae
1831 2367 2076 2422 scopum,

478 2442 764 2517 quicquam
828 2442 1184 2513 facientibus,
1235 2445 1349 2501 sive
1406 2459 1518 2500 suae
1569 2445 1847 2501 memoriae
1887 2446 2076 2516 lapsu,

430 2553 435 2557 ’
479 2536 594 2592 sive
631 2535 757 2591 dum
800 2551 861 2593 se
904 2537 1211 2593 auditorum
1238 2538 1483 2599 erroneis
1527 2538 1744 2609 quidem
1796 2538 1933 2605 illis,
1983 2538 2081 2594 sed

479 2629 720 2699 receptis
752 2638 933 2687 tamen
982 2631 1313 2703 pra-iudiciis
1360 2632 1809 2700 accommodant,
1845 2646 1965 2700 qua:
1995 2640 2080 2687 ta-

484 2737 609 2779 men
646 2733 805 2780 erant
843 2726 1399 2796 argumentationibus
1420 2768 1435 2790 ,
1467 2742 1629 2798 quam
1668 2726 1781 2795 ipsa
1810 2725 2080 2794 revelata,

481 2818 654 2891 magis
698 2817 929 2888 idonea,
977 2820 1101 2891 quia
1132 2818 1249 2877 haec
1300 2820 1575 2891 probanda
1605 2831 1794 2887 erant,
1851 2820 1953 2876 illis
2008 2820 2084 2875 uti

481 2918 732 2981 poterant
772 2920 830 2967 ut
883 2913 1155 2968 concessis
1214 2931 1227 2969 :
1278 2912 1324 2967 si
1374 2912 1425 2969 in
1472 2912 1558 2969 his
1591 2913 1806 2985 inquam
1858 2912 2085 2970 halluci-

482 3005 594 3061 nati
617 3015 834 3074 essent,
881 3022 953 3063 ne
1002 3008 1048 3065 is
1077 3006 1298 3079 quidem
1324 3023 1479 3064 error
1510 3019 1655 3065 esset
1692 3008 1905 3080 spiritui
1954 3025 2083 3080 pro-

484 3096 702 3169 phetico
770 3099 1136 3172 imputandus.
1195 3100 1352 3168 Quod
1412 3102 1589 3173 itaque
1651 3116 1751 3173 pro
1823 3101 2084 3158 Zacharia

482 3190 771 3249 Jeremiam
800 3194 981 3250 laudat
1008 3194 1350 3266 Evangelista
1374 3213 1389 3261 ;
1432 3195 1573 3266 quod
1599 3194 1706 3251 450
1737 3211 1908 3251 annos
1935 3195 2088 3250 Jtttli-

2180 1982 2333 2039 rant,
2368 1983 2422 2028 et
2448 1971 2665 2042 quidem
2690 1973 3040 2029 veracissimo
3066 1972 3159 2028 illo
3202 1980 3363 2044 atque
3400 1971 3539 2028 adeo
3564 1970 3799 2038 divino,

2179 2078 2239 2123 ut
2278 2068 2505 2139 proinde
2584 2076 2805 2135 essent,
2862 2068 2916 2123 in
2978 2067 3098 2122 aliis
3163 2082 3379 2138 quoque
3445 2065 3798 2134 manifestis,

2179 2162 2511 2231 spiritusque
2555 2161 2774 2216 nomine
2823 2158 3109 2216 manifeSto
3150 2159 3478 2227 venditatis,
3534 2159 3802 2215 similiter

2178 2256 2461 2315 credendi.
2519 2255 2576 2311 Si
2624 2266 2815 2311 contra
2874 2255 3283 2326 perspicuorum
3341 2254 3503 2310 fidem
3558 2263 3799 2310 eventus

2179 2350 2459 2409 fefellisset
2475 2393 2490 2419 ,
2506 2351 2563 2408 id
2593 2353 2725 2408 satis
2745 2362 2865 2408 erat
2890 2352 2957 2408 ad
2975 2351 3235 2408 similium
3258 2351 3595 2423 reliquorum
3617 2350 3793 2406 fidem

2183 2447 2576 2519 abrogandam.

2256 2539 2283 2612 §
2313 2539 2403 2595 58.
2426 2571 2495 2581 -
2518 2539 2682 2595 Recte
2718 2538 2935 2611 quidem
2969 2540 3266 2610 hucusque,
3297 2541 3349 2595 ni
3382 2540 3558 2604 fallor,
3588 2539 3795 2596 obscu-

2184 2647 2365 2688 rarum
2396 2631 2798 2703 prophetiarum
2847 2632 3009 2687 fidem
3040 2648 3104 2689 ex
3148 2633 3448 2688 manifestis
3487 2632 3792 2687 confirma-

2183 2727 2359 2782 vimus
2377 2768 2391 2794 ,
2420 2741 2540 2781 cum
2563 2725 2807 2795 ejusdem
2832 2725 3111 2796 prophetae
3142 2726 3370 2781 fuissent
3396 2724 3642 2781 obscurae
3672 2725 3793 2782 illa:

2186 2820 2341 2891 cujus
2372 2820 2692 2876 manifestae.
2741 2818 2959 2887 Quaeret
3010 2830 3189 2876 autem
3234 2820 3465 2876 fortasse
3489 2862 3505 2886 ,
3543 2834 3645 2874 nec
3683 2819 3797 2874 im-

2187 2915 2413 2980 merito,
2446 2915 2639 2982 lector,
2668 2930 2790 2971 cum
2819 2915 2887 2971 ad
2916 2915 3164 2972 diversos
3193 2915 3296 2970 illae
3335 2914 3633 2985 prophetiae
3664 2929 3796 2984 per-

2187 3008 2454 3075 tinerent,
2495 3016 2553 3061 ut
2576 3008 2800 3062 alterius
2833 3006 3134 3064 manifestae
3192 3015 3409 3072 essent,
3440 3006 3665 3062 alterius
3693 3006 3799 3062 eb-

2186 3115 2360 3157 source
2389 3115 2613 3164 omnes,
2646 3099 2805 3155 nulla:
2855 3101 3187 3166 manifestae,
3219 3113 3326 3169 quo
3359 3107 3517 3169 pacto
3556 3106 3788 3166 essent,

2189 3195 2243 3249 in
2286 3208 2352 3250 eo
2392 3208 2557 3261 casu,
2613 3193 2860 3248 obscura:
2914 3208 2944 3246 a
2980 3194 3279 3249 manifCStis
3323 3193 3797 3265 comprobanda}?

483 3286 656 3354 cibus,
706 3287 779 3345 40
823 3287 971 3345 Sauli
1022 3291 1222 3346 tribuat
1264 3290 1582 3359 Apostolus,
1630 3289 1773 3359 quod
1814 3288 2079 3344 incertum
2109 3295 2153 3358 C
2187 3286 2404 3343 Poterat
2432 3285 2649 3357 quidem
2680 3302 2746 3341 ex
2784 3286 2991 3341 indubii
3034 3286 3311 3357 prephette
3342 3286 3651 3341 testimonio
3684 3285 3797 3341 du-

484 3378 779 3435 stadiorum
826 3395 1111 3437 numerum
1153 3390 1419 3435 memorat
1459 3380 1515 3439 S.
1565 3379 1772 3442 Lucas,
1819 3381 2083 3437 incertum

486 3472 886 3543 Baptizalorum
940 3474 997 3531 S.
1052 3475 1278 3541 Paulus;
1345 3475 1504 3545 plane
1578 3476 1808 3531 innuunt
1867 3474 2084 3529 relictas

486 3582 607 3626 esse
647 3569 969 3640 scriptorum
1025 3568 1274 3626 humanis
1332 3552 1579 3640 captibus
1621 3568 1936 3637 huiusmodi
1983 3569 2084 3627 mi-

487 3662 696 3724 nutias,
739 3675 840 3718 nec
882 3676 1004 3718 esse
1044 3670 1326 3734 propterea
1367 3661 1511 3734 quod
1555 3662 1609 3717 in
1640 3660 1903 3734 Spiritum
1951 3660 2087 3716 divi-

487 3770 616 3812 num
652 3753 977 3812 referantur.
1766 3768 1775 3777 ‘

563 3847 593 3921 ς
625 3848 901 3906 36.—Est
928 3859 982 3905 et
1007 3848 1151 3906 aliud
1180 3849 1484 3919 exemplum
1510 3848 1564 3905 in
1597 3863 1703 3920 quo
1733 3863 1838 3904 non
1872 3846 2087 3905 illorum

489 3943 654 3999 modo
708 3944 796 4015 qui
864 3943 1175 4016 prophetias
1215 3942 1525 4012 audissent,
1581 3942 1678 3999 sed
1732 3952 1786 3999 et
1848 3943 2087 4011 ipsormn

490 4051 706 4110 quoque
754 4040 1142 4110 prophetarum
1202 4038 1445 4108 irrepere
1491 4038 1698 4107 possint
1754 4051 1998 4102 errores,
2035 4036 2089 4091 in

492 4132 898 4205 prophetiarum
948 4131 1154 4188 scilicet
1204 4130 1556 4187 obscurarum
1624 4128 2084 4199 interpretatione.

494 4225 664 4283 Erant
692 4226 838 4282 enim
882 4224 1157 4282 nonnulla:
1189 4223 1485 4296 prophetia:
1523 4232 1673 4279 certe
1699 4222 1931 4293 quodam
1972 4220 2094 4292 Spi-

492 4321 629 4377 ritus
674 4319 933 4388 consilio,
996 4319 1069 4376 ita
1114 4318 1399 4383 obscurae,
1453 4325 1642 4373 utnon
1698 4326 1921 4387 possent
1975 4315 2093 4371 sine

493 4414 598 4475 alia
637 4412 968 4470 revelatione
1019 4411 1276 4483 intelligi;
1327 4420 1383 4466 ut
1429 4410 1616 4481 prima:
1668 4425 1776 4466 non
1827 4408 1993 4465 alium
2038 4407 2092 4463 in

496 4507 658 4565 ﬁnem
702 4507 843 4562 data:
890 4503 1234 4574 viderentur,
1283 4519 1442 4576 quatn
1497 4513 1554 4558 ut
1618 4511 1927 4558 sanctorum
1979 4514 2095 4573 pre-

497 4599 782 4671 phetarum
826 4599 1198 4655 curiositatem
1247 4597 1687 4669 diligentiamque
1716 4611 1814 4668 pro
1842 4594 2096 4651 secundis

2187 3381 2310 3437 bitts
2336 3380 2730 3436 commendari.
2761 3380 2893 3437 Erat
2921 3389 3100 3437 tamen
3129 3391 3181 3437 et
3207 3380 3312 3451 alia
3357 3379 3622 3450 probandi
3653 3380 3796 3435 ratio

2187 3492 2216 3532 a
2242 3475 2516 3533 communi
2542 3477 2765 3545 Spiritus
2797 3477 3006 3532 unitate
3034 3478 3222 3546 petita.
3266 3477 3346 3533 Ita
3372 3478 3515 3531 enim
3549 3492 3615 3531 ex
3646 3475 3795 3531 illius

2187 3570 2289 3627 sevi
2353 3570 2632 3641 principiis
2700 3571 2853 3627 licuit
2901 3571 3303 3641 argumentari,
3364 3571 3455 3641 qui
3509 3570 3578 3625 ad
3626 3585 3797 3625 unam

2189 3666 2542 3737 eamdemque
2566 3668 3005 3722 communionem
3027 3668 3389 3738 pertinerent,
3410 3681 3598 3722 eorum
3627 3681 3797 3722 unum

2189 3774 2313 3816 esse
2348 3759 2632 3829 spiritum,
2665 3775 2731 3815 ex
2772 3759 2965 3815 iisdem
3007 3762 3395 3827 sacramentis,
3449 3759 3641 3816 iisdem
3687 3761 3802 3816 sci-

2191 3855 2317 3912 licet
2366 3857 2552 3927 gratiae
2578 3855 2889 3923 canalibus,
2923 3856 3275 3927 ejusdemque
3323 3855 3554 3909 instituti
3594 3855 3798 3911 virtute

2192 3948 2520 4006 derivatum.
2556 3949 2668 4007 Nec
2688 3966 2750 4006 ea
2785 3949 3068 4007 dumtaxat
3122 3950 3361 4021 generali
3408 3958 3620 4005 ratione
3657 3963 3799 4004 con—

2193 4044 2486 4101 eludebant
2516 4060 2679 4101 unum
2708 4060 2831 4102 esse
2872 4046 3032 4101 unius
3062 4044 3461 4100 communionis
3507 4043 3759 4113 spiritum
3778 4082 3796 4111 ,

2194 4140 2342 4212 quod
2380 4140 2494 4210 pari
2527 4140 2739 4196 ratione
2777 4139 2969 4196 fuisset
3014 4138 3205 4195 iisdem
3240 4137 3595 4193 sacramentis
3632 4135 3800 4192 cella-

2197 4247 2319 4302 tus,
2349 4250 2469 4306 quae
2495 4250 2618 4291 cum
2650 4233 2897 4305 symbolo
2926 4243 3111 4290 essent
3133 4243 3407 4289 certorum
3434 4230 3798 4304 quorumdam

2197 4329 2560 4399 legaliumque
2589 4338 2869 4398 pactorum
2891 4368 2907 4396 ,
2937 4327 3006 4384 de
3034 4328 3152 4398 ipso
3191 4326 3285 4382 illo
3311 4325 3566 4381 nimirum
3604 4324 3799 4394 Spiritu

2199 4421 2566 4489 conferendo,
2598 4436 2705 4476 non
2734 4427 2985 4492 poterant
3018 4434 3151 4476 sane
3191 4418 3329 4475 alios
3358 4417 3598 4488 obligare
3635 4429 3799 4487 quam

2199 4530 2432 4586 quorum
2461 4514 2552 4570 illa
2593 4524 2778 4570 essent
2821 4513 3099 4584 symbols,
3138 4520 3197 4567 ut
3241 4527 3347 4568 non
3402 4510 3573 4582 possit
3625 4509 3801 4565 malus

2200 4610 2427 4681 spiritus
2470 4609 2525 4665 in
2572 4610 2823 4666 homines
2866 4608 3111 4676 irrepere
3156 4604 3263 4661 nisi
3292 4608 3383 4677 qui
3412 4604 3649 4659 vicissim
3675 4616 3802 4661 cum

497 4694 848 4767 impetrandis
873 4696 1193 4753 excitarent.
1235 4692 1292 4750 ιιι
1323 4693 1568 4750 videmus
1610 4692 1662 4747 in
1700 4691 1920 4747 Daniele
1959 4706 2085 4761 prac-

2198 4719 2266 4759 eo
2294 4703 2432 4774 pacti
2460 4709 2675 4768 essent;
2720 4716 2820 4757 nec
2858 4715 2992 4757 vero
3016 4714 3140 4756 cum
3173 4686 3269 4754 illo
3317 4697 3517 4765 pacisci
3549 4694 3803 4752 homines

498 4791 687 4859 cipue,
737 4791 790 4846 in
830 4806 937 4861 qtto
976 4791 1231 4862 frequens
1281 4798 1364 4846 est
1408 4787 1767 4845 secundarum
1828 4787 2098 4843 visionum

500 4899 599 4956 pro
649 4884 944 4954 primarum
1001 4887 1453 4956 interpretatione
1506 4883 1730 4939 mentio.
1791 4882 1848 4938 Si
1918 4884 2101 4954 itaque

500 4988 628 5036 ante
663 4978 931 5035 secundas
959 4979 1198 5035 visiones
1230 4979 1347 5049 ipse
1376 4980 1579 5049 primas
1605 4992 1769 5035 ausus
1797 4978 1989 5035 fuisset
2020 4979 2104 5035 in-

505 5069 825 5143 terpretari,
886 5069 1125 5126 humano
1182 5070 1426 5138 omnino,
1471 5085 1578 5125 non
1632 5070 1836 5135 divine,
1889 5070 2103 5140 spiritui

504 5165 796 5224 tribuenda
837 5165 1033 5221 fuisset
1076 5163 1384 5221 istiusmodi
1430 5163 1841 5234 interpretatio,
1887 5173 1945 5220 ut
1973 5180 2103 5236 pro-

505 5258 632 5315 inde
654 5260 774 5329 ejus
803 5272 959 5314 error
978 5300 992 5324 ,
1025 5258 1071 5313 si
1099 5258 1220 5328 quis
1242 5255 1436 5314 fuisset
1458 5296 1473 5324 ,
1503 5256 1841 5327 iniquissime
1871 5268 2017 5316 esset
2044 5258 2097 5315 in

507 5352 770 5425 Spiritum
792 5360 1041 5409 sanctum
1084 5350 1423 5408 referendus.

583 5446 614 5519 δ
644 5445 975 5506 57.—ldem
1002 5446 1317 5503 statuebant
1337 5455 1546 5503 veteres
1571 5446 1850 5505 christiani
1870 5447 1937 5504 de
1963 5449 2105 5507 scri-

506 5539 615 5611 ptis
658 5553 877 5611 quoque
920 5539 1263 5615 prophetiis,
1316 5539 1489 5596 sicubi
1534 5540 1764 5598 fuissent
1818 5543 2102 5611 obscene,

508 5635 611 5693 nisi
639 5633 830 5691 eodem
857 5650 965 5706 quo
991 5634 1207 5691 dictata:
1248 5634 1476 5692 fuissent
1517 5637 1710 5706 spiritu
1738 5636 1806 5693 de
1848 5652 1990 5693 nove
2021 5652 2110 5695 re-

511 5727 734 5787 velante
763 5730 1076 5799 neutiquam
1103 5745 1228 5787 esse
1267 5738 1416 5786 certo
1447 5730 1844 5803 intelligendas.
1875 5730 1992 5788 Non
2026 5740 2111 5787 est

512 5824 695 5894 itaque
724 5823 867 5893 quod
909 5824 1170 5882 miremur
1210 5834 1454 5883 veterum
1494 5824 1564 5883 de
1593 5826 1897 5897 propinquo
1926 5824 2113 5881 mundi

515 5917 626 5976 fine
652 5916 1129 5980 halluciuationes.
1162 5919 1269 5979 Nec
1316 5921 1461 5981 enim
1489 5919 1639 5977 illum
1684 5919 1903 5978 disertis
1933 5918 2116 5979 verbis

2202 4809 2301 4866 per
2344 4794 2648 4867 symbolae
2699 4792 2846 4850 bono
2896 4794 3090 4864 Spiritu
3146 4791 3474 4855 constituta;
3508 4788 3604 4846 sed
3654 4788 3799 4860 quod

2200 4887 2366 4944 etiam
2394 4888 2617 4958 spiritus
2644 4885 2818 4955 ipsum
2845 4893 2991 4941 esset
3016 4884 3236 4942 unitatis
3265 4882 3317 4938 in
3345 4882 3535 4939 eadem
3557 4896 3802 4938 commu-

2202 4979 2365 5035 nione
2396 4978 2689 5035 vinculum.
2732 4976 2802 5034 Ut
2843 4977 3004 5047 igitur
3032 4992 3099 5033 ex
3128 4976 3217 5031 illa
3262 4974 3516 5031 exteriori
3556 4988 3803 5030 commu-

2207 5074 2370 5130 nione
2396 5083 2512 5129 erat
2542 5073 2611 5128 de
2632 5073 2844 5128 interna
2871 5072 3036 5127 etiam
3062 5070 3445 5127 communione
3468 5083 3796 5139 praesumen-

2205 5170 2366 5238 dum,
2401 5171 2473 5226 ita
2518 5171 2681 5225 etiam
2710 5168 3036 5240 sequebatur
3076 5168 3165 5240 qui
3212 5166 3531 5224 eorumdem
3577 5168 3803 5223 fuissent

2206 5272 2674 5322 sacramentorum
2753 5264 3084 5333 participes,
3151 5259 3321 5316 fuisse
3393 5258 3554 5315 etiam
3603 5261 3802 5331 pariter

2207 5359 2367 5415 unius
2397 5357 2750 5428 ejusdemque
2773 5355 2995 5425 spiritus
3020 5353 3332 5425 participes.
3356 5353 3486 5408 Data
3513 5367 3644 5424 ergo
3663 5367 3801 5422 pra:-

2211 5450 2526 5509 ternaturali
2585 5447 2764 5520 aliqua
2820 5447 3089 5514 motione,
3140 5461 3262 5516 quae
3307 5460 3407 5500 nec
3470 5460 3500 5499 a
3541 5457 3803 5515 corporeo

2209 5543 2392 5614 alique
2416 5540 2616 5599 affectu
2634 5583 2649 5608 ,
2692 5555 2793 5598 nec
2820 5555 2852 5597 a
2891 5539 3120 5595 naturali
3150 5537 3520 5594 enthusiasmo
3540 5532 3805 5608 proficisci

2211 5643 2455 5707 poterat,
2492 5634 2587 5690 sed
2614 5642 2757 5689 esset
2788 5633 2949 5703 plane
2976 5632 3026 5685 in
3056 5631 3305 5700 spiritum
3345 5628 3580 5700 aliquem
3613 5626 3802 5685 confe-

2212 5729 2410 5795 renda;
2465 5728 2517 5784 id
2565 5728 2811 5800 inprimis
2850 5725 3263 5798 supponendum
3305 5734 3444 5793 erat,
3480 5739 3591 5780 non
3642 5723 3799 5779 alium

2214 5837 2335 5879 esse
2374 5821 2524 5878 illum
2570 5822 2817 5892 spiritum
2862 5835 3022 5892 quam
3065 5820 3155 5891 qui
3187 5818 3241 5874 in
3295 5820 3517 5890 reliquis
3563 5815 3805 5887 ejusdem

2214 5916 2611 5977 communionis
2657 5915 2913 5975 membris
2938 5922 3276 5987 operaretur.
3303 5911 3382 5972 Ita
3411 5917 3560 5975 recte
3592 5910 3711 5981 quis
3741 5923 3806 5967 ex
