3970 6284
224 371 274 429 9,9
1267 362 1358 419 DE
1398 358 1784 418 VISIONIBUS
1823 360 2300 422 PROPHE'I'ICIS.
3379 371 3454 430 30

226 485 486 556 reliquorum
512 477 876 536 membrorum
904 478 1312 551 operationibus
1332 478 1448 537 sive
1473 480 1746 557 ἐνεργείαις
1774 482 1824 542 Δ
1852 480 2011 539 video
2050 482 2196 554 quod
2232 481 2380 541 athei
2428 481 2675 541 hodierni
2719 482 2846 557 jure
2892 485 3106 559 possint
3153 484 3451 560 reprehen-

223 582 271 636 de
297 577 429 646 hujus
451 588 656 646 quoque
698 573 927 630 membri
983 574 1178 645 spiritu
1218 573 1463 645 judicare
1510 583 1742 642 poterat.

224 672 264 729 Si
286 672 425 729 bonus
449 664 629 723 fuisset
656 667 711 722 in
756 666 908 735 aliis,
941 666 1117 723 malus
1158 668 1341 736 utique
1390 667 1442 722 in
1492 667 1595 723 ltoc
1624 682 1748 723 esse

221 779 300 820 non
334 760 496 831 potuit.
528 760 659 827 Quae
689 758 826 815 forte
871 760 1099 816 deerant
1145 760 1200 815 in
1237 760 1339 815 hoc
1379 759 1623 815 ntembro
1661 775 1749 815 ar-

216 864 408 927 gumenta
443 852 626 924 quibus
664 852 920 924 distingui
981 862 1161 922 posset
1212 861 1471 908 utrumne
1525 851 1592 906 ad
1650 852 1748 907 ho-

220 969 365 1011 norum
397 959 556 1017 esset,
598 966 665 1007 an
715 953 891 1022 potius
925 953 1187 1008 malorum
1230 968 1453 1008 censum
1501 952 1745 1010 referen-

222 1049 322 1109 dus;
366 1061 424 1101 ea
470 1053 641 1099 tamen
694 1046 748 1100 in
793 1046 913 1100 aliis
960 1045 1204 1116 ejusdem
1254 1045 1499 1116 corporis
1531 1046 1746 1117 mystici

217 1138 420 1196 membris
460 1152 563 1193 non
591 1138 833 1194 deerant.
870 1139 944 1194 Ita
986 1138 1203 1195 tandem
1236 1154 1302 1194 eo
1346 1138 1744 1195 deveniendum

213 1242 299 1289 erat
343 1241 393 1287 ut
440 1231 615 1286 omnia
670 1247 1025 1302 quaecumque
1083 1232 1316 1289 aliorum
1374 1233 1743 1289 membrorum

210 1326 345 1391 dona,
374 1340 460 1381 nec
486 1324 638 1380 vdona
680 1325 879 1391 modo,
931 1325 1028 1387 sed
1073 1336 1129 1381 ct
1165 1337 1513 1396 argumenta,
1553 1326 1746 1396 quibus

213 1421 290 1476 hoc
337 1420 489 1491 ipsum
542 1419 745 1473 donum
809 1419 862 1474 in
912 1420 1035 1475 aliis
1079 1420 1486 1490 comprobatum
1535 1419 1742 1486 fuerat;

207 1529 251 1569 es
276 1529 458 1586 quoque
480 1514 545 1570 ad
576 1513 739 1583 hujus
776 1516 941 1571 etiam
989 1515 1151 1572 ﬁdem
1207 1515 1490 1571 referenda
1522 1522 1740 1583 essent,

206 1619 440 1676 utcumque
466 1608 695 1678 propriis
727 1607 920 1663 fuisset
949 1609 1278 1678 argumentis
1308 1607 1648 1664 destitutum.

251 1700 274 1772 ς
296 1702 374 1758 39.
389 1702 517 1756 -ld
547 1712 725 1756 tamen
744 1703 904 1757 etiam
924 1702 1269 1772 sequebatur,
1289 1703 1493 1758 nullum
1522 1717 1644 1758 esse
1666 1709 1742 1757 ta-

202 1795 300 1849 lium
324 1796 660 1851 obscurarum
691 1795 1098 1866 prophetiarum
1127 1795 1229 1850 nisi
1259 1796 1312 1851 in
1342 1795 1599 1852 Ecclesiae
1626 1795 1743 1850 uni-

1850 575 1999 633 dere.

1924 669 2064 743 540.
2093 700 2165 714 --
2192 672 2269 729 De
2299 672 2601 731 visionibus
2634 682 2811 731 tamen
2842 673 2893 730 id
2916 674 3093 732 obiter
3112 676 3456 734 animadver-

1851 763 2101 829 tendum,
2128 765 2312 820 nescio
2341 781 2409 821 an
2433 765 2501 820 ab
2527 766 2649 821 aliis
2685 766 3120 823 animadversum
3147 812 3164 836 ,
3191 768 3453 839 juvenum

1851 856 1972 911 illas
1996 857 2160 914 fuisse
2181 860 2449 928 proprias.
2472 858 2527 913 Id
2552 876 2583 915 θ
2629 860 2985 916 celeberrimo
3012 861 3107 916 illo
3135 860 3303 918 Joelis
3328 863 3453 919 loco

1850 948 2046 1019 colligo
2083 968 2097 1004 :
2131 948 2520 1021 Prophetabunt
2537 952 2635 1021 ﬁlii
2661 962 2710 1006 et
2738 953 2863 1022 ﬁlia:
2887 963 3105 1020 vestrm;
3134 969 3279 1008 senes
3300 954 3452 1009 uestri

1850 1042 2050 1096 somnia
2088 1042 2444 1105 somniabunt,
2478 1053 2527 1098 et
2546 1045 2759 1116 juvenes
2788 1045 2940 1099 vestri
2966 1045 3183 1100 visiones
3211 1045 3451 1101 uidebunt

1853 1133 2026 1208 (Joel,
2056 1151 2129 1203 tt,
2168 1135 2293 1207 28).
2344 1136 2510 1192 Plane
2551 1137 2776 1193 senibus
2807 1138 2880 1194 ita
2919 1140 3127 1194 somnia
3173 1148 3445 1210 aptantur,

1848 1241 1907 1286 ut
1933 1230 2223 1301 juvenibus
2254 1232 2516 1287 visiones.
2566 1231 2877 1288 Vehemens
2925 1234 3182 1290 nimirum
3214 1233 3303 1289 illa
3350 1233 3451 1290 bu-

1848 1338 2061 1383 morum
2115 1324 2337 1395 agitatio
2392 1339 2499 1379 non
2551 1334 2669 1379 erat
2725 1326 2826 1381 nisi
2895 1326 2948 1380 in
3023 1327 3201 1382 mtatis
3266 1326 3451 1397 vigore

1850 1418 2155 1475 toleranda.
2197 1418 2464 1475 Maximus
2508 1419 2651 1474 enim
2703 1418 3023 1475 imminebat
3057 1420 3110 1474 in
3153 1420 3452 1476 visionibus

1847 1525 1877 1566 a
1908 1512 2039 1566 visis
2069 1521 2273 1576 terror,
2306 1528 2468 1583 quem
2511 1513 2806 1567 etiamnum
2850 1523 3055 1568 tantum
3083 1513 3452 1586 (experiuntur

1846 1602 2075 1674 quirem
2122 1602 2324 1659 habent
2372 1620 2493 1660 cum
2528 1605 2992 1675 pltantasmatibus
3013 1647 3027 1672 ,
3055 1616 3112 1661 ut
3151 1607 3349 1662 macies
3383 1607 3450 1663 il-

1846 1697 1929 1757 los
1974 1709 2030 1756 et
2071 1700 2246 1771 pallor
2294 1711 2556 1773 occupet,
2590 1703 2899 1775 sensimque
2946 1705 2999 1759 in
3041 1705 3447 1764 vitiosissimam

1847 1794 2093 1863 corporis
2157 1793 2529 1852 habitudinem
2584 1798 2858 1867 conjiciat.
2926 1798 3150 1855 Accedit
3207 1809 3450 1871 κατοχῆς

199 1896 282 1943 tate
326 1888 642 1959 praesidium.
715 1887 782 1944 Ut
827 1888 971 1943 enim
1018 1888 1126 1944 illa:
1181 1903 1281 1944 suo
1330 1889 1550 1944 nomine
1604 1887 1738 1944 nihil
1769 1886 1817 1948 B
1847 1885 2014 1956 ipsius
2061 1886 2449 1944 violentissima
2494 1888 2779 1957 distortio,
2838 1889 3018 1946 vultus
3091 1902 3255 1958 trux,
3306 1891 3449 1947 oculi

197 1978 387 2047 habent,
428 1996 529 2052 quo
565 1980 1108 2045 commendarentur;
1139 1981 1245 2047 ita,
1277 1982 1475 2037 violata
1500 1980 1741 2046 unitate,

194 2072 296 2129 nihil
321 2074 379 2130 ad
405 2090 589 2130 earum
623 2075 782 2131 ﬁdem
816 2076 1083 2131 faciebant
1109 2076 1410 2132 extrinseca
1440 2077 1590 2141 hzec,
1623 2092 1742 2147 qua:

194 2167 276 2223 dixi
300 2210 315 2235 ,
358 2179 690 2240 argumenta.
724 2170 780 2228 Si
810 2185 970 2242 quem
1009 2170 1175 2227 alium
1203 2169 1516 2240 prophetam
1550 2178 1741 2226 testem

192 2259 508 2329 adhibuisset,
543 2278 618 2319 ne
666 2263 782 2334 ipse
808 2262 1024 2333 quidem
1055 2263 1207 2318 testis
1231 2304 1245 2329 ,
1288 2273 1441 2318 extra
1482 2263 1741 2318 unitatem

192 2350 445 2408 habebatur
474 2353 726 2409 idoneus.
773 2354 926 2422 Quod
956 2369 1085 2409 vero
1125 2353 1353 2409 aliorum
1400 2353 1539 2407 dona
1567 2354 1741 2408 mani-

188 2440 559 2517 festatiouesque
586 2445 815 2509 attinet,
846 2445 980 2501 nihil
1006 2445 1097 2501 illa
1136 2445 1203 2501 ad
1239 2445 1560 2517 prophetam
1587 2456 1740 2502 extra

189 2537 399 2595 unitatem
444 2539 773 2597 attinebant.
804 2540 944 2611 Quin
1002 2539 1214 2611 potius,
1257 2555 1320 2595 ea
1364 2541 1477 2611 ipsa
1532 2540 1741 2596 ratione

189 2644 392 2703 suspecta
437 2645 593 2703 erat,
653 2652 723 2692 ex
780 2637 864 2692 ltis
920 2636 1234 2708 principiis,
1284 2635 1538 2706 qurelibet
1586 2645 1739 2692 extra

186 2722 430 2783 Ecclesiam
475 2729 804 2801 prophetia,
847 2746 878 2785 a
912 2731 1055 2785 bono
1082 2729 1274 2801 spiritu
1315 2745 1438 2787 esse
1486 2740 1735 2801 propter-

182 2834 227 2874 ea
251 2836 344 2878 non
373 2839 527 2893 posse
552 2825 700 2896 quod
737 2834 883 2882 esset
921 2838 1069 2881 extra
1103 2826 1389 2880 unitatem.
1426 2823 1561 2881 Cum
1592 2826 1737 2881 enim

181 2911 291 2971 Deus
321 2917 489 2974 media
546 2917 864 2976 conferendi
911 2920 1135 2989 spiritus
1176 2919 1498 2975 inStituisset
1550 2934 1735 2976 sacra-

177 3019 321 3066 menta
345 3054 360 3079 ,
409 3014 458 3068 id
490 3014 649 3069 illum
682 3015 926 3072 voluisse
958 3028 1182 3071 necesse
1220 3025 1338 3069 erat
1360 3056 1375 3080 ,
1418 3014 1507 3085 qui
1556 3014 1733 3069 media

175 3120 197 3159 tt
228 3122 278 3164 se
314 3110 551 3168 instituta
601 3111 863 3168 adhibere
909 3111 1077 3177 nolit,
1128 3127 1251 3167 eum
1296 3125 1397 3166 nec
1430 3110 1689 3165 benelicia
1714 3152 1730 3177 ,

174 3215 246 3265 per
266 3201 345 3259 illa
372 3206 553 3262 media
584 3205 904 3272 obtinenda,
953 3216 1393 3261 consecuturum.
1447 3202 1501 3258 Id
1549 3205 1600 3258 ni
1631 3217 1730 3258 vo-

173 3293 351 3365 luisset,
378 3299 519 3353 nuila
570 3302 760 3355 fuisset
792 3300 1091 3354 mediorum
1133 3299 1565 3354 adltibendorum
1596 3299 1732 3353 obli-
1759 3287 1804 3351 C

170 3387 298 3455 galia.
341 3389 409 3446 Et
450 3407 577 3446 cum
627 3393 722 3446 illa
770 3392 945 3447 media
977 3409 1005 3445 a
1039 3392 1150 3447 Deo
1184 3392 1461 3456 instituta,
1492 3408 1599 3447 non
1629 3392 1732 3446 alia

170 3480 253 3535 sint
288 3498 436 3552 quam
478 3486 705 3541 unitatis
733 3486 976 3558 symbola
1008 3485 1099 3557 (in
1147 3501 1313 3539 unum
1343 3485 1489 3540 enim
1531 3500 1733 3555 corpus

168 3575 675 3649 baptizamur,deque
693 3596 801 3635 uno
829 3581 921 3635 illo
941 3595 1077 3649 pane
1096 3579 1476 3650 participantes
1495 3580 1548 3634 in
1568 3594 1731 3635 unum

168 3682 330 3739 corpus
373 3672 768 3742 coalescimus)
824 3671 875 3726 id
928 3672 1170 3727 innuisse
1224 3670 1439 3726 videtur
1487 3671 1629 3726 nolle
1671 3686 1732 3726 se

164 3757 256 3816 aliis
269 3764 509 3834 spiritum
528 3780 692 3820 suum
714 3763 962 3820 conferre
980 3764 1081 3819 nisi
1102 3765 1151 3819 in
1177 3763 1383 3819 unitate
1398 3763 1725 3819 constitutis.

168 3850 423 3929 Utcumque
452 3860 505 3914 id
536 3870 747 3915 certum
769 3902 783 3925 ,
814 3859 883 3915 de
915 3858 1055 3914 facto
1079 3858 1223 3913 illam
1251 3858 1552 3914 obtinuisse
1588 3858 1728 3928 apud

162 3958 336 4006 veteres
369 3953 702 4009 sententiam
725 3992 742 4017 ,
775 3967 885 4007 non
934 3951 1167 4006 aliorum
1189 3965 1310 4008 esse
1341 3950 1434 4006 Dei
1468 3951 1726 4019 Spiritum

163 4054 287 4108 quam
310 4046 610 4102 unitorutn.
658 4045 734 4101 Ita
787 4047 839 4100 in
870 4045 972 4100 hoe
1021 4046 1138 4115 ipso
1163 4044 1425 4099 donorum
1473 4045 1726 4115 spiritua-

159 4132 259 4191 lium
310 4149 634 4211 argumento
687 4140 964 4208 inierunt,
1007 4155 1132 4196 eum
1183 4140 1273 4210 qui
1330 4139 1383 4194 in
1426 4140 1724 4196 non’unitis

157 4240 365 4287 versatur
407 4236 665 4306 Spiritum
700 4250 803 4289 non
830 4248 953 4290 esse
1001 4233 1151 4289 illum
1186 4232 1278 4288 Dei
1323 4231 1582 4303 Spiritum
1626 4232 1716 4303 qui

157 4324 341 4382 unitatis
389 4337 477 4384 est
541 4328 842 4385 vinculum.
884 4327 977 4383 Illa
1009 4328 1123 4398 ipsa
1165 4327 1372 4382 ratione
1404 4325 1723 4397 Apostolum

156 4429 280 4473 usum
305 4421 720 4481 observavimus
761 4423 814 4477 in
857 4422 1094 4477 secunda
1122 4431 1307 4476 nostra
1335 4420 1404 4477 de
1429 4419 1721 4477 schismate

152 4523 275 4579 parte
300 4518 543 4573 nondum
585 4517 751 4573 edita.
785 4516 1114 4587 Baptismum
1134 4559 1149 4584 ,
1179 4533 1286 4587 quo
1312 4516 1547 4588 Spiritus
1591 4533 1720 4573 con-

150 4600 310 4674 fertur,
367 4611 802 4681 regenerationis
851 4610 1125 4666 lavacrum
1178 4613 1469 4682 appellant.
1522 4610 1719 4681 Ecquis

148 4694 322 4757 dubitet
345 4705 554 4759 nullum
609 4705 811 4760 essein
857 4721 964 4760 non
1005 4706 1206 4759 renatis
1252 4705 1550 4774 spiritualis
1599 4705 1721 4759 vita:
1748 4694 1802 4756 D

151 4793 481 4867 principium?
530 4798 675 4869 Quin
722 4801 1057 4855 exorcismos
1110 4800 1447 4869 baptizandis
1491 4798 1717 4855 adhibe-

148 4886 245 4943 bant
282 4892 440 4962 paulo
485 4895 862 4961 recentiores,
894 4892 947 4948 id
988 4893 1149 4963 plane
1191 4907 1379 4947 rursus
1429 4893 1717 4948 innuentes

149 4978 187 5033 ia
212 4998 305 5040 non
332 4988 506 5043 nnitis
535 4988 790 5058 spiritum
831 5000 953 5042 esse
1000 4985 1161 5056 plane
1201 4985 1545 5042 diabolicum.
1588 4986 1717 5041 Haec

150 5073 318 5133 utinam
346 5095 539 5136 secum
589 5081 732 5135 serio
770 5078 1106 5150 perpendant
1141 5080 1233 5150 qui
1268 5077 1428 5134 hodie
1475 5078 1545 5133 ita
1591 5094 1716 5135 sen-

147 5166 255 5222 tiunt
295 5174 588 5243 magniﬁce
641 5172 709 5228 de
746 5187 846 5229 suo
892 5180 1045 5228 extra
1089 5173 1351 5228 unitatem
1398 5171 1613 5244 spiritu.
1659 5172 1717 5228 Id

145 5261 300 5320 saltem
363 5266 619 5322 viderent
688 5281 794 5323 non
856 5281 978 5323 esse
1044 5265 1191 5321 illam
1253 5280 1377 5321 cum
1441 5265 1712 5335 primmvis

146 5350 418 5413 Christianis
461 5357 782 5414 affinitatem
814 5374 973 5429 quam
1004 5367 1286 5422 tantopere
1327 5358 1533 5427 iactant
1575 5364 1709 5414 ven-

145 5441 424 5522 ditantque,
477 5453 534 5507 in
566 5453 679 5508 suis
722 5452 831 5508 illis
870 5452 939 5508 de
993 5451 1183 5519 spiritu
1213 5451 1580 5522 praetextibus.
1610 5452 1712 5519 Qui

143 5538 241 5595 aliis
279 5553 499 5601 utuntur
530 5562 690 5617 quam
736 5561 766 5601 a
799 5546 910 5601 Deo
953 5546 1221 5601 institutis
1252 5546 1486 5617 Spiritus
1526 5548 1711 5603 confe-

144 5634 265 5690 rendi
287 5636 498 5705 mediis,
521 5639 687 5695 alium
719 5640 827 5695 illis
854 5655 974 5695 esse
993 5655 1151 5710 quam
1175 5639 1414 5694 divinum
1448 5640 1705 5710 Spiritum

143 5721 254 5789 iusta
299 5740 380 5785 est
433 5733 705 5802 suspicio.
776 5733 1155 5788 deﬁcientibus
1201 5734 1501 5802 praesertim
1562 5733 1703 5802 illis,

145 5832 238 5889 (tua:
253 5824 377 5893 dixi,
397 5828 733 5898 argumentis
752 5827 852 5899 ipsi
873 5829 1170 5899 prophetiae
1191 5828 1514 5883 intrinsecis.
1532 5831 1707 5898 Atque

147 5906 237 5973 hac
259 5916 323 5976 de
358 5929 606 5979 veterum
635 5919 1044 5993 prophetiarum
1093 5918 1231 5993 ﬁde;
1264 5920 1320 5977 in
1346 5919 1543 5992 quibus
1567 5919 1704 5980 nihil

1846 1979 2137 2049 ardentes,
2191 1998 2287 2037 ora
2334 1985 2681 2052 spumantia,
2728 1985 3106 2055 palpitantium
3164 1995 3446 2056 pectorum

1845 2074 2195 2142 gravissimus
2225 2076 2517 2133 anhelitus.
2549 2077 2624 2133 Ita
2654 2091 2715 2136 se
2745 2078 2964 2147 quidem
2996 2077 3185 2134 habuit
3230 2079 3282 2133 in
3315 2094 3446 2149 gen-

1846 2164 1979 2222 tium
2033 2168 2351 2239 prophetis,
2424 2180 2482 2225 ut
2530 2170 2822 2240 Tripodem
2890 2172 3212 2228 invitissima
3261 2186 3448 2230 acces-

1845 2257 1978 2314 serit
2021 2260 2162 2329 apud
2205 2260 2482 2317 Lucanum
2533 2262 2768 2335 Pythia,
2822 2273 2877 2320 et
2923 2265 3199 2321 nonnulla:
3248 2265 3448 2323 fuerint

1844 2350 1958 2420 ipsa
1985 2353 2296 2422 agitationis
2324 2356 2579 2412 violentia
2610 2357 2882 2413 extinctas
2910 2357 2985 2414 Ita
3006 2358 3151 2415 enim
3192 2357 3447 2416 Lucanus

1844 2443 2002 2516 (Bell.
2033 2447 2129 2503 ciu.
2155 2489 2170 2515 ,
2202 2447 2291 2504 lib.
2324 2465 2376 2519 v,
2398 2465 2448 2503 υ.
2479 2448 2607 2521 116)
2642 2467 2657 2504 :

1993 2644 2009 2653 ν
2025 2583 2213 2653 Na_m_si
2238 2598 2332 2648 qua
2360 2583 2499 2636 Deus
2512 2588 2605 2638 sub
2627 2594 2827 2651 pectora
2849 2586 3006 2645 venit,

1965 2643 2297 2716 ﬁuminisaut
2322 2662 2466 2716 pana
2489 2657 2567 2701 est
2588 2643 2728 2716 m'ors
2742 2643 3002 2716 immatura
3016 2653 3227 2716 recepti,

1966 2707 2065 2777 ᾼιιι
2085 2712 2296 2777 pretium
2322 2707 2336 2760 Ξ
2362 2715 2547 2777 quippe
2571 2713 2767 2777 stimulo
2788 2714 3040 2777 ﬂuctuque
3066 2707 3242 2771 fut-bris
3285 2748 3288 2755 ι

1965 2772 2462 2846 gompagesbttmatta
2488 2772 2633 2846 labat,
2658 2774 2926 2841 pulsusque
2950 2772 3171 2829 Deorum

1965 2833 2260 2886 Concutiunt
2277 2835 2482 2900 fragiles
2502 2833 2705 2890 animas.

1912 2960 1981 3016 Et
2017 2961 2262 3020 Valerius
2300 2965 2563 3022 Maximus
2593 2967 2660 3023 de
2707 2968 2960 3041 delpbico
2989 2970 3246 3029 oraculo:
3272 2989 3291 3026 ‹
3322 2970 3438 3031 Un-

1839 3052 1908 3109 de
1961 3070 2019 3109 ut
2079 3066 2243 3112 certae
2302 3059 2713 3116 consulentibus
2782 3071 2958 3119 sortes
3018 3072 3310 3136 petuntur,
3365 3063 3442 3121 ita

1838 3149 2036 3204 nimius
2081 3150 2247 3205 divini
2294 3151 2525 3222 Spiritus
2570 3156 2791 3210 haustus
2822 3156 3178 3214 reddentibus
3210 3158 3438 3228 pestifer

1837 3244 2018 3298 existit
2062 3243 2214 3318 (Lib.
2252 3261 2307 3311 ι,
2362 3263 2407 3299 c.
2449 3246 2514 3309 8,
2573 3246 2788 3318 Exemp.
2844 3266 2974 3306 rom.
3015 3250 3149 3320 10).
3187 3270 3205 3303 t
3255 3251 3440 3324 Longe

1840 3337 2091 3404 equidem
2153 3338 2445 3393 violentior
2489 3352 2605 3396 erat
2659 3342 3285 3415 pseudo-prophetarum
3338 3359 3435 3401 en-

1842 3429 2336 3503 thusiastarumque
2380 3443 2589 3503 motus,
2637 3443 2695 3490 ut
2745 3435 2847 3491 hoc
2896 3437 3013 3509 ipso
3061 3436 3315 3495 catholici
3348 3452 3439 3495 ve-

1836 3540 1929 3581 ros
1974 3542 2003 3580 a
2050 3528 2497 3585 montanistarum
2540 3529 2646 3586 illis
2692 3530 3100 3602 distinguendos
3145 3545 3265 3590 esse
3304 3547 3437 3589 ccu-

1835 3621 2061 3676 suerint.
2118 3620 2275 3678 Nulla
2334 3634 2453 3678 erat
2521 3625 2574 3679 in
2634 3625 2778 3683 veris
2830 3623 3110 3695 prophetis
3181 3624 3431 3694 insania,

1836 3712 1979 3767 nulla
2049 3724 2285 3789 κατοχῆς
2354 3714 2446 3771 illa
2520 3725 2626 3771 tam
2691 3715 2987 3773 vehemens
3034 3716 3275 3790 jactatio.
3323 3715 3437 3774 Sibi

1835 3805 1966 3874 ipsis
1992 3809 2312 3864 consmbaut
2358 3808 2537 3878 petitis
2557 3851 2573 3877 ,
2602 3810 2894 3881 prudentes
2921 3811 3265 3884 scientesque
3294 3826 3433 3883 prae-

1833 3895 2058 3953 dicenda
2092 3899 2457 3970 proferebant.
2492 3903 2619 3957 Erat
2652 3911 2832 3961 tamen
2860 3904 3100 3961 visorum
3131 3914 3307 3963 terror
3335 3904 3434 3960 hu-

1834 4007 2010 4048 mana:
2068 4006 2277 4050 natura:
2345 3995 2621 4068 fragilitati
2680 3994 2904 4053 difﬁcile
2960 3996 3238 4054 ferendus.
3282 3996 3431 4052 Hor-

1835 4086 1938 4140 ruit
1966 4085 2173 4143 Danieli
2197 4089 2413 4159 spiritus
2454 4088 2645 4160 (Dum,
2674 4104 2769 4156 vn,
2800 4089 2907 4165 15)
2946 4107 2960 4145 :
2989 4092 3249 4162 collapsus
3274 4100 3347 4146 est
3376 4090 3433 4146 in

1830 4190 2017 4235 terram
2057 4181 2217 4254 (vut,
2273 4182 2407 4256 t9);
2456 4199 2561 4237 non
2603 4183 2849 4238 remansit
2870 4184 2924 4240 in
2950 4200 3009 4238 eo
3039 4183 3317 4256 fortitudo,
3341 4181 3432 4237 sed

1828 4284 1875 4328 et
1905 4276 2095 4345 species
2140 4276 2251 4347 ejus
2297 4276 2565 4330 immutata
2605 4284 2679 4331 est
2708 4277 2762 4331 in
2814 4292 2909 4340 eo,
2941 4264 3297 4341 et'emarcuit,
3338 4292 3431 4333 nec

1827 4367 2002 4423 [tabuit
2042 4368 2314 4440 quicquam
2352 4370 2535 4424 virium
2570 4371 2624 4445 (x
2650 4413 2665 4437 ,
2692 4368 2802 4441 8);
2840 4372 3010 4442 jacuit
3064 4377 3421 4425 consternatus

1822 4477 1981 4532 super
1995 4462 2177 4534 faciem
2200 4478 2344 4517 suam
2362 4474 2407 4517 et
2430 4462 2597 4517 vultus
2615 4465 2726 4536 ejus
2740 4462 2959 4519 Itwrebat
2977 4460 3187 4535 terer
3193 4461 3298 4516 bid.
3310 4502 3327 4527 ,
3344 4458 3427 4535 9);

1825 4556 1962 4609 stetit
1991 4565 2205 4611 tremens
2236 4555 2450 4631 (Ibid.,
2490 4558 2629 4627 11);
2670 4557 2723 4611 in
2766 4557 2959 4612 visione
3000 4556 3262 4613 dissoluta:
3308 4560 3425 4609 sunt

1832 4666 2104 4723 compages
2147 4654 2298 4725 ejus,
2345 4663 2390 4707 et
2434 4652 2564 4707 nihil
2614 4652 2670 4706 in
2716 4667 2775 4706 eo
2819 4650 3063 4706 remansit
3098 4649 3304 4714 virium,
3332 4647 3424 4703 sed

1826 4757 1872 4802 et
1902 4747 2105 4801 habitus
2148 4748 2257 4819 ejus
2302 4747 2607 4802 interclusus
2633 4755 2705 4800 est
2742 4742 3074 4816 (Ibid.,i7).
3116 4740 3225 4798 Nec
3273 4740 3412 4798 alius

1824 4855 1985 4913 quam
2032 4839 2255 4896 visionis
2283 4839 2611 4910 prophetica:
2642 4848 2816 4894 terror
2860 4837 2914 4894 in
2964 4836 3101 4893 Jobo
3131 4832 3302 4909 (Job.,
3334 4849 3413 4907 tv,

1824 4935 1926 5000 15,
1959 4932 2048 5008 14)
2074 4932 2429 4997 describitur,
2461 4944 2516 4989 et
2544 4933 2594 4988 in
2629 4932 2936 4988 Abraltamo
2980 4929 3132 5005 (Gen.
3168 4945 3264 4997 xv,
3296 4927 3415 4998 12).

1821 5026 1937 5084 Non
1966 5036 2050 5083 est
2079 5029 2255 5098 itaque
2283 5026 2427 5099 quod
2472 5024 2730 5083 miremur
2773 5027 3064 5097 juvenibus
3106 5026 3220 5081 bsec
3256 5035 3414 5093 quam

1819 5120 2039 5178 senibus
2095 5120 2264 5178 fuisse
2318 5120 2705 5177 tolerabiliora.
2762 5120 2998 5177 Proinde
3060 5120 3219 5175 etiam
3266 5113 3412 5184 apud

1818 5213 2065 5270 ethnicos
2116 5212 2355 5269 Tiresias
2408 5213 2667 5285 juveuum
2710 5227 2832 5271 esse
2861 5216 3094 5287 κατοχὴν
3128 5209 3305 5265 docet.
3338 5204 3413 5262 lta

1817 5308 1962 5365 enim
2000 5308 2142 5381 apud
2188 5308 2450 5364 Senecam
2491 5309 2582 5365 ille
2618 5306 2868 5380 ((Edip.,
2910 5322 2963 5367 υ.
3007 5302 3157 5377 29):

2190 5446 2245 5498 Si
2265 5445 2394 5497 foret
2418 5446 2581 5497 viridis
2603 5446 2792 5497 mihi....

1942 5509 2234 5574 Calidusque
2257 5509 2477 5572 sanguis,
2503 5517 2706 5573 pectore
2730 5514 3018 5558 excuterem
3041 5500 3220 5553 Deum.

1817 5637 2121 5711 Cyprianus
2164 5645 2349 5692 noster
2374 5651 2498 5691 cum
2548 5632 2885 5690 distinxisset
2911 5629 3152 5686 visiones
3182 5638 3405 5686 noctur-

1812 5749 1908 5791 nas
1929 5776 1944 5801 ,
1974 5749 2096 5804 quae
2136 5740 2263 5787 sunt
2299 5730 2366 5785 ad
2406 5745 2597 5785 senum
2637 5727 2813 5796 potius
2842 5725 3054 5779 somnia
3085 5723 3404 5791 referenda,

1811 5844 1840 5883 a
1899 5826 2111 5882 diurnis
2168 5823 2497 5896 prophetiis,
2566 5818 2840 5876 innocenti
2908 5834 3196 5890 puerorum
3261 5817 3407 5872 a-tati

1808 5921 1976 5984 hasce
2020 5916 2207 5975 tribuit
2268 5915 2462 5988 (Epist.
2509 5909 2582 5984 κ)
2632 5929 2648 5969 :
2702 5915 2937 5984 κατοχὴν
2990 5908 3277 5976 nimirum,
3342 5906 3399 5964 id
