4018 6304
551 319 618 376 Si
866 361 882 375 .
1506 326 1871 397 DODWELLI
1914 342 2365 407 DISSERTATIO
2402 349 2815 415 CYPRIANICA
3468 352 3477 365 ’
3777 370 3856 433 52

547 437 696 496 enim
742 440 971 501 innuunt
1018 445 1136 516 ejus
1183 448 1343 505 verba
1404 454 1651 523 superius
1687 459 1988 529 exscripta,
2018 463 2137 535 Spi-
2171 467 2217 527 Α
2246 482 2369 525 esse
2432 469 2667 542 dicitur,
2716 491 2784 532 ne
2852 477 2997 536 illius
3061 482 3267 555 impetu
3342 485 3457 546 haec
3518 489 3630 548 fieri
3696 493 3856 552 dice—

552 529 658 555 ιιι-.
707 547 891 555 --_._.-
967 537 980 555 9
1006 538 1095 555 η---
1164 540 1178 553 ο
1374 552 1383 555 _
1878 552 1887 555 _

551 529 658 587 ritu
704 547 897 591 sancto
964 537 1212 610 impleri,
1271 552 1591 615 raptumque
1645 565 1673 603 a
1728 552 2008 622 sensibus,
2062 560 2148 625 qui

549 618 606 678 in
655 623 762 680 illis
813 627 1073 686 Ecclesize
1130 643 1320 689 contra
1376 641 1729 698 montanistas
1771 644 2150 713 όὶεμυιτιιίοηί-

548 711 687 784 bus,
735 719 935 776 estasis
986 724 1312 793 appellatur.
1360 727 1429 784 Ut
1478 730 1639 802 igitur
1681 711 1954 808 Cypriano
2005 756 2150 799 stim-

547 807 636 862 nia
666 809 770 865 sub
801 811 924 868 vitae
953 814 1116 871 finem
1148 817 1363 888 objecta
1388 837 1508 879 esse
1535 826 1791 883 discimus
1815 846 1881 887 ex
1913 833 2107 893 Pantio
2131 880 2145 905 ,

545 896 619 954 ita
660 901 706 956 si
754 902 1001 972 illarum,
1050 925 1274 979 quarum
1314 915 1584 971 meminit.
1635 920 1898 980 visionum
1952 928 2147 1000 aliqua:

547 989 651 1061 ipsi
706 995 961 1053 revelata:
1009 1000 1238 1071 fuerint,
1284 1017 1542 1078 sequetur
1581 1014 1740 1083 paulo
1793 1028 1913 1087 post
1954 989 2147 1091 juv'cn-

548 1088 718 1140 tutem
739 1128 757 1153 ,
785 1100 1040 1161 vergente
1080 1092 1189 1163 jam
1223 1097 1276 1152 in
1307 1100 1516 1156 senium
1548 1115 1708 1162 aetate
1740 1088 1970 1179 passum
1988 1130 2142 1187 esse,

548 1176 691 1247 quod
716 1188 801 1235 est
825 1196 958 1240 sane
997 1188 1467 1250 verisimillimum.
1513 1196 1570 1252 Si
1612 1202 1755 1256 enim
1808 1217 2143 1266 senectutem

546 1281 859 1338 provectam
900 1277 1198 1348 attigisset,
1246 1281 1362 1340 fieri
1411 1287 1494 1343 vix
1547 1293 1719 1361 potuit
1770 1306 1828 1351 ut
1877 1315 1984 1356 non
2041 1302 2145 1375 ipsi

547 1357 882 1423 Tertulliano
921 1369 1252 1444 innotuerit,
1303 1392 1426 1435 cum
1476 1357 1652 1440 tamen
1699 1403 1965 1462 nusquam
1997 1357 2145 1470 lega-

545 1467 669 1511 mus
700 1459 803 1515 nisi
833 1462 886 1516 in
921 1463 1074 1522 libris
1103 1469 1220 1538 ejus
1251 1470 1417 1530 fuisse
1449 1490 1743 1537 versatum.

617 1546 646 1619 §
674 1549 769 1608 41.
799 1582 872 1594 -—
898 1554 1096 1614 Fateor
1144 1562 1392 1631 equidem
1439 1567 1609 1627 fuisse
1635 1575 1797 1630 etiam
1839 1589 1998 1639 aetate
2034 1582 2140 1658 Cy-

543 1641 741 1711 priani,
767 1647 859 1714 qui
885 1654 1094 1709 somnia
1117 1656 1459 1733 visionesque
1482 1664 1712 1724 ludibrio
1729 1670 2013 1734 haberent.
2035 1641 2141 1737 Sed

543 1736 729 1804 quales
768 1738 996 1800 fuissent
1023 1746 1134 1814 illi.
1184 1753 1360 1821 prodit
1412 1756 1529 1828 ipse
1559 1761 1610 1817 in
1644 1766 1872 1834 epistola
1913 1772 1979 1826 ad
2016 1736 2143 1831 Flo;

2257 572 2463 619 tentur.
2496 566 2820 639 Experimur
2871 581 3047 632 tamen
3100 576 3291 644 hodie,
3350 581 3403 638 in
3450 583 3612 643 simili
3660 586 3860 646 adver-

2255 655 2520 713 sariorum
2572 676 2803 731 genere,
2854 681 3016 737 quam
3069 670 3225 728 facile
3286 673 3672 735 officiariorum
3715 697 3855 739 con-

2256 759 2490 824 temptus
2560 754 2613 810 in
2682 768 3054 832 contemptum
3128 775 3371 823 vertatur
3420 769 3619 837 ofﬁcii;
3682 790 3849 846 quam

2255 843 2411 901 facile
2455 848 2717 921 avideque
2771 854 3026 912 minutias
3081 857 3233 927 illas,
3284 863 3329 917 si
3375 878 3494 935 quze
3537 866 3662 922 alibi
3701 843 3853 940 pra:-

2254 944 2338 993 ter
2365 941 2506 1010 vulgi
2547 943 2829 1012 opiniones
2859 962 3181 1017 occurrant,
3211 953 3577 1025 iuiqttisslmas
3605 961 3853 1029 profecto

2255 1029 2364 1103 (ne
2410 1033 2535 1104 quid
2591 1035 2765 1092 dicam
2814 1041 3097 1116 acerbius)
3144 1044 3270 1101 boni
3327 1049 3646 1123 honestique
3685 1070 3852 1127 regu-

2252 1119 2368 1187 las,
2423 1125 2683 1193 arripiant
2732 1138 2910 1186 tamen
2962 1135 3030 1188 ad
3085 1148 3455 1209 contemptum
3498 1157 3851 1213 perstvnarum

2249 1231 2478 1287 quorum
2535 1223 2895 1281 Conscientias
2937 1229 3077 1285 male
3128 1231 3291 1289 habet
3325 1233 3489 1291 officii
3529 1238 3707 1295 debita
3752 1257 3853 1299 ve-

2251 1314 2488 1380 neratio;
2538 1331 2696 1387 quam
2746 1318 2873 1376 item
2927 1320 3085 1379 facile
3123 1324 3193 1380 ita
3248 1342 3307 1383 se
3355 1339 3718 1388 transt'ersum
3760 1336 3852 1408 agi

2250 1404 2541 1474 patiantur,
2591 1416 2651 1463 ut
2706 1425 2775 1466 ne
2838 1428 3016 1470 causae.
3065 1415 3235 1486 ipsius
3298 1422 3549 1478 meritum
3598 1439 3852 1496 qureren-

2249 1495 2374 1551 dum
2428 1509 2645 1569 putent,
2694 1503 2740 1558 si
2782 1507 2999 1577 quando
3042 1508 3112 1565 de
3163 1512 3550 1585 prophetarum
3598 1495 3850 1589 personis

2250 1590 2426 1647 minus
2484 1592 2780 1653 honorifice
2821 1602 3110 1657 senserint.
3140 1601 3251 1660 Illis
3289 1617 3469 1664 autem
3511 1625 3692 1682 aequos
3722 1628 3851 1671 esse

2241 1681 2454 1753 judices
2503 1702 2661 1743 nemo
2704 1693 2989 1750 concedet.

2322 1774 2350 1847 §
2379 1776 2724 1848 42.-—Quod
2747 1785 2791 1839 si
2814 1786 3025 1844 illorum
3049 1805 3267 1862 quoque
3297 1795 3678 1865 prephetarum
3711 1809 3850 1858 tem-

1682 1830 1693 1834 ν
2094 1830 2101 1831 κ
2322 1830 2350 1847 υ
2390 1830 2427 1831 κν
2460 1830 2465 1831 ν
2580 1830 2724 1848 ,ς-ν-
2747 1830 2791 1839 ν.
2814 1830 3025 1844 "nauu-
3050 1830 3265 1862 ιιυυιιυυ
3297 1830 3678 1865 ριυμιισιαιυιιι
3711 1830 3848 1858 ιιτιιι·

539 1830 774 1888 rentium
794 1833 1113 1909 Pupiauum.
1153 1864 1173 1898 ι
1211 1846 1570 1921 Quamquam,
1600 1856 1775 1930 inquit
1798 1861 1929 1936 (Ep.
1962 1868 2135 1943 uix),
2170 1875 2217 1936 Β
2248 1871 2469 1940 poribus
2504 1915 2519 1938 ,
2581 1877 2670 1947 qui
2728 1880 3031 1937 certissima
3096 1884 3394 1944 edidissent
3440 1892 3848 1962 prophetiarum

542 1922 711 1962 cpiam
761 1931 967 1962 eumut.
1020 1936 1244 1962 -:A:-..I-
1300 1954 1343 1962 Α.
1391 1946 1438 1962 ᾼκ-
1475 1949 1486 1959 .
1667 1953 1678 1962 .
1996 1961 2018 1962 η

540 1922 711 1980 sciam
761 1931 969 1987 somnia
1020 1936 1250 1996 ridicula
1294 1954 1347 1998 et
1389 1946 1627 2006 visiones
1666 1922 1876 2026 ineptas
1914 1922 2141 2030 quihus-

538 2012 664 2071 dam
718 2018 924 2091 videri,
989 2026 1084 2081 sed
1145 2032 1333 2102 utique
1377 2036 1483 2094 illis
1531 2043 1622 2112 qui
1674 2012 1884 2105 malunt
1923 2012 2142 2113 icontra

538 2110 855 2171 sacerdotes
882 2119 1108 2177 credere
1154 2140 1315 2196 quam
1369 2134 1659 2192 sacerdoti.
1698 2160 1717 2193 ι
1753 2142 1918 2201 Plane
1968 2148 2141 2208 innuit

537 2204 631 2274 qui
662 2204 736 2262 ita
766 2212 1103 2284 sensissent,
1146 2220 1327 2278 alieno
1373 2225 1538 2285 fuisse
1583 2231 1637 2287 in
1679 2234 1979 2298 Ecclesiam
2024 2247 2140 2302 ani-

538 2310 650 2353 mo.
724 2297 878 2369 Quod
926 2316 1104 2364 autem
1169 2312 1302 2371 tales
1355 2316 1426 2372 ita
1490 2325 1794 2397 sentirent,
1863 2348 1969 2389 non
2022 2347 2140 2395 erat

536 2389 725 2463 utique
754 2396 1076 2458 mirandum.
1109 2402 1348 2464 Fuerunt
1373 2414 1516 2469 enim
1563 2418 1663 2489 ipsi
1693 2389 1808 2479 fere
1836 2430 2138 2500 prophetia:

536 2485 744 2555 coaevi,
793 2488 848 2545 id
901 2493 1183 2555 hominum
1229 2517 1401 2573 genus
1455 2485 1598 2580 quos
1647 2485 1955 2587 Scriptura.
1994 2485 2137 2583 ωτπὲ

535 2580 809 2651 appellat,
856 2588 949 2659 qui
979 2592 1124 2661 quod
1171 2602 1505 2667 argumentis
1535 2580 1826 2680 numquam
1867 2580 2136 2679 centicere

540 2680 866 2745 potuerunt,
911 2680 961 2736 id
1014 2685 1125 2741 risu
1176 2698 1351 2747 tamen
1397 2706 1559 2768 atque
1592 2699 1771 2770 jocis.
1819 2716 2135 2770 scommati-

543 2761 655 2867 bus
675 2774 837 2840 atque
885 2771 1124 2833 dicteriis
1168 2761 1497 2843 conarentur
1522 2761 1613 2846 ἰιι⁷
1641 2761 1957 2867 religionem
1998 2803 2136 2862 ludi-

534 2851 656 2911 brio
694 2875 1049 2953 exponerent.
1086 2869 1150 2926 Et
1195 2886 1328 2932 vero
1374 2878 1427 2934 in
1459 2883 1734 2954 prophetis
1762 2902 1947 2960 gestus
1978 2909 2134 2955 erant

533 2949 603 3005 ab
638 2966 737 3008 usu
778 2946 1058 3017 hominum
1103 2971 1378 3026 communi
1442 2978 1688 3037 nonnihil
1743 2984 1944 3056 alieni,
1993 3007 2131 3063 quos

534 3040 581 3063 ‘L
599 3044 657 3063 -9I
842 3060 852 3063 -
937 3053 949 3063 ⁵
974 3054 1006 3063 ⁵⁸
1084 3058 1113 3063 ’⁸
1200 3061 1212 3063 ’

534 3040 693 3102 facile
741 3060 859 3106 erat
907 3053 1143 3112 ridiculis
1197 3061 1508 3126 hominibus
1554 3088 1951 3144 repraesentare
1994 3040 2131 3142 flam-

533 3151 693 3207 quam
728 3141 874 3212 ipsos
920 3149 1082 3206 etiam
1118 3155 1398 3215 ridiculos.
1431 3161 1725 3235 Josephum
1759 3171 1955 3231 fratres
1984 3193 2132 3234 som-

532 3229 799 3291 niatorem
866 3242 1212 3311 appellarunt
1266 3249 1478 3321 (Gem,
1534 3229 1749 3328 sum,
1807 3229 1950 3337 l9),
1985 3229 2203 3341 quo-dc

534 3321 652 3395 ipse
692 3342 909 3401 quoque
954 3333 1274 3397 observarat
1320 3343 1643 3417 Cyprianus.
1697 3321 2023 3428 Prophetatri
2072 3366 2133 3420 il-

531 3414 645 3473 lum
686 3422 779 3492 qui
827 3425 897 3480 ab
951 3426 1153 3488 Elisaeo
1177 3414 1377 3494 missus
1403 3414 1557 3500 VJehu
1605 3414 1829 3519 regnum
1880 3414 2133 3515 israeliii-

530 3604 707 3676 citus,
757 3625 858 3666 nec
900 3621 1080 3672 tamen
1114 3623 1392 3679 oraculum
1431 3628 1500 3683 ab
1545 3646 1610 3686 eo
1647 3635 1852 3693 editum
1880 3642 2130 3714 neglexe-

532 3706 677 3753 runt.
727 3699 803 3754 Ita
850 3719 1009 3775 quem
1049 3712 1268 3770 nomine
1316 3724 1473 3775 tenus
1517 3720 1765 3781 insanum
1809 3699 2129 3802 vocassent,

532 3788 679 3844 serio
711 3802 888 3850 tamen
924 3813 1022 3867 pro
1050 3801 1241 3862 insano
1272 3811 1585 3883 neutiquam
1619 3817 1931 3881 habendum
1959 3828 2133 3887 duxe-

536 3890 679 3937 rant.
731 3883 799 3941 Et
843 3888 1159 3963 frequentes
1186 3899 1294 3956 illa:
1326 3910 1657 3977 temporibus
1699 3917 1860 3972 etiam
1907 3935 2130 3993 aposto-

531 3974 655 4033 licis
702 3982 924 4042 cautelae
967 3988 1035 4044 de
1082 4007 1187 4048 non
1223 4004 1633 4061 contemnendis
1684 3974 2131 4084 extinguitendisve

530 4071 869 4145 prophetiis,
920 4079 974 4136 id
1022 4086 1154 4141 satis
1200 4088 1473 4163 iunuunt,
1532 4112 1691 4168 quam
1746 4071 2011 4175 proclives
2038 4126 2129 4168 es-

531 4175 655 4220 sent
705 4168 783 4223 ad
823 4171 875 4227 id
922 4176 1223 4237 faciendum
1254 4183 1505 4245 homines
1541 4192 1611 4248 de
1638 4168 1758 4266 quo.
1775 4199 1932 4258 toties
1974 4182 2133 4263 erant

528 4262 837 4318 necessario
881 4270 1159 4329 monendi.
1202 4274 1313 4334 Nec
1341 4290 1460 4336 erat
1497 4297 1628 4340 sane
1654 4262 1799 4345 aliud
1835 4293 1945 4351 illis
1986 4305 2129 4354 tem-

523 4353 750 4423 poribus
793 4365 1186 4431 expectandum
1220 4373 1413 4442 quibus
1439 4376 1578 4434 adeo
1607 4394 1796 4440 essent
1843 4390 2127 4461 propheta:

525 4447 790 4505 cervicosi
842 4463 1004 4524 atque
1033 4459 1238 4517 ordinis
1267 4466 1468 4535 publici
1516 4447 1960 4549 perturbatores,
2002 4498 2125 4540 cum

525 4537 691 4596 simul
746 4545 925 4613 plures
965 4548 1352 4625 loquerentur,
1386 4576 1508 4618 cum
1536 4568 1893 4637 prophetissa:
1932 4573 1985 4631 in
2014 4591 2127 4634 coe-

526 4631 672 4691 tibus
713 4639 992 4712 virorum,
1037 4648 1304 4721 capitibus
1343 4657 1504 4712 etiam
1536 4631 1940 4733 discoopertis,
1986 4685 2127 4742 pra:-

523 4731 611 4781 ter
660 4742 821 4788 sexus
863 4738 1222 4811 modestiam,
1272 4749 1758 4821 concionarcutur;
1810 4773 1933 4815 cum
1983 4762 2125 4819 dona

521 4828 620 4872 Sua
669 4820 787 4878 sine
826 4831 975 4885 omni
1028 4835 1405 4896 tediticationis
1458 4846 1818 4919 utilitatisque
1874 4867 2126 4924 respectu

523 4909 751 4970 ederent
796 4922 1106 4993 prophetae,
1163 4946 1485 5006 essentque,
1533 4956 1601 4998 ne
1658 4943 1710 4998 in
1764 4944 2003 5004 futurum
2052 4952 2121 5006 ita

529 5001 790 5078 deinceps
869 5014 1143 5087 facerent,
1209 5024 1589 5088 Ecclesiastica
1671 5038 1886 5095 tandem
1962 5042 2125 5099 disci-

524 5095 666 5167 plina
698 5109 1007 5166 coercendi.
1040 5113 1209 5171 Erant
1235 5121 1485 5190 equidem
1511 5122 1627 5181 hrec
1656 5130 1932 5201 prophetis
1962 5095 2115 5202 ipsis,
2174 5162 2175 5165 η

519 5205 627 5248 non
687 5195 846 5257 donis
916 5219 1105 5264 eorum
1187 5216 1546 5287 propheticis,
1629 5223 1758 5278 vitio
1833 5231 2113 5287 vertenda.

518 5281 687 5350 Quem
734 5293 881 5353 enim
948 5281 1253 5363 habuerunt
1287 5281 1610 5395 spiritum,
1679 5318 1954 5391 subjectus
2006 5325 2115 5382 illis

2248 1979 2467 2022 suarum
2501 1970 2806 2028 testimonia
2833 2016 2848 2040 ,
2905 1974 3105 2034 fuerint
3151 1988 3329 2037 tamen
3361 1982 3515 2041 istius
3544 1988 3686 2044 modi
3715 2005 3851 2047 cen-

2248 2074 2442 2130 sores,
2497 2078 2604 2119 non
2651 2077 2734 2123 est
2787 2070 2974 2142 utique
3028 2074 3333 2133 mirandum
3384 2078 3431 2134 si
3486 2080 3537 2136 in
3586 2083 3846 2156 Cypriani

2246 2156 2409 2211 etiam
2468 2166 2711 2230 tempora
2776 2164 3100 2237 inciderint,
3154 2186 3276 2226 cum
3326 2174 3438 2243 jam
3494 2175 3848 2237 invaluissent

2249 2251 2394 2307 inter
2454 2255 2807 2326 philosoiibos
2858 2259 3149 2332 Epicurei,
3210 2266 3301 2337 qui
3340 2277 3535 2338 praeter
3574 2275 3843 2331 naturalia

2247 2346 2429 2403 omnia
2480 2348 2716 2407 ludibrio
2762 2352 3068 2413 habuerint.
3117 2357 3174 2414 Id
3224 2378 3386 2417 unutn
3425 2364 3555 2420 satis
3597 2373 3749 2433 erat,
3795 2366 3843 2421 si

2243 2440 2332 2510 qui
2367 2442 2714 2512 prophetias,
2756 2462 2893 2517 quos
2939 2448 3212 2518 diximus,
3256 2456 3489 2524 penitius
3541 2457 3842 2515 intellexis-

2242 2543 2404 2602 sent,
2456 2551 2557 2592 nec
2614 2552 2802 2594 eorum
2848 2541 3108 2600 intererat
3156 2555 3211 2601 ut
3259 2546 3407 2605 falsa:
3473 2549 3836 2620 haberentur,

2242 2641 2433 2684 eorum
2466 2646 2626 2685 nemo
2661 2632 2780 2689 illas
2828 2633 2879 2689 in
2913 2634 3137 2693 dubium
3188 2641 3414 2698 vocarit.
3467 2642 3711 2701 Vidimus
3736 2659 3839 2701 au-

2242 2729 2350 2776 tem
2411 2723 2685 2796 Cypriane
2738 2742 2951 2783 coxevos
3002 2730 3316 2800 prOphetica
3368 2733 3507 2791 dona
3551 2735 3604 2791 in
3655 2737 3838 2794 Eccle-

2240 2814 2318 2867 sia
2368 2817 2687 2884 aguovisse,
2733 2818 2823 2889 qui
2877 2818 3091 2890 quidem
3123 2821 3269 2879 illius
3315 2825 3499 2881 smculi
3529 2826 3829 2883 doctissimi

2241 2905 2569 2964 haberentur
2590 2952 2606 2976 ,
2638 2924 2925 2982 rerumque
2963 2913 3454 2973 ecclesiasticarum
3499 2920 3831 2989 peritissimi.

2237 2997 2424 3071 Neque
2466 3001 2763 3060 verisimile
2792 3016 2909 3061 erat
2943 3014 3051 3062 tam
3078 3022 3321 3064 severam
3356 3010 3409 3065 in
3449 3010 3687 3068 Ecclesia
3716 3013 3830 3069 dis-

2236 3094 2491 3165 ciplinam
2539 3098 2722 3169 vigere
2767 3100 3042 3169 potuisse,
3091 3102 3193 3157 nisi
3243 3102 3314 3159 de
3362 3104 3581 3162 numine
3627 3108 3680 3162 in
3730 3106 3837 3163 Ec-

2236 3187 2399 3243 clesia
2442 3191 2866 3259 praesentissimo
2924 3192 3377 3254 manifestissimis
3425 3207 3702 3256 constaret
3744 3201 3834 3257 in-

2238 3277 2414 3334 diciis.
2456 3279 2611 3348 Quod
2644 3280 2687 3336 si
2717 3282 2867 3337 illum
2900 3284 3124 3354 Spiritus
3169 3288 3471 3359 prophetici
3511 3301 3833 3362 prmlextum

2239 3380 2467 3440 possent
2508 3372 2760 3431 falsitatis
2824 3378 3182 3447 convincere,
3230 3381 3340 3452 jam
3385 3383 3683 3441 labasceret
3727 3403 3833 3443 una

2237 3464 2567 3536 reliquorum
2621 3467 2794 3537 fides,
2857 3472 2968 3542 jam
3027 3473 3160 3531 nihil
3206 3486 3324 3532 erat
3375 3478 3517 3549 quod
3575 3479 3831 3537 Ecclesia:

2236 3562 2672 3619 communionem
2716 3576 2792 3621 tot
2834 3582 3096 3624 annorum
3132 3572 3444 3642 paenitentia
3479 3584 3585 3629 tam
3628 3577 3831 3646 ingrata

2235 3652 2536 3721 ambirent;
2584 3672 2705 3711 cum
2741 3661 3037 3730 prmsertim
3088 3665 3267 3720 nullus
3303 3675 3449 3722 esset
3491 3669 3832 3739 magistratus

2235 3747 2327 3817 qui
2381 3758 2632 3819 cogeret,
2697 3760 2843 3808 esset
2897 3765 3086 3812 contra
3142 3758 3233 3829 qui
3300 3759 3539 3817 rebelles
3590 3762 3827 3828 foveret,

2235 3842 2490 3910 omnique
2553 3860 2715 3916 opera
2786 3847 2839 3901 in
2896 3848 3247 3905 rebellionem
3310 3854 3610 3925 pelliceret.
3674 3854 3830 3924 Quod

2234 3942 2414 3989 autem
2465 3937 2530 3992 ad
2580 3937 2770 3995 atheos
2808 3941 3091 4012 epicureos
3119 3944 3340 4013 attinet,
3375 3944 3474 4003 fuit
3506 3964 3569 4003 ea
3612 3963 3831 4021 semper

2235 4035 2422 4099 estque
2474 4028 2634 4086 hodie
2682 4032 2896 4088 illorum
2947 4034 3189 4105 indoles,
3221 4046 3282 4093 ut
3321 4040 3667 4110 generalibus
3715 4040 3830 4096 suis

2236 4118 2625 4192 hypothesibus
2655 4127 2927 4190 contenti,
2965 4128 3015 4181 in
3068 4130 3315 4201 exempla
3362 4132 3704 4203 particularia
3753 4147 3823 4188 ne

2232 4212 2447 4284 quidem
2494 4216 2872 4287 inquirendum
2929 4230 3140 4290 putent.
3192 4221 3362 4288 Quam
3405 4223 3482 4278 illi
3526 4223 3723 4280 fuerint
3768 4225 3821 4279 in

2233 4304 2394 4361 rebus
2423 4307 2802 4366 ecclesiasticis
2841 4311 3083 4383 hospites
3105 4357 3119 4380 ,
3164 4315 3245 4370 vel
3280 4317 3438 4371 unius
3469 4317 3609 4374 Celsi
3648 4332 3829 4375 exem-

2234 4398 2323 4469 plo
2371 4402 2714 4458 manifestum
2747 4414 2849 4460 est.
2893 4404 2993 4472 Qui
3047 4421 3169 4462 cum
3229 4408 3330 4465 sibi
3371 4411 3549 4465 omnia
3581 4425 3828 4483 comper-

2233 4492 2438 4547 tissima
2512 4508 2633 4549 esse
2678 4496 3038 4566 jactabundus
3082 4501 3346 4572 gloriatus
3399 4511 3575 4569 esset,
3628 4504 3682 4558 in
3737 4519 3824 4559 re-

2232 4585 2333 4642 bus
2378 4597 2559 4644 tamen
2607 4589 2867 4660 Ecclesim
2913 4608 3040 4648 raro
3085 4609 3308 4668 scopum
3355 4597 3589 4667 attingit.
3625 4594 3827 4668 Estque

2152 4682 2203 4742 D
2233 4680 2285 4737 id
2335 4684 2385 4736 in
2432 4696 2499 4737 eo
2549 4683 2659 4739 fere
2694 4697 3045 4758 perpetuum,
3082 4699 3138 4744 ut
3173 4705 3295 4745 cum
3333 4690 3624 4746 Ecclesium
3664 4688 3825 4745 ferire

2232 4778 2424 4847 vellet,
2482 4780 2576 4833 vix
2629 4791 2806 4836 tamen
2862 4783 2927 4837 ad
2982 4784 3117 4840 alios
3171 4800 3330 4855 quam
3384 4784 3668 4839 hrcreticos
3724 4782 3826 4838 Ec—

2229 4872 2411 4928 clesize
2433 4884 2681 4930 extorres
2710 4876 3020 4946 pertineant
3043 4893 3104 4932 ea
3124 4920 3139 4945 ,
3186 4878 3380 4947 quibus
3420 4877 3674 4932 Ecclesia:
3701 4890 3826 4931 cau-

2227 4984 2343 5023 sam
2398 4964 2826 5023 labefactandam
2871 4970 3119 5024 credidit.
3156 4970 3441 5041 Egrcginm
3493 4985 3622 5023 vero
3672 4969 3819 5023 illum

2228 5058 2486 5118 Ecclesia:
2510 5075 2792 5116 censorem
2811 5103 2824 5128 ,
2849 5064 2939 5133 qui
2972 5080 3038 5118 ne
3061 5062 3356 5119 Ecclesium
3385 5062 3600 5135 quidem
3629 5063 3696 5118 ab
3717 5061 3824 5118 hae-

2227 5154 2522 5211 reticorum
2584 5155 2661 5209 illi
2704 5156 3188 5214 infensissimorum
3219 5157 3577 5215 conventibus
3610 5164 3817 5230 poterat

2222 5248 2550 5319 distinguere
2575 5248 2588 5302 l
