4018 6322
414 740 2072 938 DISSERTATIO
2158 782 3255 966 SECUNDA

767 1082 1050 1230 AD
1133 1088 1858 1250 SANCTI
1934 1086 2902 1277 CYPPJANI

850 1414 1501 1581 EPISTMAM
1547 1425 2106 1605 QUARTAM
2154 1445 2847 1645 VIGESIMAM,

1469 1718 1793 1783 AUCTORE
1831 1729 2243 1795 DODWELLO.

330 1898 440 1963 DE
482 1898 1023 1964 PRESBYTERIS
1078 1898 1616 1979 DOCTORIBUS,
1662 1897 2042 1979 DUCTORE
2081 1922 2591 1996 AUDIENTIUM
2633 1937 2737 2001 ET
2768 1940 3359 2020 LEGATIONIBUS

1510 2009 2173 2087 ECCLESIASTICIS.
2234 2093 2238 2107 ,

3486 2137 3520 2159 ἢ

1507 2223 2164 2257 —-—-¢-——

186 2373 222 2449 ᾖ
262 2376 318 2432 1.
350 2373 649 2447 Presbyteri
677 2374 908 2430 doctores
933 2372 1193 2446 Cypriano
1223 2375 1555 2447 antiquiores,
1607 2380 1801 2491 prima-
1826 2388 1880 2446 Α
1908 2383 2106 2492 [ibi
2131 2392 2431 2492 hujusdoni
2460 2405 2724 2472 meminit.
2747 2420 2806 2469 ut
2831 2415 2993 2485 plane
3018 2420 3087 2478 ab
3112 2424 3307 2485 ofﬁciis
3336 2433 3511 2492 eccle-

269 2473 367 2529 rite
391 2474 443 2527 in
471 2472 704 2528 Ecclesia
730 2474 1015 2545 dignitatis.
1041 2504 1112 2514 -—
1141 2473 1169 2547 §
1194 2474 1249 2529 2.
1276 2475 1537 2545 Apostolis
1567 2480 1743 2545 coazvi,
1772 2497 1804 2534 a

269 2566 576 2622 Judteorum
599 2567 794 2622 Scribis
816 2567 1104 2622 doctoribus
1122 2568 1345 2623 deducti.
1378 2568 1497 2641 -§
1522 2570 1576 2625 5.
1612 2570 1805 2627 Eorum

274 2661 495 2732 ofﬁcium
533 2661 587 2715 in
624 2662 757 2716 dono
788 2661 1195 2716 extraordinario
1223 2662 1517 2733 fundatum.
1544 2694 1616 2705 —
1649 2664 1714 2739 ἧς
1742 2666 1797 2733 4,

277 2752 335 2822 5,
366 2751 419 2808 6.
456 2751 581 2808 Non
609 2754 833 2808 omnium
878 2755 1036 2827 fuisse
1076 2759 1501 2861 presbyterorum,
1544 2766 1612 2861 ut.
1653 2758 1802 2861 vulgo

269 2856 477 2918 putant,
524 2863 705 2902 munus
732 2845 863 2901 illud
889 2847 1124 2902 docendi.
1152 2878 1222 2888 -—
1253 2847 1282 2919 §
1310 2848 1360 2901 7.
1396 2846 1459 2903 In
1487 2849 1803 2905 audientium

263 2940 477 2994 doctore
502 2938 766 3011 probando
795 2936 1114 3010 presbyteros
1149 2938 1380 2993 doctores
1430 2941 1568 2994 solos
1611 2957 1800 2995 consu-

267 3035 365 3089 luit
393 3033 703 3107 Cyprianus.
732 3063 801 3074 —-
823 3032 852 3106 §
877 3032 931 3089 8.
957 3032 1230 3087 Audientes
1259 3033 1415 3088 iidem
1442 3034 1528 3099 qui
1555 3035 1796 3089 catechu-

264 3128 425 3183 meni.
456 3158 528 3167 —
554 3124 582 3198 §
607 3126 663 3182 9.
701 3123 832 3181 Voce
855 3126 1008 3179 etiam
1027 3125 1375 3180 catechumeni
1400 3128 1479 3181 usi
1507 3136 1642 3183 sunt.
1688 3127 1797 3182 Au-

264 3219 519 3275 dientium
542 3235 724 3274 nomen
756 3218 893 3273 unde
940 3218 1236 3272 deductum.
1260 3249 1331 3259 —
1360 3217 1499 3291 §10.
1540 3218 1799 3281 Catecltu-

259 3328 531 3367 ntenorum
570 3311 821 3365 institutio
874 3310 1126 3382 mysteriis
1168 3310 1524 3379 respondebat.
1554 3342 1624 3353 ——
1651 3311 1680 3383 §
1705 3313 1795 3368 11.

259 3403 465 3461 Doctor
486 3404 805 3459 audientium
823 3400 1085 3474 Cypriane
1103 3402 1509 3507 hypoltliaconus.
1532 3402 1621 3507 .De
1648 3402 1796 3507 Pan-

256 3510 438 3565 tazno,
491 3497 749 3554 Clemente
774 3496 1166 3563 Alexandrino,
1218 3494 1473 3602 Origene,
1524 3497 1577 3550 in
1620 3496 1797 3604 schola

259 3591 620 3647 Alexandrina
641 3589 1024 3644 catechistis.—
1047 3589 1076 3663 §
1096 3589 1183 3646 12.
1211 3589 1527 3662 lnferiorum
1556 3591 1797 3647 ordinum

258 3684 507 3749 ministri,
525 3699 661 3738 nunc
683 3681 821 3738 Cleri
846 3684 1102 3737 communi
1124 3684 1329 3740 nomine
1345 3695 1632 3751 censentur,
1661 3702 1795 3741 nunc

1909 2477 2139 2537 siaSIicis
2194 2488 2535 2561 episcopatus
2579 2510 2632 2555 et
2667 2477 2983 2566 diaconatus
3029 2514 3344 2591 distinguat.
3377 2525 3510 2594 Quae

3164 2573 3227 2591 ,u
3383 2573 3505 2594 κ-..

1906 2573 2049 2626 enim
2078 2590 2397 2646 sequuntur,
2431 2601 2781 2655 personarum
2809 2611 2933 2655 sunt
2961 2603 3125 2672 dona,
3160 2626 3266 2666 non
3295 2612 3505 2672 ofﬁcio-

1907 2674 2064 2728 rum;
2094 2681 2267 2739 eaque
2295 2671 2409 2741 ipsa
2451 2676 2523 2730 ita
2555 2679 2697 2738 inter
2721 2700 2782 2741 se
2830 2692 3089 2760 gradibus
3133 2697 3405 2769 distincta.
3449 2716 3509 2764 ut

1906 2762 2210 2826 proximum
2236 2771 2456 2839 martyri
2480 2775 2704 2843 gradum
2734 2779 2925 2839 doctor
2946 2802 3194 2862 occupet,
3215 2811 3314 2852 nec
3334 2799 3509 2858 viduis

1906 2850 2068 2906 modo
2102 2854 2192 2919 sit,
2224 2859 2319 2914 sed
2348 2871 2401 2916 et
2434 2864 2729 2936 virginibus
2759 2873 3022 2947 dignitate
3059 2850 3506 2955 superior.ldetn

1905 2954 2091 3012 postea
2111 2966 2125 3003 :
2145 2967 2163 3001 ι
2189 2951 2282 3006 Est
2303 2957 2484 3027 utique
2512 2960 2698 3033 frater,
2718 2967 2904 3040 inquit,
2924 2951 3321 3047 aliquisdoctor
3337 2987 3506 3056 gratia

1902 3037 2143 3095 scientia:
2163 3042 2431 3103 donatus?
2466 3073 2486 3104 ι
2522 3065 2625 3112 etc.
2659 3037 2900 3119 Meminit
2929 3067 3264 3131 Tertulliano
3292 3093 3507 3138 coznvus

1904 3137 2110 3200 martyr
2145 3132 2372 3195 Saturus
2396 3146 2603 3215 Aspasii
2624 3152 2922 3225 presbyteri
2951 3159 3189 3221 doctoris
3216 3169 3284 3224 ab
3311 3170 3507 3241 Optato

1905 3220 2172 3294 episcopo
2198 3227 2532 3290 dissidentis.
2560 3238 2610 3308 (1
2619 3258 2649 3293 n
2668 3220 3020 3318 ActiPerpet.
3038 3263 3085 3306 et
3102 3220 3277 3313 Felic:

1902 3310 2129 3388 Saturi.)
2152 3317 2390 3378 Meminit
2415 3327 2580 3384 variis
2603 3328 2656 3385 in
2692 3333 2823 3391 locis
2840 3310 3087 3409 Hermas,
3119 3346 3213 3401 lib.
3244 3364 3281 3414 ι,
3306 3352 3406 3407 vis.
3431 3354 3500 3411 3:

1907 3423 1927 3457 ε
1954 3404 2190 3479 Lapides
2237 3416 2457 3485 quidem
2485 3421 2561 3477 illi
2588 3428 2832 3495 quadrati
2865 3443 2921 3488 et
2948 3404 3083 3505 albi,
3119 3404 3504 3506 convenientes

1898 3497 1953 3554 in
1968 3505 2360 3577 commissuris,
2392 3512 2432 3568 ii
2463 3529 2588 3571 sunt
2608 3524 2865 3592 apostoli,
2894 3536 2950 3583 et
2973 3531 3236 3606 episcopi,
3268 3547 3323 3593 et
3366 3543 3502 3599 doc-

1899 3597 2066 3660 tores,
2098 3605 2151 3652 et
2178 3601 2433 3669 ministri,
2457 3609 2546 3676 qui
2580 3610 2809 3682 ingressi
2850 3631 2975 3676 sunt
3015 3626 3068 3679 in
3089 3627 3376 3687 clementia
3405 3633 3500 3691 Dei

1897 3692 1952 3738 et
1972 3687 2338 3759 episcopatum
2364 3711 2672 3770 gesserunt,
2698 3716 2752 3761 et
2789 3709 3113 3783 docuerunt,
3148 3730 3200 3775 et
3227 3724 3500 3782 ministra-

253 3776 625 3843 eatcluduntur,
681 3775 825 3842 apud
875 3774 1212 3847 Cyprianum.
1242 3807 1316 3819 —-
1344 3776 1373 3849 §
1407 3778 1497 3833 15.
1547 3778 1795 3849 Cypriani
1823 3787 1871 3846 Β
1900 3792 2093 3882 verunt
2118 3798 2305 3882 sancte
2338 3800 2394 3846 et
2420 3795 2666 3853 modeste
2696 3801 2884 3860 electis
2920 3807 3014 3864 Dei
3043 3813 3132 3882 qui
3162 3814 3499 3879 dormierunt

255 3871 539 3943 legationes
580 3886 776 3938 omnes,
819 3870 1036 3942 aliaeque
1094 3887 1310 3941 quorum
1354 3872 1539 3925 mentio
1579 3873 1633 3925 in
1664 3873 1793 3977 ejus

256 3964 530 4036 Epistolis.
555 3964 674 4037 -ς
699 3950 793 4020 14.
812 3962 1116 4035 Legationes
1143 3981 1233 4034 per
1255 3966 1485 4032 clericos,
1514 3975 1562 4021 et
1587 3966 1792 4033 quidem

251 4057 401 4127 illos,
447 4069 501 4113 ut
552 4060 852 4130 plurimum,
910 4059 1073 4127 binos,
1137 4076 1258 4113 raro
1323 4061 1789 4163 lippodiaconatuom

250 4152 555 4209 excedentes
577 4161 727 4207 aetate
752 4149 1019 4222 Cypriani.
1051 4180 1123 4192 -—
1153 4150 1182 4224 ς
1209 4151 1296 4207 15.
1338 4150 1642 4255 Legationes
1671 4152 1791 4206 alia:

251 4245 517 4318 Cypriane
564 4245 898 4313 antiquiores,
954 4243 1227 4299 Clementis
1256 4244 1599 4350 Alexandrini
1631 4254 1784 4350 atque

249 4338 466 4394 Irenwi.
500 4335 621 4410 -δ
652 4336 740 4392 16.
776 4334 1079 4408 Legationes
1135 4335 1379 4392 Ecclesia:
1433 4337 1785 4447 Smyrnensis,

249 4432 658 4504 Polycarpiana:
678 4441 828 4502 atque
858 4429 1362 4538 Ignatiqmelnaqis,
1388 4449 1541 4538 quam
1565 4433 1787 4538 Cypria:

248 4525 310 4581 ni
368 4524 510 4591 illae,
567 4523 881 4591 honori/icta.
931 4553 1002 4563 —
1046 4520 1073 4595 §
1122 4522 1216 4628 17.ἰ
1260 4522 1563 4628 Legationes
1612 4526 1787 4628 steculi

249 4614 559 4686 Apostolici.
598 4613 721 4685 —--§
767 4613 855 4669 18.
905 4612 1012 4668 Pro
1065 4614 1290 4719 irtoribus
1335 4616 1786 4719 iurisgltos’pitalils

250 4723 526 4779 expressat.
558 4738 632 4749 —-
668 4706 697 4779 §
738 4707 829 4763 19.
887 4707 1118 4777 Apostoli
1169 4708 1568 4815 peregrinantes"
1599 4710 1670 4762 ita
1721 4710 1785 4815 ab

249 4801 503 4859 Ecclesiis
553 4801 740 4872 recepti
792 4809 849 4856 ut
904 4802 1122 4855 solerent
1172 4818 1203 4854 a
1250 4802 1785 4906 provincialibussuis

254 4894 499 4967 prcesides
546 4892 945 4965 provinciarum.
974 4923 1045 4932 --
1095 4892 1123 4964 §
1172 4891 1263 4948 ‘20.
1314 4891 1619 4964 Legationes
1645 4894 1785 4950 illius

252 4988 435 5044 δινευιὶ
455 4987 677 5043 maxime
705 4986 1024 5055 honoriﬁca}.

252 5081 282 5153 ᾗ
312 5080 552 5137 1.-Αηι
572 5079 777 5149 quando
795 5095 909 5133 cum
931 5078 1234 5150 presbyteris
1252 5079 1540 5134 doctoribus
1570 5080 1782 5137 leCtores

1899 3873 2100 3944 quique
2126 3878 2304 3937 adhuc
2336 3896 2484 3954 sunt,
2520 3899 2574 3944 et
2605 3906 2823 3964 semper
2846 3914 2968 3955 cum
2998 3903 3101 3960 illis
3127 3922 3499 3971 convenerunt

1895 3965 2025 4021 etin
2053 3983 2113 4023 se
2138 3985 2323 4039 pacem
2353 3975 2658 4039 habuerunt
2697 3995 2753 4043 et
2784 4004 2842 4045 se
2871 3991 3103 4052 invicem
3126 4003 3433 4063 audierunt.
3467 4027 3488 4063 ι

1892 4056 2086 4116 Mirum
2110 4069 2344 4137 estquod
2374 4070 2475 4128 hoc
2498 4090 2530 4130 e
2553 4075 2672 4134 loco
2701 4081 2880 4141 eliciat
2906 4086 3239 4166 Blondellus,
3272 4102 3493 4160 eosdem

1894 4149 2061 4210 fuisse
2088 4159 2375 4231 episcopos
2420 4176 2583 4238 atque
2630 4172 2917 4247 doctores;
2951 4187 3104 4254 quasi
3148 4205 3275 4248 vero
3329 4198 3493 4255 verba

1892 4243 2006 4314 illa,
2039 4256 2095 4303 et
2114 4252 2481 4326 episcopatum
2507 4276 2809 4332 geSSerunt,
2830 4272 2895 4327 ad
2925 4243 3175 4336 doctores
3206 4284 3490 4347 referenda

1893 4336 2024 4405 sint,
2080 4350 2135 4396 et
2185 4358 2291 4401 non
2326 4348 2473 4418 ipsos
2519 4356 2698 4424 potius
2736 4362 2828 4430 qui
2881 4367 3042 4423 etiam
3098 4387 3493 4441 pra-cesserant

1891 4430 2176 4503 episcopos
2212 4455 2222 4491 :
2258 4448 2555 4509 prmsertim
2595 4465 2717 4506 cum
2748 4468 3035 4517 occurrant
3081 4464 3277 4526 ibidem
3323 4475 3486 4533 verba

1890 4521 2003 4593 illa,
2021 4536 2076 4581 et
2100 4528 2419 4601 docuerunt,
2450 4555 2570 4609 quae
2590 4543 2904 4607 doctoribus
2938 4558 3229 4626 aptissimae
3256 4582 3485 4638 respon-

1893 4612 2048 4638 μη,
2101 4618 2140 4638 η
2183 4622 2193 4632 .
2418 4629 2464 4638 ..
2586 4634 2597 4638 -

1890 4612 2072 4672 deant.
2096 4618 2286 4680 Fuisse
2307 4629 2553 4698 equidem
2583 4634 2685 4692 hoc
2718 4639 2863 4698 dono
2887 4644 3173 4708 inStructos
3198 4612 3487 4731 episcopos

1890 4718 1942 4731 ..ι
1979 4708 2163 4731 κιρ-επ
2705 4729 2711 4731 “

1887 5092 2202 5148 provectum
2228 5082 2392 5156 'qnem
2423 5105 2491 5146 eo
2528 5092 2672 5150 dono
2697 5104 2981 5161 constabat
3005 5124 3128 5168 esse
3170 5118 3475 5184 praeditum.

168 5172 453 5248 diligenter
469 5174 819 5247 probaremus,
854 5170 1101 5242 Optatum
1132 5180 1262 5226 inter
1287 5173 1496 5227 lectores
1525 5173 1781 5228 doctorem
1810 5176 1854 5239 C
1888 5175 1958 5227 At
1980 5176 2413 5281 presbyterorum
2445 5186 2607 5243 etiam
2632 5188 2913 5252 doctorum
2926 5199 3037 5271 jam
3061 5212 3307 5281 exempla
3338 5214 3477 5270 vidi-

167 5267 500 5323 audientium
550 5266 925 5321 constituimus.
976 5263 1381 5319 Observandum
1414 5264 1538 5369 .boe
1587 5280 1781 5371 munus

167 5360 623 5435 presbyterorum
651 5357 959 5423 doctorum,
979 5356 1121 5428 quod
1145 5372 1251 5463 non
1269 5356 1518 5463 Cypriani
1549 5360 1777 5463 primum

168 5461 428 5526 tempore
459 5461 640 5507 natum
669 5460 807 5519 erat,
834 5450 932 5507 sed
955 5450 1188 5559 :eroab
1210 5451 1481 5559 Apostolis
1511 5466 1680 5559 usque
1709 5454 1776 5559 ad

167 5548 297 5622 ejus
331 5557 569 5618 tempora
608 5546 931 5652 deductum.
950 5544 1234 5652 Cypriani:
1251 5544 1547 5652 antiquior‘
1560 5546 1777 5652 Tertul:

170 5642 358 5700 lianus
385 5640 648 5697 meminit.
685 5638 1009 5714 (Prwscript.
1039 5640 1158 5748 atto.
1187 5637 1354 5706 ﬂant,
1381 5656 1426 5695 c.
1635 5639 1774 5748 Quid

172 5751 332 5808 ergo,
375 5733 588 5804 inquit,
617 5734 666 5790 si
710 5736 1015 5806 episcopus,
1040 5734 1085 5789 si
1116 5732 1396 5800 diaconus,
1430 5736 1474 5788 si
1500 5734 1676 5803 vidua,
1725 5735 1772 5791 si

172 5831 354 5903 virgo,
383 5831 430 5887 si
464 5829 677 5897 doctor,
720 5829 766 5886 si
812 5830 973 5885 etiam
1006 5840 1230 5901 martyr,
1274 5829 1455 5899 lapsus
1499 5844 1529 5885 a
1586 5830 1771 5902 regula

1887 5280 2030 5333 mus,
2064 5278 2120 5322 ut
2166 5272 2393 5340 proinde
2436 5292 2663 5339 necesse
2704 5301 2811 5341 non
2837 5291 2909 5345 sit
2937 5295 3026 5364 qui
3055 5297 3242 5355 doctor
3286 5302 3473 5375 fuerit,

1884 5361 2006 5414 eum
2037 5362 2150 5418 fore
2174 5367 2336 5422 etiam
2358 5371 2695 5446 episcopum.
2729 5378 2946 5440 Frustra
2975 5403 3105 5445 vero
3134 5407 3231 5447 nos
3253 5395 3324 5452 ad
3350 5398 3476 5459 illos

1881 5465 2131 5513 auctores
2186 5461 2354 5518 refert
2397 5464 2731 5542 Bloudellus,
2783 5479 2872 5548 qui
2915 5491 3034 5551 post
3075 5485 3369 5548 extinctum
3419 5495 3475 5555 in

1880 5545 2120 5605 Ecclesia
2165 5552 2475 5615 doctoratus
2516 5563 2714 5621 donum
2758 5545 3073 5633 ﬂoruerunt.
3104 5576 3210 5635 Sed
3240 5584 3306 5640 ad
3339 5585 3476 5645 Her-

1877 5656 2019 5698 mam
2088 5657 2329 5705 nostrum
2405 5655 2710 5716 redeamus.
2764 5662 2907 5720 Idem
2958 5683 3180 5739 rursus,
3242 5675 3337 5734 lib.
3407 5697 3472 5751 tt,

1870 5735 2051 5794 Mand.
2087 5739 2152 5797 ιε
2201 5759 2222 5796 ‹
2250 5741 2425 5805 Etiam
2469 5765 2629 5821 nunc.
2679 5753 2921 5823 Domine,
2968 5735 3205 5826 audivia
3245 5735 3469 5842 quibus:

1869 5828 1993 5887 dam
2016 5830 2356 5902 doctoribus,
2387 5842 2531 5911 quod
2567 5845 2672 5900 alia
2704 5850 3013 5917 paenitentia
3044 5872 3149 5915 non
3178 5828 3283 5933 est;
3311 5875 3415 5924 etc.
3443 5888 3464 5924 ο

174 5924 362 5993 fuerit;
396 5923 519 5982 ideo
538 5923 776 5982 haereses
792 5923 1069 5980 veritatem
1100 5922 1425 5981 videbuntur
1448 5923 1763 5983 obtinere?»
1866 5921 1987 5984 Lib.
2016 5941 2099 6000 tu,
2123 5928 2300 5989 Simil.
2321 5931 2373 5989 9.
2402 5953 2422 5988 ‹
2447 5937 2805 6014 Quadraginta
2829 5960 2956 6007 vero
2983 5953 3226 6026 Apostoli
3257 5969 3313 6017 et
3336 5961 3467 6020 doc.
