  <div class='ocr_page' id='page_1' title='image "/cluster/home/n/w/nwhite01/storage/ocr_20150623/5/umn.31951002477299b/027.png"; bbox 0 0 3970 6284; ppageno 0'>
   <div class='ocr_carea' id='block_1_1' title="bbox 541 388 3850 461">
    <p class='ocr_par' dir='ltr' id='par_1_1' title="bbox 541 388 3850 461">
     <span class='ocr_line' id='line_1_1' title="bbox 541 388 3850 461; baseline -0.008 0"><span class='ocrx_word' id='word_1_1' title='bbox 541 398 615 461; x_wconf 70' lang='grc'><strong>53</strong></span> <span class='ocrx_word' id='word_1_2' title='bbox 1512 390 1882 452; x_wconf 82' lang='lat' dir='ltr'><strong>DODWELLI</strong></span> <span class='ocrx_word' id='word_1_3' title='bbox 1914 390 2367 450; x_wconf 82' lang='lat' dir='ltr'><strong>DISSERTATIO</strong></span> <span class='ocrx_word' id='word_1_4' title='bbox 2402 388 2829 450; x_wconf 75' lang='lat' dir='ltr'><strong>CYPRIANICA</strong></span> <span class='ocrx_word' id='word_1_5' title='bbox 3781 394 3850 453; x_wconf 62' lang='grc' dir='ltr'><strong>εδ</strong></span> 
     </span>
    </p>
   </div>
   <div class='ocr_carea' id='block_1_2' title="bbox 544 506 3850 587">
    <p class='ocr_par' dir='ltr' id='par_1_2' title="bbox 544 506 3850 587">
     <span class='ocr_line' id='line_1_2' title="bbox 544 506 3850 587; baseline -0.004 -13"><span class='ocrx_word' id='word_1_6' title='bbox 544 530 691 575; x_wconf 86' lang='lat' dir='ltr'><strong>tores</strong></span> <span class='ocrx_word' id='word_1_7' title='bbox 720 511 1257 587; x_wconf 70' lang='lat' dir='ltr'><strong>suntprredicationis</strong></span> <span class='ocrx_word' id='word_1_8' title='bbox 1273 509 1367 567; x_wconf 90' lang='lat' dir='ltr'><strong>ﬁlii</strong></span> <span class='ocrx_word' id='word_1_9' title='bbox 1390 509 1506 566; x_wconf 88' lang='lat' dir='ltr'><strong>Dei.</strong></span> <span class='ocrx_word' id='word_1_10' title='bbox 1533 531 1550 563; x_wconf 77' lang='grc' dir='ltr'>ι</span> <span class='ocrx_word' id='word_1_11' title='bbox 1580 510 1772 565; x_wconf 82' lang='lat' dir='ltr'><strong>Postea</strong></span> <span class='ocrx_word' id='word_1_12' title='bbox 1795 528 1808 565; x_wconf 88' lang='lat'><strong>:</strong></span> <span class='ocrx_word' id='word_1_13' title='bbox 1831 528 1849 560; x_wconf 80' lang='grc' dir='ltr'>ι</span> <span class='ocrx_word' id='word_1_14' title='bbox 1882 510 1949 564; x_wconf 85' lang='grc' dir='ltr'>Ει</span> <span class='ocrx_word' id='word_1_15' title='bbox 1974 508 2141 563; x_wconf 82' lang='lat' dir='ltr'><strong>dixit:</strong></span> <span class='ocrx_word' id='word_1_16' title='bbox 2173 509 2223 570; x_wconf 83' lang='lat' dir='ltr'><strong>A</strong></span> <span class='ocrx_word' id='word_1_17' title='bbox 2251 508 2501 563; x_wconf 81' lang='lat' dir='ltr'><strong>eumdem</strong></span> <span class='ocrx_word' id='word_1_18' title='bbox 2532 509 2701 577; x_wconf 78' lang='lat' dir='ltr'><strong>gratia</strong></span> <span class='ocrx_word' id='word_1_19' title='bbox 2752 507 2996 563; x_wconf 66' lang='lat' dir='ltr'><strong>scientia:</strong></span> <span class='ocrx_word' id='word_1_20' title='bbox 3022 506 3280 564; x_wconf 87' lang='lat' dir='ltr'><strong>donatum</strong></span> <span class='ocrx_word' id='word_1_21' title='bbox 3317 521 3438 564; x_wconf 82' lang='lat' dir='ltr'><strong>esse</strong></span> <span class='ocrx_word' id='word_1_22' title='bbox 3460 510 3611 567; x_wconf 89' lang='lat' dir='ltr'><strong>dicit.</strong></span> <span class='ocrx_word' id='word_1_23' title='bbox 3648 510 3850 568; x_wconf 79' lang='lat' dir='ltr'><strong>Proba-</strong></span> 
     </span>
    </p>
   </div>
   <div class='ocr_carea' id='block_1_3' title="bbox 543 604 2151 680">
    <p class='ocr_par' dir='ltr' id='par_1_3' title="bbox 543 604 2151 680">
     <span class='ocr_line' id='line_1_3' title="bbox 543 604 2151 680; baseline -0.006 -15"><span class='ocrx_word' id='word_1_24' title='bbox 543 612 806 680; x_wconf 78' lang='lat' dir='ltr'><strong>Quoniam</strong></span> <span class='ocrx_word' id='word_1_25' title='bbox 849 611 900 664; x_wconf 90' lang='lat' dir='ltr'><strong>hi</strong></span> <span class='ocrx_word' id='word_1_26' title='bbox 927 607 1159 679; x_wconf 81' lang='lat' dir='ltr'><strong>apostoli</strong></span> <span class='ocrx_word' id='word_1_27' title='bbox 1188 616 1244 663; x_wconf 89' lang='lat' dir='ltr'><strong>et</strong></span> <span class='ocrx_word' id='word_1_28' title='bbox 1295 606 1551 662; x_wconf 88' lang='lat' dir='ltr'><strong>duetores</strong></span> <span class='ocrx_word' id='word_1_29' title='bbox 1598 606 1686 672; x_wconf 90' lang='lat' dir='ltr'><strong>qui</strong></span> <span class='ocrx_word' id='word_1_30' title='bbox 1718 604 2151 673; x_wconf 67' lang='lat' dir='ltr'><strong>praadicaverunt</strong></span> 
     </span>
    </p>
   </div>
   <div class='ocr_carea' id='block_1_4' title="bbox 542 698 2148 769">
    <p class='ocr_par' dir='ltr' id='par_1_4' title="bbox 542 698 2148 769">
     <span class='ocr_line' id='line_1_4' title="bbox 542 698 2148 769; baseline -0.004 -11"><span class='ocrx_word' id='word_1_31' title='bbox 542 720 739 760; x_wconf 91' lang='lat' dir='ltr'><strong>nomen</strong></span> <span class='ocrx_word' id='word_1_32' title='bbox 766 704 854 758; x_wconf 87' lang='lat' dir='ltr'><strong>lilii</strong></span> <span class='ocrx_word' id='word_1_33' title='bbox 885 702 1006 767; x_wconf 84' lang='lat' dir='ltr'><strong>Dei,</strong></span> <span class='ocrx_word' id='word_1_34' title='bbox 1037 716 1159 756; x_wconf 90' lang='lat' dir='ltr'><strong>cum</strong></span> <span class='ocrx_word' id='word_1_35' title='bbox 1184 701 1447 756; x_wconf 79' lang='lat' dir='ltr'><strong>habentes</strong></span> <span class='ocrx_word' id='word_1_36' title='bbox 1476 700 1635 755; x_wconf 90' lang='lat' dir='ltr'><strong>tidem</strong></span> <span class='ocrx_word' id='word_1_37' title='bbox 1678 698 1796 768; x_wconf 84' lang='lat' dir='ltr'><strong>ejus</strong></span> <span class='ocrx_word' id='word_1_38' title='bbox 1825 708 1878 754; x_wconf 92' lang='lat' dir='ltr'><strong>et</strong></span> <span class='ocrx_word' id='word_1_39' title='bbox 1909 707 2148 769; x_wconf 85' lang='lat' dir='ltr'><strong>potesta-</strong></span> 
     </span>
    </p>
   </div>
   <div class='ocr_carea' id='block_1_5' title="bbox 542 791 2149 868">
    <p class='ocr_par' dir='ltr' id='par_1_5' title="bbox 542 791 2149 868">
     <span class='ocr_line' id='line_1_5' title="bbox 542 791 2149 868; baseline -0.005 -13"><span class='ocrx_word' id='word_1_40' title='bbox 542 808 647 855; x_wconf 89' lang='lat' dir='ltr'><strong>tem</strong></span> <span class='ocrx_word' id='word_1_41' title='bbox 674 797 908 853; x_wconf 74' lang='lat' dir='ltr'><strong>defuncti</strong></span> <span class='ocrx_word' id='word_1_42' title='bbox 933 804 1119 853; x_wconf 91' lang='lat' dir='ltr'><strong>essent</strong></span> <span class='ocrx_word' id='word_1_43' title='bbox 1145 796 1576 868; x_wconf 74' lang='lat' dir='ltr'><strong>prazdicaverunt</strong></span> <span class='ocrx_word' id='word_1_44' title='bbox 1599 793 1683 849; x_wconf 89' lang='lat' dir='ltr'><strong>his</strong></span> <span class='ocrx_word' id='word_1_45' title='bbox 1711 794 1803 865; x_wconf 87' lang='lat' dir='ltr'><strong>qui</strong></span> <span class='ocrx_word' id='word_1_46' title='bbox 1830 801 1955 847; x_wconf 92' lang='lat' dir='ltr'><strong>ante</strong></span> <span class='ocrx_word' id='word_1_47' title='bbox 1997 791 2149 848; x_wconf 84' lang='lat' dir='ltr'><strong>obie-</strong></span> 
     </span>
    </p>
   </div>
   <div class='ocr_carea' id='block_1_6' title="bbox 538 886 2150 957">
    <p class='ocr_par' dir='ltr' id='par_1_6' title="bbox 538 886 2150 957">
     <span class='ocr_line' id='line_1_6' title="bbox 538 886 2150 957; baseline -0.006 -8"><span class='ocrx_word' id='word_1_48' title='bbox 538 902 685 949; x_wconf 88' lang='lat' dir='ltr'><strong>runt.</strong></span> <span class='ocrx_word' id='word_1_49' title='bbox 713 911 732 946; x_wconf 73' lang='grc' dir='ltr'>ι</span> <span class='ocrx_word' id='word_1_50' title='bbox 754 892 989 948; x_wconf 88' lang='lat' dir='ltr'><strong>Iterum:</strong></span> <span class='ocrx_word' id='word_1_51' title='bbox 1024 910 1043 943; x_wconf 78' lang='grc' dir='ltr'>ι</span> <span class='ocrx_word' id='word_1_52' title='bbox 1076 892 1151 948; x_wconf 91' lang='lat' dir='ltr'><strong>De</strong></span> <span class='ocrx_word' id='word_1_53' title='bbox 1176 901 1367 946; x_wconf 87' lang='lat' dir='ltr'><strong>octavo</strong></span> <span class='ocrx_word' id='word_1_54' title='bbox 1392 905 1521 946; x_wconf 84' lang='lat' dir='ltr'><strong>vero</strong></span> <span class='ocrx_word' id='word_1_55' title='bbox 1544 899 1748 956; x_wconf 90' lang='lat' dir='ltr'><strong>monte,</strong></span> <span class='ocrx_word' id='word_1_56' title='bbox 1783 888 1835 942; x_wconf 92' lang='lat' dir='ltr'><strong>in</strong></span> <span class='ocrx_word' id='word_1_57' title='bbox 1873 902 1982 957; x_wconf 93' lang='lat' dir='ltr'><strong>quo</strong></span> <span class='ocrx_word' id='word_1_58' title='bbox 2033 886 2150 956; x_wconf 88' lang='lat' dir='ltr'><strong>plu-</strong></span> 
     </span>
    </p>
   </div>
   <div class='ocr_carea' id='block_1_7' title="bbox 542 985 2149 1058">
    <p class='ocr_par' dir='ltr' id='par_1_7' title="bbox 542 985 2149 1058">
     <span class='ocr_line' id='line_1_7' title="bbox 542 985 2149 1058; baseline -0.006 -14"><span class='ocrx_word' id='word_1_59' title='bbox 542 989 664 1045; x_wconf 89' lang='lat' dir='ltr'><strong>rimi</strong></span> <span class='ocrx_word' id='word_1_60' title='bbox 699 995 853 1044; x_wconf 89' lang='lat' dir='ltr'><strong>erant</strong></span> <span class='ocrx_word' id='word_1_61' title='bbox 879 986 1057 1043; x_wconf 90' lang='lat' dir='ltr'><strong>fontes</strong></span> <span class='ocrx_word' id='word_1_62' title='bbox 1083 987 1350 1058; x_wconf 86' lang='lat' dir='ltr'><strong>inquibus</strong></span> <span class='ocrx_word' id='word_1_63' title='bbox 1381 985 1749 1055; x_wconf 83' lang='lat' dir='ltr'><strong>adaquabatur</strong></span> <span class='ocrx_word' id='word_1_64' title='bbox 1778 997 1940 1037; x_wconf 89' lang='lat' dir='ltr'><strong>omne</strong></span> <span class='ocrx_word' id='word_1_65' title='bbox 1980 994 2149 1052; x_wconf 87' lang='lat' dir='ltr'><strong>genus</strong></span> 
     </span>
    </p>
   </div>
   <div class='ocr_carea' id='block_1_8' title="bbox 541 1072 2145 1148">
    <p class='ocr_par' dir='ltr' id='par_1_8' title="bbox 541 1072 2145 1148">
     <span class='ocr_line' id='line_1_8' title="bbox 541 1072 2145 1148; baseline -0.007 -10"><span class='ocrx_word' id='word_1_66' title='bbox 541 1095 807 1139; x_wconf 61' lang='lat' dir='ltr'><strong>creaturas</strong></span> <span class='ocrx_word' id='word_1_67' title='bbox 836 1081 951 1145; x_wconf 92' lang='lat' dir='ltr'><strong>Dei,</strong></span> <span class='ocrx_word' id='word_1_68' title='bbox 998 1079 1133 1135; x_wconf 84' lang='lat' dir='ltr'><strong>tales</strong></span> <span class='ocrx_word' id='word_1_69' title='bbox 1178 1086 1304 1133; x_wconf 88' lang='lat' dir='ltr'><strong>sunt</strong></span> <span class='ocrx_word' id='word_1_70' title='bbox 1343 1078 1434 1148; x_wconf 85' lang='lat' dir='ltr'><strong>qui</strong></span> <span class='ocrx_word' id='word_1_71' title='bbox 1477 1075 1829 1132; x_wconf 87' lang='lat' dir='ltr'><strong>crediderunt</strong></span> <span class='ocrx_word' id='word_1_72' title='bbox 1866 1072 2145 1145; x_wconf 77' lang='lat' dir='ltr'><strong>apostolis,</strong></span> 
     </span>
    </p>
   </div>
   <div class='ocr_carea' id='block_1_9' title="bbox 539 1168 2151 1248">
    <p class='ocr_par' dir='ltr' id='par_1_9' title="bbox 539 1168 2151 1248">
     <span class='ocr_line' id='line_1_9' title="bbox 539 1168 2151 1248; baseline -0.007 -17"><span class='ocrx_word' id='word_1_73' title='bbox 539 1191 674 1248; x_wconf 91' lang='lat' dir='ltr'><strong>quos</strong></span> <span class='ocrx_word' id='word_1_74' title='bbox 715 1175 860 1229; x_wconf 85' lang='lat' dir='ltr'><strong>misit</strong></span> <span class='ocrx_word' id='word_1_75' title='bbox 890 1173 1149 1227; x_wconf 78' lang='lat' dir='ltr'><strong>Dominus</strong></span> <span class='ocrx_word' id='word_1_76' title='bbox 1180 1171 1233 1226; x_wconf 90' lang='lat' dir='ltr'><strong>in</strong></span> <span class='ocrx_word' id='word_1_77' title='bbox 1260 1180 1431 1226; x_wconf 88' lang='lat' dir='ltr'><strong>totum</strong></span> <span class='ocrx_word' id='word_1_78' title='bbox 1475 1170 1661 1225; x_wconf 88' lang='lat' dir='ltr'><strong>urbem</strong></span> <span class='ocrx_word' id='word_1_79' title='bbox 1716 1168 2014 1239; x_wconf 82' lang='lat' dir='ltr'><strong>praedicare</strong></span> <span class='ocrx_word' id='word_1_80' title='bbox 2050 1182 2063 1219; x_wconf 91' lang='lat'><strong>:</strong></span> <span class='ocrx_word' id='word_1_81' title='bbox 2096 1173 2151 1220; x_wconf 88' lang='lat' dir='ltr'><strong>et</strong></span> 
     </span>
    </p>
   </div>
   <div class='ocr_carea' id='block_1_10' title="bbox 539 1262 2152 1339">
    <p class='ocr_par' dir='ltr' id='par_1_10' title="bbox 539 1262 2152 1339">
     <span class='ocr_line' id='line_1_10' title="bbox 539 1262 2152 1339; baseline -0.006 -16"><span class='ocrx_word' id='word_1_82' title='bbox 539 1267 758 1339; x_wconf 89' lang='lat' dir='ltr'><strong>quidam</strong></span> <span class='ocrx_word' id='word_1_83' title='bbox 781 1268 1036 1322; x_wconf 84' lang='lat' dir='ltr'><strong>ductores</strong></span> <span class='ocrx_word' id='word_1_84' title='bbox 1068 1266 1157 1335; x_wconf 91' lang='lat' dir='ltr'><strong>qui</strong></span> <span class='ocrx_word' id='word_1_85' title='bbox 1188 1273 1338 1320; x_wconf 83' lang='lat' dir='ltr'><strong>caste</strong></span> <span class='ocrx_word' id='word_1_86' title='bbox 1386 1271 1442 1319; x_wconf 90' lang='lat' dir='ltr'><strong>et</strong></span> <span class='ocrx_word' id='word_1_87' title='bbox 1463 1265 1672 1318; x_wconf 84' lang='lat' dir='ltr'><strong>sincere</strong></span> <span class='ocrx_word' id='word_1_88' title='bbox 1724 1262 2152 1327; x_wconf 56' lang='lat' dir='ltr'><strong>praedicaverunt</strong></span> 
     </span>
    </p>
   </div>
   <div class='ocr_carea' id='block_1_11' title="bbox 538 1354 2146 1427">
    <p class='ocr_par' dir='ltr' id='par_1_11' title="bbox 538 1354 2146 1427">
     <span class='ocr_line' id='line_1_11' title="bbox 538 1354 2146 1427; baseline -0.007 -9"><span class='ocrx_word' id='word_1_89' title='bbox 538 1370 593 1417; x_wconf 90' lang='lat' dir='ltr'><strong>et</strong></span> <span class='ocrx_word' id='word_1_90' title='bbox 641 1363 962 1425; x_wconf 88' lang='lat' dir='ltr'><strong>docuerunt,</strong></span> <span class='ocrx_word' id='word_1_91' title='bbox 1012 1366 1116 1415; x_wconf 89' lang='lat' dir='ltr'><strong>etc.</strong></span> <span class='ocrx_word' id='word_1_92' title='bbox 1156 1377 1175 1410; x_wconf 70' lang='grc' dir='ltr'><strong>ι</strong></span> <span class='ocrx_word' id='word_1_93' title='bbox 1215 1357 1290 1413; x_wconf 81' lang='lat' dir='ltr'><strong>Ex</strong></span> <span class='ocrx_word' id='word_1_94' title='bbox 1339 1356 1539 1427; x_wconf 88' lang='lat' dir='ltr'><strong>quibus</strong></span> <span class='ocrx_word' id='word_1_95' title='bbox 1590 1356 1843 1411; x_wconf 89' lang='lat' dir='ltr'><strong>omnibus</strong></span> <span class='ocrx_word' id='word_1_96' title='bbox 1887 1354 1940 1410; x_wconf 93' lang='lat' dir='ltr'><strong>id</strong></span> <span class='ocrx_word' id='word_1_97' title='bbox 1985 1354 2146 1410; x_wconf 89' lang='lat' dir='ltr'><strong>etiam</strong></span> 
     </span>
    </p>
   </div>
   <div class='ocr_carea' id='block_1_12' title="bbox 538 1446 2149 1526">
    <p class='ocr_par' dir='ltr' id='par_1_12' title="bbox 538 1446 2149 1526">
     <span class='ocr_line' id='line_1_12' title="bbox 538 1446 2149 1526; baseline -0.004 -17"><span class='ocrx_word' id='word_1_98' title='bbox 538 1455 908 1526; x_wconf 84' lang='lat' dir='ltr'><strong>intelligimus,</strong></span> <span class='ocrx_word' id='word_1_99' title='bbox 942 1468 1187 1524; x_wconf 76' lang='lat' dir='ltr'><strong>quantam</strong></span> <span class='ocrx_word' id='word_1_100' title='bbox 1213 1451 1303 1505; x_wconf 85' lang='lat' dir='ltr'><strong>illa</strong></span> <span class='ocrx_word' id='word_1_101' title='bbox 1325 1449 1491 1504; x_wconf 88' lang='lat' dir='ltr'><strong>fuerit</strong></span> <span class='ocrx_word' id='word_1_102' title='bbox 1520 1448 1764 1504; x_wconf 73' lang='lat' dir='ltr'><strong>doctrina</strong></span> <span class='ocrx_word' id='word_1_103' title='bbox 1793 1447 1936 1503; x_wconf 87' lang='lat' dir='ltr'><strong>unde</strong></span> <span class='ocrx_word' id='word_1_104' title='bbox 1963 1446 2149 1503; x_wconf 87' lang='lat' dir='ltr'><strong>docto-</strong></span> 
     </span>
    </p>
   </div>
   <div class='ocr_carea' id='block_1_13' title="bbox 539 1540 2151 1614">
    <p class='ocr_par' dir='ltr' id='par_1_13' title="bbox 539 1540 2151 1614">
     <span class='ocr_line' id='line_1_13' title="bbox 539 1540 2151 1614; baseline -0.004 -12"><span class='ocrx_word' id='word_1_105' title='bbox 539 1563 659 1602; x_wconf 91' lang='lat' dir='ltr'><strong>rum</strong></span> <span class='ocrx_word' id='word_1_106' title='bbox 700 1561 898 1602; x_wconf 87' lang='lat' dir='ltr'><strong>nomen</strong></span> <span class='ocrx_word' id='word_1_107' title='bbox 926 1545 1252 1611; x_wconf 88' lang='lat' dir='ltr'><strong>habuerunt,</strong></span> <span class='ocrx_word' id='word_1_108' title='bbox 1306 1557 1503 1598; x_wconf 91' lang='lat' dir='ltr'><strong>munus</strong></span> <span class='ocrx_word' id='word_1_109' title='bbox 1543 1541 1673 1597; x_wconf 91' lang='lat' dir='ltr'><strong>illud</strong></span> <span class='ocrx_word' id='word_1_110' title='bbox 1705 1540 2061 1614; x_wconf 65' lang='lat' dir='ltr'><strong>praadicandi,</strong></span> <span class='ocrx_word' id='word_1_111' title='bbox 2091 1547 2151 1595; x_wconf 90' lang='lat' dir='ltr'><strong>ut</strong></span> 
     </span>
    </p>
   </div>
   <div class='ocr_carea' id='block_1_14' title="bbox 540 1622 2149 1713">
    <p class='ocr_par' dir='ltr' id='par_1_14' title="bbox 540 1622 2149 1713">
     <span class='ocr_line' id='line_1_14' title="bbox 540 1622 2149 1713; baseline -0.005 -17"><span class='ocrx_word' id='word_1_112' title='bbox 540 1622 780 1713; x_wconf 86' lang='lat' dir='ltr'><strong>loquitur</strong></span> <span class='ocrx_word' id='word_1_113' title='bbox 840 1641 1100 1708; x_wconf 85' lang='lat' dir='ltr'><strong>Hermas,</strong></span> <span class='ocrx_word' id='word_1_114' title='bbox 1154 1647 1467 1709; x_wconf 86' lang='lat' dir='ltr'><strong>tantamque</strong></span> <span class='ocrx_word' id='word_1_115' title='bbox 1532 1636 1696 1691; x_wconf 90' lang='lat' dir='ltr'><strong>etiam</strong></span> <span class='ocrx_word' id='word_1_116' title='bbox 1751 1637 1915 1691; x_wconf 88' lang='lat' dir='ltr'><strong>fuisse</strong></span> <span class='ocrx_word' id='word_1_117' title='bbox 1961 1650 2149 1691; x_wconf 89' lang='lat' dir='ltr'><strong>eorum</strong></span> 
     </span>
    </p>
   </div>
   <div class='ocr_carea' id='block_1_15' title="bbox 537 1729 2149 1805">
    <p class='ocr_par' dir='ltr' id='par_1_15' title="bbox 537 1729 2149 1805">
     <span class='ocr_line' id='line_1_15' title="bbox 537 1729 2149 1805; baseline -0.004 -16"><span class='ocrx_word' id='word_1_118' title='bbox 537 1733 878 1805; x_wconf 83' lang='lat' dir='ltr'><strong>dignitatem,</strong></span> <span class='ocrx_word' id='word_1_119' title='bbox 914 1744 970 1789; x_wconf 90' lang='lat' dir='ltr'><strong>ut</strong></span> <span class='ocrx_word' id='word_1_120' title='bbox 999 1748 1123 1788; x_wconf 91' lang='lat' dir='ltr'><strong>cum</strong></span> <span class='ocrx_word' id='word_1_121' title='bbox 1172 1730 1455 1803; x_wconf 87' lang='lat' dir='ltr'><strong>apostolis,</strong></span> <span class='ocrx_word' id='word_1_122' title='bbox 1489 1741 1548 1786; x_wconf 92' lang='lat' dir='ltr'><strong>ut</strong></span> <span class='ocrx_word' id='word_1_123' title='bbox 1576 1729 1892 1800; x_wconf 88' lang='lat' dir='ltr'><strong>plurimum,</strong></span> <span class='ocrx_word' id='word_1_124' title='bbox 1920 1729 2149 1799; x_wconf 89' lang='lat' dir='ltr'><strong>conjun-</strong></span> 
     </span>
    </p>
   </div>
   <div class='ocr_carea' id='block_1_16' title="bbox 537 1839 755 1900">
    <p class='ocr_par' dir='ltr' id='par_1_16' title="bbox 537 1839 755 1900">
     <span class='ocr_line' id='line_1_16' title="bbox 537 1839 755 1900; baseline 0.005 -20"><span class='ocrx_word' id='word_1_125' title='bbox 537 1839 755 1900; x_wconf 80' lang='lat' dir='ltr'><strong>gantur.</strong></span> 
     </span>
    </p>
   </div>
   <div class='ocr_carea' id='block_1_17' title="bbox 2254 600 3853 679">
    <p class='ocr_par' dir='ltr' id='par_1_17' title="bbox 2254 600 3853 679">
     <span class='ocr_line' id='line_1_17' title="bbox 2254 600 3853 679; baseline 0.003 -24"><span class='ocrx_word' id='word_1_126' title='bbox 2254 602 2430 655; x_wconf 87' lang='lat' dir='ltr'><strong>vimus</strong></span> <span class='ocrx_word' id='word_1_127' title='bbox 2469 602 2613 656; x_wconf 90' lang='lat' dir='ltr'><strong>enim</strong></span> <span class='ocrx_word' id='word_1_128' title='bbox 2658 600 2982 655; x_wconf 81' lang='lat' dir='ltr'><strong>istiusmodi</strong></span> <span class='ocrx_word' id='word_1_129' title='bbox 3019 601 3253 671; x_wconf 83' lang='lat' dir='ltr'><strong>Spiritus</strong></span> <span class='ocrx_word' id='word_1_130' title='bbox 3295 606 3610 679; x_wconf 78' lang='grc' dir='ltr'><strong>χαρίσματα</strong></span> <span class='ocrx_word' id='word_1_131' title='bbox 3654 604 3719 659; x_wconf 89' lang='lat' dir='ltr'><strong>ad</strong></span> <span class='ocrx_word' id='word_1_132' title='bbox 3751 606 3853 676; x_wconf 59' lang='lat' dir='ltr'><strong>Cy-</strong></span> 
     </span>
    </p>
   </div>
   <div class='ocr_carea' id='block_1_18' title="bbox 2254 696 3849 769">
    <p class='ocr_par' dir='ltr' id='par_1_18' title="bbox 2254 696 3849 769">
     <span class='ocr_line' id='line_1_18' title="bbox 2254 696 3849 769; baseline 0.002 -20"><span class='ocrx_word' id='word_1_133' title='bbox 2254 697 2424 766; x_wconf 86' lang='lat' dir='ltr'><strong>priani</strong></span> <span class='ocrx_word' id='word_1_134' title='bbox 2450 697 2617 750; x_wconf 84' lang='lat' dir='ltr'><strong>nostri</strong></span> <span class='ocrx_word' id='word_1_135' title='bbox 2645 704 2889 766; x_wconf 88' lang='lat' dir='ltr'><strong>tempora</strong></span> <span class='ocrx_word' id='word_1_136' title='bbox 2937 696 3323 766; x_wconf 73' lang='lat' dir='ltr'><strong>permansisse.</strong></span> <span class='ocrx_word' id='word_1_137' title='bbox 3372 698 3569 753; x_wconf 79' lang='lat' dir='ltr'><strong>Fateor</strong></span> <span class='ocrx_word' id='word_1_138' title='bbox 3604 697 3849 769; x_wconf 87' lang='lat' dir='ltr'><strong>equidem</strong></span> 
     </span>
    </p>
   </div>
   <div class='ocr_carea' id='block_1_19' title="bbox 2252 786 3855 844">
    <p class='ocr_par' dir='ltr' id='par_1_19' title="bbox 2252 786 3855 844">
     <span class='ocr_line' id='line_1_19' title="bbox 2252 786 3855 844; baseline 0.001 -2"><span class='ocrx_word' id='word_1_139' title='bbox 2252 788 2341 842; x_wconf 90' lang='lat' dir='ltr'><strong>illa</strong></span> <span class='ocrx_word' id='word_1_140' title='bbox 2371 795 2530 842; x_wconf 58' lang='lat' dir='ltr'><strong>aetate</strong></span> <span class='ocrx_word' id='word_1_141' title='bbox 2559 786 2827 842; x_wconf 91' lang='lat' dir='ltr'><strong>donorum</strong></span> <span class='ocrx_word' id='word_1_142' title='bbox 2859 787 3416 843; x_wconf 78' lang='lat' dir='ltr'><strong>extraordinariorum</strong></span> <span class='ocrx_word' id='word_1_143' title='bbox 3440 803 3595 844; x_wconf 88' lang='lat' dir='ltr'><strong>usum</strong></span> <span class='ocrx_word' id='word_1_144' title='bbox 3626 789 3680 843; x_wconf 91' lang='lat' dir='ltr'><strong>in</strong></span> <span class='ocrx_word' id='word_1_145' title='bbox 3709 790 3855 844; x_wconf 91' lang='lat' dir='ltr'><strong>ordi-</strong></span> 
     </span>
    </p>
   </div>
   <div class='ocr_carea' id='block_1_20' title="bbox 2254 882 3851 953">
    <p class='ocr_par' dir='ltr' id='par_1_20' title="bbox 2254 882 3851 953">
     <span class='ocr_line' id='line_1_20' title="bbox 2254 882 3851 953; baseline 0.003 -17"><span class='ocrx_word' id='word_1_146' title='bbox 2254 883 2525 937; x_wconf 90' lang='lat' dir='ltr'><strong>nariorum</strong></span> <span class='ocrx_word' id='word_1_147' title='bbox 2574 898 2789 953; x_wconf 86' lang='lat' dir='ltr'><strong>quoque</strong></span> <span class='ocrx_word' id='word_1_148' title='bbox 2824 898 3108 938; x_wconf 89' lang='lat' dir='ltr'><strong>munerum</strong></span> <span class='ocrx_word' id='word_1_149' title='bbox 3156 882 3626 939; x_wconf 89' lang='lat' dir='ltr'><strong>administratione</strong></span> <span class='ocrx_word' id='word_1_150' title='bbox 3665 882 3851 940; x_wconf 86' lang='lat' dir='ltr'><strong>fuisse.</strong></span> 
     </span>
    </p>
   </div>
   <div class='ocr_carea' id='block_1_21' title="bbox 2254 975 3855 1036">
    <p class='ocr_par' dir='ltr' id='par_1_21' title="bbox 2254 975 3855 1036">
     <span class='ocr_line' id='line_1_21' title="bbox 2254 975 3855 1036; baseline 0.004 -6"><span class='ocrx_word' id='word_1_151' title='bbox 2254 975 2361 1031; x_wconf 85' lang='lat' dir='ltr'><strong>Sed</strong></span> <span class='ocrx_word' id='word_1_152' title='bbox 2417 992 2544 1031; x_wconf 87' lang='lat' dir='ltr'><strong>vero</strong></span> <span class='ocrx_word' id='word_1_153' title='bbox 2586 992 2780 1031; x_wconf 89' lang='lat' dir='ltr'><strong>munus</strong></span> <span class='ocrx_word' id='word_1_154' title='bbox 2823 976 2926 1031; x_wconf 91' lang='lat' dir='ltr'><strong>hoc</strong></span> <span class='ocrx_word' id='word_1_155' title='bbox 2971 976 3259 1031; x_wconf 86' lang='lat' dir='ltr'><strong>doctorum</strong></span> <span class='ocrx_word' id='word_1_156' title='bbox 3301 994 3408 1032; x_wconf 91' lang='lat' dir='ltr'><strong>non</strong></span> <span class='ocrx_word' id='word_1_157' title='bbox 3466 980 3643 1034; x_wconf 90' lang='lat' dir='ltr'><strong>minus</strong></span> <span class='ocrx_word' id='word_1_158' title='bbox 3691 978 3855 1036; x_wconf 88' lang='lat' dir='ltr'><strong>fuisse</strong></span> 
     </span>
    </p>
   </div>
   <div class='ocr_carea' id='block_1_22' title="bbox 2251 1070 3858 1141">
    <p class='ocr_par' dir='ltr' id='par_1_22' title="bbox 2251 1070 3858 1141">
     <span class='ocr_line' id='line_1_22' title="bbox 2251 1070 3858 1141; baseline 0.002 -16"><span class='ocrx_word' id='word_1_159' title='bbox 2251 1085 2411 1141; x_wconf 88' lang='lat' dir='ltr'><strong>quam</strong></span> <span class='ocrx_word' id='word_1_160' title='bbox 2441 1071 2638 1125; x_wconf 83' lang='lat' dir='ltr'><strong>donum</strong></span> <span class='ocrx_word' id='word_1_161' title='bbox 2668 1075 2840 1141; x_wconf 88' lang='lat' dir='ltr'><strong>ipsum</strong></span> <span class='ocrx_word' id='word_1_162' title='bbox 2883 1070 3148 1125; x_wconf 72' lang='lat' dir='ltr'><strong>doctrina:</strong></span> <span class='ocrx_word' id='word_1_163' title='bbox 3177 1071 3692 1139; x_wconf 82' lang='lat' dir='ltr'><strong>extraordinarium,</strong></span> <span class='ocrx_word' id='word_1_164' title='bbox 3731 1072 3858 1129; x_wconf 89' lang='lat' dir='ltr'><strong>inde</strong></span> 
     </span>
    </p>
   </div>
   <div class='ocr_carea' id='block_1_23' title="bbox 2251 1162 3859 1235">
    <p class='ocr_par' dir='ltr' id='par_1_23' title="bbox 2251 1162 3859 1235">
     <span class='ocr_line' id='line_1_23' title="bbox 2251 1162 3859 1235; baseline 0 -17"><span class='ocrx_word' id='word_1_165' title='bbox 2251 1164 2559 1234; x_wconf 79' lang='lat' dir='ltr'><strong>Colligimus</strong></span> <span class='ocrx_word' id='word_1_166' title='bbox 2587 1163 2730 1234; x_wconf 89' lang='lat' dir='ltr'><strong>quod</strong></span> <span class='ocrx_word' id='word_1_167' title='bbox 2772 1162 3151 1219; x_wconf 78' lang='lat' dir='ltr'><strong>deficientibus</strong></span> <span class='ocrx_word' id='word_1_168' title='bbox 3183 1164 3490 1232; x_wconf 88' lang='lat' dir='ltr'><strong>bujusmodi</strong></span> <span class='ocrx_word' id='word_1_169' title='bbox 3513 1165 3692 1229; x_wconf 86' lang='lat' dir='ltr'><strong>donis,</strong></span> <span class='ocrx_word' id='word_1_170' title='bbox 3723 1178 3859 1235; x_wconf 85' lang='lat' dir='ltr'><strong>pau-</strong></span> 
     </span>
    </p>
   </div>
   <div class='ocr_carea' id='block_1_24' title="bbox 2252 1254 3859 1327">
    <p class='ocr_par' dir='ltr' id='par_1_24' title="bbox 2252 1254 3859 1327">
     <span class='ocr_line' id='line_1_24' title="bbox 2252 1254 3859 1327; baseline 0.004 -19"><span class='ocrx_word' id='word_1_171' title='bbox 2252 1254 2399 1310; x_wconf 86' lang='lat' dir='ltr'><strong>latim</strong></span> <span class='ocrx_word' id='word_1_172' title='bbox 2423 1258 2595 1325; x_wconf 91' lang='lat' dir='ltr'><strong>ipsum</strong></span> <span class='ocrx_word' id='word_1_173' title='bbox 2628 1271 2842 1327; x_wconf 89' lang='lat' dir='ltr'><strong>quoque</strong></span> <span class='ocrx_word' id='word_1_174' title='bbox 2866 1272 3057 1311; x_wconf 91' lang='lat' dir='ltr'><strong>munus</strong></span> <span class='ocrx_word' id='word_1_175' title='bbox 3091 1258 3141 1312; x_wconf 90' lang='lat' dir='ltr'><strong>in</strong></span> <span class='ocrx_word' id='word_1_176' title='bbox 3181 1256 3591 1314; x_wconf 88' lang='lat' dir='ltr'><strong>desuetudinem</strong></span> <span class='ocrx_word' id='word_1_177' title='bbox 3639 1258 3859 1316; x_wconf 85' lang='lat' dir='ltr'><strong>abierit.</strong></span> 
     </span>
    </p>
   </div>
   <div class='ocr_carea' id='block_1_25' title="bbox 2248 1346 3861 1420">
    <p class='ocr_par' dir='ltr' id='par_1_25' title="bbox 2248 1346 3861 1420">
     <span class='ocr_line' id='line_1_25' title="bbox 2248 1346 3861 1420; baseline 0.004 -20"><span class='ocrx_word' id='word_1_178' title='bbox 2248 1346 2411 1401; x_wconf 85' lang='lat' dir='ltr'><strong>Nulla</strong></span> <span class='ocrx_word' id='word_1_179' title='bbox 2433 1349 2578 1403; x_wconf 89' lang='lat' dir='ltr'><strong>enim</strong></span> <span class='ocrx_word' id='word_1_180' title='bbox 2609 1348 2727 1419; x_wconf 82' lang='lat' dir='ltr'><strong>ejus</strong></span> <span class='ocrx_word' id='word_1_181' title='bbox 2767 1353 3004 1405; x_wconf 86' lang='lat' dir='ltr'><strong>occurrit</strong></span> <span class='ocrx_word' id='word_1_182' title='bbox 3052 1350 3106 1404; x_wconf 90' lang='lat' dir='ltr'><strong>in</strong></span> <span class='ocrx_word' id='word_1_183' title='bbox 3141 1351 3503 1420; x_wconf 83' lang='lat' dir='ltr'><strong>posteriorum</strong></span> <span class='ocrx_word' id='word_1_184' title='bbox 3532 1352 3861 1407; x_wconf 73' lang='lat' dir='ltr'><strong>saeculorum</strong></span> 
     </span>
    </p>
   </div>
   <div class='ocr_carea' id='block_1_26' title="bbox 2250 1437 3862 1497">
    <p class='ocr_par' dir='ltr' id='par_1_26' title="bbox 2250 1437 3862 1497">
     <span class='ocr_line' id='line_1_26' title="bbox 2250 1437 3862 1497; baseline 0.002 -4"><span class='ocrx_word' id='word_1_185' title='bbox 2250 1437 2548 1494; x_wconf 78' lang='lat' dir='ltr'><strong>canouibus</strong></span> <span class='ocrx_word' id='word_1_186' title='bbox 2580 1440 2806 1494; x_wconf 89' lang='lat' dir='ltr'><strong>mentio.</strong></span> <span class='ocrx_word' id='word_1_187' title='bbox 2837 1437 2948 1495; x_wconf 84' lang='lat' dir='ltr'><strong>Nec</strong></span> <span class='ocrx_word' id='word_1_188' title='bbox 2989 1440 3154 1495; x_wconf 81' lang='lat' dir='ltr'><strong>etiam</strong></span> <span class='ocrx_word' id='word_1_189' title='bbox 3207 1442 3355 1497; x_wconf 91' lang='lat' dir='ltr'><strong>ullibi</strong></span> <span class='ocrx_word' id='word_1_190' title='bbox 3407 1458 3526 1497; x_wconf 90' lang='lat' dir='ltr'><strong>cum</strong></span> <span class='ocrx_word' id='word_1_191' title='bbox 3568 1442 3862 1497; x_wconf 85' lang='lat' dir='ltr'><strong>ordinariis</strong></span> 
     </span>
    </p>
   </div>
   <div class='ocr_carea' id='block_1_27' title="bbox 2250 1531 3866 1607">
    <p class='ocr_par' dir='ltr' id='par_1_27' title="bbox 2250 1531 3866 1607">
     <span class='ocr_line' id='line_1_27' title="bbox 2250 1531 3866 1607; baseline 0.004 -23"><span class='ocrx_word' id='word_1_192' title='bbox 2250 1531 2513 1601; x_wconf 88' lang='lat' dir='ltr'><strong>episcopi,</strong></span> <span class='ocrx_word' id='word_1_193' title='bbox 2549 1532 2854 1604; x_wconf 83' lang='lat' dir='ltr'><strong>presbyteri</strong></span> <span class='ocrx_word' id='word_1_194' title='bbox 2890 1541 2982 1587; x_wconf 90' lang='lat' dir='ltr'><strong>aut</strong></span> <span class='ocrx_word' id='word_1_195' title='bbox 3027 1533 3237 1588; x_wconf 90' lang='lat' dir='ltr'><strong>diaconi</strong></span> <span class='ocrx_word' id='word_1_196' title='bbox 3266 1533 3463 1590; x_wconf 91' lang='lat' dir='ltr'><strong>ofﬁciis</strong></span> <span class='ocrx_word' id='word_1_197' title='bbox 3516 1534 3866 1607; x_wconf 87' lang='lat' dir='ltr'><strong>conjungitur</strong></span> 
     </span>
    </p>
   </div>
   <div class='ocr_carea' id='block_1_28' title="bbox 2251 1624 3863 1699">
    <p class='ocr_par' dir='ltr' id='par_1_28' title="bbox 2251 1624 3863 1699">
     <span class='ocr_line' id='line_1_28' title="bbox 2251 1624 3863 1699; baseline 0.003 -20"><span class='ocrx_word' id='word_1_198' title='bbox 2251 1625 2305 1679; x_wconf 92' lang='lat' dir='ltr'><strong>in</strong></span> <span class='ocrx_word' id='word_1_199' title='bbox 2328 1624 2393 1679; x_wconf 87' lang='lat' dir='ltr'><strong>N.</strong></span> <span class='ocrx_word' id='word_1_200' title='bbox 2428 1625 2492 1681; x_wconf 91' lang='grc' dir='ltr'><strong>Τ.</strong></span> <span class='ocrx_word' id='word_1_201' title='bbox 2527 1626 2622 1681; x_wconf 85' lang='lat' dir='ltr'><strong>sed</strong></span> <span class='ocrx_word' id='word_1_202' title='bbox 2671 1641 2792 1680; x_wconf 91' lang='lat' dir='ltr'><strong>cum</strong></span> <span class='ocrx_word' id='word_1_203' title='bbox 2825 1627 3273 1683; x_wconf 74' lang='lat' dir='ltr'><strong>extraordinariis</strong></span> <span class='ocrx_word' id='word_1_204' title='bbox 3305 1628 3415 1683; x_wconf 89' lang='lat' dir='ltr'><strong>illis</strong></span> <span class='ocrx_word' id='word_1_205' title='bbox 3469 1629 3863 1699; x_wconf 79' lang='lat' dir='ltr'><strong>apostolorum,</strong></span> 
     </span>
    </p>
   </div>
   <div class='ocr_carea' id='block_1_29' title="bbox 2253 1717 3867 1793">
    <p class='ocr_par' dir='ltr' id='par_1_29' title="bbox 2253 1717 3867 1793">
     <span class='ocr_line' id='line_1_29' title="bbox 2253 1717 3867 1793; baseline 0.004 -21"><span class='ocrx_word' id='word_1_206' title='bbox 2253 1717 2661 1789; x_wconf 88' lang='lat' dir='ltr'><strong>prophetarum,</strong></span> <span class='ocrx_word' id='word_1_207' title='bbox 2685 1719 3202 1789; x_wconf 83' lang='lat' dir='ltr'><strong>miraculorumque,</strong></span> <span class='ocrx_word' id='word_1_208' title='bbox 3226 1738 3345 1793; x_wconf 82' lang='lat' dir='ltr'><strong>quae</strong></span> <span class='ocrx_word' id='word_1_209' title='bbox 3364 1722 3569 1793; x_wconf 86' lang='lat' dir='ltr'><strong>jamdiu</strong></span> <span class='ocrx_word' id='word_1_210' title='bbox 3598 1722 3867 1780; x_wconf 90' lang='lat' dir='ltr'><strong>defecisse</strong></span> 
     </span>
    </p>
   </div>
   <div class='ocr_carea' id='block_1_30' title="bbox 2251 1814 3868 1890">
    <p class='ocr_par' dir='ltr' id='par_1_30' title="bbox 2251 1814 3868 1890">
     <span class='ocr_line' id='line_1_30' title="bbox 2251 1814 3868 1890; baseline 0.002 -22"><span class='ocrx_word' id='word_1_211' title='bbox 2251 1828 2445 1869; x_wconf 88' lang='lat' dir='ltr'><strong>omnes</strong></span> <span class='ocrx_word' id='word_1_212' title='bbox 2489 1814 2838 1872; x_wconf 89' lang='lat' dir='ltr'><strong>conﬁtentur.</strong></span> <span class='ocrx_word' id='word_1_213' title='bbox 2886 1814 2998 1871; x_wconf 86' lang='lat' dir='ltr'><strong>Nec</strong></span> <span class='ocrx_word' id='word_1_214' title='bbox 3045 1826 3341 1886; x_wconf 90' lang='lat' dir='ltr'><strong>suppetunt</strong></span> <span class='ocrx_word' id='word_1_215' title='bbox 3391 1818 3637 1888; x_wconf 85' lang='lat' dir='ltr'><strong>patribus</strong></span> <span class='ocrx_word' id='word_1_216' title='bbox 3683 1816 3868 1890; x_wconf 85' lang='lat' dir='ltr'><strong>quarti</strong></span> 
     </span>
    </p>
   </div>
   <div class='ocr_carea' id='block_1_31' title="bbox 614 1908 2146 1995">
    <p class='ocr_par' dir='ltr' id='par_1_31' title="bbox 614 1914 2146 1995">
     <span class='ocr_line' id='line_1_31' title="bbox 614 1914 2146 1995; baseline -0.004 -18"><span class='ocrx_word' id='word_1_217' title='bbox 614 1922 643 1995; x_wconf 83' lang='lat'>§</span> <span class='ocrx_word' id='word_1_218' title='bbox 673 1920 1094 1993; x_wconf 69' lang='lat' dir='ltr'><strong>2.-—-—Freqnens</strong></span> <span class='ocrx_word' id='word_1_219' title='bbox 1116 1920 1277 1977; x_wconf 89' lang='lat' dir='ltr'><strong>etiam</strong></span> <span class='ocrx_word' id='word_1_220' title='bbox 1303 1918 1542 1976; x_wconf 90' lang='lat' dir='ltr'><strong>occurrit</strong></span> <span class='ocrx_word' id='word_1_221' title='bbox 1566 1918 1759 1973; x_wconf 88' lang='lat' dir='ltr'><strong>horum</strong></span> <span class='ocrx_word' id='word_1_222' title='bbox 1782 1916 2068 1972; x_wconf 80' lang='lat' dir='ltr'><strong>doctorum</strong></span> <span class='ocrx_word' id='word_1_223' title='bbox 2100 1914 2146 1971; x_wconf 91' lang='lat' dir='ltr'><strong>in</strong></span> 
     </span>
    </p>
   </div>
   <div class='ocr_carea' id='block_1_32' title="bbox 2253 1908 3869 1995">
    <p class='ocr_par' dir='ltr' id='par_1_32' title="bbox 2259 1908 3869 1981">
     <span class='ocr_line' id='line_1_32' title="bbox 2259 1908 3869 1981; baseline 0.002 -18"><span class='ocrx_word' id='word_1_224' title='bbox 2259 1908 2443 1964; x_wconf 68' lang='lat' dir='ltr'><strong>smculi</strong></span> <span class='ocrx_word' id='word_1_225' title='bbox 2472 1918 2526 1964; x_wconf 89' lang='lat' dir='ltr'><strong>et</strong></span> <span class='ocrx_word' id='word_1_226' title='bbox 2557 1908 2816 1980; x_wconf 78' lang='lat' dir='ltr'><strong>deinceps</strong></span> <span class='ocrx_word' id='word_1_227' title='bbox 2837 1909 2907 1965; x_wconf 89' lang='lat' dir='ltr'><strong>de</strong></span> <span class='ocrx_word' id='word_1_228' title='bbox 2929 1926 3116 1965; x_wconf 92' lang='lat' dir='ltr'><strong>eorum</strong></span> <span class='ocrx_word' id='word_1_229' title='bbox 3145 1910 3324 1966; x_wconf 87' lang='lat' dir='ltr'><strong>ofﬁcio</strong></span> <span class='ocrx_word' id='word_1_230' title='bbox 3349 1910 3493 1981; x_wconf 89' lang='lat' dir='ltr'><strong>quod</strong></span> <span class='ocrx_word' id='word_1_231' title='bbox 3525 1911 3770 1967; x_wconf 89' lang='lat' dir='ltr'><strong>scribant</strong></span> <span class='ocrx_word' id='word_1_232' title='bbox 3800 1926 3869 1967; x_wconf 83' lang='lat' dir='ltr'><strong>ex</strong></span> 
     </span>
    </p>
   </div>
   <div class='ocr_carea' id='block_1_33' title="bbox 541 2011 2145 2082">
    <p class='ocr_par' dir='ltr' id='par_1_33' title="bbox 541 2011 2145 2082">
     <span class='ocr_line' id='line_1_33' title="bbox 541 2011 2145 2082; baseline -0.006 -9"><span class='ocrx_word' id='word_1_233' title='bbox 541 2016 723 2074; x_wconf 84' lang='lat' dir='ltr'><strong>Sacris</strong></span> <span class='ocrx_word' id='word_1_234' title='bbox 756 2016 973 2071; x_wconf 82' lang='lat' dir='ltr'><strong>Litteris</strong></span> <span class='ocrx_word' id='word_1_235' title='bbox 1001 2015 1203 2069; x_wconf 90' lang='lat' dir='ltr'><strong>mentio</strong></span> <span class='ocrx_word' id='word_1_236' title='bbox 1229 2030 1243 2067; x_wconf 89' lang='lat'><strong>:</strong></span> <span class='ocrx_word' id='word_1_237' title='bbox 1268 2014 1481 2079; x_wconf 85' lang='lat' dir='ltr'><strong>Actor.,</strong></span> <span class='ocrx_word' id='word_1_238' title='bbox 1508 2028 1665 2078; x_wconf 78' lang='lat' dir='ltr'><strong>xxru,</strong></span> <span class='ocrx_word' id='word_1_239' title='bbox 1696 2028 1732 2077; x_wconf 89' lang='grc' dir='ltr'><strong>ι,</strong></span> <span class='ocrx_word' id='word_1_240' title='bbox 1760 2011 2145 2082; x_wconf 86' lang='lat' dir='ltr'><strong>prophetarum</strong></span> 
     </span>
    </p>
   </div>
   <div class='ocr_carea' id='block_1_34' title="bbox 540 2104 2149 2177">
    <p class='ocr_par' dir='ltr' id='par_1_34' title="bbox 540 2104 2149 2177">
     <span class='ocr_line' id='line_1_34' title="bbox 540 2104 2149 2177; baseline -0.004 -12"><span class='ocrx_word' id='word_1_241' title='bbox 540 2120 595 2166; x_wconf 89' lang='lat' dir='ltr'><strong>et</strong></span> <span class='ocrx_word' id='word_1_242' title='bbox 622 2109 938 2175; x_wconf 80' lang='lat' dir='ltr'><strong>doctorum;</strong></span> <span class='ocrx_word' id='word_1_243' title='bbox 964 2107 1154 2175; x_wconf 86' lang='lat' dir='ltr'><strong>lCor.,</strong></span> <span class='ocrx_word' id='word_1_244' title='bbox 1180 2124 1273 2171; x_wconf 70' lang='lat' dir='ltr'><strong>xu,</strong></span> <span class='ocrx_word' id='word_1_245' title='bbox 1303 2108 1478 2177; x_wconf 86' lang='lat' dir='ltr'><strong>primo</strong></span> <span class='ocrx_word' id='word_1_246' title='bbox 1495 2106 1889 2177; x_wconf 83' lang='lat' dir='ltr'><strong>apostolorum,</strong></span> <span class='ocrx_word' id='word_1_247' title='bbox 1910 2104 2149 2160; x_wconf 90' lang='lat' dir='ltr'><strong>secundo</strong></span> 
     </span>
    </p>
   </div>
   <div class='ocr_carea' id='block_1_35' title="bbox 540 2197 2149 2297">
    <p class='ocr_par' dir='ltr' id='par_1_35' title="bbox 540 2197 2149 2297">
     <span class='ocr_line' id='line_1_35' title="bbox 540 2197 2149 2297; baseline -0.002 -43"><span class='ocrx_word' id='word_1_248' title='bbox 540 2204 950 2272; x_wconf 86' lang='lat' dir='ltr'><strong>prophetarum,</strong></span> <span class='ocrx_word' id='word_1_249' title='bbox 983 2201 1143 2255; x_wconf 82' lang='lat' dir='ltr'><strong>tertio</strong></span> <span class='ocrx_word' id='word_1_250' title='bbox 1170 2199 1455 2297; x_wconf 56' lang='lat' dir='ltr'><strong>docto&#39;rum</strong></span> <span class='ocrx_word' id='word_1_251' title='bbox 1507 2208 1634 2254; x_wconf 91' lang='lat' dir='ltr'><strong>ante</strong></span> <span class='ocrx_word' id='word_1_252' title='bbox 1660 2198 1763 2252; x_wconf 88' lang='lat' dir='ltr'><strong>alia</strong></span> <span class='ocrx_word' id='word_1_253' title='bbox 1793 2197 2028 2267; x_wconf 87' lang='lat' dir='ltr'><strong>Spiritus</strong></span> <span class='ocrx_word' id='word_1_254' title='bbox 2053 2212 2149 2252; x_wconf 85' lang='lat' dir='ltr'><strong>ex-</strong></span> 
     </span>
    </p>
   </div>
   <div class='ocr_carea' id='block_1_36' title="bbox 540 2288 2148 2368">
    <p class='ocr_par' dir='ltr' id='par_1_36' title="bbox 540 2288 2148 2368">
     <span class='ocr_line' id='line_1_36' title="bbox 540 2288 2148 2368; baseline -0.002 -22"><span class='ocrx_word' id='word_1_255' title='bbox 540 2292 896 2347; x_wconf 82' lang='lat' dir='ltr'><strong>traordinaria</strong></span> <span class='ocrx_word' id='word_1_256' title='bbox 925 2294 1272 2368; x_wconf 76' lang='grc' dir='ltr'><strong>χαρίσματα,</strong></span> <span class='ocrx_word' id='word_1_257' title='bbox 1297 2288 1351 2345; x_wconf 69' lang='grc' dir='ltr'><strong>ιῐ.</strong></span> <span class='ocrx_word' id='word_1_258' title='bbox 1383 2288 1594 2355; x_wconf 67' lang='grc'><strong>28,29;</strong></span> <span class='ocrx_word' id='word_1_259' title='bbox 1620 2289 1783 2361; x_wconf 82' lang='lat' dir='ltr'><strong>Eph.,</strong></span> <span class='ocrx_word' id='word_1_260' title='bbox 1815 2305 1887 2357; x_wconf 86' lang='lat' dir='ltr'><strong>tv,</strong></span> <span class='ocrx_word' id='word_1_261' title='bbox 1930 2306 1987 2355; x_wconf 87' lang='grc' dir='ltr'><strong>ιι,</strong></span> <span class='ocrx_word' id='word_1_262' title='bbox 2018 2303 2148 2357; x_wconf 87' lang='lat' dir='ltr'><strong>apo-</strong></span> 
     </span>
    </p>
   </div>
   <div class='ocr_carea' id='block_1_37' title="bbox 537 2383 2151 2457">
    <p class='ocr_par' dir='ltr' id='par_1_37' title="bbox 537 2383 2151 2457">
     <span class='ocr_line' id='line_1_37' title="bbox 537 2383 2151 2457; baseline -0.004 -15"><span class='ocrx_word' id='word_1_263' title='bbox 537 2386 824 2453; x_wconf 89' lang='lat' dir='ltr'><strong>stolorum,</strong></span> <span class='ocrx_word' id='word_1_264' title='bbox 851 2386 1262 2457; x_wconf 85' lang='lat' dir='ltr'><strong>prophetarum,</strong></span> <span class='ocrx_word' id='word_1_265' title='bbox 1289 2383 1768 2455; x_wconf 81' lang='lat' dir='ltr'><strong>evangelistarum,</strong></span> <span class='ocrx_word' id='word_1_266' title='bbox 1790 2393 2067 2453; x_wconf 88' lang='lat' dir='ltr'><strong>pastorum</strong></span> <span class='ocrx_word' id='word_1_267' title='bbox 2096 2391 2151 2437; x_wconf 90' lang='lat' dir='ltr'><strong>et</strong></span> 
     </span>
    </p>
   </div>
   <div class='ocr_carea' id='block_1_38' title="bbox 537 2479 2147 2550">
    <p class='ocr_par' dir='ltr' id='par_1_38' title="bbox 537 2479 2147 2550">
     <span class='ocr_line' id='line_1_38' title="bbox 537 2479 2147 2550; baseline -0.005 -12"><span class='ocrx_word' id='word_1_268' title='bbox 537 2482 847 2538; x_wconf 91' lang='lat' dir='ltr'><strong>doctorum.</strong></span> <span class='ocrx_word' id='word_1_269' title='bbox 904 2480 1219 2536; x_wconf 88' lang='lat' dir='ltr'><strong>Inseruntur</strong></span> <span class='ocrx_word' id='word_1_270' title='bbox 1253 2480 1340 2535; x_wconf 90' lang='lat' dir='ltr'><strong>hic</strong></span> <span class='ocrx_word' id='word_1_271' title='bbox 1385 2479 1745 2550; x_wconf 73' lang='lat' dir='ltr'><strong>Evangelista:</strong></span> <span class='ocrx_word' id='word_1_272' title='bbox 1775 2485 1831 2532; x_wconf 91' lang='lat' dir='ltr'><strong>et</strong></span> <span class='ocrx_word' id='word_1_273' title='bbox 1867 2485 2147 2548; x_wconf 88' lang='lat' dir='ltr'><strong>pastores;</strong></span> 
     </span>
    </p>
   </div>
   <div class='ocr_carea' id='block_1_39' title="bbox 535 2574 2150 2650">
    <p class='ocr_par' dir='ltr' id='par_1_39' title="bbox 535 2574 2150 2650">
     <span class='ocr_line' id='line_1_39' title="bbox 535 2574 2150 2650; baseline -0.005 -16"><span class='ocrx_word' id='word_1_274' title='bbox 535 2578 675 2635; x_wconf 87' lang='lat' dir='ltr'><strong>dona</strong></span> <span class='ocrx_word' id='word_1_275' title='bbox 704 2578 767 2633; x_wconf 85' lang='lat' dir='ltr'><strong>N.</strong></span> <span class='ocrx_word' id='word_1_276' title='bbox 808 2577 872 2634; x_wconf 86' lang='grc' dir='ltr'>Τ.</span> <span class='ocrx_word' id='word_1_277' title='bbox 907 2578 1150 2650; x_wconf 87' lang='lat' dir='ltr'><strong>propria,</strong></span> <span class='ocrx_word' id='word_1_278' title='bbox 1196 2592 1299 2633; x_wconf 91' lang='lat' dir='ltr'><strong>nec</strong></span> <span class='ocrx_word' id='word_1_279' title='bbox 1321 2592 1349 2630; x_wconf 91' lang='lat' dir='ltr'><strong>a</strong></span> <span class='ocrx_word' id='word_1_280' title='bbox 1377 2574 1728 2640; x_wconf 85' lang='lat' dir='ltr'><strong>Pentecoste,</strong></span> <span class='ocrx_word' id='word_1_281' title='bbox 1760 2588 1870 2643; x_wconf 91' lang='lat' dir='ltr'><strong>quo</strong></span> <span class='ocrx_word' id='word_1_282' title='bbox 1901 2581 2150 2642; x_wconf 89' lang='lat' dir='ltr'><strong>tempore</strong></span> 
     </span>
    </p>
   </div>
   <div class='ocr_carea' id='block_1_40' title="bbox 541 2666 2149 2743">
    <p class='ocr_par' dir='ltr' id='par_1_40' title="bbox 541 2666 2149 2743">
     <span class='ocr_line' id='line_1_40' title="bbox 541 2666 2149 2743; baseline -0.007 -13"><span class='ocrx_word' id='word_1_283' title='bbox 541 2673 775 2743; x_wconf 85' lang='lat' dir='ltr'><strong>Spiritus</strong></span> <span class='ocrx_word' id='word_1_284' title='bbox 826 2672 1031 2728; x_wconf 86' lang='lat' dir='ltr'><strong>ell&#39;usus</strong></span> <span class='ocrx_word' id='word_1_285' title='bbox 1077 2678 1181 2738; x_wconf 90' lang='lat' dir='ltr'><strong>est,</strong></span> <span class='ocrx_word' id='word_1_286' title='bbox 1225 2669 1567 2727; x_wconf 89' lang='lat' dir='ltr'><strong>deducenda.</strong></span> <span class='ocrx_word' id='word_1_287' title='bbox 1605 2667 1963 2737; x_wconf 85' lang='lat' dir='ltr'><strong>Evangelistae</strong></span> <span class='ocrx_word' id='word_1_288' title='bbox 2006 2666 2149 2720; x_wconf 86' lang='lat' dir='ltr'><strong>enim</strong></span> 
     </span>
    </p>
   </div>
   <div class='ocr_carea' id='block_1_41' title="bbox 540 2758 2153 2835">
    <p class='ocr_par' dir='ltr' id='par_1_41' title="bbox 540 2758 2153 2835">
     <span class='ocr_line' id='line_1_41' title="bbox 540 2758 2153 2835; baseline -0.004 -15"><span class='ocrx_word' id='word_1_289' title='bbox 540 2779 609 2820; x_wconf 90' lang='lat' dir='ltr'><strong>eo</strong></span> <span class='ocrx_word' id='word_1_290' title='bbox 640 2776 884 2835; x_wconf 90' lang='lat' dir='ltr'><strong>tempore</strong></span> <span class='ocrx_word' id='word_1_291' title='bbox 914 2763 1212 2821; x_wconf 82' lang='lat' dir='ltr'><strong>necessarii</strong></span> <span class='ocrx_word' id='word_1_292' title='bbox 1234 2773 1391 2818; x_wconf 88' lang='lat' dir='ltr'><strong>erant</strong></span> <span class='ocrx_word' id='word_1_293' title='bbox 1412 2777 1518 2833; x_wconf 90' lang='lat' dir='ltr'><strong>quo</strong></span> <span class='ocrx_word' id='word_1_294' title='bbox 1548 2761 1886 2831; x_wconf 80' lang='lat' dir='ltr'><strong>evangelium</strong></span> <span class='ocrx_word' id='word_1_295' title='bbox 1904 2758 1970 2814; x_wconf 90' lang='lat' dir='ltr'><strong>ad</strong></span> <span class='ocrx_word' id='word_1_296' title='bbox 2001 2768 2153 2815; x_wconf 81' lang='lat' dir='ltr'><strong>exte—</strong></span> 
     </span>
    </p>
   </div>
   <div class='ocr_carea' id='block_1_42' title="bbox 543 2848 2153 2926">
    <p class='ocr_par' dir='ltr' id='par_1_42' title="bbox 543 2848 2153 2926">
     <span class='ocr_line' id='line_1_42' title="bbox 543 2848 2153 2926; baseline -0.006 -12"><span class='ocrx_word' id='word_1_297' title='bbox 543 2871 633 2914; x_wconf 87' lang='lat' dir='ltr'><strong>ros</strong></span> <span class='ocrx_word' id='word_1_298' title='bbox 663 2857 1020 2915; x_wconf 90' lang='lat' dir='ltr'><strong>derivandum</strong></span> <span class='ocrx_word' id='word_1_299' title='bbox 1052 2866 1192 2925; x_wconf 87' lang='lat' dir='ltr'><strong>erat,</strong></span> <span class='ocrx_word' id='word_1_300' title='bbox 1222 2855 1366 2926; x_wconf 92' lang='lat' dir='ltr'><strong>quod</strong></span> <span class='ocrx_word' id='word_1_301' title='bbox 1409 2855 1593 2910; x_wconf 89' lang='lat' dir='ltr'><strong>nescio</strong></span> <span class='ocrx_word' id='word_1_302' title='bbox 1642 2869 1709 2908; x_wconf 90' lang='lat' dir='ltr'><strong>an</strong></span> <span class='ocrx_word' id='word_1_303' title='bbox 1753 2864 1879 2908; x_wconf 92' lang='lat' dir='ltr'><strong>ante</strong></span> <span class='ocrx_word' id='word_1_304' title='bbox 1914 2848 2153 2907; x_wconf 89' lang='lat' dir='ltr'><strong>Cornelii</strong></span> 
     </span>
    </p>
   </div>
   <div class='ocr_carea' id='block_1_43' title="bbox 544 2949 2150 3022">
    <p class='ocr_par' dir='ltr' id='par_1_43' title="bbox 544 2949 2150 3022">
     <span class='ocr_line' id='line_1_43' title="bbox 544 2949 2150 3022; baseline -0.004 -17"><span class='ocrx_word' id='word_1_305' title='bbox 544 2950 829 3007; x_wconf 89' lang='lat' dir='ltr'><strong>historiam</strong></span> <span class='ocrx_word' id='word_1_306' title='bbox 859 2950 1171 3022; x_wconf 79' lang='lat' dir='ltr'><strong>contigerit,</strong></span> <span class='ocrx_word' id='word_1_307' title='bbox 1193 2949 1310 3005; x_wconf 90' lang='lat' dir='ltr'><strong>ﬁeri</strong></span> <span class='ocrx_word' id='word_1_308' title='bbox 1338 2958 1487 3004; x_wconf 88' lang='lat' dir='ltr'><strong>certe</strong></span> <span class='ocrx_word' id='word_1_309' title='bbox 1514 2949 1601 3001; x_wconf 84' lang='lat' dir='ltr'><strong>vix</strong></span> <span class='ocrx_word' id='word_1_310' title='bbox 1633 2954 1810 3017; x_wconf 86' lang='lat' dir='ltr'><strong>potest</strong></span> <span class='ocrx_word' id='word_1_311' title='bbox 1841 2956 1896 3001; x_wconf 91' lang='lat' dir='ltr'><strong>ut</strong></span> <span class='ocrx_word' id='word_1_312' title='bbox 1922 2952 2150 3000; x_wconf 89' lang='lat' dir='ltr'><strong>mortem</strong></span> 
     </span>
    </p>
   </div>
   <div class='ocr_carea' id='block_1_44' title="bbox 542 3041 2152 3115">
    <p class='ocr_par' dir='ltr' id='par_1_44' title="bbox 542 3041 2152 3115">
     <span class='ocr_line' id='line_1_44' title="bbox 542 3041 2152 3115; baseline -0.007 -14"><span class='ocrx_word' id='word_1_313' title='bbox 542 3041 805 3115; x_wconf 85' lang='lat' dir='ltr'><strong>Stephani</strong></span> <span class='ocrx_word' id='word_1_314' title='bbox 856 3043 1233 3110; x_wconf 87' lang='lat' dir='ltr'><strong>antecesserit,</strong></span> <span class='ocrx_word' id='word_1_315' title='bbox 1288 3042 1829 3113; x_wconf 89' lang='lat' dir='ltr'><strong>persecutionemque</strong></span> <span class='ocrx_word' id='word_1_316' title='bbox 1886 3052 1949 3093; x_wconf 87' lang='lat' dir='ltr'><strong>ea</strong></span> <span class='ocrx_word' id='word_1_317' title='bbox 1995 3051 2152 3092; x_wconf 85' lang='lat' dir='ltr'><strong>occa-</strong></span> 
     </span>
    </p>
   </div>
   <div class='ocr_carea' id='block_1_45' title="bbox 539 3131 2150 3192">
    <p class='ocr_par' dir='ltr' id='par_1_45' title="bbox 539 3131 2150 3192">
     <span class='ocr_line' id='line_1_45' title="bbox 539 3131 2150 3192; baseline -0.006 0"><span class='ocrx_word' id='word_1_318' title='bbox 539 3138 691 3192; x_wconf 89' lang='lat' dir='ltr'><strong>sione</strong></span> <span class='ocrx_word' id='word_1_319' title='bbox 718 3137 1027 3192; x_wconf 85' lang='lat' dir='ltr'><strong>excitatam.</strong></span> <span class='ocrx_word' id='word_1_320' title='bbox 1078 3134 1364 3190; x_wconf 84' lang='lat' dir='ltr'><strong>Pastorum</strong></span> <span class='ocrx_word' id='word_1_321' title='bbox 1399 3149 1595 3189; x_wconf 89' lang='lat' dir='ltr'><strong>munus</strong></span> <span class='ocrx_word' id='word_1_322' title='bbox 1624 3142 1750 3187; x_wconf 91' lang='lat' dir='ltr'><strong>tunc</strong></span> <span class='ocrx_word' id='word_1_323' title='bbox 1780 3131 2150 3187; x_wconf 89' lang='lat' dir='ltr'><strong>necessarium</strong></span> 
     </span>
    </p>
   </div>
   <div class='ocr_carea' id='block_1_46' title="bbox 539 3225 2152 3299">
    <p class='ocr_par' dir='ltr' id='par_1_46' title="bbox 539 3225 2152 3299">
     <span class='ocr_line' id='line_1_46' title="bbox 539 3225 2152 3299; baseline -0.005 -13"><span class='ocrx_word' id='word_1_324' title='bbox 539 3237 676 3296; x_wconf 87' lang='lat' dir='ltr'><strong>erat,</strong></span> <span class='ocrx_word' id='word_1_325' title='bbox 724 3244 846 3285; x_wconf 91' lang='lat' dir='ltr'><strong>cum</strong></span> <span class='ocrx_word' id='word_1_326' title='bbox 898 3229 1161 3285; x_wconf 67' lang='lat' dir='ltr'><strong>Ecclesia;</strong></span> <span class='ocrx_word' id='word_1_327' title='bbox 1202 3228 1566 3299; x_wconf 81' lang='lat' dir='ltr'><strong>eleemosynae</strong></span> <span class='ocrx_word' id='word_1_328' title='bbox 1610 3234 1766 3280; x_wconf 90' lang='lat' dir='ltr'><strong>erant</strong></span> <span class='ocrx_word' id='word_1_329' title='bbox 1800 3225 1853 3278; x_wconf 91' lang='lat' dir='ltr'><strong>in</strong></span> <span class='ocrx_word' id='word_1_330' title='bbox 1887 3237 2152 3293; x_wconf 82' lang='lat' dir='ltr'><strong>pauperes</strong></span> 
     </span>
    </p>
   </div>
   <div class='ocr_carea' id='block_1_47' title="bbox 2254 2004 3867 2077">
    <p class='ocr_par' dir='ltr' id='par_1_47' title="bbox 2254 2004 3867 2077">
     <span class='ocr_line' id='line_1_47' title="bbox 2254 2004 3867 2077; baseline 0.002 -19"><span class='ocrx_word' id='word_1_331' title='bbox 2254 2005 2335 2058; x_wconf 90' lang='lat' dir='ltr'><strong>sui</strong></span> <span class='ocrx_word' id='word_1_332' title='bbox 2368 2005 2553 2059; x_wconf 74' lang='lat' dir='ltr'><strong>smculi</strong></span> <span class='ocrx_word' id='word_1_333' title='bbox 2579 2004 2813 2075; x_wconf 89' lang='lat' dir='ltr'><strong>receptis</strong></span> <span class='ocrx_word' id='word_1_334' title='bbox 2846 2004 3085 2060; x_wconf 89' lang='lat' dir='ltr'><strong>moribus</strong></span> <span class='ocrx_word' id='word_1_335' title='bbox 3113 2004 3199 2062; x_wconf 87' lang='lat' dir='ltr'><strong>vel</strong></span> <span class='ocrx_word' id='word_1_336' title='bbox 3228 2006 3460 2061; x_wconf 86' lang='lat' dir='ltr'><strong>evanida</strong></span> <span class='ocrx_word' id='word_1_337' title='bbox 3492 2007 3742 2077; x_wconf 85' lang='lat' dir='ltr'><strong>vestigia,</strong></span> <span class='ocrx_word' id='word_1_338' title='bbox 3767 2008 3867 2062; x_wconf 92' lang='lat' dir='ltr'><strong>sed</strong></span> 
     </span>
    </p>
   </div>
   <div class='ocr_carea' id='block_1_48' title="bbox 2254 2100 3866 2174">
    <p class='ocr_par' dir='ltr' id='par_1_48' title="bbox 2254 2100 3866 2174">
     <span class='ocr_line' id='line_1_48' title="bbox 2254 2100 3866 2174; baseline 0.003 -20"><span class='ocrx_word' id='word_1_339' title='bbox 2254 2100 2481 2170; x_wconf 87' lang='lat' dir='ltr'><strong>perinde</strong></span> <span class='ocrx_word' id='word_1_340' title='bbox 2502 2115 2563 2154; x_wconf 90' lang='lat' dir='ltr'><strong>ac</strong></span> <span class='ocrx_word' id='word_1_341' title='bbox 2599 2116 2720 2163; x_wconf 89' lang='lat' dir='ltr'><strong>nos,</strong></span> <span class='ocrx_word' id='word_1_342' title='bbox 2769 2116 2800 2155; x_wconf 91' lang='lat' dir='ltr'><strong>e</strong></span> <span class='ocrx_word' id='word_1_343' title='bbox 2831 2110 2979 2155; x_wconf 83' lang='lat' dir='ltr'><strong>textu</strong></span> <span class='ocrx_word' id='word_1_344' title='bbox 3026 2100 3199 2154; x_wconf 91' lang='lat' dir='ltr'><strong>solum</strong></span> <span class='ocrx_word' id='word_1_345' title='bbox 3250 2111 3601 2171; x_wconf 81' lang='lat' dir='ltr'><strong>veterumque</strong></span> <span class='ocrx_word' id='word_1_346' title='bbox 3643 2102 3866 2174; x_wconf 87' lang='lat' dir='ltr'><strong>scriptis</strong></span> 
     </span>
    </p>
   </div>
   <div class='ocr_carea' id='block_1_49' title="bbox 2253 2191 3869 2265">
    <p class='ocr_par' dir='ltr' id='par_1_49' title="bbox 2253 2191 3869 2265">
     <span class='ocr_line' id='line_1_49' title="bbox 2253 2191 3869 2265; baseline 0.002 -18"><span class='ocrx_word' id='word_1_347' title='bbox 2253 2191 2647 2261; x_wconf 84' lang='lat' dir='ltr'><strong>Conjcctantur.</strong></span> <span class='ocrx_word' id='word_1_348' title='bbox 2696 2191 2928 2248; x_wconf 85' lang='lat' dir='ltr'><strong>Videant</strong></span> <span class='ocrx_word' id='word_1_349' title='bbox 2977 2192 3136 2263; x_wconf 86' lang='lat' dir='ltr'><strong>igitur</strong></span> <span class='ocrx_word' id='word_1_350' title='bbox 3185 2192 3383 2248; x_wconf 81' lang='lat' dir='ltr'><strong>fratres</strong></span> <span class='ocrx_word' id='word_1_351' title='bbox 3425 2194 3869 2265; x_wconf 81' lang='lat' dir='ltr'><strong>ludepeudentes</strong></span> 
     </span>
    </p>
   </div>
   <div class='ocr_carea' id='block_1_50' title="bbox 2253 2284 3868 2358">
    <p class='ocr_par' dir='ltr' id='par_1_50' title="bbox 2253 2284 3868 2358">
     <span class='ocr_line' id='line_1_50' title="bbox 2253 2284 3868 2358; baseline 0.004 -21"><span class='ocrx_word' id='word_1_352' title='bbox 2253 2299 2359 2356; x_wconf 89' lang='lat' dir='ltr'><strong>qua</strong></span> <span class='ocrx_word' id='word_1_353' title='bbox 2386 2286 2598 2339; x_wconf 89' lang='lat' dir='ltr'><strong>ratione</strong></span> <span class='ocrx_word' id='word_1_354' title='bbox 2646 2284 2751 2339; x_wconf 89' lang='lat' dir='ltr'><strong>hoc</strong></span> <span class='ocrx_word' id='word_1_355' title='bbox 2802 2284 3041 2338; x_wconf 86' lang='lat' dir='ltr'><strong>ofﬁcium</strong></span> <span class='ocrx_word' id='word_1_356' title='bbox 3095 2286 3519 2341; x_wconf 91' lang='lat' dir='ltr'><strong>continuandum</strong></span> <span class='ocrx_word' id='word_1_357' title='bbox 3574 2295 3868 2358; x_wconf 88' lang='lat' dir='ltr'><strong>censeant,</strong></span> 
     </span>
    </p>
   </div>
   <div class='ocr_carea' id='block_1_51' title="bbox 2255 2376 3868 2450">
    <p class='ocr_par' dir='ltr' id='par_1_51' title="bbox 2255 2376 3868 2450">
     <span class='ocr_line' id='line_1_51' title="bbox 2255 2376 3868 2450; baseline 0 -17"><span class='ocrx_word' id='word_1_358' title='bbox 2255 2394 2377 2433; x_wconf 88' lang='lat' dir='ltr'><strong>cum</strong></span> <span class='ocrx_word' id='word_1_359' title='bbox 2411 2387 2591 2433; x_wconf 90' lang='lat' dir='ltr'><strong>tamen</strong></span> <span class='ocrx_word' id='word_1_360' title='bbox 2620 2376 2758 2433; x_wconf 90' lang='lat' dir='ltr'><strong>dona</strong></span> <span class='ocrx_word' id='word_1_361' title='bbox 2788 2376 2902 2442; x_wconf 86' lang='lat' dir='ltr'><strong>illa,</strong></span> <span class='ocrx_word' id='word_1_362' title='bbox 2952 2376 3149 2448; x_wconf 91' lang='lat' dir='ltr'><strong>quibus</strong></span> <span class='ocrx_word' id='word_1_363' title='bbox 3195 2377 3441 2434; x_wconf 85' lang='lat' dir='ltr'><strong>innixum</strong></span> <span class='ocrx_word' id='word_1_364' title='bbox 3491 2377 3868 2450; x_wconf 87' lang='lat' dir='ltr'><strong>probavimus,</strong></span> 
     </span>
    </p>
   </div>
   <div class='ocr_carea' id='block_1_52' title="bbox 2253 2470 3128 2542">
    <p class='ocr_par' dir='ltr' id='par_1_52' title="bbox 2253 2470 3128 2542">
     <span class='ocr_line' id='line_1_52' title="bbox 2253 2470 3128 2542; baseline 0.001 -17"><span class='ocrx_word' id='word_1_365' title='bbox 2253 2486 2358 2527; x_wconf 88' lang='lat' dir='ltr'><strong>nec</strong></span> <span class='ocrx_word' id='word_1_366' title='bbox 2379 2472 2477 2542; x_wconf 90' lang='lat' dir='ltr'><strong>ipsi</strong></span> <span class='ocrx_word' id='word_1_367' title='bbox 2507 2470 2771 2525; x_wconf 82' lang='lat' dir='ltr'><strong>defecisse</strong></span> <span class='ocrx_word' id='word_1_368' title='bbox 2799 2470 3128 2526; x_wconf 88' lang='lat' dir='ltr'><strong>inﬁcientur.</strong></span> 
     </span>
    </p>
   </div>
   <div class='ocr_carea' id='block_1_53' title="bbox 2327 2563 3871 2638">
    <p class='ocr_par' dir='ltr' id='par_1_53' title="bbox 2327 2563 3871 2638">
     <span class='ocr_line' id='line_1_53' title="bbox 2327 2563 3871 2638; baseline 0 -17"><span class='ocrx_word' id='word_1_369' title='bbox 2327 2564 2354 2637; x_wconf 83' lang='lat'>§</span> <span class='ocrx_word' id='word_1_370' title='bbox 2375 2563 3060 2621; x_wconf 70' lang='lat' dir='ltr'><strong>4.—Animadvertendum</strong></span> <span class='ocrx_word' id='word_1_371' title='bbox 3088 2572 3371 2635; x_wconf 71' lang='lat' dir='ltr'><strong>prmterea,</strong></span> <span class='ocrx_word' id='word_1_372' title='bbox 3396 2579 3519 2621; x_wconf 92' lang='lat' dir='ltr'><strong>cum</strong></span> <span class='ocrx_word' id='word_1_373' title='bbox 3540 2565 3607 2621; x_wconf 89' lang='lat' dir='ltr'><strong>de</strong></span> <span class='ocrx_word' id='word_1_374' title='bbox 3627 2564 3871 2638; x_wconf 81' lang='lat' dir='ltr'><strong>Presby-</strong></span> 
     </span>
    </p>
   </div>
   <div class='ocr_carea' id='block_1_54' title="bbox 2256 2659 3872 2731">
    <p class='ocr_par' dir='ltr' id='par_1_54' title="bbox 2256 2659 3872 2731">
     <span class='ocr_line' id='line_1_54' title="bbox 2256 2659 3872 2731; baseline 0 -15"><span class='ocrx_word' id='word_1_375' title='bbox 2256 2662 2385 2716; x_wconf 91' lang='lat' dir='ltr'><strong>teris</strong></span> <span class='ocrx_word' id='word_1_376' title='bbox 2412 2661 2729 2716; x_wconf 87' lang='lat' dir='ltr'><strong>doctoribus</strong></span> <span class='ocrx_word' id='word_1_377' title='bbox 2761 2661 3006 2715; x_wconf 90' lang='lat' dir='ltr'><strong>meminit</strong></span> <span class='ocrx_word' id='word_1_378' title='bbox 3034 2659 3355 2731; x_wconf 88' lang='lat' dir='ltr'><strong>Cyprianus,</strong></span> <span class='ocrx_word' id='word_1_379' title='bbox 3391 2661 3444 2716; x_wconf 91' lang='lat' dir='ltr'><strong>id</strong></span> <span class='ocrx_word' id='word_1_380' title='bbox 3469 2661 3629 2716; x_wconf 90' lang='lat' dir='ltr'><strong>simul</strong></span> <span class='ocrx_word' id='word_1_381' title='bbox 3666 2660 3872 2717; x_wconf 87' lang='lat' dir='ltr'><strong>innue-</strong></span> 
     </span>
    </p>
   </div>
   <div class='ocr_carea' id='block_1_55' title="bbox 2254 2752 3871 2825">
    <p class='ocr_par' dir='ltr' id='par_1_55' title="bbox 2254 2752 3871 2825">
     <span class='ocr_line' id='line_1_55' title="bbox 2254 2752 3871 2825; baseline 0.001 -16"><span class='ocrx_word' id='word_1_382' title='bbox 2254 2770 2335 2821; x_wconf 91' lang='lat' dir='ltr'><strong>re,</strong></span> <span class='ocrx_word' id='word_1_383' title='bbox 2363 2753 2527 2810; x_wconf 87' lang='lat' dir='ltr'><strong>fuisse</strong></span> <span class='ocrx_word' id='word_1_384' title='bbox 2552 2754 2734 2825; x_wconf 89' lang='lat' dir='ltr'><strong>utique</strong></span> <span class='ocrx_word' id='word_1_385' title='bbox 2762 2754 2900 2808; x_wconf 89' lang='lat' dir='ltr'><strong>alios</strong></span> <span class='ocrx_word' id='word_1_386' title='bbox 2924 2771 2953 2809; x_wconf 91' lang='lat' dir='ltr'><strong>e</strong></span> <span class='ocrx_word' id='word_1_387' title='bbox 2984 2753 3326 2824; x_wconf 82' lang='lat' dir='ltr'><strong>presbyterio</strong></span> <span class='ocrx_word' id='word_1_388' title='bbox 3352 2754 3440 2824; x_wconf 92' lang='lat' dir='ltr'><strong>qui</strong></span> <span class='ocrx_word' id='word_1_389' title='bbox 3490 2769 3597 2808; x_wconf 91' lang='lat' dir='ltr'><strong>non</strong></span> <span class='ocrx_word' id='word_1_390' title='bbox 3628 2752 3871 2811; x_wconf 83' lang='lat' dir='ltr'><strong>fuissent</strong></span> 
     </span>
    </p>
   </div>
   <div class='ocr_carea' id='block_1_56' title="bbox 2255 2846 3877 2919">
    <p class='ocr_par' dir='ltr' id='par_1_56' title="bbox 2255 2846 3877 2919">
     <span class='ocr_line' id='line_1_56' title="bbox 2255 2846 3877 2919; baseline 0.001 -18"><span class='ocrx_word' id='word_1_391' title='bbox 2255 2846 2526 2902; x_wconf 89' lang='lat' dir='ltr'><strong>doetores.</strong></span> <span class='ocrx_word' id='word_1_392' title='bbox 2560 2846 2670 2902; x_wconf 87' lang='lat' dir='ltr'><strong>Nec</strong></span> <span class='ocrx_word' id='word_1_393' title='bbox 2694 2848 2837 2902; x_wconf 88' lang='lat' dir='ltr'><strong>enim</strong></span> <span class='ocrx_word' id='word_1_394' title='bbox 2860 2862 2996 2917; x_wconf 91' lang='lat' dir='ltr'><strong>opus</strong></span> <span class='ocrx_word' id='word_1_395' title='bbox 3017 2855 3133 2902; x_wconf 89' lang='lat' dir='ltr'><strong>erat</strong></span> <span class='ocrx_word' id='word_1_396' title='bbox 3156 2856 3215 2902; x_wconf 93' lang='lat' dir='ltr'><strong>ut</strong></span> <span class='ocrx_word' id='word_1_397' title='bbox 3237 2848 3584 2919; x_wconf 76' lang='lat' dir='ltr'><strong>presbyteros</strong></span> <span class='ocrx_word' id='word_1_398' title='bbox 3610 2846 3877 2904; x_wconf 90' lang='lat' dir='ltr'><strong>doctores</strong></span> 
     </span>
    </p>
   </div>
   <div class='ocr_carea' id='block_1_57' title="bbox 2255 2938 3878 3014">
    <p class='ocr_par' dir='ltr' id='par_1_57' title="bbox 2255 2938 3878 3014">
     <span class='ocr_line' id='line_1_57' title="bbox 2255 2938 3878 3014; baseline 0.004 -21"><span class='ocrx_word' id='word_1_399' title='bbox 2255 2939 2325 2995; x_wconf 92' lang='lat' dir='ltr'><strong>ab</strong></span> <span class='ocrx_word' id='word_1_400' title='bbox 2365 2938 2635 3011; x_wconf 85' lang='lat' dir='ltr'><strong>episc0pis</strong></span> <span class='ocrx_word' id='word_1_401' title='bbox 2686 2939 2871 2996; x_wconf 89' lang='lat' dir='ltr'><strong>itidem</strong></span> <span class='ocrx_word' id='word_1_402' title='bbox 2903 2940 3214 2996; x_wconf 87' lang='lat' dir='ltr'><strong>doctoribus</strong></span> <span class='ocrx_word' id='word_1_403' title='bbox 3255 2951 3584 3009; x_wconf 86' lang='lat' dir='ltr'><strong>secerneret,</strong></span> <span class='ocrx_word' id='word_1_404' title='bbox 3626 2942 3751 3013; x_wconf 91' lang='lat' dir='ltr'><strong>ipse</strong></span> <span class='ocrx_word' id='word_1_405' title='bbox 3782 2943 3878 3014; x_wconf 90' lang='lat' dir='ltr'><strong>qui</strong></span> 
     </span>
    </p>
   </div>
   <div class='ocr_carea' id='block_1_58' title="bbox 2258 3032 3874 3105">
    <p class='ocr_par' dir='ltr' id='par_1_58' title="bbox 2258 3032 3874 3105">
     <span class='ocr_line' id='line_1_58' title="bbox 2258 3032 3874 3105; baseline 0.006 -20"><span class='ocrx_word' id='word_1_406' title='bbox 2258 3032 2371 3087; x_wconf 73' lang='lat' dir='ltr'><strong>btec</strong></span> <span class='ocrx_word' id='word_1_407' title='bbox 2398 3033 2662 3089; x_wconf 87' lang='lat' dir='ltr'><strong>scriberet</strong></span> <span class='ocrx_word' id='word_1_408' title='bbox 2687 3036 2997 3105; x_wconf 88' lang='lat' dir='ltr'><strong>episc0pus.</strong></span> <span class='ocrx_word' id='word_1_409' title='bbox 3043 3034 3153 3090; x_wconf 88' lang='lat' dir='ltr'><strong>Nec</strong></span> <span class='ocrx_word' id='word_1_410' title='bbox 3186 3036 3359 3090; x_wconf 89' lang='lat' dir='ltr'><strong>locum</strong></span> <span class='ocrx_word' id='word_1_411' title='bbox 3389 3036 3663 3092; x_wconf 84' lang='lat' dir='ltr'><strong>habebant</strong></span> <span class='ocrx_word' id='word_1_412' title='bbox 3692 3039 3787 3094; x_wconf 89' lang='lat' dir='ltr'><strong>alii</strong></span> <span class='ocrx_word' id='word_1_413' title='bbox 3818 3039 3874 3094; x_wconf 93' lang='lat' dir='ltr'><strong>in</strong></span> 
     </span>
    </p>
   </div>
   <div class='ocr_carea' id='block_1_59' title="bbox 2257 3122 3876 3200">
    <p class='ocr_par' dir='ltr' id='par_1_59' title="bbox 2257 3122 3876 3200">
     <span class='ocr_line' id='line_1_59' title="bbox 2257 3122 3876 3200; baseline 0.004 -19"><span class='ocrx_word' id='word_1_414' title='bbox 2257 3142 2443 3183; x_wconf 90' lang='lat' dir='ltr'><strong>eorum</strong></span> <span class='ocrx_word' id='word_1_415' title='bbox 2478 3128 2797 3197; x_wconf 87' lang='lat' dir='ltr'><strong>probatione</strong></span> <span class='ocrx_word' id='word_1_416' title='bbox 2824 3130 2913 3198; x_wconf 91' lang='lat' dir='ltr'><strong>qui</strong></span> <span class='ocrx_word' id='word_1_417' title='bbox 2944 3129 2998 3183; x_wconf 91' lang='lat' dir='ltr'><strong>in</strong></span> <span class='ocrx_word' id='word_1_418' title='bbox 3042 3122 3245 3185; x_wconf 74' lang='lat' dir='ltr'><strong>cléruni</strong></span> <span class='ocrx_word' id='word_1_419' title='bbox 3279 3129 3631 3200; x_wconf 88' lang='lat' dir='ltr'><strong>promovendi</strong></span> <span class='ocrx_word' id='word_1_420' title='bbox 3660 3140 3876 3200; x_wconf 89' lang='lat' dir='ltr'><strong>essent,</strong></span> 
     </span>
    </p>
   </div>
   <div class='ocr_carea' id='block_1_60' title="bbox 2255 3223 3881 3296">
    <p class='ocr_par' dir='ltr' id='par_1_60' title="bbox 2255 3223 3881 3296">
     <span class='ocr_line' id='line_1_60' title="bbox 2255 3223 3881 3296; baseline 0.004 -19"><span class='ocrx_word' id='word_1_421' title='bbox 2255 3238 2418 3293; x_wconf 82' lang='lat' dir='ltr'><strong>quam</strong></span> <span class='ocrx_word' id='word_1_422' title='bbox 2453 3223 2779 3296; x_wconf 88' lang='lat' dir='ltr'><strong>presbyteri.</strong></span> <span class='ocrx_word' id='word_1_423' title='bbox 2804 3225 2950 3281; x_wconf 90' lang='lat' dir='ltr'><strong>Idem</strong></span> <span class='ocrx_word' id='word_1_424' title='bbox 2984 3224 3233 3292; x_wconf 85' lang='lat' dir='ltr'><strong>Saturus,</strong></span> <span class='ocrx_word' id='word_1_425' title='bbox 3254 3241 3376 3280; x_wconf 90' lang='lat' dir='ltr'><strong>cum</strong></span> <span class='ocrx_word' id='word_1_426' title='bbox 3400 3226 3687 3295; x_wconf 82' lang='lat' dir='ltr'><strong>ASpasium</strong></span> <span class='ocrx_word' id='word_1_427' title='bbox 3719 3242 3881 3295; x_wconf 86' lang='lat' dir='ltr'><strong>pres-</strong></span> 
     </span>
    </p>
   </div>
   <div class='ocr_carea' id='block_1_61' title="bbox 540 3316 3879 3392">
    <p class='ocr_par' dir='ltr' id='par_1_61' title="bbox 540 3316 3879 3392">
     <span class='ocr_line' id='line_1_61' title="bbox 540 3316 3879 3392; baseline -0.001 -13"><span class='ocrx_word' id='word_1_428' title='bbox 540 3323 950 3380; x_wconf 80' lang='lat' dir='ltr'><strong>diStribuendae.</strong></span> <span class='ocrx_word' id='word_1_429' title='bbox 981 3320 1246 3377; x_wconf 83' lang='lat' dir='ltr'><strong>Estenim</strong></span> <span class='ocrx_word' id='word_1_430' title='bbox 1274 3336 1335 3376; x_wconf 89' lang='lat' dir='ltr'><strong>ea</strong></span> <span class='ocrx_word' id='word_1_431' title='bbox 1362 3322 1477 3391; x_wconf 84' lang='lat' dir='ltr'><strong>ipsa</strong></span> <span class='ocrx_word' id='word_1_432' title='bbox 1520 3318 1835 3375; x_wconf 90' lang='lat' dir='ltr'><strong>distributio</strong></span> <span class='ocrx_word' id='word_1_433' title='bbox 1870 3318 2153 3392; x_wconf 74' lang='grc' dir='ltr'><strong>ποιμαίνειν</strong></span> <span class='ocrx_word' id='word_1_434' title='bbox 2183 3327 2226 3389; x_wconf 78' lang='lat' dir='ltr'>C</span> <span class='ocrx_word' id='word_1_435' title='bbox 2259 3316 2509 3389; x_wconf 87' lang='lat' dir='ltr'><strong>bytermn</strong></span> <span class='ocrx_word' id='word_1_436' title='bbox 2542 3319 2820 3374; x_wconf 90' lang='lat' dir='ltr'><strong>doctorem</strong></span> <span class='ocrx_word' id='word_1_437' title='bbox 2851 3319 3110 3391; x_wconf 89' lang='lat' dir='ltr'><strong>appellat.</strong></span> <span class='ocrx_word' id='word_1_438' title='bbox 3135 3319 3268 3374; x_wconf 83' lang='lat' dir='ltr'><strong>Cum</strong></span> <span class='ocrx_word' id='word_1_439' title='bbox 3294 3319 3457 3390; x_wconf 79' lang='lat' dir='ltr'><strong>igitur</strong></span> <span class='ocrx_word' id='word_1_440' title='bbox 3478 3320 3712 3378; x_wconf 90' lang='lat' dir='ltr'><strong>docendi</strong></span> <span class='ocrx_word' id='word_1_441' title='bbox 3739 3322 3879 3379; x_wconf 84' lang='lat' dir='ltr'><strong>illud</strong></span> 
     </span>
    </p>
   </div>
   <div class='ocr_carea' id='block_1_62' title="bbox 539 3412 2151 3486">
    <p class='ocr_par' dir='ltr' id='par_1_62' title="bbox 539 3412 2151 3486">
     <span class='ocr_line' id='line_1_62' title="bbox 539 3412 2151 3486; baseline -0.001 -17"><span class='ocrx_word' id='word_1_442' title='bbox 539 3415 558 3469; x_wconf 88' lang='grc' dir='ltr'><strong>Ι</strong></span> <span class='ocrx_word' id='word_1_443' title='bbox 583 3416 725 3480; x_wconf 90' lang='lat' dir='ltr'><strong>Pet.,</strong></span> <span class='ocrx_word' id='word_1_444' title='bbox 745 3414 874 3485; x_wconf 52' lang='grc' dir='ltr'><strong>νβ,</strong></span> <span class='ocrx_word' id='word_1_445' title='bbox 899 3415 1049 3486; x_wconf 80' lang='lat' dir='ltr'><strong>juxta</strong></span> <span class='ocrx_word' id='word_1_446' title='bbox 1078 3430 1139 3471; x_wconf 89' lang='lat' dir='ltr'><strong>ea</strong></span> <span class='ocrx_word' id='word_1_447' title='bbox 1167 3430 1289 3486; x_wconf 63' lang='lat' dir='ltr'><strong>quae</strong></span> <span class='ocrx_word' id='word_1_448' title='bbox 1311 3429 1473 3485; x_wconf 88' lang='lat' dir='ltr'><strong>supra</strong></span> <span class='ocrx_word' id='word_1_449' title='bbox 1504 3412 1917 3484; x_wconf 88' lang='lat' dir='ltr'><strong>disputavimus.</strong></span> <span class='ocrx_word' id='word_1_450' title='bbox 1950 3413 2024 3468; x_wconf 84' lang='lat' dir='ltr'><strong>lla</strong></span> <span class='ocrx_word' id='word_1_451' title='bbox 2060 3413 2151 3467; x_wconf 91' lang='lat' dir='ltr'><strong>lict</strong></span> 
     </span>
    </p>
   </div>
   <div class='ocr_carea' id='block_1_63' title="bbox 539 3505 2148 3579">
    <p class='ocr_par' dir='ltr' id='par_1_63' title="bbox 539 3505 2148 3579">
     <span class='ocr_line' id='line_1_63' title="bbox 539 3505 2148 3579; baseline -0.002 -14"><span class='ocrx_word' id='word_1_452' title='bbox 539 3519 599 3565; x_wconf 87' lang='lat' dir='ltr'><strong>ut</strong></span> <span class='ocrx_word' id='word_1_453' title='bbox 655 3509 924 3565; x_wconf 89' lang='lat' dir='ltr'><strong>donorum</strong></span> <span class='ocrx_word' id='word_1_454' title='bbox 968 3507 1312 3579; x_wconf 80' lang='lat' dir='ltr'><strong>originalium</strong></span> <span class='ocrx_word' id='word_1_455' title='bbox 1344 3507 1621 3577; x_wconf 72' lang='lat' dir='ltr'><strong>proximus</strong></span> <span class='ocrx_word' id='word_1_456' title='bbox 1678 3515 1801 3579; x_wconf 90' lang='lat' dir='ltr'><strong>post</strong></span> <span class='ocrx_word' id='word_1_457' title='bbox 1854 3505 2148 3578; x_wconf 84' lang='lat' dir='ltr'><strong>prophetas</strong></span> 
     </span>
    </p>
   </div>
   <div class='ocr_carea' id='block_1_64' title="bbox 538 3600 2147 3674">
    <p class='ocr_par' dir='ltr' id='par_1_64' title="bbox 538 3600 2147 3674">
     <span class='ocr_line' id='line_1_64' title="bbox 538 3600 2147 3674; baseline -0.001 -16"><span class='ocrx_word' id='word_1_458' title='bbox 538 3602 694 3659; x_wconf 88' lang='lat' dir='ltr'><strong>locus</strong></span> <span class='ocrx_word' id='word_1_459' title='bbox 723 3602 792 3658; x_wconf 88' lang='lat' dir='ltr'><strong>sit</strong></span> <span class='ocrx_word' id='word_1_460' title='bbox 816 3602 1131 3658; x_wconf 88' lang='lat' dir='ltr'><strong>doctoribus</strong></span> <span class='ocrx_word' id='word_1_461' title='bbox 1156 3600 1536 3674; x_wconf 86' lang='lat' dir='ltr'><strong>assignandus.</strong></span> <span class='ocrx_word' id='word_1_462' title='bbox 1565 3600 1644 3656; x_wconf 85' lang='lat' dir='ltr'><strong>Ex</strong></span> <span class='ocrx_word' id='word_1_463' title='bbox 1670 3602 1782 3671; x_wconf 89' lang='lat' dir='ltr'><strong>ipsa</strong></span> <span class='ocrx_word' id='word_1_464' title='bbox 1812 3603 1955 3657; x_wconf 92' lang='lat' dir='ltr'><strong>enim</strong></span> <span class='ocrx_word' id='word_1_465' title='bbox 1983 3616 2147 3674; x_wconf 62' lang='lat' dir='ltr'><strong>synav</strong></span> 
     </span>
    </p>
   </div>
   <div class='ocr_carea' id='block_1_65' title="bbox 540 3693 2149 3766">
    <p class='ocr_par' dir='ltr' id='par_1_65' title="bbox 540 3693 2149 3766">
     <span class='ocr_line' id='line_1_65' title="bbox 540 3693 2149 3766; baseline -0.001 -15"><span class='ocrx_word' id='word_1_466' title='bbox 540 3709 677 3766; x_wconf 83' lang='lat' dir='ltr'><strong>goga</strong></span> <span class='ocrx_word' id='word_1_467' title='bbox 719 3694 1021 3749; x_wconf 87' lang='lat' dir='ltr'><strong>derivatum</strong></span> <span class='ocrx_word' id='word_1_468' title='bbox 1076 3702 1162 3750; x_wconf 85' lang='lat' dir='ltr'><strong>est</strong></span> <span class='ocrx_word' id='word_1_469' title='bbox 1214 3693 1283 3748; x_wconf 90' lang='lat' dir='ltr'><strong>ad</strong></span> <span class='ocrx_word' id='word_1_470' title='bbox 1346 3693 1643 3749; x_wconf 85' lang='lat' dir='ltr'><strong>Eeclesiam</strong></span> <span class='ocrx_word' id='word_1_471' title='bbox 1696 3693 1854 3765; x_wconf 87' lang='lat' dir='ltr'><strong>hujus</strong></span> <span class='ocrx_word' id='word_1_472' title='bbox 1908 3694 2149 3750; x_wconf 89' lang='lat' dir='ltr'><strong>muneris</strong></span> 
     </span>
    </p>
   </div>
   <div class='ocr_carea' id='block_1_66' title="bbox 542 3786 2148 3860">
    <p class='ocr_par' dir='ltr' id='par_1_66' title="bbox 542 3786 2148 3860">
     <span class='ocr_line' id='line_1_66' title="bbox 542 3786 2148 3860; baseline -0.001 -16"><span class='ocrx_word' id='word_1_473' title='bbox 542 3788 875 3859; x_wconf 75' lang='lat' dir='ltr'><strong>exemplum.</strong></span> <span class='ocrx_word' id='word_1_474' title='bbox 905 3786 1181 3857; x_wconf 86' lang='lat' dir='ltr'><strong>Siquidem</strong></span> <span class='ocrx_word' id='word_1_475' title='bbox 1212 3787 1291 3841; x_wconf 90' lang='lat' dir='ltr'><strong>illi</strong></span> <span class='ocrx_word' id='word_1_476' title='bbox 1320 3802 1534 3860; x_wconf 78' lang='lat' dir='ltr'><strong>quoque</strong></span> <span class='ocrx_word' id='word_1_477' title='bbox 1585 3797 1742 3842; x_wconf 87' lang='lat' dir='ltr'><strong>erant</strong></span> <span class='ocrx_word' id='word_1_478' title='bbox 1788 3787 1869 3843; x_wconf 88' lang='lat' dir='ltr'><strong>sui</strong></span> <span class='ocrx_word' id='word_1_479' title='bbox 1917 3787 2148 3842; x_wconf 83' lang='lat' dir='ltr'><strong>Rabbini</strong></span> 
     </span>
    </p>
   </div>
   <div class='ocr_carea' id='block_1_67' title="bbox 539 3881 2145 3959">
    <p class='ocr_par' dir='ltr' id='par_1_67' title="bbox 539 3881 2145 3959">
     <span class='ocr_line' id='line_1_67' title="bbox 539 3881 2145 3959; baseline -0.003 -20"><span class='ocrx_word' id='word_1_480' title='bbox 539 3884 838 3959; x_wconf 77' lang='grc' dir='ltr'><strong>καθηγηταὶ,</strong></span> <span class='ocrx_word' id='word_1_481' title='bbox 853 3885 1139 3948; x_wconf 81' lang='grc' dir='ltr'><strong>συζητηταὶ</strong></span> <span class='ocrx_word' id='word_1_482' title='bbox 1158 3886 1251 3939; x_wconf 82' lang='grc' dir='ltr'><strong>τοῦ</strong></span> <span class='ocrx_word' id='word_1_483' title='bbox 1272 3883 1451 3945; x_wconf 83' lang='grc' dir='ltr'><strong>αἰῶνος</strong></span> <span class='ocrx_word' id='word_1_484' title='bbox 1464 3883 1651 3939; x_wconf 74' lang='grc' dir='ltr'><strong>τούτου</strong></span> <span class='ocrx_word' id='word_1_485' title='bbox 1661 3924 1674 3947; x_wconf 95' lang='grc'><strong>,</strong></span> <span class='ocrx_word' id='word_1_486' title='bbox 1690 3881 1916 3946; x_wconf 67' lang='lat' dir='ltr'><strong>Scriba),</strong></span> <span class='ocrx_word' id='word_1_487' title='bbox 1930 3883 2145 3955; x_wconf 80' lang='grc' dir='ltr'><strong>νομικοὶ,</strong></span> 
     </span>
    </p>
   </div>
   <div class='ocr_carea' id='block_1_68' title="bbox 538 3972 2146 4049">
    <p class='ocr_par' dir='ltr' id='par_1_68' title="bbox 538 3972 2146 4049">
     <span class='ocr_line' id='line_1_68' title="bbox 538 3972 2146 4049; baseline -0.002 -18"><span class='ocrx_word' id='word_1_488' title='bbox 538 3973 998 4049; x_wconf 76' lang='grc' dir='ltr'><strong>νομοδιδάσκαλοι(</strong></span> <span class='ocrx_word' id='word_1_489' title='bbox 1016 3974 1098 4029; x_wconf 85' lang='lat' dir='ltr'><strong>his</strong></span> <span class='ocrx_word' id='word_1_490' title='bbox 1123 3975 1269 4030; x_wconf 89' lang='lat' dir='ltr'><strong>enim</strong></span> <span class='ocrx_word' id='word_1_491' title='bbox 1296 3974 1548 4030; x_wconf 89' lang='lat' dir='ltr'><strong>omnibus</strong></span> <span class='ocrx_word' id='word_1_492' title='bbox 1569 3975 1739 4029; x_wconf 92' lang='lat' dir='ltr'><strong>titulis</strong></span> <span class='ocrx_word' id='word_1_493' title='bbox 1765 3972 2146 4046; x_wconf 85' lang='lat' dir='ltr'><strong>insigniuntur)</strong></span> 
     </span>
    </p>
   </div>
   <div class='ocr_carea' id='block_1_69' title="bbox 541 4067 2145 4141">
    <p class='ocr_par' dir='ltr' id='par_1_69' title="bbox 541 4067 2145 4141">
     <span class='ocr_line' id='line_1_69' title="bbox 541 4067 2145 4141; baseline -0.001 -17"><span class='ocrx_word' id='word_1_494' title='bbox 541 4070 630 4139; x_wconf 88' lang='lat' dir='ltr'><strong>qui</strong></span> <span class='ocrx_word' id='word_1_495' title='bbox 659 4079 714 4126; x_wconf 92' lang='lat' dir='ltr'><strong>et</strong></span> <span class='ocrx_word' id='word_1_496' title='bbox 739 4067 1038 4125; x_wconf 74' lang='grc' dir='ltr'><strong>διδάσκαλοι</strong></span> <span class='ocrx_word' id='word_1_497' title='bbox 1056 4067 1372 4140; x_wconf 89' lang='lat' dir='ltr'><strong>simpliciter</strong></span> <span class='ocrx_word' id='word_1_498' title='bbox 1402 4069 1766 4141; x_wconf 76' lang='lat' dir='ltr'><strong>appellantur,</strong></span> <span class='ocrx_word' id='word_1_499' title='bbox 1786 4069 1943 4138; x_wconf 88' lang='lat' dir='ltr'><strong>Luc.,</strong></span> <span class='ocrx_word' id='word_1_500' title='bbox 1966 4085 2025 4139; x_wconf 90' lang='grc' dir='ltr'><strong>ιι,</strong></span> <span class='ocrx_word' id='word_1_501' title='bbox 2052 4068 2145 4125; x_wconf 77' lang='grc'><strong>46.</strong></span> 
     </span>
    </p>
   </div>
   <div class='ocr_carea' id='block_1_70' title="bbox 540 4166 2146 4239">
    <p class='ocr_par' dir='ltr' id='par_1_70' title="bbox 540 4166 2146 4239">
     <span class='ocr_line' id='line_1_70' title="bbox 540 4166 2146 4239; baseline -0.001 -16"><span class='ocrx_word' id='word_1_502' title='bbox 540 4166 733 4223; x_wconf 85' lang='lat' dir='ltr'><strong>Fuisse</strong></span> <span class='ocrx_word' id='word_1_503' title='bbox 762 4168 926 4223; x_wconf 90' lang='lat' dir='ltr'><strong>etiam</strong></span> <span class='ocrx_word' id='word_1_504' title='bbox 958 4167 1103 4239; x_wconf 88' lang='lat' dir='ltr'><strong>apud</strong></span> <span class='ocrx_word' id='word_1_505' title='bbox 1154 4167 1298 4238; x_wconf 90' lang='lat' dir='ltr'><strong>ipsos</strong></span> <span class='ocrx_word' id='word_1_506' title='bbox 1348 4184 1545 4223; x_wconf 88' lang='lat' dir='ltr'><strong>munus</strong></span> <span class='ocrx_word' id='word_1_507' title='bbox 1576 4168 1867 4223; x_wconf 91' lang='lat' dir='ltr'><strong>admodum</strong></span> <span class='ocrx_word' id='word_1_508' title='bbox 1917 4166 2146 4223; x_wconf 88' lang='lat' dir='ltr'><strong>honori-</strong></span> 
     </span>
    </p>
   </div>
   <div class='ocr_carea' id='block_1_71' title="bbox 540 4257 2146 4327">
    <p class='ocr_par' dir='ltr' id='par_1_71' title="bbox 540 4257 2146 4327">
     <span class='ocr_line' id='line_1_71' title="bbox 540 4257 2146 4327; baseline 0 -12"><span class='ocrx_word' id='word_1_509' title='bbox 540 4260 701 4315; x_wconf 85' lang='lat' dir='ltr'><strong>ﬁcum</strong></span> <span class='ocrx_word' id='word_1_510' title='bbox 729 4267 990 4315; x_wconf 90' lang='lat' dir='ltr'><strong>constate</strong></span> <span class='ocrx_word' id='word_1_511' title='bbox 1032 4257 1219 4326; x_wconf 82' lang='lat' dir='ltr'><strong>Rom.,</strong></span> <span class='ocrx_word' id='word_1_512' title='bbox 1246 4275 1307 4327; x_wconf 88' lang='grc' dir='ltr'><strong>ιι,</strong></span> <span class='ocrx_word' id='word_1_513' title='bbox 1340 4260 1427 4327; x_wconf 78' lang='grc'><strong>18,</strong></span> <span class='ocrx_word' id='word_1_514' title='bbox 1459 4259 1545 4322; x_wconf 81' lang='grc'><strong>19,</strong></span> <span class='ocrx_word' id='word_1_515' title='bbox 1579 4258 1673 4326; x_wconf 75' lang='grc'><strong>20,</strong></span> <span class='ocrx_word' id='word_1_516' title='bbox 1702 4259 1796 4315; x_wconf 70' lang='grc'><strong>21.</strong></span> <span class='ocrx_word' id='word_1_517' title='bbox 1821 4258 1892 4317; x_wconf 90' lang='lat' dir='ltr'><strong>Ut</strong></span> <span class='ocrx_word' id='word_1_518' title='bbox 1921 4273 2146 4315; x_wconf 74' lang='lat' dir='ltr'><strong>necesse</strong></span> 
     </span>
    </p>
   </div>
   <div class='ocr_carea' id='block_1_72' title="bbox 542 4351 2147 4425">
    <p class='ocr_par' dir='ltr' id='par_1_72' title="bbox 542 4351 2147 4425">
     <span class='ocr_line' id='line_1_72' title="bbox 542 4351 2147 4425; baseline 0.001 -17"><span class='ocrx_word' id='word_1_519' title='bbox 542 4362 690 4408; x_wconf 88' lang='lat' dir='ltr'><strong>esset</strong></span> <span class='ocrx_word' id='word_1_520' title='bbox 736 4351 1005 4408; x_wconf 89' lang='lat' dir='ltr'><strong>Salvatori</strong></span> <span class='ocrx_word' id='word_1_521' title='bbox 1056 4351 1125 4408; x_wconf 90' lang='lat' dir='ltr'><strong>de</strong></span> <span class='ocrx_word' id='word_1_522' title='bbox 1164 4367 1232 4409; x_wconf 89' lang='lat' dir='ltr'><strong>eo</strong></span> <span class='ocrx_word' id='word_1_523' title='bbox 1279 4353 1575 4425; x_wconf 85' lang='lat' dir='ltr'><strong>discipulos</strong></span> <span class='ocrx_word' id='word_1_524' title='bbox 1598 4368 1726 4411; x_wconf 90' lang='lat' dir='ltr'><strong>suos</strong></span> <span class='ocrx_word' id='word_1_525' title='bbox 1780 4368 2026 4417; x_wconf 87' lang='lat' dir='ltr'><strong>monere,</strong></span> <span class='ocrx_word' id='word_1_526' title='bbox 2078 4369 2147 4409; x_wconf 91' lang='lat' dir='ltr'><strong>ne</strong></span> 
     </span>
    </p>
   </div>
   <div class='ocr_carea' id='block_1_73' title="bbox 541 4444 2143 4515">
    <p class='ocr_par' dir='ltr' id='par_1_73' title="bbox 541 4444 2143 4515">
     <span class='ocr_line' id='line_1_73' title="bbox 541 4444 2143 4515; baseline 0 -14"><span class='ocrx_word' id='word_1_527' title='bbox 541 4444 691 4501; x_wconf 89' lang='lat' dir='ltr'><strong>illum</strong></span> <span class='ocrx_word' id='word_1_528' title='bbox 713 4444 925 4500; x_wconf 91' lang='lat' dir='ltr'><strong>titulum</strong></span> <span class='ocrx_word' id='word_1_529' title='bbox 948 4445 1237 4502; x_wconf 91' lang='lat' dir='ltr'><strong>ambirent.</strong></span> <span class='ocrx_word' id='word_1_530' title='bbox 1265 4444 1437 4515; x_wconf 84' lang='lat' dir='ltr'><strong>Quam</strong></span> <span class='ocrx_word' id='word_1_531' title='bbox 1456 4456 1657 4515; x_wconf 87' lang='lat' dir='ltr'><strong>tamen,</strong></span> <span class='ocrx_word' id='word_1_532' title='bbox 1683 4463 1785 4502; x_wconf 90' lang='lat' dir='ltr'><strong>una</strong></span> <span class='ocrx_word' id='word_1_533' title='bbox 1799 4461 1923 4503; x_wconf 84' lang='lat' dir='ltr'><strong>cum</strong></span> <span class='ocrx_word' id='word_1_534' title='bbox 1939 4446 2143 4515; x_wconf 82' lang='lat' dir='ltr'><strong>officio,</strong></span> 
     </span>
    </p>
   </div>
   <div class='ocr_carea' id='block_1_74' title="bbox 538 4539 2142 4614">
    <p class='ocr_par' dir='ltr' id='par_1_74' title="bbox 538 4539 2142 4614">
     <span class='ocr_line' id='line_1_74' title="bbox 538 4539 2142 4614; baseline 0.002 -22"><span class='ocrx_word' id='word_1_535' title='bbox 538 4539 889 4595; x_wconf 89' lang='lat' dir='ltr'><strong>ambitionem</strong></span> <span class='ocrx_word' id='word_1_536' title='bbox 917 4541 1085 4596; x_wconf 87' lang='lat' dir='ltr'><strong>etiam</strong></span> <span class='ocrx_word' id='word_1_537' title='bbox 1109 4540 1422 4597; x_wconf 86' lang='lat' dir='ltr'><strong>christianis</strong></span> <span class='ocrx_word' id='word_1_538' title='bbox 1453 4541 1741 4614; x_wconf 89' lang='lat' dir='ltr'><strong>irrepsisse</strong></span> <span class='ocrx_word' id='word_1_539' title='bbox 1769 4542 2008 4614; x_wconf 91' lang='lat' dir='ltr'><strong>suspicio</strong></span> <span class='ocrx_word' id='word_1_540' title='bbox 2037 4549 2142 4611; x_wconf 89' lang='lat' dir='ltr'><strong>est,</strong></span> 
     </span>
    </p>
   </div>
   <div class='ocr_carea' id='block_1_75' title="bbox 542 4629 1018 4699">
    <p class='ocr_par' dir='ltr' id='par_1_75' title="bbox 542 4629 1018 4699">
     <span class='ocr_line' id='line_1_75' title="bbox 542 4629 1018 4699; baseline -0.002 -10"><span class='ocrx_word' id='word_1_541' title='bbox 542 4630 598 4689; x_wconf 87' lang='lat' dir='ltr'><strong>S.</strong></span> <span class='ocrx_word' id='word_1_542' title='bbox 628 4629 841 4697; x_wconf 85' lang='lat' dir='ltr'><strong>Jacob.,</strong></span> <span class='ocrx_word' id='word_1_543' title='bbox 873 4648 953 4699; x_wconf 90' lang='grc' dir='ltr'>ιιι,</span> <span class='ocrx_word' id='word_1_544' title='bbox 981 4649 1018 4689; x_wconf 86' lang='grc' dir='ltr'>ι.</span> 
     </span>
    </p>
   </div>
   <div class='ocr_carea' id='block_1_76' title="bbox 2253 3412 3878 3487">
    <p class='ocr_par' dir='ltr' id='par_1_76' title="bbox 2253 3412 3878 3487">
     <span class='ocr_line' id='line_1_76' title="bbox 2253 3412 3878 3487; baseline 0.005 -21"><span class='ocrx_word' id='word_1_545' title='bbox 2253 3427 2454 3468; x_wconf 89' lang='lat' dir='ltr'><strong>munus</strong></span> <span class='ocrx_word' id='word_1_546' title='bbox 2480 3428 2544 3468; x_wconf 85' lang='lat' dir='ltr'><strong>ex</strong></span> <span class='ocrx_word' id='word_1_547' title='bbox 2564 3412 2763 3468; x_wconf 80' lang='lat' dir='ltr'><strong>Henna</strong></span> <span class='ocrx_word' id='word_1_548' title='bbox 2787 3412 2928 3468; x_wconf 89' lang='lat' dir='ltr'><strong>idem</strong></span> <span class='ocrx_word' id='word_1_549' title='bbox 2959 3413 3129 3469; x_wconf 83' lang='lat' dir='ltr'><strong>fuisse</strong></span> <span class='ocrx_word' id='word_1_550' title='bbox 3155 3413 3525 3482; x_wconf 87' lang='lat' dir='ltr'><strong>didicerimus,</strong></span> <span class='ocrx_word' id='word_1_551' title='bbox 3558 3417 3705 3486; x_wconf 89' lang='lat' dir='ltr'><strong>quod</strong></span> <span class='ocrx_word' id='word_1_552' title='bbox 3729 3433 3878 3487; x_wconf 69' lang='lat' dir='ltr'><strong>prae-</strong></span> 
     </span>
    </p>
   </div>
   <div class='ocr_carea' id='block_1_77' title="bbox 2252 3503 3881 3583">
    <p class='ocr_par' dir='ltr' id='par_1_77' title="bbox 2252 3503 3881 3583">
     <span class='ocr_line' id='line_1_77' title="bbox 2252 3503 3881 3583; baseline 0.004 -24"><span class='ocrx_word' id='word_1_553' title='bbox 2252 3503 2488 3571; x_wconf 90' lang='lat' dir='ltr'><strong>dicandi,</strong></span> <span class='ocrx_word' id='word_1_554' title='bbox 2504 3506 2662 3576; x_wconf 90' lang='lat' dir='ltr'><strong>plane</strong></span> <span class='ocrx_word' id='word_1_555' title='bbox 2674 3507 3053 3577; x_wconf 88' lang='lat' dir='ltr'><strong>sequitur,non</strong></span> <span class='ocrx_word' id='word_1_556' title='bbox 3076 3509 3313 3562; x_wconf 89' lang='lat' dir='ltr'><strong>omnium</strong></span> <span class='ocrx_word' id='word_1_557' title='bbox 3336 3507 3501 3563; x_wconf 90' lang='lat' dir='ltr'><strong>fuisse</strong></span> <span class='ocrx_word' id='word_1_558' title='bbox 3517 3509 3881 3583; x_wconf 88' lang='lat' dir='ltr'><strong>presbytero-</strong></span> 
     </span>
    </p>
   </div>
   <div class='ocr_carea' id='block_1_78' title="bbox 2252 3597 3876 3667">
    <p class='ocr_par' dir='ltr' id='par_1_78' title="bbox 2252 3597 3876 3667">
     <span class='ocr_line' id='line_1_78' title="bbox 2252 3597 3876 3667; baseline 0.005 -17"><span class='ocrx_word' id='word_1_559' title='bbox 2252 3612 2392 3661; x_wconf 92' lang='lat' dir='ltr'><strong>rum,</strong></span> <span class='ocrx_word' id='word_1_560' title='bbox 2428 3598 2561 3653; x_wconf 91' lang='lat' dir='ltr'><strong>utin</strong></span> <span class='ocrx_word' id='word_1_561' title='bbox 2588 3597 2829 3654; x_wconf 85' lang='lat' dir='ltr'><strong>Ecclesia</strong></span> <span class='ocrx_word' id='word_1_562' title='bbox 2857 3601 3335 3667; x_wconf 86' lang='lat' dir='ltr'><strong>concioiiarentur,</strong></span> <span class='ocrx_word' id='word_1_563' title='bbox 3366 3599 3565 3656; x_wconf 89' lang='lat' dir='ltr'><strong>nedum</strong></span> <span class='ocrx_word' id='word_1_564' title='bbox 3594 3602 3666 3656; x_wconf 89' lang='lat' dir='ltr'><strong>ita</strong></span> <span class='ocrx_word' id='word_1_565' title='bbox 3697 3600 3876 3659; x_wconf 88' lang='lat' dir='ltr'><strong>fuisse</strong></span> 
     </span>
    </p>
   </div>
   <div class='ocr_carea' id='block_1_79' title="bbox 2251 3688 3872 3764">
    <p class='ocr_par' dir='ltr' id='par_1_79' title="bbox 2251 3688 3872 3764">
     <span class='ocr_line' id='line_1_79' title="bbox 2251 3688 3872 3764; baseline 0.004 -19"><span class='ocrx_word' id='word_1_566' title='bbox 2251 3688 2431 3746; x_wconf 91' lang='lat' dir='ltr'><strong>ofﬁcio</strong></span> <span class='ocrx_word' id='word_1_567' title='bbox 2449 3691 2799 3763; x_wconf 87' lang='lat' dir='ltr'><strong>presbyterali</strong></span> <span class='ocrx_word' id='word_1_568' title='bbox 2827 3691 3136 3761; x_wconf 88' lang='lat' dir='ltr'><strong>essentiale,</strong></span> <span class='ocrx_word' id='word_1_569' title='bbox 3171 3708 3331 3764; x_wconf 90' lang='lat' dir='ltr'><strong>quam</strong></span> <span class='ocrx_word' id='word_1_570' title='bbox 3370 3703 3560 3763; x_wconf 90' lang='lat' dir='ltr'><strong>putant</strong></span> <span class='ocrx_word' id='word_1_571' title='bbox 3584 3692 3872 3761; x_wconf 90' lang='lat' dir='ltr'><strong>hodierni,</strong></span> 
     </span>
    </p>
   </div>
   <div class='ocr_carea' id='block_1_80' title="bbox 2252 3782 3878 3858">
    <p class='ocr_par' dir='ltr' id='par_1_80' title="bbox 2252 3782 3878 3858">
     <span class='ocr_line' id='line_1_80' title="bbox 2252 3782 3878 3858; baseline 0.005 -20"><span class='ocrx_word' id='word_1_572' title='bbox 2252 3782 2585 3840; x_wconf 90' lang='lat' dir='ltr'><strong>schismatici</strong></span> <span class='ocrx_word' id='word_1_573' title='bbox 2609 3795 2665 3839; x_wconf 92' lang='lat' dir='ltr'><strong>ut</strong></span> <span class='ocrx_word' id='word_1_574' title='bbox 2693 3785 2781 3855; x_wconf 92' lang='lat' dir='ltr'><strong>qui</strong></span> <span class='ocrx_word' id='word_1_575' title='bbox 2815 3784 2946 3840; x_wconf 91' lang='lat' dir='ltr'><strong>illud</strong></span> <span class='ocrx_word' id='word_1_576' title='bbox 2969 3801 3164 3840; x_wconf 83' lang='lat' dir='ltr'><strong>nninus</strong></span> <span class='ocrx_word' id='word_1_577' title='bbox 3193 3801 3300 3841; x_wconf 92' lang='lat' dir='ltr'><strong>non</strong></span> <span class='ocrx_word' id='word_1_578' title='bbox 3343 3787 3682 3858; x_wconf 74' lang='lat' dir='ltr'><strong>pmstiterit,</strong></span> <span class='ocrx_word' id='word_1_579' title='bbox 3717 3790 3768 3845; x_wconf 90' lang='lat' dir='ltr'><strong>is</strong></span> <span class='ocrx_word' id='word_1_580' title='bbox 3800 3802 3878 3846; x_wconf 87' lang='lat' dir='ltr'><strong>ne</strong></span> 
     </span>
    </p>
   </div>
   <div class='ocr_carea' id='block_1_81' title="bbox 2252 3876 3875 3949">
    <p class='ocr_par' dir='ltr' id='par_1_81' title="bbox 2252 3876 3875 3949">
     <span class='ocr_line' id='line_1_81' title="bbox 2252 3876 3875 3949; baseline 0.004 -19"><span class='ocrx_word' id='word_1_581' title='bbox 2252 3890 2351 3946; x_wconf 89' lang='lat' dir='ltr'><strong>pro</strong></span> <span class='ocrx_word' id='word_1_582' title='bbox 2384 3877 2700 3948; x_wconf 87' lang='lat' dir='ltr'><strong>presbytero</strong></span> <span class='ocrx_word' id='word_1_583' title='bbox 2726 3876 3003 3934; x_wconf 74' lang='lat' dir='ltr'><strong>trahendus</strong></span> <span class='ocrx_word' id='word_1_584' title='bbox 3033 3878 3355 3949; x_wconf 87' lang='lat' dir='ltr'><strong>sitquidem.</strong></span> <span class='ocrx_word' id='word_1_585' title='bbox 3378 3878 3489 3936; x_wconf 86' lang='lat' dir='ltr'><strong>Nec</strong></span> <span class='ocrx_word' id='word_1_586' title='bbox 3509 3896 3642 3937; x_wconf 88' lang='lat' dir='ltr'><strong>vero</strong></span> <span class='ocrx_word' id='word_1_587' title='bbox 3659 3897 3875 3939; x_wconf 87' lang='lat' dir='ltr'><strong>recen-</strong></span> 
     </span>
    </p>
   </div>
   <div class='ocr_carea' id='block_1_82' title="bbox 2254 3970 3875 4033">
    <p class='ocr_par' dir='ltr' id='par_1_82' title="bbox 2254 3970 3875 4033">
     <span class='ocr_line' id='line_1_82' title="bbox 2254 3970 3875 4033; baseline 0.005 -8"><span class='ocrx_word' id='word_1_588' title='bbox 2254 3971 2453 4026; x_wconf 91' lang='lat' dir='ltr'><strong>tiorum</strong></span> <span class='ocrx_word' id='word_1_589' title='bbox 2482 3971 2808 4027; x_wconf 59' lang='lat' dir='ltr'><strong>surculorum</strong></span> <span class='ocrx_word' id='word_1_590' title='bbox 2867 3970 2921 4026; x_wconf 91' lang='lat' dir='ltr'><strong>id</strong></span> <span class='ocrx_word' id='word_1_591' title='bbox 2964 3972 3136 4027; x_wconf 88' lang='lat' dir='ltr'><strong>errori</strong></span> <span class='ocrx_word' id='word_1_592' title='bbox 3171 3972 3510 4028; x_wconf 86' lang='lat' dir='ltr'><strong>tribuendum</strong></span> <span class='ocrx_word' id='word_1_593' title='bbox 3540 3984 3680 4029; x_wconf 88' lang='lat' dir='ltr'><strong>erat.</strong></span> <span class='ocrx_word' id='word_1_594' title='bbox 3715 3975 3875 4033; x_wconf 88' lang='lat' dir='ltr'><strong>Idem</strong></span> 
     </span>
    </p>
   </div>
   <div class='ocr_carea' id='block_1_83' title="bbox 2251 4064 3875 4138">
    <p class='ocr_par' dir='ltr' id='par_1_83' title="bbox 2251 4064 3875 4138">
     <span class='ocr_line' id='line_1_83' title="bbox 2251 4064 3875 4138; baseline 0.002 -18"><span class='ocrx_word' id='word_1_595' title='bbox 2251 4065 2411 4120; x_wconf 87' lang='lat' dir='ltr'><strong>etiam</strong></span> <span class='ocrx_word' id='word_1_596' title='bbox 2436 4064 2537 4120; x_wconf 89' lang='lat' dir='ltr'><strong>sub</strong></span> <span class='ocrx_word' id='word_1_597' title='bbox 2554 4065 2813 4136; x_wconf 86' lang='lat' dir='ltr'><strong>apostolis</strong></span> <span class='ocrx_word' id='word_1_598' title='bbox 2832 4066 3133 4121; x_wconf 87' lang='lat' dir='ltr'><strong>obtinuisse</strong></span> <span class='ocrx_word' id='word_1_599' title='bbox 3149 4074 3358 4121; x_wconf 86' lang='lat' dir='ltr'><strong>constat</strong></span> <span class='ocrx_word' id='word_1_600' title='bbox 3374 4082 3438 4121; x_wconf 84' lang='lat' dir='ltr'><strong>ex</strong></span> <span class='ocrx_word' id='word_1_601' title='bbox 3455 4065 3476 4120; x_wconf 89' lang='grc' dir='ltr'>Ι</span> <span class='ocrx_word' id='word_1_602' title='bbox 3496 4066 3662 4135; x_wconf 90' lang='lat' dir='ltr'><strong>Tim.,</strong></span> <span class='ocrx_word' id='word_1_603' title='bbox 3687 4085 3750 4137; x_wconf 77' lang='grc' dir='ltr'>ν,</span> <span class='ocrx_word' id='word_1_604' title='bbox 3774 4070 3875 4138; x_wconf 78' lang='grc'><strong>17,</strong></span> 
     </span>
    </p>
   </div>
   <div class='ocr_carea' id='block_1_84' title="bbox 2250 4158 3877 4233">
    <p class='ocr_par' dir='ltr' id='par_1_84' title="bbox 2250 4158 3877 4233">
     <span class='ocr_line' id='line_1_84' title="bbox 2250 4158 3877 4233; baseline 0.004 -22"><span class='ocrx_word' id='word_1_605' title='bbox 2250 4172 2577 4230; x_wconf 86' lang='lat' dir='ltr'><strong>quamquam</strong></span> <span class='ocrx_word' id='word_1_606' title='bbox 2601 4173 2885 4229; x_wconf 85' lang='lat' dir='ltr'><strong>perperam</strong></span> <span class='ocrx_word' id='word_1_607' title='bbox 2908 4158 3169 4228; x_wconf 84' lang='lat' dir='ltr'><strong>colligunt</strong></span> <span class='ocrx_word' id='word_1_608' title='bbox 3190 4167 3527 4233; x_wconf 81' lang='grc' dir='ltr'><strong>προεστῶτας</strong></span> <span class='ocrx_word' id='word_1_609' title='bbox 3553 4160 3681 4216; x_wconf 89' lang='lat' dir='ltr'><strong>illos</strong></span> <span class='ocrx_word' id='word_1_610' title='bbox 3710 4176 3877 4233; x_wconf 82' lang='lat' dir='ltr'><strong>pres-</strong></span> 
     </span>
    </p>
   </div>
   <div class='ocr_carea' id='block_1_85' title="bbox 2249 4252 3878 4329">
    <p class='ocr_par' dir='ltr' id='par_1_85' title="bbox 2249 4252 3878 4329">
     <span class='ocr_line' id='line_1_85' title="bbox 2249 4252 3878 4329; baseline 0.004 -21"><span class='ocrx_word' id='word_1_611' title='bbox 2249 4253 2491 4325; x_wconf 83' lang='lat' dir='ltr'><strong>byteros,</strong></span> <span class='ocrx_word' id='word_1_612' title='bbox 2513 4253 2605 4325; x_wconf 89' lang='lat' dir='ltr'><strong>qui</strong></span> <span class='ocrx_word' id='word_1_613' title='bbox 2645 4252 2735 4308; x_wconf 91' lang='lat' dir='ltr'><strong>alii</strong></span> <span class='ocrx_word' id='word_1_614' title='bbox 2758 4261 2989 4308; x_wconf 89' lang='lat' dir='ltr'><strong>essenta</strong></span> <span class='ocrx_word' id='word_1_615' title='bbox 3038 4259 3285 4309; x_wconf 79' lang='grc' dir='ltr'><strong>κοπιῶσιν</strong></span> <span class='ocrx_word' id='word_1_616' title='bbox 3324 4256 3375 4309; x_wconf 78' lang='grc' dir='ltr'><strong>ἐν</strong></span> <span class='ocrx_word' id='word_1_617' title='bbox 3414 4254 3556 4329; x_wconf 69' lang='grc' dir='ltr'><strong>λόγῳ</strong></span> <span class='ocrx_word' id='word_1_618' title='bbox 3589 4258 3684 4311; x_wconf 80' lang='grc' dir='ltr'><strong>καί</strong></span> <span class='ocrx_word' id='word_1_619' title='bbox 3717 4255 3878 4314; x_wconf 80' lang='grc' dir='ltr'><em>διδα-</em></span> 
     </span>
    </p>
   </div>
   <div class='ocr_carea' id='block_1_86' title="bbox 2250 4344 3878 4424">
    <p class='ocr_par' dir='ltr' id='par_1_86' title="bbox 2250 4344 3878 4424">
     <span class='ocr_line' id='line_1_86' title="bbox 2250 4344 3878 4424; baseline 0.003 -21"><span class='ocrx_word' id='word_1_620' title='bbox 2250 4348 2456 4424; x_wconf 75' lang='grc' dir='ltr'><strong>σκαλίᾳ,</strong></span> <span class='ocrx_word' id='word_1_621' title='bbox 2485 4345 2648 4402; x_wconf 88' lang='lat' dir='ltr'><strong>fuisse</strong></span> <span class='ocrx_word' id='word_1_622' title='bbox 2679 4347 2864 4402; x_wconf 89' lang='lat' dir='ltr'><strong>laicos.</strong></span> <span class='ocrx_word' id='word_1_623' title='bbox 2896 4346 3007 4402; x_wconf 89' lang='lat' dir='ltr'><strong>Cur</strong></span> <span class='ocrx_word' id='word_1_624' title='bbox 3028 4346 3100 4400; x_wconf 90' lang='lat' dir='ltr'><strong>ita</strong></span> <span class='ocrx_word' id='word_1_625' title='bbox 3129 4344 3406 4417; x_wconf 86' lang='lat' dir='ltr'><strong>colligunt,</strong></span> <span class='ocrx_word' id='word_1_626' title='bbox 3438 4346 3569 4400; x_wconf 92' lang='lat' dir='ltr'><strong>nihil</strong></span> <span class='ocrx_word' id='word_1_627' title='bbox 3593 4346 3815 4406; x_wconf 87' lang='lat' dir='ltr'><strong>habent</strong></span> <span class='ocrx_word' id='word_1_628' title='bbox 3840 4364 3878 4407; x_wconf 78' lang='grc' dir='ltr'><strong>ϐ</strong></span> 
     </span>
    </p>
   </div>
   <div class='ocr_carea' id='block_1_87' title="bbox 2250 4438 3874 4515">
    <p class='ocr_par' dir='ltr' id='par_1_87' title="bbox 2250 4438 3874 4515">
     <span class='ocr_line' id='line_1_87' title="bbox 2250 4438 3874 4515; baseline 0.002 -18"><span class='ocrx_word' id='word_1_629' title='bbox 2250 4452 2423 4509; x_wconf 78' lang='lat' dir='ltr'><strong>textu,</strong></span> <span class='ocrx_word' id='word_1_630' title='bbox 2455 4440 2637 4496; x_wconf 88' lang='lat' dir='ltr'><strong>nihile</strong></span> <span class='ocrx_word' id='word_1_631' title='bbox 2663 4441 2899 4515; x_wconf 86' lang='lat' dir='ltr'><strong>receptis</strong></span> <span class='ocrx_word' id='word_1_632' title='bbox 2933 4440 3081 4495; x_wconf 89' lang='lat' dir='ltr'><strong>illius</strong></span> <span class='ocrx_word' id='word_1_633' title='bbox 3108 4439 3288 4493; x_wconf 69' lang='lat' dir='ltr'><strong>sazculi</strong></span> <span class='ocrx_word' id='word_1_634' title='bbox 3314 4438 3576 4506; x_wconf 88' lang='lat' dir='ltr'><strong>moribus,</strong></span> <span class='ocrx_word' id='word_1_635' title='bbox 3601 4443 3874 4500; x_wconf 89' lang='lat' dir='ltr'><strong>subsidii.</strong></span> 
     </span>
    </p>
   </div>
   <div class='ocr_carea' id='block_1_88' title="bbox 2251 4534 3876 4607">
    <p class='ocr_par' dir='ltr' id='par_1_88' title="bbox 2251 4534 3876 4607">
     <span class='ocr_line' id='line_1_88' title="bbox 2251 4534 3876 4607; baseline 0.001 -13"><span class='ocrx_word' id='word_1_636' title='bbox 2251 4537 2506 4607; x_wconf 87' lang='lat' dir='ltr'><strong>Sequitur</strong></span> <span class='ocrx_word' id='word_1_637' title='bbox 2519 4538 2695 4606; x_wconf 87' lang='lat' dir='ltr'><strong>itaque</strong></span> <span class='ocrx_word' id='word_1_638' title='bbox 2712 4554 2779 4591; x_wconf 88' lang='lat' dir='ltr'><strong>ne</strong></span> <span class='ocrx_word' id='word_1_639' title='bbox 2805 4536 2951 4606; x_wconf 89' lang='lat' dir='ltr'><strong>ipsos</strong></span> <span class='ocrx_word' id='word_1_640' title='bbox 2978 4534 3194 4607; x_wconf 89' lang='lat' dir='ltr'><strong>quidem</strong></span> <span class='ocrx_word' id='word_1_641' title='bbox 3208 4536 3482 4603; x_wconf 87' lang='lat' dir='ltr'><strong>apostolos</strong></span> <span class='ocrx_word' id='word_1_642' title='bbox 3494 4535 3703 4592; x_wconf 86' lang='lat' dir='ltr'><strong>donum</strong></span> <span class='ocrx_word' id='word_1_643' title='bbox 3731 4537 3876 4595; x_wconf 88' lang='lat' dir='ltr'><strong>illud</strong></span> 
     </span>
    </p>
   </div>
   <div class='ocr_carea' id='block_1_89' title="bbox 2248 4629 3877 4709">
    <p class='ocr_par' dir='ltr' id='par_1_89' title="bbox 2248 4629 3877 4709">
     <span class='ocr_line' id='line_1_89' title="bbox 2248 4629 3877 4709; baseline 0.001 -22"><span class='ocrx_word' id='word_1_644' title='bbox 2248 4632 2304 4687; x_wconf 89' lang='lat' dir='ltr'><strong>in</strong></span> <span class='ocrx_word' id='word_1_645' title='bbox 2332 4630 2649 4687; x_wconf 89' lang='lat' dir='ltr'><strong>ordinandis</strong></span> <span class='ocrx_word' id='word_1_646' title='bbox 2675 4629 2919 4701; x_wconf 63' lang='lat' dir='ltr'><strong>exegisse</strong></span> <span class='ocrx_word' id='word_1_647' title='bbox 2945 4631 3226 4701; x_wconf 64' lang='lat' dir='ltr'><strong>praevium,</strong></span> <span class='ocrx_word' id='word_1_648' title='bbox 3247 4643 3347 4687; x_wconf 88' lang='lat' dir='ltr'><strong>nec</strong></span> <span class='ocrx_word' id='word_1_649' title='bbox 3366 4630 3507 4686; x_wconf 88' lang='lat' dir='ltr'><strong>inter</strong></span> <span class='ocrx_word' id='word_1_650' title='bbox 3531 4636 3877 4709; x_wconf 76' lang='grc' dir='ltr'><em>χαρίσματα</em></span> 
     </span>
    </p>
   </div>
   <div class='ocr_carea' id='block_1_90' title="bbox 613 4725 3873 4800">
    <p class='ocr_par' dir='ltr' id='par_1_90' title="bbox 613 4725 3873 4800">
     <span class='ocr_line' id='line_1_90' title="bbox 613 4725 3873 4800; baseline 0.001 -19"><span class='ocrx_word' id='word_1_651' title='bbox 613 4726 642 4797; x_wconf 87' lang='lat'>§</span> <span class='ocrx_word' id='word_1_652' title='bbox 667 4725 875 4784; x_wconf 80' lang='lat' dir='ltr'><strong>&#39;5.—Ut</strong></span> <span class='ocrx_word' id='word_1_653' title='bbox 900 4734 1081 4784; x_wconf 86' lang='lat' dir='ltr'><strong>autem</strong></span> <span class='ocrx_word' id='word_1_654' title='bbox 1099 4728 1281 4784; x_wconf 91' lang='lat' dir='ltr'><strong>omnia</strong></span> <span class='ocrx_word' id='word_1_655' title='bbox 1305 4727 1562 4785; x_wconf 63' lang='lat' dir='ltr'><strong>Ecclesiae</strong></span> <span class='ocrx_word' id='word_1_656' title='bbox 1584 4742 1807 4784; x_wconf 87' lang='lat' dir='ltr'><strong>munera</strong></span> <span class='ocrx_word' id='word_1_657' title='bbox 1825 4728 2018 4799; x_wconf 87' lang='lat' dir='ltr'><strong>primis</strong></span> <span class='ocrx_word' id='word_1_658' title='bbox 2035 4727 2143 4783; x_wconf 87' lang='lat' dir='ltr'><strong>illis</strong></span> <span class='ocrx_word' id='word_1_659' title='bbox 2167 4733 2222 4794; x_wconf 86' lang='lat'><strong>1)</strong></span> <span class='ocrx_word' id='word_1_660' title='bbox 2248 4726 2362 4795; x_wconf 88' lang='lat' dir='ltr'><strong>ipsa</strong></span> <span class='ocrx_word' id='word_1_661' title='bbox 2400 4741 2655 4781; x_wconf 88' lang='lat' dir='ltr'><strong>manuum</strong></span> <span class='ocrx_word' id='word_1_662' title='bbox 2708 4725 3053 4795; x_wconf 79' lang='lat' dir='ltr'><strong>impositione</strong></span> <span class='ocrx_word' id='word_1_663' title='bbox 3084 4727 3278 4782; x_wconf 83' lang='lat' dir='ltr'><strong>collata</strong></span> <span class='ocrx_word' id='word_1_664' title='bbox 3331 4727 3511 4783; x_wconf 91' lang='lat' dir='ltr'><strong>locum</strong></span> <span class='ocrx_word' id='word_1_665' title='bbox 3563 4727 3873 4800; x_wconf 88' lang='lat' dir='ltr'><strong>habuisse;</strong></span> 
     </span>
    </p>
   </div>
   <div class='ocr_carea' id='block_1_91' title="bbox 543 4817 2145 4894">
    <p class='ocr_par' dir='ltr' id='par_1_91' title="bbox 543 4817 2145 4894">
     <span class='ocr_line' id='line_1_91' title="bbox 543 4817 2145 4894; baseline 0.002 -21"><span class='ocrx_word' id='word_1_666' title='bbox 543 4817 843 4889; x_wconf 81' lang='lat' dir='ltr'><strong>originibus</strong></span> <span class='ocrx_word' id='word_1_667' title='bbox 867 4821 1299 4878; x_wconf 85' lang='lat' dir='ltr'><strong>extraordinario</strong></span> <span class='ocrx_word' id='word_1_668' title='bbox 1321 4822 1555 4894; x_wconf 86' lang='lat' dir='ltr'><strong>Spiritus</strong></span> <span class='ocrx_word' id='word_1_669' title='bbox 1582 4822 1763 4879; x_wconf 89' lang='lat' dir='ltr'><strong>Sancti</strong></span> <span class='ocrx_word' id='word_1_670' title='bbox 1805 4823 2004 4879; x_wconf 76' lang='lat' dir='ltr'><strong>auxilio</strong></span> <span class='ocrx_word' id='word_1_671' title='bbox 2051 4822 2145 4877; x_wconf 80' lang='lat' dir='ltr'><strong>ad-</strong></span> 
     </span>
    </p>
   </div>
   <div class='ocr_carea' id='block_1_92' title="bbox 542 4913 2142 4990">
    <p class='ocr_par' dir='ltr' id='par_1_92' title="bbox 542 4913 2142 4990">
     <span class='ocr_line' id='line_1_92' title="bbox 542 4913 2142 4990; baseline 0.003 -20"><span class='ocrx_word' id='word_1_672' title='bbox 542 4913 844 4970; x_wconf 90' lang='lat' dir='ltr'><strong>ministrata</strong></span> <span class='ocrx_word' id='word_1_673' title='bbox 871 4925 1031 4985; x_wconf 87' lang='lat' dir='ltr'><strong>sunt;</strong></span> <span class='ocrx_word' id='word_1_674' title='bbox 1070 4917 1210 4973; x_wconf 89' lang='lat' dir='ltr'><strong>idem</strong></span> <span class='ocrx_word' id='word_1_675' title='bbox 1237 4926 1292 4973; x_wconf 91' lang='lat' dir='ltr'><strong>et</strong></span> <span class='ocrx_word' id='word_1_676' title='bbox 1322 4919 1375 4972; x_wconf 95' lang='lat' dir='ltr'><strong>in</strong></span> <span class='ocrx_word' id='word_1_677' title='bbox 1402 4918 1506 4974; x_wconf 91' lang='lat' dir='ltr'><strong>hoc</strong></span> <span class='ocrx_word' id='word_1_678' title='bbox 1524 4934 1740 4990; x_wconf 87' lang='lat' dir='ltr'><strong>qu0qne</strong></span> <span class='ocrx_word' id='word_1_679' title='bbox 1757 4934 1980 4975; x_wconf 75' lang='lat' dir='ltr'><strong>nutriere</strong></span> <span class='ocrx_word' id='word_1_680' title='bbox 2007 4933 2142 4975; x_wconf 90' lang='lat' dir='ltr'><strong>con-</strong></span> 
     </span>
    </p>
   </div>
   <div class='ocr_carea' id='block_1_93' title="bbox 539 5007 2138 5082">
    <p class='ocr_par' dir='ltr' id='par_1_93' title="bbox 539 5007 2138 5082">
     <span class='ocr_line' id='line_1_93' title="bbox 539 5007 2138 5082; baseline 0.004 -20"><span class='ocrx_word' id='word_1_681' title='bbox 539 5007 726 5079; x_wconf 79' lang='lat' dir='ltr'><strong>tigisse</strong></span> <span class='ocrx_word' id='word_1_682' title='bbox 755 5017 965 5064; x_wconf 86' lang='lat' dir='ltr'><strong>certum</strong></span> <span class='ocrx_word' id='word_1_683' title='bbox 990 5019 1095 5065; x_wconf 88' lang='lat' dir='ltr'><strong>est.</strong></span> <span class='ocrx_word' id='word_1_684' title='bbox 1131 5007 1183 5066; x_wconf 87' lang='lat' dir='ltr'><strong>Id</strong></span> <span class='ocrx_word' id='word_1_685' title='bbox 1213 5011 1389 5066; x_wconf 86' lang='lat' dir='ltr'><strong>innuit</strong></span> <span class='ocrx_word' id='word_1_686' title='bbox 1418 5014 1635 5067; x_wconf 84' lang='lat' dir='ltr'><strong>verbum</strong></span> <span class='ocrx_word' id='word_1_687' title='bbox 1668 5010 1828 5069; x_wconf 74' lang='grc' dir='ltr'><strong>ἔδωκε</strong></span> <span class='ocrx_word' id='word_1_688' title='bbox 1863 5011 2026 5082; x_wconf 56' lang='lat' dir='ltr'><strong>Eph,</strong></span> <span class='ocrx_word' id='word_1_689' title='bbox 2064 5028 2138 5079; x_wconf 85' lang='lat' dir='ltr'><strong>Iv,</strong></span> 
     </span>
    </p>
   </div>
   <div class='ocr_carea' id='block_1_94' title="bbox 542 5096 2135 5171">
    <p class='ocr_par' dir='ltr' id='par_1_94' title="bbox 542 5096 2135 5171">
     <span class='ocr_line' id='line_1_94' title="bbox 542 5096 2135 5171; baseline 0.004 -18"><span class='ocrx_word' id='word_1_690' title='bbox 542 5098 631 5167; x_wconf 79' lang='grc'><strong>11,</strong></span> <span class='ocrx_word' id='word_1_691' title='bbox 663 5096 1003 5155; x_wconf 88' lang='lat' dir='ltr'><strong>referendum</strong></span> <span class='ocrx_word' id='word_1_692' title='bbox 1035 5100 1177 5155; x_wconf 91' lang='lat' dir='ltr'><strong>enim</strong></span> <span class='ocrx_word' id='word_1_693' title='bbox 1209 5101 1276 5156; x_wconf 91' lang='lat' dir='ltr'><strong>ad</strong></span> <span class='ocrx_word' id='word_1_694' title='bbox 1303 5100 1480 5158; x_wconf 92' lang='lat' dir='ltr'><strong>locum</strong></span> <span class='ocrx_word' id='word_1_695' title='bbox 1528 5102 1615 5158; x_wconf 91' lang='lat' dir='ltr'><strong>Ps.</strong></span> <span class='ocrx_word' id='word_1_696' title='bbox 1649 5120 1832 5169; x_wconf 80' lang='lat' dir='ltr'><strong>vaut,</strong></span> <span class='ocrx_word' id='word_1_697' title='bbox 1877 5104 1963 5169; x_wconf 80' lang='grc'>19,</span> <span class='ocrx_word' id='word_1_698' title='bbox 1999 5120 2050 5159; x_wconf 83' lang='grc' dir='ltr'><strong>ν.</strong></span> <span class='ocrx_word' id='word_1_699' title='bbox 2080 5104 2135 5171; x_wconf 88' lang='lat'><strong>8,</strong></span> 
     </span>
    </p>
   </div>
   <div class='ocr_carea' id='block_1_95' title="bbox 542 5180 2139 5274">
    <p class='ocr_par' dir='ltr' id='par_1_95' title="bbox 542 5180 2139 5274">
     <span class='ocr_line' id='line_1_95' title="bbox 542 5180 2139 5274; baseline 0.003 -27"><span class='ocrx_word' id='word_1_700' title='bbox 542 5192 817 5249; x_wconf 88' lang='lat' dir='ltr'><strong>laudatum</strong></span> <span class='ocrx_word' id='word_1_701' title='bbox 852 5211 866 5248; x_wconf 89' lang='lat'><strong>:</strong></span> <span class='ocrx_word' id='word_1_702' title='bbox 900 5180 1075 5251; x_wconf 69' lang='grc' dir='ltr'><strong>Ιῖδωκε</strong></span> <span class='ocrx_word' id='word_1_703' title='bbox 1105 5193 1308 5271; x_wconf 78' lang='grc' dir='ltr'><em>δόματα</em></span> <span class='ocrx_word' id='word_1_704' title='bbox 1345 5203 1453 5259; x_wconf 81' lang='grc' dir='ltr'><strong>τοῖς</strong></span> <span class='ocrx_word' id='word_1_705' title='bbox 1505 5200 1811 5274; x_wconf 78' lang='grc' dir='ltr'><strong>ἀνθρώποις.</strong></span> <span class='ocrx_word' id='word_1_706' title='bbox 1841 5196 1980 5254; x_wconf 83' lang='lat' dir='ltr'><strong>Sunt</strong></span> <span class='ocrx_word' id='word_1_707' title='bbox 2011 5212 2139 5268; x_wconf 87' lang='lat' dir='ltr'><strong>ergo</strong></span> 
     </span>
    </p>
   </div>
   <div class='ocr_carea' id='block_1_96' title="bbox 542 5287 2143 5366">
    <p class='ocr_par' dir='ltr' id='par_1_96' title="bbox 542 5287 2143 5366">
     <span class='ocr_line' id='line_1_96' title="bbox 542 5287 2143 5366; baseline 0.003 -23"><span class='ocrx_word' id='word_1_708' title='bbox 542 5289 702 5344; x_wconf 88' lang='lat' dir='ltr'><strong>etiam</strong></span> <span class='ocrx_word' id='word_1_709' title='bbox 727 5287 985 5345; x_wconf 89' lang='lat' dir='ltr'><strong>doctores</strong></span> <span class='ocrx_word' id='word_1_710' title='bbox 1003 5289 1112 5344; x_wconf 91' lang='lat' dir='ltr'><strong>illis</strong></span> <span class='ocrx_word' id='word_1_711' title='bbox 1136 5288 1355 5366; x_wconf 80' lang='grc' dir='ltr'><strong>δόμοισιν</strong></span> <span class='ocrx_word' id='word_1_712' title='bbox 1376 5292 1723 5348; x_wconf 85' lang='lat' dir='ltr'><strong>accensendi.</strong></span> <span class='ocrx_word' id='word_1_713' title='bbox 1752 5292 1985 5347; x_wconf 84' lang='lat' dir='ltr'><strong>Proinde</strong></span> <span class='ocrx_word' id='word_1_714' title='bbox 2004 5293 2143 5348; x_wconf 90' lang='lat' dir='ltr'><strong>inter</strong></span> 
     </span>
    </p>
   </div>
   <div class='ocr_carea' id='block_1_97' title="bbox 543 5379 2139 5461">
    <p class='ocr_par' dir='ltr' id='par_1_97' title="bbox 543 5379 2139 5461">
     <span class='ocr_line' id='line_1_97' title="bbox 543 5379 2139 5461; baseline 0.002 -23"><span class='ocrx_word' id='word_1_715' title='bbox 543 5379 775 5454; x_wconf 86' lang='lat' dir='ltr'><strong>Spiritus</strong></span> <span class='ocrx_word' id='word_1_716' title='bbox 806 5385 1123 5461; x_wconf 81' lang='grc' dir='ltr'><em>χαρίσματα</em></span> <span class='ocrx_word' id='word_1_717' title='bbox 1158 5387 1418 5441; x_wconf 87' lang='lat' dir='ltr'><strong>habemus</strong></span> <span class='ocrx_word' id='word_1_718' title='bbox 1449 5384 1799 5453; x_wconf 75' lang='grc' dir='ltr'><strong>διδασκαλία-δ,</strong></span> <span class='ocrx_word' id='word_1_719' title='bbox 1830 5386 2014 5450; x_wconf 82' lang='lat' dir='ltr'><strong>Rom.,</strong></span> <span class='ocrx_word' id='word_1_720' title='bbox 2045 5403 2139 5457; x_wconf 82' lang='lat' dir='ltr'><strong>xu,</strong></span> 
     </span>
    </p>
   </div>
   <div class='ocr_carea' id='block_1_98' title="bbox 542 5472 2141 5553">
    <p class='ocr_par' dir='ltr' id='par_1_98' title="bbox 542 5472 2141 5553">
     <span class='ocr_line' id='line_1_98' title="bbox 542 5472 2141 5553; baseline 0.004 -25"><span class='ocrx_word' id='word_1_721' title='bbox 542 5472 594 5533; x_wconf 82' lang='lat'><strong>6.</strong></span> <span class='ocrx_word' id='word_1_722' title='bbox 624 5474 657 5527; x_wconf 87' lang='lat'><strong>7</strong></span> <span class='ocrx_word' id='word_1_723' title='bbox 678 5492 694 5531; x_wconf 86' lang='lat'><strong>:</strong></span> <span class='ocrx_word' id='word_1_724' title='bbox 719 5478 1028 5552; x_wconf 75' lang='grc' dir='ltr'><strong>προφητείαν</strong></span> <span class='ocrx_word' id='word_1_725' title='bbox 1043 5489 1096 5532; x_wconf 91' lang='lat' dir='ltr'><strong>et</strong></span> <span class='ocrx_word' id='word_1_726' title='bbox 1111 5475 1354 5553; x_wconf 73' lang='grc' dir='ltr'><strong>διδαχὴν,</strong></span> <span class='ocrx_word' id='word_1_727' title='bbox 1378 5477 1565 5545; x_wconf 82' lang='lat' dir='ltr'><strong>lCor.,</strong></span> <span class='ocrx_word' id='word_1_728' title='bbox 1589 5494 1702 5546; x_wconf 77' lang='lat' dir='ltr'><strong>tttv,</strong></span> <span class='ocrx_word' id='word_1_729' title='bbox 1728 5478 1782 5546; x_wconf 84' lang='lat'><strong>6,</strong></span> <span class='ocrx_word' id='word_1_730' title='bbox 1811 5480 1877 5534; x_wconf 89' lang='lat' dir='ltr'><strong>ad</strong></span> <span class='ocrx_word' id='word_1_731' title='bbox 1894 5480 2141 5537; x_wconf 87' lang='lat' dir='ltr'><strong>eamdem</strong></span> 
     </span>
    </p>
   </div>
   <div class='ocr_carea' id='block_1_99' title="bbox 541 5568 2145 5653">
    <p class='ocr_par' dir='ltr' id='par_1_99' title="bbox 541 5568 2145 5653">
     <span class='ocr_line' id='line_1_99' title="bbox 541 5568 2145 5653; baseline 0.007 -32"><span class='ocrx_word' id='word_1_732' title='bbox 541 5568 703 5641; x_wconf 85' lang='lat' dir='ltr'><strong>plane</strong></span> <span class='ocrx_word' id='word_1_733' title='bbox 726 5568 950 5626; x_wconf 91' lang='lat' dir='ltr'><strong>formam</strong></span> <span class='ocrx_word' id='word_1_734' title='bbox 979 5588 1084 5643; x_wconf 87' lang='lat' dir='ltr'><strong>qua</strong></span> <span class='ocrx_word' id='word_1_735' title='bbox 1124 5587 1286 5646; x_wconf 88' lang='lat' dir='ltr'><strong>supra</strong></span> <span class='ocrx_word' id='word_1_736' title='bbox 1335 5574 1591 5644; x_wconf 87' lang='lat' dir='ltr'><strong>c0njnngi</strong></span> <span class='ocrx_word' id='word_1_737' title='bbox 1620 5572 1850 5628; x_wconf 85' lang='lat' dir='ltr'><strong>vidimus</strong></span> <span class='ocrx_word' id='word_1_738' title='bbox 1878 5578 2145 5653; x_wconf 76' lang='grc' dir='ltr'><strong>προφήτας</strong></span> 
     </span>
    </p>
   </div>
   <div class='ocr_carea' id='block_1_100' title="bbox 541 5657 2143 5739">
    <p class='ocr_par' dir='ltr' id='par_1_100' title="bbox 541 5657 2143 5739">
     <span class='ocr_line' id='line_1_100' title="bbox 541 5657 2143 5739; baseline 0.006 -25"><span class='ocrx_word' id='word_1_739' title='bbox 541 5668 703 5732; x_wconf 88' lang='lat' dir='ltr'><strong>atque</strong></span> <span class='ocrx_word' id='word_1_740' title='bbox 731 5657 1088 5727; x_wconf 72' lang='grc' dir='ltr'><strong>διδασκάλους.</strong></span> <span class='ocrx_word' id='word_1_741' title='bbox 1114 5663 1344 5733; x_wconf 79' lang='lat' dir='ltr'><strong>Rursus,</strong></span> <span class='ocrx_word' id='word_1_742' title='bbox 1369 5666 1523 5734; x_wconf 80' lang='lat' dir='ltr'><strong>ibid.,</strong></span> <span class='ocrx_word' id='word_1_743' title='bbox 1551 5664 1799 5739; x_wconf 66' lang='grc' dir='ltr'><strong>διδαχὴν,</strong></span> <span class='ocrx_word' id='word_1_744' title='bbox 1822 5682 1879 5722; x_wconf 90' lang='lat' dir='ltr'><strong>v.</strong></span> <span class='ocrx_word' id='word_1_745' title='bbox 1907 5666 2003 5720; x_wconf 58' lang='grc' dir='ltr'><strong>2η).</strong></span> <span class='ocrx_word' id='word_1_746' title='bbox 2035 5666 2143 5724; x_wconf 88' lang='lat' dir='ltr'><strong>Nec</strong></span> 
     </span>
    </p>
   </div>
   <div class='ocr_carea' id='block_1_101' title="bbox 541 5741 2141 5817">
    <p class='ocr_par' dir='ltr' id='par_1_101' title="bbox 541 5741 2141 5817">
     <span class='ocr_line' id='line_1_101' title="bbox 541 5741 2141 5817; baseline 0.006 -9"><span class='ocrx_word' id='word_1_747' title='bbox 541 5753 703 5810; x_wconf 87' lang='lat' dir='ltr'><strong>aliam</strong></span> <span class='ocrx_word' id='word_1_748' title='bbox 734 5750 900 5811; x_wconf 89' lang='lat' dir='ltr'><strong>fuisse</strong></span> <span class='ocrx_word' id='word_1_749' title='bbox 923 5756 1203 5815; x_wconf 90' lang='lat' dir='ltr'><strong>doctorum</strong></span> <span class='ocrx_word' id='word_1_750' title='bbox 1247 5741 1613 5816; x_wconf 75' lang='lat' dir='ltr'><strong>africanoruni</strong></span> <span class='ocrx_word' id='word_1_751' title='bbox 1656 5761 1922 5815; x_wconf 89' lang='lat' dir='ltr'><strong>rationem</strong></span> <span class='ocrx_word' id='word_1_752' title='bbox 1953 5768 2141 5817; x_wconf 78' lang='lat' dir='ltr'><strong>osten-</strong></span> 
     </span>
    </p>
   </div>
   <div class='ocr_carea' id='block_1_102' title="bbox 544 5848 2140 5926">
    <p class='ocr_par' dir='ltr' id='par_1_102' title="bbox 544 5848 2140 5926">
     <span class='ocr_line' id='line_1_102' title="bbox 544 5848 2140 5926; baseline 0.004 -23"><span class='ocrx_word' id='word_1_753' title='bbox 544 5848 679 5905; x_wconf 86' lang='lat' dir='ltr'><strong>dunt</strong></span> <span class='ocrx_word' id='word_1_754' title='bbox 727 5848 815 5905; x_wconf 85' lang='lat' dir='ltr'><strong>illa</strong></span> <span class='ocrx_word' id='word_1_755' title='bbox 862 5867 982 5923; x_wconf 76' lang='lat' dir='ltr'><strong>qua:</strong></span> <span class='ocrx_word' id='word_1_756' title='bbox 1030 5853 1280 5925; x_wconf 87' lang='lat' dir='ltr'><strong>superius</strong></span> <span class='ocrx_word' id='word_1_757' title='bbox 1331 5870 1364 5911; x_wconf 89' lang='lat' dir='ltr'><strong>e</strong></span> <span class='ocrx_word' id='word_1_758' title='bbox 1406 5853 1741 5910; x_wconf 85' lang='lat' dir='ltr'><strong>Tertulliano</strong></span> <span class='ocrx_word' id='word_1_759' title='bbox 1789 5852 2140 5926; x_wconf 78' lang='lat' dir='ltr'><strong>produximus</strong></span> 
     </span>
    </p>
   </div>
   <div class='ocr_carea' id='block_1_103' title="bbox 582 5944 2133 6024">
    <p class='ocr_par' dir='ltr' id='par_1_103' title="bbox 582 5944 2133 6024">
     <span class='ocr_line' id='line_1_103' title="bbox 582 5944 2133 6024; baseline 0.005 -25"><span class='ocrx_word' id='word_1_760' title='bbox 582 5945 897 6022; x_wconf 72' lang='lat' dir='ltr'><strong>Prceacript.,</strong></span> <span class='ocrx_word' id='word_1_761' title='bbox 915 5962 967 6003; x_wconf 86' lang='lat' dir='ltr'><strong>c.</strong></span> <span class='ocrx_word' id='word_1_762' title='bbox 996 5944 1120 6019; x_wconf 69' lang='lat'><strong>14);</strong></span> <span class='ocrx_word' id='word_1_763' title='bbox 1148 5949 1344 6021; x_wconf 87' lang='lat' dir='ltr'><strong>quibus</strong></span> <span class='ocrx_word' id='word_1_764' title='bbox 1371 5963 1530 6024; x_wconf 88' lang='lat' dir='ltr'><strong>quem</strong></span> <span class='ocrx_word' id='word_1_765' title='bbox 1559 5947 1833 6007; x_wconf 87' lang='lat' dir='ltr'><strong>doctorem</strong></span> <span class='ocrx_word' id='word_1_766' title='bbox 1861 5946 2133 6024; x_wconf 87' lang='lat' dir='ltr'><strong>appellat,</strong></span> 
     </span>
    </p>
   </div>
   <div class='ocr_carea' id='block_1_104' title="bbox 2244 4818 3875 4895">
    <p class='ocr_par' dir='ltr' id='par_1_104' title="bbox 2244 4818 3875 4895">
     <span class='ocr_line' id='line_1_104' title="bbox 2244 4818 3875 4895; baseline 0.004 -21"><span class='ocrx_word' id='word_1_767' title='bbox 2244 4819 2341 4874; x_wconf 90' lang='lat' dir='ltr'><strong>sed</strong></span> <span class='ocrx_word' id='word_1_768' title='bbox 2373 4834 2473 4874; x_wconf 86' lang='lat' dir='ltr'><strong>nec</strong></span> <span class='ocrx_word' id='word_1_769' title='bbox 2501 4818 2667 4872; x_wconf 90' lang='lat' dir='ltr'><strong>Deum</strong></span> <span class='ocrx_word' id='word_1_770' title='bbox 2715 4818 2916 4885; x_wconf 90' lang='lat' dir='ltr'><strong>ipsum,</strong></span> <span class='ocrx_word' id='word_1_771' title='bbox 2950 4819 3105 4890; x_wconf 86' lang='lat' dir='ltr'><strong>cujus</strong></span> <span class='ocrx_word' id='word_1_772' title='bbox 3136 4828 3266 4873; x_wconf 91' lang='lat' dir='ltr'><strong>nutu</strong></span> <span class='ocrx_word' id='word_1_773' title='bbox 3314 4821 3494 4875; x_wconf 88' lang='lat' dir='ltr'><strong>omnia</strong></span> <span class='ocrx_word' id='word_1_774' title='bbox 3540 4832 3670 4876; x_wconf 89' lang='lat' dir='ltr'><strong>tunc</strong></span> <span class='ocrx_word' id='word_1_775' title='bbox 3703 4834 3875 4895; x_wconf 85' lang='lat' dir='ltr'><strong>gesta</strong></span> 
     </span>
    </p>
   </div>
   <div class='ocr_carea' id='block_1_105' title="bbox 2246 4910 3878 4985">
    <p class='ocr_par' dir='ltr' id='par_1_105' title="bbox 2246 4910 3878 4985">
     <span class='ocr_line' id='line_1_105' title="bbox 2246 4910 3878 4985; baseline 0.005 -17"><span class='ocrx_word' id='word_1_776' title='bbox 2246 4923 2391 4981; x_wconf 92' lang='lat' dir='ltr'><strong>sunt,</strong></span> <span class='ocrx_word' id='word_1_777' title='bbox 2420 4912 2619 4982; x_wconf 87' lang='lat' dir='ltr'><strong>quique</strong></span> <span class='ocrx_word' id='word_1_778' title='bbox 2650 4910 2910 4967; x_wconf 82' lang='lat' dir='ltr'><strong>Ecclesiae</strong></span> <span class='ocrx_word' id='word_1_779' title='bbox 2935 4912 2989 4967; x_wconf 91' lang='lat' dir='ltr'><strong>in</strong></span> <span class='ocrx_word' id='word_1_780' title='bbox 3010 4914 3333 4969; x_wconf 85' lang='lat' dir='ltr'><strong>necessariis</strong></span> <span class='ocrx_word' id='word_1_781' title='bbox 3365 4930 3469 4968; x_wconf 88' lang='lat' dir='ltr'><strong>non</strong></span> <span class='ocrx_word' id='word_1_782' title='bbox 3499 4919 3878 4985; x_wconf 87' lang='lat' dir='ltr'><strong>eratprocul-</strong></span> 
     </span>
    </p>
   </div>
   <div class='ocr_carea' id='block_1_106' title="bbox 2245 5005 3878 5077">
    <p class='ocr_par' dir='ltr' id='par_1_106' title="bbox 2245 5005 3878 5077">
     <span class='ocr_line' id='line_1_106' title="bbox 2245 5005 3878 5077; baseline 0.006 -16"><span class='ocrx_word' id='word_1_783' title='bbox 2245 5006 2409 5062; x_wconf 89' lang='lat' dir='ltr'><strong>dubio</strong></span> <span class='ocrx_word' id='word_1_784' title='bbox 2430 5006 2734 5072; x_wconf 89' lang='lat' dir='ltr'><strong>defuturus,</strong></span> <span class='ocrx_word' id='word_1_785' title='bbox 2765 5005 2871 5060; x_wconf 87' lang='lat' dir='ltr'><strong>tale</strong></span> <span class='ocrx_word' id='word_1_786' title='bbox 2905 5006 3005 5060; x_wconf 89' lang='lat' dir='ltr'><strong>hoc</strong></span> <span class='ocrx_word' id='word_1_787' title='bbox 3036 5006 3273 5061; x_wconf 85' lang='lat' dir='ltr'><strong>ofﬁcium</strong></span> <span class='ocrx_word' id='word_1_788' title='bbox 3306 5008 3624 5077; x_wconf 89' lang='lat' dir='ltr'><strong>instituisse,</strong></span> <span class='ocrx_word' id='word_1_789' title='bbox 3679 5022 3748 5066; x_wconf 90' lang='lat' dir='ltr'><strong>ut</strong></span> <span class='ocrx_word' id='word_1_790' title='bbox 3800 5013 3878 5070; x_wconf 85' lang='lat' dir='ltr'><strong>ad</strong></span> 
     </span>
    </p>
   </div>
   <div class='ocr_carea' id='block_1_107' title="bbox 2241 5101 3875 5173">
    <p class='ocr_par' dir='ltr' id='par_1_107' title="bbox 2241 5101 3875 5173">
     <span class='ocr_line' id='line_1_107' title="bbox 2241 5101 3875 5173; baseline 0.003 -15"><span class='ocrx_word' id='word_1_791' title='bbox 2241 5104 2361 5173; x_wconf 86' lang='lat' dir='ltr'><strong>ejus</strong></span> <span class='ocrx_word' id='word_1_792' title='bbox 2388 5102 2915 5158; x_wconf 85' lang='lat' dir='ltr'><strong>administrationem</strong></span> <span class='ocrx_word' id='word_1_793' title='bbox 2948 5110 3092 5158; x_wconf 86' lang='lat' dir='ltr'><strong>esset</strong></span> <span class='ocrx_word' id='word_1_794' title='bbox 3123 5101 3225 5157; x_wconf 90' lang='lat' dir='ltr'><strong>hoc</strong></span> <span class='ocrx_word' id='word_1_795' title='bbox 3256 5101 3457 5158; x_wconf 89' lang='lat' dir='ltr'><strong>donum</strong></span> <span class='ocrx_word' id='word_1_796' title='bbox 3487 5104 3727 5162; x_wconf 91' lang='lat' dir='ltr'><strong>omnino</strong></span> <span class='ocrx_word' id='word_1_797' title='bbox 3762 5122 3875 5166; x_wconf 85' lang='lat' dir='ltr'><strong>ne-</strong></span> 
     </span>
    </p>
   </div>
   <div class='ocr_carea' id='block_1_108' title="bbox 2242 5200 2560 5253">
    <p class='ocr_par' dir='ltr' id='par_1_108' title="bbox 2242 5200 2560 5253">
     <span class='ocr_line' id='line_1_108' title="bbox 2242 5200 2560 5253; baseline -0.013 0"><span class='ocrx_word' id='word_1_798' title='bbox 2242 5200 2560 5253; x_wconf 90' lang='lat' dir='ltr'><strong>cessarium.</strong></span> 
     </span>
    </p>
   </div>
   <div class='ocr_carea' id='block_1_109' title="bbox 2318 5286 3881 5361">
    <p class='ocr_par' dir='ltr' id='par_1_109' title="bbox 2318 5286 3881 5361">
     <span class='ocr_line' id='line_1_109' title="bbox 2318 5286 3881 5361; baseline 0.007 -19"><span class='ocrx_word' id='word_1_799' title='bbox 2318 5290 2345 5361; x_wconf 83' lang='lat'><strong>§</strong></span> <span class='ocrx_word' id='word_1_800' title='bbox 2375 5291 2428 5346; x_wconf 79' lang='lat'><strong>5.</strong></span> <span class='ocrx_word' id='word_1_801' title='bbox 2454 5318 2526 5330; x_wconf 92' lang='grc'><strong>--</strong></span> <span class='ocrx_word' id='word_1_802' title='bbox 2552 5286 2686 5343; x_wconf 84' lang='lat' dir='ltr'><strong>Cum</strong></span> <span class='ocrx_word' id='word_1_803' title='bbox 2719 5287 2881 5343; x_wconf 88' lang='lat' dir='ltr'><strong>etiam</strong></span> <span class='ocrx_word' id='word_1_804' title='bbox 2910 5303 2974 5345; x_wconf 72' lang='lat' dir='ltr'><strong>ex</strong></span> <span class='ocrx_word' id='word_1_805' title='bbox 3001 5288 3234 5358; x_wconf 89' lang='lat' dir='ltr'><strong>receptis</strong></span> <span class='ocrx_word' id='word_1_806' title='bbox 3254 5290 3431 5344; x_wconf 69' lang='lat' dir='ltr'><strong>aetatis</strong></span> <span class='ocrx_word' id='word_1_807' title='bbox 3461 5305 3574 5345; x_wconf 70' lang='lat' dir='ltr'><strong>sua:</strong></span> <span class='ocrx_word' id='word_1_808' title='bbox 3605 5293 3881 5354; x_wconf 83' lang='lat' dir='ltr'><strong>moribus</strong></span> 
     </span>
    </p>
   </div>
   <div class='ocr_carea' id='block_1_110' title="bbox 2244 5383 3884 5459">
    <p class='ocr_par' dir='ltr' id='par_1_110' title="bbox 2244 5383 3884 5459">
     <span class='ocr_line' id='line_1_110' title="bbox 2244 5383 3884 5459; baseline 0 -18"><span class='ocrx_word' id='word_1_809' title='bbox 2244 5401 2371 5441; x_wconf 89' lang='lat' dir='ltr'><strong>suas</strong></span> <span class='ocrx_word' id='word_1_810' title='bbox 2421 5384 2739 5454; x_wconf 90' lang='lat' dir='ltr'><strong>plerumque</strong></span> <span class='ocrx_word' id='word_1_811' title='bbox 2790 5383 3212 5439; x_wconf 87' lang='lat' dir='ltr'><strong>consuetudines</strong></span> <span class='ocrx_word' id='word_1_812' title='bbox 3279 5394 3466 5439; x_wconf 91' lang='lat' dir='ltr'><strong>mutuo</strong></span> <span class='ocrx_word' id='word_1_813' title='bbox 3536 5392 3884 5459; x_wconf 79' lang='lat' dir='ltr'><strong>acceperim;</strong></span> 
     </span>
    </p>
   </div>
   <div class='ocr_carea' id='block_1_111' title="bbox 2247 5474 3883 5547">
    <p class='ocr_par' dir='ltr' id='par_1_111' title="bbox 2247 5474 3883 5547">
     <span class='ocr_line' id='line_1_111' title="bbox 2247 5474 3883 5547; baseline -0.003 -14"><span class='ocrx_word' id='word_1_814' title='bbox 2247 5474 2563 5541; x_wconf 83' lang='lat' dir='ltr'><strong>christiani;</strong></span> <span class='ocrx_word' id='word_1_815' title='bbox 2592 5474 2679 5530; x_wconf 87' lang='lat' dir='ltr'><strong>vix</strong></span> <span class='ocrx_word' id='word_1_816' title='bbox 2705 5484 2834 5547; x_wconf 89' lang='lat' dir='ltr'><strong>puto</strong></span> <span class='ocrx_word' id='word_1_817' title='bbox 2853 5475 3016 5531; x_wconf 92' lang='lat' dir='ltr'><strong>ullum</strong></span> <span class='ocrx_word' id='word_1_818' title='bbox 3051 5474 3221 5532; x_wconf 89' lang='lat' dir='ltr'><strong>fuisse</strong></span> <span class='ocrx_word' id='word_1_819' title='bbox 3251 5477 3560 5547; x_wconf 84' lang='lat' dir='ltr'><strong>exemplum</strong></span> <span class='ocrx_word' id='word_1_820' title='bbox 3597 5494 3720 5547; x_wconf 89' lang='lat' dir='ltr'><strong>quo</strong></span> <span class='ocrx_word' id='word_1_821' title='bbox 3764 5482 3883 5541; x_wconf 82' lang='lat' dir='ltr'><strong>do-</strong></span> 
     </span>
    </p>
   </div>
   <div class='ocr_carea' id='block_1_112' title="bbox 2246 5570 3880 5635">
    <p class='ocr_par' dir='ltr' id='par_1_112' title="bbox 2246 5570 3880 5635">
     <span class='ocr_line' id='line_1_112' title="bbox 2246 5570 3880 5635; baseline -0.002 -8"><span class='ocrx_word' id='word_1_822' title='bbox 2246 5571 2401 5627; x_wconf 86' lang='lat' dir='ltr'><strong>ceudi</strong></span> <span class='ocrx_word' id='word_1_823' title='bbox 2445 5585 2641 5625; x_wconf 91' lang='lat' dir='ltr'><strong>munus</strong></span> <span class='ocrx_word' id='word_1_824' title='bbox 2667 5585 2788 5626; x_wconf 89' lang='lat' dir='ltr'><strong>cum</strong></span> <span class='ocrx_word' id='word_1_825' title='bbox 2823 5572 3126 5627; x_wconf 89' lang='lat' dir='ltr'><strong>sacerdotio</strong></span> <span class='ocrx_word' id='word_1_826' title='bbox 3169 5580 3314 5628; x_wconf 89' lang='lat' dir='ltr'><strong>esset</strong></span> <span class='ocrx_word' id='word_1_827' title='bbox 3357 5570 3675 5628; x_wconf 77' lang='lat' dir='ltr'><strong>necessario</strong></span> <span class='ocrx_word' id='word_1_828' title='bbox 3727 5591 3880 5635; x_wconf 82' lang='lat' dir='ltr'><strong>con-</strong></span> 
     </span>
    </p>
   </div>
   <div class='ocr_carea' id='block_1_113' title="bbox 2242 5663 3878 5738">
    <p class='ocr_par' dir='ltr' id='par_1_113' title="bbox 2242 5663 3878 5738">
     <span class='ocr_line' id='line_1_113' title="bbox 2242 5663 3878 5738; baseline 0.006 -18"><span class='ocrx_word' id='word_1_829' title='bbox 2242 5665 2513 5737; x_wconf 89' lang='lat' dir='ltr'><strong>junctum.</strong></span> <span class='ocrx_word' id='word_1_830' title='bbox 2546 5663 2747 5722; x_wconf 75' lang='lat' dir='ltr'><strong>Judazis</strong></span> <span class='ocrx_word' id='word_1_831' title='bbox 2778 5665 3016 5721; x_wconf 84' lang='lat' dir='ltr'><strong>diximus</strong></span> <span class='ocrx_word' id='word_1_832' title='bbox 3040 5665 3248 5721; x_wconf 85' lang='lat' dir='ltr'><strong>scribas</strong></span> <span class='ocrx_word' id='word_1_833' title='bbox 3277 5665 3443 5723; x_wconf 88' lang='lat' dir='ltr'><strong>fuisse</strong></span> <span class='ocrx_word' id='word_1_834' title='bbox 3470 5677 3638 5738; x_wconf 87' lang='lat' dir='ltr'><strong>atque</strong></span> <span class='ocrx_word' id='word_1_835' title='bbox 3670 5670 3878 5730; x_wconf 83' lang='lat' dir='ltr'><strong>rabbi-</strong></span> 
     </span>
    </p>
   </div>
   <div class='ocr_carea' id='block_1_114' title="bbox 2247 5756 3877 5840">
    <p class='ocr_par' dir='ltr' id='par_1_114' title="bbox 2247 5756 3877 5840">
     <span class='ocr_line' id='line_1_114' title="bbox 2247 5756 3877 5840; baseline 0.002 -26"><span class='ocrx_word' id='word_1_836' title='bbox 2247 5772 2430 5822; x_wconf 88' lang='lat' dir='ltr'><strong>nos,e</strong></span> <span class='ocrx_word' id='word_1_837' title='bbox 2483 5756 2625 5812; x_wconf 87' lang='lat' dir='ltr'><strong>tribu</strong></span> <span class='ocrx_word' id='word_1_838' title='bbox 2679 5757 3032 5829; x_wconf 86' lang='lat' dir='ltr'><strong>proculdubio</strong></span> <span class='ocrx_word' id='word_1_839' title='bbox 3079 5757 3402 5815; x_wconf 83' lang='lat' dir='ltr'><strong>sacerdotali</strong></span> <span class='ocrx_word' id='word_1_840' title='bbox 3459 5760 3603 5815; x_wconf 91' lang='lat' dir='ltr'><strong>illos.</strong></span> <span class='ocrx_word' id='word_1_841' title='bbox 3658 5762 3877 5840; x_wconf 74' lang='lat' dir='ltr'><strong>Longe</strong></span> 
     </span>
    </p>
   </div>
   <div class='ocr_carea' id='block_1_115' title="bbox 2244 5850 3875 5921">
    <p class='ocr_par' dir='ltr' id='par_1_115' title="bbox 2244 5850 3875 5921">
     <span class='ocr_line' id='line_1_115' title="bbox 2244 5850 3875 5921; baseline 0.001 -14"><span class='ocrx_word' id='word_1_842' title='bbox 2244 5858 2423 5907; x_wconf 86' lang='lat' dir='ltr'><strong>tamen</strong></span> <span class='ocrx_word' id='word_1_843' title='bbox 2452 5850 2645 5906; x_wconf 87' lang='lat' dir='ltr'><strong>aberat</strong></span> <span class='ocrx_word' id='word_1_844' title='bbox 2670 5861 2729 5907; x_wconf 90' lang='lat' dir='ltr'><strong>ut</strong></span> <span class='ocrx_word' id='word_1_845' title='bbox 2757 5861 2867 5908; x_wconf 90' lang='lat' dir='ltr'><strong>tota</strong></span> <span class='ocrx_word' id='word_1_846' title='bbox 2896 5851 3098 5907; x_wconf 87' lang='lat' dir='ltr'><strong>familia</strong></span> <span class='ocrx_word' id='word_1_847' title='bbox 3123 5853 3471 5910; x_wconf 89' lang='lat' dir='ltr'><strong>sacerdotalis</strong></span> <span class='ocrx_word' id='word_1_848' title='bbox 3497 5851 3705 5913; x_wconf 80' lang='lat' dir='ltr'><strong>scribae</strong></span> <span class='ocrx_word' id='word_1_849' title='bbox 3742 5860 3875 5921; x_wconf 79' lang='lat' dir='ltr'><strong>fue.</strong></span> 
     </span>
    </p>
   </div>
   <div class='ocr_carea' id='block_1_116' title="bbox 2241 5944 3873 6022">
    <p class='ocr_par' dir='ltr' id='par_1_116' title="bbox 2241 5944 3873 6022">
     <span class='ocr_line' id='line_1_116' title="bbox 2241 5944 3873 6022; baseline 0.004 -17"><span class='ocrx_word' id='word_1_850' title='bbox 2241 5947 2349 6005; x_wconf 89' lang='lat' dir='ltr'><strong>rint</strong></span> <span class='ocrx_word' id='word_1_851' title='bbox 2367 5954 2461 6003; x_wconf 88' lang='lat' dir='ltr'><strong>aut</strong></span> <span class='ocrx_word' id='word_1_852' title='bbox 2480 5945 2712 6005; x_wconf 87' lang='lat' dir='ltr'><strong>rabbini.</strong></span> <span class='ocrx_word' id='word_1_853' title='bbox 2741 5944 3050 6005; x_wconf 84' lang='lat' dir='ltr'><strong>Scribarum</strong></span> <span class='ocrx_word' id='word_1_854' title='bbox 3074 5947 3318 6005; x_wconf 89' lang='lat' dir='ltr'><strong>ordinem</strong></span> <span class='ocrx_word' id='word_1_855' title='bbox 3336 5948 3405 6006; x_wconf 86' lang='lat' dir='ltr'><strong>ab</strong></span> <span class='ocrx_word' id='word_1_856' title='bbox 3428 5947 3709 6022; x_wconf 63' lang='lat' dir='ltr'><strong>Egyptiis</strong></span> <span class='ocrx_word' id='word_1_857' title='bbox 3743 5954 3873 6012; x_wconf 81' lang='lat' dir='ltr'><strong>for-</strong></span> 
     </span>
    </p>
   </div>
  </div>
