3970 6312
87 45 303 127 ’,τε

180 428 243 489 57
1288 434 1378 496 DE
1418 434 1895 497 PRESBYTERIS
1923 424 2375 496 DOCTORIBUS.
3409 438 3486 506 38

185 552 333 609 tassis
357 553 883 627 acceperinuudmi.
904 554 1170 614 lilisenim
1205 562 1286 614 sui
1309 567 1465 615 erant
1492 559 1785 641 ἰερογραμ-
1814 560 1861 620 Λ
1892 556 2160 610 communi
2191 556 2630 627 presbyterorum
2661 557 2892 616 consilio
2920 571 3015 615 sua
3050 562 3230 617 omnia
3255 577 3284 617 a
3314 564 3488 634 primo

182 656 357 719 ματεῖς
398 648 499 704 viri
551 664 835 707 sacrorum
876 653 1187 721 peritissimi
1244 663 1407 725 atque
1456 656 1778 723 doctissimi,

184 748 234 793 ut
262 739 489 808 proinde
515 742 827 799 sacerdotes
857 744 1021 800 fuisse
1051 744 1505 801 verisimillimum
1544 748 1634 802 sit.
1671 747 1784 804 Nec

184 840 357 888 tamen
399 844 690 904 propterea
735 836 1044 892 sacerdotes
1092 852 1283 893 omnes
1331 837 1784 918 Ἰερογραμματεῖς

184 931 351 988 erant,
396 927 526 996 quin
552 942 849 998 paucorum
880 931 1061 1000 potius
1081 929 1252 986 fuisse
1286 932 1502 987 videtur
1536 933 1653 989 haec
1703 934 1784 989 di-

181 1018 371 1088 gnitas,
400 1034 527 1075 cum
552 1032 733 1076 tamen
766 1023 920 1076 tertia
944 1022 1123 1093 populi
1154 1022 1393 1096 [Egyptii
1441 1039 1565 1094 pars
1602 1040 1783 1080 sacer-

181 1110 371 1166 dotalis
397 1113 583 1167 l’uerit.
613 1112 763 1168 Idem
786 1114 853 1169 de
876 1113 1285 1170 Atheniensium
1315 1117 1475 1171 etiam
1516 1117 1784 1188 gentium-

184 1218 279 1274 que
299 1204 536 1260 aliarum
562 1203 1057 1286 ἰερογραμματεῦσι
1085 1217 1140 1264 et
1159 1207 1511 1283 ’ῐερομνήμοσι
1537 1220 1781 1269 statuen-

181 1295 323 1364 dum,
356 1308 416 1351 ut
441 1297 561 1354 sine
588 1300 839 1368 exemplo
863 1298 1033 1357 fuisse
1058 1316 1283 1357 necesse
1323 1307 1415 1367 sit,
1444 1303 1489 1358 si
1531 1304 1648 1360 haec
1673 1305 1782 1361 duo

180 1405 426 1457 munera,
453 1401 561 1446 tam
593 1392 738 1449 inter
757 1407 818 1448 se
842 1392 1076 1462 diversa,
1108 1395 1448 1451 censuissent
1469 1405 1648 1451 tamen
1678 1397 1781 1454 sibi

178 1483 410 1540 invicem
433 1486 602 1540 fuisse
628 1486 1028 1556 conjungenda.
1067 1486 1235 1542 Erant
1269 1497 1447 1543 tamen
1488 1489 1779 1546 admodum

178 1589 367 1646 pauca,
402 1576 448 1631 si
473 1592 579 1647 qua
606 1579 719 1632 sint
739 1580 984 1647 omnino,
1013 1593 1134 1650 quae
1159 1594 1191 1634 a
1218 1579 1782 1639 Cbristianisinducta

180 1679 304 1724 sunt
332 1670 455 1725 sine
484 1673 759 1743 exemplo.

246 1765 599 1838 ξιιμ-(ιω
623 1768 806 1839 itaque
834 1767 1201 1841 probavimus,
1225 1786 1401 1842 neque
1425 1788 1491 1829 ex
1513 1773 1777 1839 instituto,

178 1877 356 1934 neque
422 1864 586 1919 etiam
633 1863 703 1919 de
752 1861 916 1931 facto,
972 1864 1321 1937 presbyteros
1378 1882 1567 1924 omnes
1618 1867 1783 1923 fuisse

1886 663 2055 720 usque
2086 651 2427 720 cpiSCOthlS
2450 651 2696 717 exordio,
2736 663 2889 724 gesta
2919 670 3041 711 esse
3076 670 3487 724 commemorat,

1890 743 2023 798 utin
2055 743 2217 799 rebus
2246 743 2467 814 singulis
2500 746 2796 814 neminem,
2847 745 2912 801 ad
2961 764 3121 819 quem
3177 751 3393 820 quidem
3425 764 3489 805 ea

1890 849 1979 889 res
2032 834 2313 903 attineret,
2363 837 2651 892 aconsilio
2674 853 2775 892 suo
2829 836 3141 905 excluserit,
3192 855 3493 912 omnesque

1887 930 2072 997 etiam,
2097 946 2218 986 cum
2238 947 2328 986 res
2354 932 2593 986 omnium
2615 932 2926 999 interesset,
2959 932 3255 989 admiserit.
3283 935 3339 990 Id
3366 936 3488 1006 qui-

1884 1021 2008 1077 dem
2045 1022 2293 1094 exigebat
2329 1024 2627 1094 apostolica
2674 1023 2762 1079 illa
2791 1024 2857 1079 de
2888 1025 3046 1080 donis
3076 1025 3257 1097 regula
3299 1025 3492 1099 (cujus

1886 1116 2048 1172 modo
2077 1117 2459 1190 meminimus)
2489 1128 2547 1173 ut
2573 1134 2679 1189 quo
2704 1117 2846 1173 dono
2875 1118 3104 1190 quisque
3134 1118 3325 1175 fuisset
3352 1135 3492 1193 prte-

1885 1208 2052 1276 ditns,
2086 1210 2206 1280 ejus
2227 1211 2487 1265 exercitio
2518 1210 2677 1266 unice
2706 1212 3062 1278 incumberet,
3116 1224 3216 1268 nec
3261 1228 3322 1270 se
3369 1215 3489 1271 aliis

1885 1302 2221 1361 immisceret
2264 1306 2332 1361 ad
2361 1305 2562 1362 donum
2594 1321 2752 1361 suum
2786 1305 2919 1361 nihil
2965 1308 3340 1364 attinentibus.
3395 1307 3492 1365 Se-

1884 1399 2066 1468 quitur
2086 1400 2249 1455 etiam
2281 1399 2425 1455 idem
2464 1415 2587 1457 esse
2614 1400 2816 1456 donum
2869 1416 2976 1473 quo
3022 1402 3306 1460 audientes
3332 1410 3492 1474 atque

1885 1491 2017 1547 illud
2073 1508 2178 1564 quo
2236 1494 2423 1551 ﬁdeles
2444 1504 2631 1551 essent
2675 1495 2925 1562 docendi,
2987 1496 3111 1567 quia
3160 1496 3214 1551 in
3267 1497 3492 1554 audien-

1888 1583 2021 1638 tium
2051 1584 2274 1642 doctore
2299 1585 2680 1642 constituendo
2710 1587 3060 1660 presbyteros
3089 1588 3342 1647 doctores
3362 1605 3492 1647 con-

1884 1677 2071 1732 suluit.

1961 1770 1989 1844 §
2014 1771 2318 1830 8.—Eraut
2335 1774 2588 1847 equidem
2613 1775 2704 1832 alii
2730 1776 3084 1834 audientesin
3109 1781 3488 1850 ptenitentium

1884 1876 2070 1931 censu,
2092 1865 2184 1936 qui
2208 1865 2295 1922 ubi
2314 1865 2621 1937 Scripturas
2638 1877 2798 1939 atque
2817 1866 3151 1928 διδασκαλίαν
3168 1872 3489 1945 audiissent,

175 1957 410 2014 docendi
442 1959 590 2014 dono
616 1958 908 2029 praeditos;
943 1959 1101 2031 plane
1119 1961 1382 2032 sequitur,
1404 1962 1497 2031 qui
1521 1962 1666 2019 dono
1684 1962 1779 2018 illo
1808 1965 1857 2026 Β
1884 1971 1915 2012 e
1938 1959 2235 2028 synaxibus
2254 1971 2409 2014 erant
2437 1961 2778 2016 excludendi.
2801 1962 2868 2017 Et
2886 1963 3105 2033 quidem
3127 1966 3203 2021 illi
3222 1964 3493 2039 Cypriane

183 2054 606 2118 caruissent,ita
635 2068 743 2108 non
771 2051 940 2109 fuisse
967 2053 1033 2109 ad
1047 2054 1348 2110 docendum
1374 2055 1689 2122 obstrictos,
1724 2065 1782 2112 ut

176 2151 357 2221 potius
378 2149 453 2204 ab
498 2164 567 2205 eo
592 2146 825 2203 docendi
867 2164 1090 2205 munere
1119 2159 1424 2218 temperare
1469 2149 1774 2205 debuerint.

174 2241 228 2297 Id
252 2243 404 2299 enim
434 2243 683 2298 hortatur
710 2242 1021 2312 Apostolus,
1054 2253 1136 2308 ut,
1181 2256 1289 2314 quo
1318 2243 1464 2297 dono
1510 2244 1777 2314 quispiam

173 2339 361 2396 fuisset
393 2342 717 2404 instructus,
759 2335 812 2392 ei
853 2337 1009 2393 unice
1056 2337 1412 2402 incumberet,
1450 2337 1632 2403 Rom.,
1680 2352 1776 2402 xu,

171 2434 223 2500 6,
247 2438 306 2498 7.
326 2436 389 2503 8,
413 2446 527 2491 etc.
551 2454 563 2487 :
596 2451 615 2486 ι
640 2435 845 2505 Sapere
870 2450 1196 2507 quemquam
1227 2435 1293 2489 ad
1322 2436 1693 2501 sobrietatem,
1726 2444 1781 2490 et

173 2531 470 2600 unicuique
521 2529 662 2584 sicut
710 2530 853 2585 Deus
882 2528 1065 2585 divisit
1108 2545 1418 2586 mensuram
1468 2530 1614 2598 ﬁdei,
1644 2548 1695 2585 v.
1721 2532 1777 2598 3;
1820 2524 1827 2529 ’

172 2638 318 2682 certo
338 2624 583 2698 quodam
603 2626 831 2681 consilio
852 2623 921 2680 ita
945 2625 1287 2682 distribuisse
1319 2627 1507 2692 Deum,
1538 2636 1597 2679 ut
1620 2640 1780 2681 nemo

174 2722 311 2778 dona
344 2724 536 2778 omnia
570 2723 686 2793 ipse
716 2721 933 2789 habeat,
962 2723 1102 2777 alter
1126 2730 1305 2777 autem
1338 2731 1398 2777 ut
1437 2721 1662 2779 alterius
1685 2721 1781 2777 de-

170 2814 342 2872 fectus
364 2815 644 2887 suppleat,
666 2817 881 2884 sintque
914 2814 981 2869 ita
1006 2815 1106 2869 sibi
1125 2814 1352 2870 invicem
1382 2829 1572 2870 omnes
1595 2824 1781 2869 mutuo

172 2907 498 2973 necessarii,
533 2916 593 2963 ut
623 2923 730 2962 non
749 2908 1055 2962 sitscmsaut
1082 2906 1134 2962 in
1165 2922 1394 2977 corpore
1426 2906 1479 2980 (Ι
1502 2907 1646 2974 Con,
1681 2920 1776 2973 xu,

178 3002 261 3065 18,
294 3002 391 3065 24,
422 2998 556 3073 25).
594 3020 613 3053 ι
646 3000 704 3057 Si
736 3001 917 3071 itaque
964 3015 1155 3055 omnes
1183 3001 1275 3072 qui
1330 3000 1474 3055 dono
1527 3002 1778 3071 quopiam

177 3097 505 3161 eamisseut,
555 3093 686 3149 illud
732 3092 825 3149 ~ne
887 3093 1104 3165 quidem
1162 3108 1419 3151 exercere
1459 3093 1777 3161 debuerint,

182 3190 425 3258 sequitur
450 3186 573 3241 illos
599 3186 795 3257 quibus
826 3177 1076 3257 negatum
1121 3195 1265 3243 esset
1295 3187 1523 3243 docendi
1553 3187 1777 3255 donum,

183 3297 247 3338 ne
283 3284 489 3337 docere
517 3280 735 3351 quidem
789 3282 1112 3350 oportuisse.
1157 3283 1515 3352 Agnoscimus
1564 3282 1778 3337 interim

1886 2063 2073 2107 nostro
2096 2053 2287 2121 comvi,
2322 2055 2366 2108 si
2415 2054 2663 2125 Gregorii
2693 2055 3084 2130 Thaumaturgi
3111 2061 3353 2131 epistola:
3398 2076 3493 2117 ca-

1884 2147 2095 2203 nonica:
2124 2148 2455 2204 credendum
2485 2149 2576 2205 sit.
2622 2149 2727 2206 Sed
2755 2150 2950 2207 horum
2980 2154 3185 2209 nullum
3219 2155 3273 2211 in
3302 2154 3491 2212 Eccle-

1885 2240 1966 2297 sia
1995 2241 2231 2298 africana
2255 2252 2421 2308 extat,
2451 2244 2593 2313 quod
2622 2245 2842 2315 quidem
2872 2247 3159 2311 sciam,.ea
3189 2249 3491 2319 praesertim

1884 2343 2063 2404 aetate,
2097 2337 2405 2409 vestigium.
2432 2336 2543 2393 Nec
2570 2338 2709 2394 alios
2734 2338 2991 2395 doctores
3021 2340 3294 2398 habebant
3329 2359 3493 2414 quam

1886 2428 2097 2485 ﬁdeles.
2136 2431 2303 2486 Erant
2327 2432 2469 2487 enim
2498 2432 2739 2487 omnium
2764 2432 3004 2489 ﬁdelium
3023 2449 3338 2491 communes
3361 2435 3492 2506 illae,

1887 2524 2080 2594 quibus
2105 2525 2165 2579 hi
2199 2525 2514 2592 intererant,
2554 2525 2884 2583 auditiones.
2931 2528 3116 2599 Neque
3142 2544 3272 2584 vero
3297 2543 3364 2586 ex
3395 2544 3495 2586 usu

1887 2616 2151 2675 Ecclesiae
2180 2620 2436 2677 africanae
2466 2620 2556 2676 alii
2601 2622 2886 2679 audientes
2928 2634 3086 2680 erant
3134 2641 3294 2697 quam
3349 2637 3496 2682 cate-

1886 2712 2158 2767 chumeni.
2191 2712 2311 2768 Jam
2338 2729 2500 2785 supra
2530 2712 2763 2770 vidimus
2783 2717 2875 2787 qui
2901 2716 3279 2773 catechumeni
3311 2725 3498 2774 essent

1884 2803 2034 2859 clero
2056 2820 2300 2872 romano,
2322 2806 2422 2876 Ep.
2444 2823 2522 2874 ιιι,
2538 2809 2758 2863 eosdem
2772 2808 3054 2865 audientes
3065 2824 3186 2866 esse
3203 2811 3496 2884 Cypriano,

1886 2896 1985 2967 Ep.
2016 2912 2131 2951 xm.
2162 2899 2495 2970 Constatque
2534 2901 2698 2955 etiam
2737 2916 2769 2956 e
2813 2901 3167 2969 Tertulliano,
3200 2917 3309 2973 quo
3334 2915 3496 2957 nemo

1885 2991 2080 3045 melior
2103 3000 2187 3046 est
2213 2990 2468 3062 Cypriani
2501 2993 2795 3064 interpres.
2826 2994 2983 3065 Apud
3016 2995 3167 3051 illum
3213 2993 3498 3052 audientes

1885 3083 2124 3140 intinctis
2146 3094 2656 3158 opponuntur,‘quo
2682 3102 2845 3143 sensu
2880 3091 3046 3161 tingui
3071 3089 3215 3159 apud
3243 3088 3494 3146 eumdem

1886 3176 2026 3231 idem
2076 3177 2221 3233 valet
2275 3179 2415 3248 quod
2475 3179 2734 3250 baptizari
2783 3179 2898 3248 (De
2940 3180 3161 3250 Parnm,
3193 3199 3240 3238 ε.
3292 3182 3348 3253 6,
3400 3182 3489 3257 7).
3532 3212 3540 3218 -

1885 3269 2122 3327 Eosdem
2155 3271 2433 3327 auditores
2464 3273 2723 3343 appellat,
2755 3288 2982 3344 quorum
3011 3285 3067 3331 et
3098 3277 3361 3349 tyrocinia
3391 3292 3499 3334 mc-

182 3388 249 3431 ex
273 3374 527 3444 Apostoli
552 3382 755 3437 mente,
781 3371 828 3427 si
852 3376 942 3443 qui
967 3374 1074 3428 sint
1104 3384 1340 3445 utroque
1364 3374 1511 3429 dono
1564 3374 1775 3444 prtediti
1810 3365 1856 3429 C
1891 3376 2088 3433 ηὶοηὶῑν
2113 3381 2182 3421 ne
2213 3366 2333 3437 (Ιυίδ
2374 3364 2586 3423 dubitet
2616 3367 2751 3424 alios
2799 3382 2922 3426 esse
2962 3384 3124 3441 quam
3151 3368 3500 3428 caleChume‘

184 3478 233 3524 et
249 3470 586 3544 προστασίας
622 3475 677 3522 et
715 3464 1069 3533 διδασκαλίας,
1124 3465 1247 3521 illos
1273 3482 1393 3522 esse
1423 3466 1639 3533 merito,
1685 3466 1785 3521 du-

184 3560 305 3631 plici
332 3562 448 3626 illo,
482 3575 645 3631 quem
676 3558 832 3627 dicit,
861 3558 1070 3615 honore
1107 3559 1322 3630 dignos.
1348 3559 1537 3631 Neque
1587 3559 1703 3615 haec
1750 3573 1782 3615 a

184 3659 336 3716 nobis
359 3674 428 3714 eo
455 3658 640 3715 animo
678 3658 949 3730 disputata
982 3668 1108 3713 sunt
1139 3668 1196 3713 ut
1222 3659 1449 3730 ignaviae
1477 3660 1785 3729 patrocine-

182 3766 323 3819 mur,
347 3754 393 3807 si
416 3752 540 3824 quis
569 3767 674 3807 non
707 3753 779 3805 sit
806 3751 927 3805 aliis
958 3750 1217 3806 Ecclesia:
1246 3751 1565 3829 necessariis
1594 3766 1785 3806 mune-

182 3843 332 3900 ribus
357 3844 670 3900 obstriCtus.
705 3842 817 3898 Nec
869 3842 920 3897 id
949 3843 1184 3899 voluisse
1222 3844 1542 3914 Apostolnm
1595 3843 1786 3899 existi-

184 3950 414 4003 mamus,
445 3943 540 3990 aut
558 3934 854 3990 Ecclesiam
872 3935 1204 4005 primmvam.
1228 3934 1414 3991 Potius
1437 3918 1781 4007 gaudendum

179 4028 555 4086 existimarem
576 4038 738 4099 atque
763 4028 1160 4099 gratulandum,
1192 4028 1360 4099 siqua
1387 4027 1629 4085 Ecclesia
1653 4030 1787 4083 tales

180 4121 405 4178 haberet
426 4122 774 4193 presbyteros
801 4123 891 4191 qui
922 4136 1110 4177 omnes
1139 4120 1263 4177 huic
1316 4120 1551 4176 docendi
1577 4121 1785 4177 muneri

178 4216 249 4272 ita
274 4214 602 4272 satisfacere
631 4224 876 4284 possent,
897 4224 955 4269 ut
996 4229 1097 4271 nec
1136 4213 1267 4269 illud
1321 4215 1499 4284 ipsum
1531 4214 1787 4271 indecore

178 4322 622 4383 exequerentur,
680 4324 781 4365 nec
829 4308 934 4363 alia
986 4309 1346 4380 negligerent.
1404 4307 1558 4376 Quod
1608 4320 1787 4363 tamen

175 4406 495 4462 schismatis
523 4414 841 4475 prmtextum
874 4403 1071 4459 faciant
1098 4402 1417 4467 adversarii,
1451 4402 1587 4474 siqui
1644 4403 1787 4457 dono

176 4500 283 4556 hoc
309 4499 571 4556 destituti
616 4500 669 4553 in
701 4512 886 4553 sacros
930 4498 1148 4553 ordines
1196 4498 1567 4561 admittanlur,
1598 4497 1787 4554 aliisve

176 4595 445 4652 Ecclesiae
492 4595 636 4650 curis
680 4595 881 4665 pariter
922 4593 1244 4649 necessariis
1272 4592 1652 4657 distineantur,
1678 4606 1785 4664 quo

178 4688 359 4747 minus
384 4689 515 4743 huic
540 4687 748 4757 p05siut
768 4702 913 4741 curae
937 4685 1394 4757 uniceinvigilare
1414 4703 1428 4752 ;
1450 4686 1591 4757 quod
1620 4687 1784 4743 etiam

182 4784 391 4853 reliqua
433 4782 734 4853 negligant,
767 4796 957 4851 preces
992 4780 1235 4851 publicas
1265 4780 1628 4850 quotidianas,
1660 4779 1789 4835 visi-

183 4850 444 4933 tationem
500 4850 759 4940 tidelium,
810 4875 1200 4929 institutionem
1247 4872 1783 4941 catechumenorum,

184 4978 655 5027 sacramentorum
699 4967 1140 5031 celebrationem,
1178 4966 1622 5022 moribundorum
1670 4968 1786 5022 via-

184 5065 307 5133 tiu,
330 5064 479 5138 quod
504 5067 664 5120 unius
692 5063 849 5135 hujus
878 5064 1116 5119 muneris
1148 5072 1430 5134 praetextu,
1458 5080 1526 5120 ne
1574 5073 1790 5135 tempus

186 5158 400 5228 quidem
433 5157 543 5214 sibi
572 5171 799 5212 vacuum
852 5156 1160 5228 relinquant
1205 5157 1429 5227 reliquis
1474 5157 1789 5213 muneribus

186 5251 570 5325 expediendis:
601 5265 662 5306 ea
695 5265 825 5305 sane
853 5251 925 5304 ita
951 5265 1053 5304 non
1082 5259 1208 5305 sunt
1236 5249 1554 5319 apostolica,
1584 5249 1653 5305 ita
1680 5265 1788 5305 non

186 5349 461 5418 primum
505 5345 891 5402 christianitati
931 5341 1257 5413 conformia,
1289 5353 1346 5400 ut
1388 5360 1457 5400 ne
1512 5345 1788 5415 probanda

186 5439 290 5496 sint
315 5441 563 5513 quidem.

258 5533 289 5604 ᾗ
332 5534 388 5591 7.
411 5564 487 5575 —
512 5532 775 5589 Videmus
795 5546 956 5600 porro
983 5531 1035 5586 in
1064 5530 1165 5585 hoc
1201 5530 1535 5586 audientium
1564 5528 1791 5586 doctore

188 5630 468 5700 probando
493 5621 605 5685 ηὸιι
634 5628 774 5683 alios
800 5643 828 5681 a
850 5626 1122 5697 Cypriane
1150 5625 1494 5698 presbyteros
1516 5639 1675 5695 quam
1693 5624 1791 5679 do-

190 5732 365 5781 ctores
390 5739 516 5780 esse
548 5720 846 5778 consultos.
878 5719 1136 5790 Idemque
1163 5719 1230 5775 ab
1258 5734 1323 5774 eo
1348 5719 1401 5773 in
1430 5718 1548 5773 aliis
1576 5731 1789 5788 quoque

188 5818 368 5874 causis
395 5816 748 5874 observatum
766 5829 888 5871 esse
908 5824 991 5871 est
1013 5826 1145 5869 sane
1156 5810 1445 5869 admodum
1466 5809 1786 5877 verisimile,

190 5920 256 5967 ut
277 5927 380 5984 qua
406 5912 463 5968 in
492 5926 555 5968 re
580 5910 812 5983 quisque
842 5908 1178 5975 eminuisset,
1220 5907 1274 5963 in
1304 5920 1369 5963 ea
1398 5904 1548 5962 illum
1576 5903 1791 5961 duxerit

191 6015 314 6063 esse
338 6001 756 6064 consulendum.
781 6000 1017 6060 Proinde
1045 6000 1118 6058 ita
1145 5998 1527 6076 intelligendus
1550 6007 1635 6057 est
1664 6010 1788 6056 cum

1889 3473 2009 3514 D05.

1963 3549 2069 3622 §9.
2098 3582 2169 3592 —
2200 3550 2266 3607 Et
2294 3551 2512 3623 quidem
2561 3553 2735 3624 ipsum
2781 3551 2888 3610 hoc
2916 3553 3253 3612 audientium
3292 3570 3496 3615 nomen

1889 3640 2385 3715 frequentissimum
2408 3643 2578 3703 fuisse
2606 3645 2839 3703 videtur.
2862 3646 2976 3704 Nec
2996 3657 3173 3705 tamen
3196 3649 3410 3718 desunt,
3432 3663 3497 3706 ea

1889 3753 2105 3809 quoque
2135 3749 2316 3807 aetate,
2349 3740 2595 3810 exempla
2647 3741 2844 3811 quibus
2896 3740 3063 3797 iidem
3113 3740 3493 3799 eateehumeni

1891 3829 2133 3898 audiunt,
2156 3839 2210 3887 et
2231 3832 2446 3903 quidem
2465 3831 2607 3902 apud
2630 3831 2828 3888 latinos
2849 3831 3013 3888 etiam
3037 3834 3352 3905 scriptores.
3378 3832 3499 3891 Jam

1892 3922 2126 3979 diximus
2167 3924 2271 3979 hoc
2315 3923 2836 3982 catechumenorum
2895 3928 3119 3983 nomine
3170 3942 3328 3984 usum
3375 3940 3501 3984 esse

1892 4018 2096 4074 clerum
2119 4034 2426 4078 romanum.
2460 4018 2605 4077 Usus
2630 4024 2794 4077 etiam
2816 4028 2903 4077 est
2948 4032 3005 4078 et
3052 4022 3169 4094 ipse
3196 4025 3499 4097 Cyprianus

1894 4110 2123 4167 Testim.
2156 4112 2251 4169 lib.
2280 4127 2357 4166 ιιι.
2386 4127 2507 4183 cap.
2539 4111 2641 4176 98;
2680 4122 2734 4168 et
2762 4111 3152 4184 Tertullianus,
3181 4115 3251 4174 de
3294 4116 3495 4174 Coron.

1893 4204 2006 4259 Mil.
2031 4217 2079 4260 c.
2110 4202 2167 4273 2;
2191 4216 2246 4260 et
2275 4204 2503 4262 Prmscr.
2553 4220 2607 4262 c.
2635 4206 2724 4262 Μ.
2750 4205 2908 4276 Quod
2938 4220 3135 4279 quarto
3184 4211 3401 4268 tandem
3435 4211 3496 4270 S.

1892 4299 2177 4371 Augustini
2203 4303 2403 4357 smculo
2442 4310 2497 4357 et
2521 4301 2781 4373 deinceps
2831 4304 3008 4361 solum
3060 4306 3314 4363 obtinuit.
3340 4308 3499 4377 Quod

1891 4407 2021 4449 vero
2041 4392 2107 4447 ad
2136 4408 2353 4450 nomen:
2401 4394 2738 4451 audientium
2779 4398 2994 4463 attinet,
3049 4414 3080 4456 e
3123 4415 3281 4457 sacro
3308 4403 3495 4460 codice

1893 4487 2113 4543 omnino
2144 4489 2365 4543 ductum
2396 4496 2548 4559 puto,
2577 4504 2642 4544 ex
2673 4487 2780 4544 illis
2825 4490 3083 4547 nimirum
3130 4492 3265 4549 locis
3299 4494 3497 4565 quibus

1893 4579 2027 4636 ﬁdes
2050 4581 2165 4651 ipsa
2200 4580 2358 4635 toties
2398 4582 2524 4641 ἀκοὴ
2554 4581 2774 4647 dicitur,
2804 4598 2967 4654 quam
3011 4584 3256 4643 auditum
3306 4587 3492 4643 reddi-

1892 4674 2085 4730 derunt
2115 4674 2321 4747 antiqui
2347 4677 2507 4732 etiam
2535 4676 2879 4747 interpretes.
2901 4678 3000 4747 lta,
3036 4679 3168 4735 ﬁdes
3194 4695 3259 4736 ex
3285 4680 3495 4753 auditu,

1813 4771 1868 4832 D
1893 4768 2107 4826 auditus
2156 4778 2336 4826 autem
2370 4786 2465 4840 per
2509 4772 2754 4837 verbum,
2786 4769 2969 4838 Rom.,
3025 4787 3081 4838 ι,
3115 4772 3216 4840 17;
3265 4774 3499 4834 Auditus

1893 4862 2041 4928 ﬁdei,
2075 4863 2218 4928 Gal.,
2251 4880 2328 4928 ιιι,
2354 4863 2409 4929 2,
2443 4864 2513 4929 5;
2547 4862 2779 4919 Verbum
2828 4864 3043 4921 auditus
3074 4865 3191 4933 Dei,
3222 4866 3246 4924 Ι
3274 4869 3492 4939 Thess.,

1891 4974 1951 5025 ιι,
1984 4960 2071 5014 15.
2114 4959 2193 5013 Ex
2223 4960 2391 5015 veteri
2417 4969 2601 5015 autem
2656 4958 3021 5017 Instrumento
3063 4960 3287 5020 deduxit
3344 4968 3494 5036 Apo-

1893 5053 2088 5119 stolus,
2116 5051 2242 5119 Isa.,
2278 5067 2390 5115 LIII,
2421 5052 2449 5108 1
2473 5071 2487 5107 :
2512 5049 2643 5120 Quis
2673 5052 2904 5110 credidit
2938 5054 3142 5113 auditui
3169 5057 3390 5114 uestro?
3416 5056 3492 5112 Ita

1893 5145 2038 5199 enim
2068 5145 2243 5200 locum
2299 5145 2446 5201 illum
2476 5145 2721 5216 legerunt
2748 5145 3085 5205 Tertulliani
3125 5165 3338 5222 quoque
3378 5145 3489 5222 Cy-

1894 5238 2174 5309 prianique
2207 5239 2549 5309 interpretes.
2578 5238 2660 5295 Ad
2705 5240 2853 5296 illum
2901 5250 3081 5297 autem
3114 5241 3265 5298 Isaia:
3311 5241 3492 5301 locum

1894 5348 1995 5389 nos
2020 5333 2395 5391 disertissimis
2425 5335 2606 5392 verbis
2636 5336 2821 5392 retulit
2856 5334 3170 5407 Apostolus,
3219 5335 3400 5405 Rom.,
3431 5353 3491 5408 x,

1896 5428 1984 5485 16.
2015 5428 2161 5485 Nihil
2189 5429 2295 5486 huc
2323 5430 2526 5487 faciunt
2562 5432 2801 5504 vulgaria
2844 5432 3123 5504 gentilium
3160 5431 3491 5508 ἀκροάματα,

1894 5540 2012 5595 qum
2039 5524 2240 5580 ludicra
2276 5526 2593 5598 plerumque
2630 5535 2830 5582 essent.
2878 5524 3104 5581 Faciunt
3149 5532 3329 5582 tamen
3378 5525 3495 5583 for-

1897 5627 2041 5674 tasse
2073 5618 2515 5689 pbilosoiihornm
2546 5620 2633 5675 illa
2665 5635 2785 5692 quae
2812 5633 2916 5675 non
2969 5616 3089 5672 aliis
3134 5621 3497 5682 crederentur

1896 5727 2056 5784 quam
2085 5713 2381 5782 initiandis,
2410 5713 2475 5769 ad
2502 5712 2727 5768 formam
2758 5710 3158 5784 mysteriorum.

1974 5805 2003 5880 ᾗ
2039 5804 2351 5862 10.-—Illam
2377 5812 2526 5861 certe
2543 5803 2921 5878 mysteriorum
2946 5800 3172 5861 formam
3193 5820 3493 5878 repraesen-

1896 5902 2043 5958 tabat
2073 5907 2182 5956 tota
2209 5898 2725 5957 catechumenorum
2752 5897 3171 5956 erudiendorum
3202 5898 3360 5956 ratio.
3401 5900 3494 5957 Vi-

1899 5993 2057 6052 vendi
2084 6009 2277 6052 novam
2307 5991 2537 6051 formam
2557 5991 2920 6067 suscipiebant
2956 5992 3202 6052 initiandi
3228 5991 3483 6074 (Meum,
