4018 6310
536 356 610 413 59
1589 347 1956 407 DODWELLI
1997 344 2454 405 DlSSERTATlO
2492 342 2908 403 CYPRIANICA
3798 350 3873 407 40

536 463 802 529 Ειεαεξηη
852 480 899 520 c.
932 461 1045 536 l7).
1079 460 1386 534 thuidem
1415 462 1469 518 in
1501 476 1564 519 ea
1597 472 1743 519 totus
1778 473 1865 520 est
1891 463 2145 518 Clemens
2172 466 2215 523 Α
2250 477 2367 516 mus
2400 476 2494 516 vos
2523 471 2649 516 ante
2697 462 3003 528 consulere,
3030 467 3138 517 etc.
3165 477 3186 513 ι
3221 459 3364 534 Ergo
3394 469 3450 517 et
3478 461 3717 521 clericus
3751 474 3878 522 erat

538 557 959 624 Alexandrinus,
996 558 1046 611 in
1074 556 1455 626 antiquissimo
1496 556 1636 626 ejus,
1693 556 1834 626 quod
1886 557 2148 611 habemus

537 650 721 719 hodie,
756 667 920 720 Opere
948 651 1306 716 catecltctico,
1328 649 1631 720 Pwdagogo
1661 650 1946 705 videlicet.
1979 650 2151 714 Erant

537 747 698 801 etiam
715 746 765 799 in
785 744 1095 800 Petromate
1114 745 1235 799 libri
1255 745 1479 799 rituales
1498 742 1774 797 initiandis
1799 743 2013 814 legendi
2040 758 2092 813 pr
2107 743 2149 797 i-

535 853 705 905 mum,
720 836 1273 894 deindedescribendi
1291 834 1427 909 (ld.,
1443 837 1514 892 ib.
1530 877 1544 894 .
1561 838 1741 905 6.10).
1764 836 1827 891 Et
1849 837 2066 908 quidem
2081 837 2149 893 de

534 931 786 1001 baptismi
812 932 1027 999 ritibus,
1059 930 1127 986 de
1158 932 1399 997 συντάξει
1423 940 1479 987 et
1505 931 2151 995 a'zwroréEzz,conversi0ne

532 1021 602 1078 ad
624 1024 887 1079 orientem
909 1022 1375 1093 occidentemque,
1396 1032 1529 1090 etc.,
1550 1024 1658 1093 agit
1686 1025 1738 1078 in
1760 1022 2149 1079 Catechesibus

531 1117 648 1175 suis
674 1116 911 1192 Cyrillus
937 1118 1466 1190 Hierosolymitanus
1493 1116 1712 1185 aliique.

607 1210 745 1283 §ll.
778 1240 850 1251 -—
876 1207 1289 1265 Observandum
1318 1209 1556 1280 denique
1598 1210 1663 1265 ad
1694 1209 1932 1265 officium
1978 1208 2149 1281 hypo-

533 1303 859 1361 diaconatus
902 1313 1179 1375 Spectasse
1228 1303 1379 1358 illum
1411 1302 1747 1360 audientium
1782 1303 2145 1359 doctoratum.

536 1393 682 1452 idem
727 1396 923 1466 Optato
976 1395 1291 1452 doctoratus
1343 1396 1704 1461 audientium,
1781 1396 1923 1465 quod
1984 1396 2147 1452 lectio

539 1490 734 1546 Saturo
756 1488 823 1545 ad
841 1492 1068 1561 gradum
1089 1489 1308 1546 lectoris
1333 1489 1727 1561 promovendo,
1754 1488 1921 1546 futuri
1951 1505 2147 1561 nempe

536 1586 697 1641 offit-ii
729 1586 995 1656 praevium
1023 1585 1479 1655 experimentum.
1503 1584 1562 1639 ln
1611 1584 1976 1640 Alexandrino
2019 1607 2147 1641 κατ-

536 1687 802 1754 ηχήσεως,
844 1680 959 1735 sive
998 1680 1144 1760 ἱερῶν
1168 1680 1351 1753 λόγων,
1379 1677 1720 1751 διδασκαλείῳ
1772 1677 1912 1733 idem
1953 1694 2148 1733 munus

538 1772 874 1846 presbyteris
901 1770 1138 1827 fortasse
1179 1786 1567 1843 nonnunquam
1598 1773 1952 1841 assignatum.
2006 1769 2146 1825 Pan-

2254 556 2505 610 Aurelius
2532 565 2585 611 et
2615 556 2918 611 ordinatus.
2957 573 2976 606 ι
3003 554 3329 623 Merebatur,
3364 555 3559 625 inquit,
3600 559 3729 614 talis
3761 559 3878 615 cle-

2260 650 2386 704 rica:
2417 649 3077 705 ordinationisinferiores
3121 648 3338 720 gradus.
3367 668 3385 701 ι
3423 648 3553 705 Erat
3601 651 3772 721 igitur
3822 660 3881 708 et

2255 740 2343 796 hic
2400 741 2617 811 quidatn
2662 741 2861 813 gradus
2907 741 3120 797 clericm
3174 741 3549 798 ordinationis.
3606 743 3873 800 Rursus:

2259 851 2278 884 ι
2303 833 2456 889 llunc
2488 834 2671 904 igitur,
2705 836 2900 890 fratres
2918 834 3258 890 dilectissimi
3289 878 3305 903 ,
3332 851 3362 891 a
3387 850 3474 891 me
3493 848 3549 891 et
3577 851 3606 890 a
3637 836 3878 908 collegis

2251 928 2341 997 qui
2376 937 2674 997 praesentes
2703 928 2951 993 aderant,
2992 927 3301 983 ordinatum
3332 929 3547 995 sciatis;
3576 929 3725 1001 quod
3775 945 3878 987 vos

2252 1024 2366 1076 scio
2392 1031 2446 1077 et
2476 1020 2713 1077 libenter
2734 1022 3010 1093 amplecti,
3040 1033 3094 1079 et
3126 1032 3317 1093 optare
3353 1023 3487 1079 tales
3520 1026 3571 1079 in
3615 1024 3875 1081 Ecclesia

2253 1121 2436 1167 nostra
2456 1114 2718 1184 plurimos
2736 1113 2998 1171 ordinari.
3029 1136 3048 1168 ι
3075 1116 3147 1170 De
3168 1115 3419 1172 Celerino
3434 1117 3509 1171 ita
3534 1117 3635 1189 Ep.
3658 1134 3875 1188 xxxw,

2252 1203 2475 1275 dignum
2540 1220 2662 1262 esse
2703 1206 2867 1263 dicit:
2901 1226 2922 1259 ‹
2979 1208 3047 1265 Ut
3090 1210 3180 1280 qtti
3225 1209 3532 1267 sublimiter
3581 1211 3877 1270 Christum

2251 1298 2538 1355 confessus
2558 1309 2723 1368 esset,
2753 1302 2961 1357 clerum
2987 1302 3334 1373 postmodum
3371 1302 3576 1361 Christi
3611 1306 3874 1362 ministe-

2248 1382 2346 1448 riis
2366 1394 2752 1450 ecclesiasticis
2773 1396 3083 1452 adornaret.
3113 1416 3131 1450 ι
3158 1396 3365 1453 Rursus
3388 1398 3637 1455 eumdem
3662 1419 3682 1453 ι
3705 1399 3867 1458 Cele-

2251 1488 2432 1545 rinum
2464 1488 2708 1557 fratrem,
2744 1492 2937 1564 inquit,
2972 1502 3239 1560 nostrum,
3272 1492 3561 1550 virtutibus
3585 1495 3796 1565 pariter
3813 1503 3875 1552 et

2251 1582 2492 1638 moribus
2522 1583 2843 1654 gloriosum,
2865 1584 3014 1640 clero
3031 1594 3221 1641 nostro
3247 1601 3354 1640 non
3400 1586 3635 1642 humana
3658 1586 3871 1643 suﬁ‘ra-

2248 1676 2484 1745 gatione.
2534 1675 2628 1732 sed
2658 1676 2840 1732 divina
2899 1677 3211 1749 dignatione
3257 1679 3629 1750 conjunctum.
3658 1700 3678 1734 ι
3714 1681 3869 1738 Idem

2251 1782 2428 1829 tamen
2454 1772 2557 1830 hac
2585 1774 2720 1845 ipsa,
2745 1791 2906 1847 quam
2931 1777 2984 1831 in
3008 1777 3259 1832 manibus
3286 1776 3570 1846 habemus,
3599 1778 3867 1851 epistola,

530 1873 733 1924 tamqu
752 1866 914 1936 vulgo
940 1866 1254 1921 existimant
1278 1863 1447 1919 fuisse
1473 1864 1867 1934 presbyterum.
1900 1862 2146 1934 quamvis
2177 1866 2223 1935 Β
2253 1866 2508 1924 lectorem
2554 1868 2805 1940 Optatum
2855 1870 3002 1927 clero
3053 1871 3334 1928 dumtaxat
3384 1873 3693 1943 proximum
3738 1890 3868 1932 esse

536 1959 724 2017 nescio
768 1972 900 2013 sane
927 1966 1247 2012 veterumue
1298 1956 1565 2027 quispiam
1608 1971 1731 2011 eum
1780 1955 1851 2010 ita
1902 1955 2145 2027 appellet

535 2051 793 2127 (Euseb.,
840 2050 980 2106 Hist.
1032 2049 1204 2116 Eccl.,
1237 2066 1290 2114 v,
1325 2050 1428 2117 ‘10;
1460 2067 1534 2117 Vl,
1569 2052 1624 2113 ’5,
1654 2049 1742 2120 6).
1801 2047 2139 2122 Clementem

533 2146 653 2217 ejus
679 2146 732 2202 in
764 2160 831 2201 eo
853 2160 1078 2200 munere
1112 2159 1506 2207 successorem,
1563 2143 1936 2215 presbyterum
1989 2151 2143 2197 vocat

535 2237 845 2297 Alexander
866 2238 1388 2310 Hierosolymitanus
1410 2237 1706 2307 Episcopus
1736 2236 1946 2309 (Euseb.
1962 2278 1977 2304 ,
2001 2235 2140 2291 Hist.

534 2331 691 2398 eccl.,
734 2347 811 2399 vr,
843 2329 959 2404 ll).
996 2331 1102 2388 Sed
1130 2331 1346 2401 quando
1372 2332 1571 2399 scripta
1606 2339 1687 2384 est
1718 2330 1785 2384 ab
1832 2329 2142 2385 Alexandro

534 2439 598 2481 ea
628 2426 878 2493 epismla.
928 2425 1038 2495 jam
1069 2427 1397 2482 successisse
1443 2424 1652 2481 videtur
1694 2425 1744 2478 in
1798 2424 1915 2495 ejus
1965 2425 2141 2479 locum

539 2517 834 2590 Origenes,
867 2528 925 2573 ιιι
952 2520 1180 2588 proinde
1211 2535 1315 2574 nou
1349 2528 1560 2574 constet
1589 2518 1823 2574 fueritne
1863 2520 2143 2590 presbyter

536 2626 660 2667 cum
690 2627 914 2666 munere
946 2612 1040 2667 illo
1068 2612 1184 2682 ipse
1212 2612 1546 2684 fungeretur.
1575 2611 1690 2667 Non
1719 2621 1899 2668 tamen
1923 2613 2144 2684 presby-

538 2703 733 2759 teratui
756 2703 807 2758 id
840 2704 1004 2760 fuisse
1032 2720 1227 2761 munus
1261 2706 1574 2761 necessario
1601 2721 1869 2761 annexum
1906 2715 2138 2775 constat,

539 2797 684 2869 quod
711 2797 777 2852 ad
810 2796 941 2853 illud
990 2806 1211 2855 evectus
1258 2798 1421 2853 fuerit
1450 2814 1481 2854 a
1525 2798 1799 2855 Demetrio
1855 2798 2139 2871 Origenes,

537 2900 788 2947 octavum
842 2890 1111 2947 decimum
1168 2892 1429 2948 duntaxat
1476 2893 1652 2949 tetatis
1698 2910 1898 2949 annum
1953 2909 2139 2965 agens,

539 3001 647 3057 quo
666 2994 908 3057 tempore
931 3003 1037 3042 non
1059 2997 1271 3043 constat
1294 2988 1376 3043 vel
1398 2987 1742 3044 inferioribus
1766 2989 1980 3060 quidem
2009 2989 2137 3058 illis,

541 3096 679 3153 quos
719 3096 816 3152 pro
846 3083 1014 3139 Sacris
1046 3082 1264 3150 habent,
1313 3083 1587 3140 ordinibus
1633 3082 1799 3140 fuisse
1847 3084 2135 3141 initiatum.

540 3175 977 3248 Prcsbyteratum
1007 3185 1214 3233 certum
1251 3184 1355 3244 est,
1390 3193 1495 3232 non
1523 3186 1651 3233 ante
1702 3178 1802 3232 iter
1845 3176 2138 3235 Achaicum

2247 1958 2400 2029 dicit,
2427 1962 2673 2034 interque
2688 1979 2784 2020 eos
2808 1975 3057 2021 numerat
3076 1966 3167 2037 qui
3189 1966 3257 2022 ad
3278 1966 3483 2022 clerum
3506 1967 3864 2038 parabantur.

2246 2054 2317 2110 Et
2347 2056 2399 2111 in
2430 2057 2674 2127 epistolis
2711 2058 2828 2129 ejus
2859 2059 2941 2115 vel
2968 2059 3097 2115 cieri
3123 2060 3365 2123 nomine.
3393 2061 3480 2117 vel
3526 2061 3594 2115 ad
3624 2061 3859 2130 clerum,

2245 2149 2405 2216 datis,
2434 2168 2695 2223 nusquam
2726 2155 2964 2210 occurrit
2987 2154 3218 2211 aliorum
3251 2156 3456 2211 mentio
3492 2165 3862 2228 praeterquam

2246 2244 2689 2316 presbyteromm
2739 2255 2903 2317 atque
2932 2247 3306 2303 diaconorum.
3360 2247 3491 2316 Quis
3538 2264 3644 2304 non
3707 2250 3862 2305 videt

2245 2355 2405 2411 quam
2434 2340 2564 2396 cleri
2599 2343 2819 2397 nomine
2858 2358 3002 2399 nunc
3054 2343 3458 2419 laxius‘utatur,
3503 2360 3647 2400 nunc
3694 2344 3861 2399 stric-

2247 2439 2372 2500 tius,
2402 2452 2499 2506 pro
2521 2452 2670 2491 more
2688 2436 2898 2503 sarculi,
2924 2438 3091 2509 utqui
3124 2454 3229 2492 uno
3259 2453 3423 2495 sensu
3452 2438 3639 2494 clerici
3668 2437 3860 2510 appel-

2246 2528 2445 2595 lantur,
2469 2529 2596 2595 sint,
2617 2529 2694 2597 ad
2712 2528 2846 2586 alios
2866 2530 2912 2585 si
2940 2530 3309 2599 conferantur,
3332 2532 3482 2588 laicis
3498 2531 3857 2588 accensendi‘t

2245 2620 2391 2676 Idem
2415 2621 2481 2677 de
2511 2622 2905 2678 recentioribus
2953 2622 3208 2680 Ecclesia:
3229 2624 3528 2680 canonibus
3553 2625 3855 2681 observare

2246 2727 2576 2786 poteramus.
2624 2716 2732 2774 Sed
2788 2732 2887 2774 nos
2934 2717 3004 2774 de
3045 2719 3301 2791 Cypriani
3351 2719 3709 2789 temporibus,
3760 2725 3855 2773 aut

2245 2807 2409 2902 tegam
2455 2808 2868 2880 antiquioribus,
2923 2810 3408 2880 impraesentiarum
3439 2826 3602 2884 agere
3632 2810 3847 2868 consti-

2244 2905 2467 2958 tuhnus.

2319 2995 2348 3067 §
2391 2996 2479 3053 l5.
2507 3027 2578 3038 —
2606 2995 2703 3053 Est
2726 2998 2889 3055 etiam
2922 2996 3296 3055 observatione
3326 2998 3523 3072 dignus
3551 3015 3669 3056 mos
3702 3000 3855 3057 illius

2248 3089 2434 3143 saeculi
2483 3089 2535 3143 in
2565 3090 2922 3161 legationibus
2969 3091 3369 3147 ecclesiasticis.
3403 3091 3573 3147 Erant
3600 3093 3747 3149 enim
3774 3092 3856 3148 di-

2244 3179 2485 3249 gnitatis,
2537 3190 2647 3235 tum
2698 3198 2886 3238 eorum
2932 3198 2962 3237 a
3004 3185 3223 3253 quibus,
3256 3194 3366 3238 tum
3393 3184 3459 3240 ad
3487 3200 3641 3256 quos.
3676 3187 3852 3241 mitte-

539 3269 643 3327 sub
672 3271 978 3327 Alexandro
1007 3272 1233 3338 Severo,
1267 3271 1335 3325 ab
1369 3286 1435 3326 eo
1484 3271 1650 3326 fuisse
1678 3282 2012 3341 susceptum.
2048 3271 2135 3328 ld-
2170 3274 2216 3339 C
2251 3284 2459 3337 rentur,
2491 3273 2976 3332 observantissimi.
3030 3276 3122 3333 Pri
3147 3294 3210 3331 ua
3263 3278 3513 3350 Cypriani
3552 3279 3752 3351 legatio
3781 3278 3852 3335 ad

541 3381 649 3437 que
674 3380 741 3421 eo
767 3364 995 3420 fortasse
1032 3365 1262 3421 consilio
1291 3364 1596 3419 institutum
1626 3375 1733 3432 est,
1762 3366 1904 3436 quod
1956 3366 2147 3422 fideles

540 3460 788 3528 cumjam
810 3461 861 3513 in
889 3461 1068 3515 sinum
1095 3458 1356 3516 Ecclesia:
1379 3461 1616 3528 suscepti
1648 3459 1898 3528 fuissent,
1921 3461 2149 3531 proinde

541 3550 841 3617 doctorem,
894 3552 1095 3608 habere
1142 3551 1448 3619 debuerint,
1503 3553 1596 3624 qni
1644 3553 1733 3608 vel
1788 3554 1840 3609 in
1886 3554 2146 3611 Ecclesia:

543 3647 900 3703 aestimatione
952 3657 1098 3703 esset
1143 3646 1418 3705 sacerdos.
1477 3647 1558 3701 Ad
1622 3648 1930 3705 sacerdotes
2002 3649 2144 3705 enim

546 3738 874 3811 pertinuisse
921 3738 1070 3794 illam
1115 3739 1356 3795 scientia:
1403 3740 1653 3811 gratiam,
1692 3757 1797 3813 qua
1838 3742 2144 3798 donandum

548 3832 919 3889 Tertullianus
946 3831 1083 3888 dixit
1108 3849 1230 3889 esse
1270 3833 1571 3901 doctorem,
1606 3851 1638 3891 e
1680 3837 1880 3892 veteris
1932 3853 2148 3909 quoque

544 3923 682 3996 legis
708 3926 1041 3998 prtescriptio
1066 3934 1324 3992 conSIat.,
1356 3926 1504 3993 Mal.,
1538 3943 1594 3995 tt,
1629 3928 1682 3982 7.
1714 3928 1807 3983 Illa
1842 3929 1986 3984 enim
2033 3929 2145 3999 ipsa

548 4017 794 4074 scientia:
819 4034 951 4074 voce
979 4033 1107 4074 usus
1128 4029 1211 4075 est
1232 4019 1286 4075 in
1313 4034 1381 4075 eo
1402 4019 1543 4087 loco,
1572 4034 1678 4075 non
1708 4020 1867 4075 modo
1885 4031 2038 4077 vetus
2068 4023 2149 4077 in-

549 4122 760 4183 terpres
787 4112 1104 4180 hodiernus,
1130 4113 1226 4169 sed
1256 4114 1369 4186 ipse
1396 4130 1609 4185 quoque
1634 4114 1953 4188 Cyprianus.
1988 4113 2147 4176 Cate-

547 4207 832 4263 chumeuis
861 4222 990 4264 vero
1032 4206 1364 4273 erudiendis,
1409 4209 1498 4278 qui
1531 4218 1681 4265 extra
1731 4209 2023 4265 Ecclesiam
2057 4211 2148 4267 siti

548 4310 755 4370 essent,
777 4301 907 4356 satis
936 4309 1054 4356 erat
1100 4299 1181 4356 vel
1233 4300 1421 4365 laicus,
1466 4316 1625 4371 quem
1670 4310 1870 4367 tamen,
1927 4302 2150 4360 honoris

549 4410 733 4462 causa,
764 4396 911 4450 clero
943 4394 1247 4464 proximum
1298 4393 1592 4465 eligeliant.
1648 4393 1954 4451 Praisertim
2001 4411 2144 4464 cum,

548 4505 617 4547 ex
644 4489 709 4544 iis
729 4503 848 4559 quae
871 4486 938 4543 de
956 4502 1147 4543 eorum
1178 4484 1445 4541 sententia
1471 4486 1718 4556 superius
1735 4486 2146 4558 disputavimus,

547 4593 760 4642 constet
788 4583 870 4639 vel
905 4583 1094 4654 vulgus
1123 4579 1541 4636 Christianorum
1590 4581 1658 4635 ita
1706 4582 1978 4637 extraneis
2023 4581 2146 4651 qui-

2251 3363 2525 3421 Romanos
2555 3381 2651 3437 per
2675 3364 3033 3424 Clementium
3062 3368 3494 3440 bypodiaconum
3523 3372 3686 3426 missa
3722 3381 3848 3440 est;

2250 3458 2407 3528 cujus
2438 3458 2771 3515 mentionem
2820 3460 3081 3516 habemus
3111 3461 3209 3533 Ep.
3245 3478 3324 3530 ιιι,
3354 3478 3428 3528 tv,
3460 3478 3550 3518 xv.
3605 3462 3856 3520 Secunda

2254 3550 2371 3607 haec
2414 3558 2499 3605 est
2526 3550 2593 3606 ad
2622 3552 2827 3606 clerum
2856 3567 3139 3607 romanum
3173 3568 3270 3623 per
3299 3554 3555 3610 Saturum
3586 3554 3854 3612 lectorem

2251 3642 2609 3714 Optatumque
2635 3642 3086 3715 bypodiaconum.
3123 3645 3363 3701 Meminit
3392 3647 3493 3702 hac
3520 3645 3634 3717 ipsa
3667 3647 3767 3717 Ep.
3800 3654 3858 3703 et

2248 3753 2398 3805 xxrx,
2425 3752 2593 3793 xxxn.
2628 3737 2831 3803 Tertia,
2858 3738 2924 3793 ad
2953 3740 3203 3795 eumdem
3231 3741 3433 3795 clerum
3464 3755 3561 3811 per
3582 3740 3856 3797 Fortuna-

2249 3840 2362 3887 tttm
2394 3832 2824 3902 hypodiacouum
2852 3873 2865 3893 .
2913 3831 3017 3902 Ep.
3060 3848 3188 3887 xxx.
3233 3831 3433 3900 Quarta
3476 3831 3759 3889 Novatiani
3785 3831 3855 3889 ad

2250 3920 2575 3996 Cyprianum
2608 3924 2675 3980 de
2700 3924 3042 3981 ordinatione
3067 3941 3165 3981 sua
3194 3942 3290 3996 per
3307 3925 3595 3982 Maximum
3628 3927 3854 3998 presby-

2253 4024 2461 4082 terum,
2510 4024 2567 4072 et
2608 4015 2929 4088 Augendum
2982 4016 3289 4084 diaconum,
3344 4016 3639 4074 Macbznum
3690 4020 3857 4075 etiam

2249 4108 2534 4179 quemdam
2565 4116 2725 4179 atque
2744 4109 3067 4180 Longinum,
3099 4112 3189 4180 qui
3219 4110 3373 4181 cujus
3398 4110 3604 4166 ordinis
3632 4111 3855 4177 fuerint,

2252 4217 2360 4257 non
2404 4209 2638 4269 constat,
2684 4203 2787 4275 Ep.
2816 4219 2926 4257 xu.
2960 4204 3159 4270 Quinta
3201 4202 3457 4277 Cypriani
3490 4221 3611 4262 cum
3643 4205 3856 4279 synodo

2250 4297 2317 4352 ad
2335 4298 2718 4368 explorandam
2740 4298 2981 4356 Cornelii
2997 4299 3393 4358 ordinationem
3419 4318 3514 4372 per
3533 4300 3856 4360 Caldonium

2252 4387 2714 4463 Fortunatumque
2742 4392 3048 4464 episcopos,
3081 4393 3179 4465 Ep.
3209 4410 3321 4460 xu,
3370 4409 3503 4462 xm,
3536 4410 3660 4450 xcv.
3690 4393 3855 4452 Sexta

2250 4482 2507 4557 Cypriani
2528 4486 2773 4557 priVatim
2795 4487 2861 4543 ad
2885 4487 3197 4544 Cornelium
3223 4504 3320 4560 per
3346 4488 3679 4545 Primitivum
3704 4506 3857 4560 pres-

2253 4578 2524 4651 byterum,
2573 4580 2673 4651 Ep.
2726 4596 2838 4638 xu.
2895 4581 3135 4653 Septima
3181 4582 3437 4652 Ejusdem
3479 4583 3547 4639 ad
3599 4582 3853 4641 eumd’ém

548 4677 735 4736 busvis
761 4678 1049 4734 sanctitate
1079 4674 1462 4746 prmeellnisse,
1487 4682 1546 4729 ut
1566 4683 1748 4729 essent
1773 4674 1987 4741 merito,
2007 4674 2049 4729 si
2080 4673 2145 4730 ad
2171 4678 2224 4742 D
2251 4687 2349 4743 per
2376 4673 2617 4729 Mettium
2659 4674 3112 4747 hypodiaconmn,
3175 4686 3231 4732 et
3277 4676 3637 4747 Nicephorum
3668 4679 3853 4750 acoly-

549 4771 669 4827 illos
686 4769 1084 4838 conferrentur,
1114 4785 1211 4842 pro
1237 4768 1607 4825 sacerdotibus
1634 4768 1885 4823 habendi.

626 4865 655 4937 §
685 4863 774 4919 12.
795 4894 867 4905 -
886 4863 1295 4920 Observandum
1328 4864 1569 4934 insuper,
1601 4878 1667 4918 ex
1692 4861 1881 4918 eodem
1909 4861 2012 4916 hoc
2037 4861 2147 4935 Cy-

550 4956 729 5031 priani
754 4957 897 5021 loco,
930 4955 1163 5012 lectores
1187 4955 1348 5011 etiam
1375 4967 1534 5026 atque
1557 4955 1960 5026 hypodiaconos
1986 4970 2151 5026 gene-

548 5049 1000 5110 raliclericornm
1047 5047 1201 5103 titulo
1246 5048 1477 5103 censeri.
1511 5047 1564 5102 ω
1603 5062 1734 5104 sane
1783 5050 1976 5116 innuit,
2028 5065 2150 5104 cum

550 5162 647 5218 per
675 5146 908 5203 clericos
954 5143 1020 5199 ad
1062 5159 1341 5199 romanum
1381 5143 1584 5199 clerum
1635 5143 1978 5199 scribendum
2030 5159 2151 5199 esse

548 5242 699 5309 dicit,
728 5256 903 5312 eaque
924 5240 1037 5311 ipsa
1064 5237 1134 5293 de
1160 5253 1346 5305 causa,
1381 5237 1636 5293 lectorem
1663 5236 1833 5293 fuisse
1869 5237 2150 5303 Saturum,

551 5335 986 5409 ltypodiaconum
1009 5348 1140 5388 vero
1166 5332 1421 5401 Optatum
1449 5348 1478 5385 a
1506 5345 1566 5387 se
1579 5330 1949 5386 constitutum.
1976 5329 2151 5387 Simili

551 5432 801 5502 exemplo
827 5429 1136 5485 Felicianus
1162 5427 1442 5500 acolythus
1460 5426 1688 5483 clericus
1714 5427 1911 5482 dicitur
1929 5426 2026 5497 Ep.
2057 5440 2146 5482 ιν.

551 5525 713 5593 Quod
732 5525 986 5581 etiamad
1032 5524 1500 5590 lcetoresauinet,
1551 5522 1640 5592 qui
1691 5529 1869 5577 tamen
1924 5520 2150 5577 inferior

551 5627 670 5677 erat
699 5617 1125 5690 hypodiaconatu
1154 5615 1374 5688 gradus,
1406 5624 1616 5671 constat
1648 5614 1787 5669 idem
1813 5629 1880 5670 ex
1905 5612 2147 5683 ejusdem

551 5710 797 5784 epistolis
823 5708 891 5764 de
935 5710 1154 5765 Aurelio
1183 5719 1238 5764 et
1279 5707 1529 5763 Celerino
1570 5708 1638 5760 ad
1669 5706 1933 5761 honorem
1987 5704 2152 5761 lecto-

550 5812 699 5860 ratus
722 5818 751 5857 a
779 5818 839 5857 se
868 5802 1153 5873 provectis.
1175 5802 1249 5856 De
1269 5800 1490 5857 Aurelio
1509 5799 1580 5854 ita
1593 5797 1802 5863 scribit,
1834 5799 2152 5870 Ep.xxxnt:

556 5916 577 5957 ι
599 5895 659 5955 In
689 5894 1119 5955 ordinationibus
1146 5894 1379 5964 clericis,
1422 5895 1617 5951 fratres
1636 5890 1961 5965 charissimi,
2009 5893 2148 5952 sole-

2254 4768 2424 4834 thum,
2462 4768 2563 4839 Ep.
2614 4784 2743 4837 xw,
2799 4785 2950 4836 xutt,
2976 4785 3121 4829 xuv.
3152 4769 3352 4826 Octava
3379 4770 3616 4827 Cornelii
3644 4772 3709 4826 ad
3752 4770 3855 4845 Cy-

2256 4863 2499 4931 prianum
2551 4878 2645 4933 per
2691 4863 3007 4933 Augendum
3055 4863 3465 4934 confessorem,
3508 4864 3609 4935 Ep.
3661 4881 3849 4922 XLVIII.

2254 4956 2424 5025 Quem
2475 4967 2650 5013 tamen
2699 4958 2788 5015 ille
2818 4959 2995 5014 locum
3042 4959 3095 5015 in
3148 4960 3391 5017 Ecclesia
3421 4961 3717 5017 obtinuerit
3744 4952 3851 5017 non

2257 5050 2446 5121 liquet.
2478 5049 2628 5105 Noua
2682 5052 2974 5107 Antoniani
3003 5051 3071 5108 ad
3097 5053 3424 5126 Cyprianum
3475 5069 3572 5125 per
3595 5054 3851 5122 Quintum

2257 5144 2656 5216 presbyterum,
2695 5145 2791 5215 Ep.
2835 5160 2925 5201 ιιι.
2983 5145 3198 5202 Decima
3239 5147 3475 5204 Cornelii
3519 5136 3850 5221 ad'Cypria~

2257 5254 2385 5293 num
2412 5255 2506 5309 per
2527 5240 2779 5294 Saturum
2807 5241 3138 5313 acolythum,
3166 5243 3267 5313 Ep.
3324 5259 3411 5299 ιν.
3438 5241 3730 5299 Undecima
3756 5241 3853 5313 Cy-

2258 5330 2431 5401 priani
2461 5329 2525 5385 ad
2553 5329 2864 5387 Cornelium
2897 5348 2991 5404 per
3020 5332 3351 5389 Fcliciannm
3382 5335 3713 5407 acolythum,
3748 5333 3848 5405 Ep.

2257 5422 2379 5478 ead.
2431 5423 2756 5482 Duodecima
2804 5426 3082 5499 Pomponii
3126 5426 3365 5499 episcopi
3413 5428 3479 5482 ad
3524 5427 3847 5499 Cyprianum

2254 5532 2376 5574 cum
2402 5520 2610 5591 synodo
2636 5538 2729 5593 per
2758 5522 3047 5579 Paconium
3076 5524 3317 5591 fratrem,
3350 5523 3450 5594 Ep.
3480 5539 3608 5589 exn;
3636 5523 3731 5579 sed
3753 5534 3851 5575 nec

2254 5613 2371 5683 ejus
2400 5613 2631 5685 dignitas
2661 5626 3013 5672 memoratur.
3045 5615 3224 5671 Tertia
3256 5615 3462 5671 decima
3490 5615 3850 5671 Erclcsiarum

2257 5708 2620 5766 Asturicensis
2644 5720 2697 5766 et
2726 5711 3078 5768 Emeritensis
3108 5726 3202 5781 per
3241 5711 3527 5783 episcopos
3551 5724 3678 5765 suos
3710 5705 3850 5763 Feli-

2255 5816 2376 5858 cem
2402 5813 2455 5860 et
2488 5803 2768 5871 Sabinum,
2801 5802 2975 5874 Epist.
3029 5820 3215 5862 vant.
3262 5806 3315 5861 in
3364 5820 3429 5863 ea
3466 5818 3627 5860 causa
3657 5817 3759 5874 qua
3785 5797 3851 5854 de

2260 5895 2379 5968 ipso
2408 5897 2579 5956 fuerat
2619 5897 2932 5969 episcopatu
2961 5897 3340 5974 disceptatum.
3382 5898 3667 5974 Subrogati
3707 5892 3847 5953 enim
