4018 6286
184 344 259 403 ll
1230 362 1246 373 '
1302 348 1396 406 DE
1419 348 1804 410 PRESBYTEI

1931 352 2377 413 DOCTORIBUS.
2798 352 2801 353 ν
2820 350 2825 355 ’
3412 363 3491 424 ιε

185 468 347 516 crant
385 457 441 515 hi
477 458 530 515 in
570 458 720 516 locos
764 458 1028 517 Martialis
1071 467 1127 516 et
1153 458 1404 518 Basilidis
1435 463 1784 521 Libellatico-
1812 473 1866 533 Α
1891 467 2145 532 obierint,
2189 466 2391 523 factum
2422 466 2473 523 id
2500 476 2716 525 nonest
2744 468 2846 526 nisi
2873 469 3171 538 rarissime,
3205 473 3493 546 causisque

84 620 93 627 ,
180 574 333 619 tum.
364 558 565 627 Quarta
596 556 801 614 decima
827 576 840 612 :
867 556 1049 627 Quinti
1080 557 1331 629 Episcopi
1358 558 1690 615 Mauritaniae
1718 560 1787 617 ad

183 650 515 724 Cyprianum
545 651 829 721 primatem
869 665 964 721 per
992 649 1288 706 Lueianum
1337 652 1474 708 forte
1501 653 1786 727 presbyte-

181 760 335 810 rum,
362 744 466 817 Ep.
488 760 631 801 Lm.
656 744 853 815 Quinta
876 744 1123 801 decima:
1152 745 1430 818 Cypriani,
1461 746 1555 803 sed
1601 749 1785 817 totius,

186 848 250 895 ut
279 839 489 896 videtur
509 881 526 905 ,
573 839 831 895 Ecclesia:
856 838 1105 896 africana:
1135 840 1353 896 nomine
1376 882 1391 905 ,
1421 840 1488 896 ad
1518 839 1789 897 Firmilia-

184 948 321 990 num
347 930 699 1003 Cappadocia:
727 932 1065 1003 primarium,
1100 940 1159 987 ut
1185 932 1419 997 videtur,
1448 933 1785 1004 episcOpum,

186 1040 289 1096 per
306 1022 661 1095 Rogatianum
681 1022 990 1086 diaconum.
1020 1022 1120 1095 Ep.
1150 1039 1311 1080 uxv.
1343 1022 1511 1080 Sexta
1540 1022 1784 1081 decima:

187 1114 428 1172 Tandem
457 1115 757 1188 eademque
784 1115 969 1171 ultima
1015 1114 1270 1188 Cypriani
1316 1116 1487 1186 ipsius
1530 1116 1585 1171 in
1627 1117 1790 1174 exilio

181 1208 296 1280 jam
324 1209 608 1280 constituti
634 1208 703 1265 ad
752 1209 989 1281 collegas
1011 1209 1197 1266 itidem
1220 1209 1508 1281 episc0pos
1537 1208 1788 1265 eosdem-

185 1319 293 1376 que
323 1305 376 1358 in
411 1303 645 1360 metallis
673 1314 958 1359 versantes
978 1318 1125 1373 ,_per
1155 1301 1454 1359 Victorium
1488 1301 1788 1358 Herennia-

186 1410 317 1451 num
368 1394 825 1467 bypodiacouum,
867 1394 1165 1464 Lucanum,
1192 1395 1480 1451 Maximum
1503 1404 1560 1451 ct
1585 1397 1791 1450 Aman-

186 1488 323 1543 tium
353 1487 656 1561 acolythos,
681 1487 783 1559 Ep.
815 1503 1041 1555 Lxxvttt,
1068 1504 1249 1555 LXXIX,
1278 1504 1445 1544 Lxxx.

265 1579 296 1652 ᾗ
324 1580 412 1636 14.
437 1577 678 1636 Notanda
705 1591 885 1636 autem
915 1580 1001 1636 illa
1028 1581 1278 1651 Cypriani
1296 1581 1492 1638 verba:
1521 1598 1541 1632 ι
1568 1579 1635 1635 Εῑ
1658 1594 1794 1652 quo-

186 1672 336 1729 niam
353 1673 596 1744 oportuit
613 1687 700 1728 me
722 1688 818 1744 per
842 1673 1072 1729 clericos
1098 1674 1364 1740 scribere,
1394 1692 1414 1726 ›
1434 1683 1541 1730 etc.
1569 1672 1649 1728 Ex
1676 1673 1793 1743 qui-

183 1761 292 1822 bus
316 1773 547 1833 constat,
572 1780 672 1837 pro
698 1766 880 1822 sa:culi
911 1766 1057 1822 illius
1086 1783 1237 1824 more
1253 1809 1268 1836 ,
1301 1767 1597 1839 legationes
1618 1765 1793 1822 eccle-

1889 561 2093 633 alioqui
2117 561 2472 633 gravissimis.
2506 562 2564 618 lu
2588 562 2855 636 legatione
2880 564 3040 620 tertia
3061 565 3291 633 decima,
3325 581 3492 624 causa

1889 653 2176 710 manifesta
2208 664 2313 710 est.
2363 654 2420 709 In
2449 654 2636 726 quinta
2664 656 2826 711 etiam
2860 656 3047 713 facilis.
3084 656 3216 713 Erat
3235 658 3377 713 enim
3410 658 3492 713 in-

1891 757 1973 804 ter
1997 748 2285 819 episcopos
2335 748 2745 819 disceptandum
2773 750 3086 809 Cornelium
3121 765 3282 823 atque
3310 752 3493 808 Nova-

1892 839 2117 895 tianum.
2151 840 2282 895 Erat
2320 841 2483 896 etiam
2510 840 2578 897 de
2605 841 2800 899 litteris
2837 842 3083 899 formatis
3125 844 3179 899 in
3214 853 3491 916 posterum

1890 930 2085 988 dandis
2128 933 2456 999 cavendum,
2488 948 2715 1004 quarum
2745 951 2908 991 omne
2933 938 3315 993 commercium
3357 937 3499 995 inter

1890 1021 2028 1078 alios
2077 1037 2184 1078 non
2236 1031 2357 1080 erat
2400 1038 2561 1094 quam
2606 1026 2913 1096 episcopos.
2960 1026 3101 1096 Quid
3128 1027 3271 1099 quod
3300 1027 3493 1100 synodi

1890 1112 2147 1169 africana:
2174 1115 2338 1169 etiam
2380 1116 2559 1171 missa:
2599 1126 2745 1184 sunt,
2777 1127 2833 1175 et
2859 1118 2924 1175 ad
2955 1120 3244 1191 synodum,
3276 1122 3496 1192 provin-

1891 1206 1989 1261 cia:
2020 1208 2277 1263 nimirum
2322 1210 2630 1281 episcopos,
2677 1210 2745 1266 ad
2775 1228 2910 1282 quos
2950 1214 3227 1284 spectabat
3255 1214 3495 1286 episcopi

1892 1300 2100 1355 romani
2131 1300 2424 1357 ordinatio.
2451 1301 2653 1374 Synodi
2681 1304 2825 1360 enim
2853 1307 3093 1371 nomine,
3138 1308 3212 1364 uti
3258 1324 3285 1360 a
3317 1308 3495 1378 genti-

1890 1390 2024 1446 lium
2054 1408 2154 1448 usu
2185 1393 2251 1447 ad
2279 1393 2611 1451 christianos
2643 1398 2935 1463 emanavit,
2966 1398 3303 1453 sacerdotum
3325 1399 3495 1454 colle-

1890 1484 1976 1555 gia
2024 1501 2254 1556 qua-que
2299 1485 2416 1543 sive
2465 1486 2832 1545 fraternitates
2877 1488 3236 1559 appellantur,
3283 1490 3396 1545 sive
3442 1490 3496 1545 in

1894 1580 2250 1635 conventibus
2275 1619 2291 1644 ,
2332 1580 2453 1636 sive
2498 1583 2663 1638 etiam
2703 1581 2922 1653 singuli.
2956 1581 3066 1638 Nec
3095 1581 3293 1639 desunt
3333 1583 3494 1640 etiam

1893 1673 2035 1743 apud
2066 1674 2363 1730 Ecclesiam
2406 1675 2565 1746 hujus
2608 1676 3015 1748 signiﬁcationis
3060 1677 3342 1749 exempla,
3371 1677 3417 1733 si
3442 1676 3499 1734 id

1896 1766 2365 1838 inpraesentiarum
2396 1784 2637 1841 agerem.

184 1860 438 1918 siasticas
496 1875 602 1916 non
649 1861 771 1916 aliis
808 1876 969 1930 quam
1009 1861 1223 1918 clericis
1251 1860 1420 1917 fuisse
1463 1858 1787 1917 crcdendas.
1818 1868 1866 1929 Β
1968 1860 1997 1933 §
2033 1861 2121 1919 i5.
2150 1862 2227 1917 [ta
2253 1863 2470 1934 quidem
2512 1878 2571 1920 se
2598 1879 2684 1921 res
2715 1863 2900 1921 habuit
2925 1864 3182 1937 legatoria
3209 1875 3367 1921 actate
3389 1865 3499 1938 Cy-

183 1951 248 2009 Id
280 1952 484 2010 factum
512 1951 749 2010 fortasse
779 1963 1066 2025 propterea
1090 1970 1197 2025 quo
1221 1954 1394 2025 major
1421 1953 1557 2011 ﬁdes
1588 1953 1793 2008 nuntiis

186 2044 334 2101 ultro
384 2045 632 2117 citroque
679 2046 981 2103 referendis
1025 2047 1333 2104 accederet.
1377 2045 1436 2102 ld
1483 2045 1607 2101 tulit
1645 2056 1794 2125 certe

187 2141 475 2212 aegerrime
505 2139 808 2212 Cyprianus
851 2156 974 2197 cum
1026 2141 1126 2212 Ep.
1176 2157 1233 2197 ill
1271 2140 1403 2197 cleri
1432 2140 1642 2196 romani
1674 2154 1795 2196 sus-

186 2241 407 2305 pectam
439 2233 698 2301 haberet,
728 2233 974 2290 laborare
1001 2234 1071 2289 ita
1099 2234 1341 2305 epistola:
1368 2233 1580 2290 clerica:
1607 2232 1789 2299 fidem,

187 2340 265 2382 ne
295 2324 576 2381 mendacio
602 2325 833 2383 fortasse
859 2326 1039 2398 aliquo
1066 2336 1122 2382 et
1145 2325 1334 2382 fraude
1355 2335 1609 2396 corrupta
1627 2332 1791 2380 esset.

187 2419 321 2478 Scio
349 2421 598 2495 equidem
646 2420 932 2491 epistolam
980 2420 1231 2477 clericam
1267 2428 1374 2475 tam
1408 2417 1589 2473 vocari
1637 2429 1797 2488 posse

190 2516 350 2573 illam
379 2530 497 2588 qua:
543 2531 573 2571 a
625 2515 772 2571 clero
800 2529 1027 2570 romano
1075 2513 1278 2584 scripta
1324 2520 1471 2567 esset
1513 2507 1642 2583 (Ep.
1674 2509 1754 2579 tv)
1780 2550 1795 2576 ,

188 2625 359 2683 quam
388 2626 506 2682 qua:
533 2608 834 2666 Clementio
872 2607 1267 2681 hypodiacono,
1302 2605 1401 2676 ipsi
1440 2593 1659 2675 quoque
1688 2600 1801 2656 cle-

190 2702 334 2770 rico,
364 2701 541 2774 legato
572 2701 787 2757 tradita.
816 2698 923 2756 Sed
953 2715 1080 2756 vero
1108 2698 1279 2754 nuntii
1304 2696 1409 2753 hoc
1430 2696 1484 2752 in
1509 2696 1632 2752 loco
1664 2694 1800 2750 ﬁdes

188 2794 364 2851 solius
387 2835 405 2862 ,
440 2809 546 2851 non
571 2794 699 2850 item
731 2794 823 2850 illa
850 2793 1203 2849 scribentium
1224 2833 1239 2857 ,
1273 2792 1327 2847 in
1355 2790 1579 2846 dubium
1609 2797 1800 2844 vocata

190 2898 303 2946 est.
333 2888 476 2961 Ergo
501 2888 682 2945 clerici
717 2898 871 2945 erant
917 2887 996 2943 illi
1035 2901 1247 2960 quoque
1272 2885 1432 2957 legati
1476 2883 1543 2940 de
1569 2897 1799 2955 quorum

191 2985 458 3057 dignitate
483 2984 638 3041 aliter
663 3000 769 3040 non
799 2992 1029 3040 constat.
1061 2983 1129 3038 Et
1149 2979 1416 3053 acolythi,
1441 2990 1495 3036 et
1521 2980 1567 3035 si
1589 2978 1679 3051 qui
1710 2977 1802 3032 alii

194 3078 522 3136 inferiorum
551 3077 804 3135 ordinum
834 3076 1090 3142 ministri,
1121 3074 1417 3146 legationes
1443 3071 1699 3135 obierint,
1730 3069 1797 3124 il-

192 3170 284 3228 los
310 3186 526 3243 quoque
552 3172 694 3227 inter
721 3169 973 3235 clericos,
1004 3167 1107 3223 hoc
1133 3167 1251 3237 ipso
1277 3166 1437 3221 etiam
1460 3172 1801 3236 argumento,

1896 1953 2091 2024 priani.
2124 1953 2296 2010 Erant
2345 1955 2516 2013 etiam
2562 1958 2837 2012 nonnulla:
2872 1957 3143 2030 Cypriauo
3170 1958 3500 2030 antiquiores

1896 2046 2195 2118 legationes
2221 2048 2289 2104 ad
2321 2050 2566 2105 eamdem
2591 2049 2821 2105 fortnam
2847 2065 3146 2121 expressae.
3174 2051 3407 2123 Legatus
3434 2050 3504 2107 ab

1898 2142 2210 2201 Alexandro
2257 2143 2750 2216 llierosolymitano
2796 2144 3035 2199 antistite
3084 2143 3323 2217 (Euseb.,
3354 2144 3497 2199 Hist.

1897 2237 2049 2303 εισι..
2081 2253 2156 2302 vt,
2188 2236 2277 2307 Η)
2319 2235 2519 2291 missus
2557 2246 2637 2291 cst
2672 2235 2932 2292 Ecclesia:
2957 2235 3309 2294 Antiochena:
3337 2237 3501 2292 totius

1898 2329 2073 2402 Syria:
2097 2330 2365 2400 primaria:
2397 2329 2507 2400 (cui
2528 2338 2582 2385 et
2609 2327 2793 2384 Judara
2821 2328 3078 2385 attributa
3105 2328 3210 2400 est)
3242 2329 3502 2385 Clemens

1900 2424 2303 2482 Alexandrinus
2348 2425 2665 2496 presbyter,
2708 2423 2804 2480 sed
2830 2423 3000 2479 solus.
3031 2423 3197 2480 Plane
3224 2423 3291 2478 ad
3320 2439 3507 2479 exem~

1900 2520 2046 2592 plum
2087 2517 2369 2590 legationis
2395 2527 2603 2589 quarta:
2633 2516 2881 2572 decimae.
2926 2515 3159 2587 Legatus
3205 2525 3324 2571 erat
3350 2531 3501 2572 mar-

1903 2621 2078 2684 tyrum
2147 2610 2559 2681 lugdunensinm
2592 2609 3075 2679 vienncnsitnnque
3123 2607 3189 2663 ad
3241 2608 3502 2664 Eleuthe-

1902 2719 2021 2759 rum
2068 2717 2350 2758 romanum
2396 2701 2704 2772 pontificem
2754 2700 3039 2773 presbyter
3092 2699 3326 2756 lrenzeus
3378 2700 3504 2770 (nec

1904 2795 2049 2852 enim
2080 2805 2165 2851 est
2207 2793 2349 2865 quod
2377 2795 2694 2866 episeOpnm
2724 2794 2875 2849 illum
2902 2804 3029 2849 tunc
3059 2793 3322 2864 temporis
3344 2791 3508 2848 faciat

1905 2886 2241 2959 Blondellus)
2260 2888 2375 2958 ipse
2392 2887 2575 2943 itidem
2590 2887 2735 2941 solus
2759 2884 2996 2956 (Euseb.,
3018 2884 3154 2940 Hist.
3171 2886 3318 2950 εδει..
3344 2901 3398 2951 v,
3418 2885 3498 2955 4).

1905 2982 2144 3038 Aliarum
2177 2980 2523 3050 legationum,
2559 2989 2617 3034 ut
2641 2990 2793 3051 puto,
2824 2994 2929 3035 non
2965 2979 3229 3035 habemus
3252 2979 3504 3050 exempla

1906 3088 2078 3145 usque
2093 3073 2159 3128 ad
2178 3084 2419 3142 tempora
2445 3070 2727 3144 Pclycarpi
2744 3069 3274 3142 atquelgnatii(Vid.
3304 3068 3505 3136 Vnica,

1908 3167 2037 3223 Not.
2068 3169 2121 3222 iu
2152 3168 2321 3223 locum
2352 3164 2602 3235 Eusebii).
2651 3163 2763 3219 Illa:
2793 3163 2974 3234 itaque
3016 3171 3074 3218 ut
3100 3178 3157 3218 se
3186 3161 3506 3227 habuerint,
3600 3162 3615 3179 ‘

193 3275 517 3325 numeratos
566 3265 735 3323 fuisse
774 3279 997 3320 necesse
1042 3271 1145 3319 est.
1177 3260 1404 3315 Notetur
1445 3259 1605 3314 etiam
1636 3256 1803 3328 pluri-
1828 3260 1875 3325 C
1906 3274 2007 3332 age
2030 3258 2410 3328 despiciamus.

194 3376 320 3418 mas
370 3359 671 3433 legationes
719 3357 931 3413 duobus
979 3355 1170 3426 legatis
1222 3351 1392 3408 fuisse
1444 3349 1802 3417 commissas,

196 3456 509 3528 praesertim
570 3451 984 3509 transmarinas.
1041 3447 1196 3517 Quod
1268 3446 1412 3503 enim
1472 3442 1806 3500 Novatiauus

196 3556 437 3619 quatuor
485 3544 719 3612 miserit,
766 3542 820 3600 id
865 3540 1259 3599 benevolentia:
1308 3536 1589 3609 captanda:
1634 3535 1807 3607 gratia

196 3640 407 3698 factum
428 3654 551 3697 esse
574 3636 855 3712 probabile
879 3645 982 3692 est.
1014 3634 1159 3691 Idem
1190 3633 1419 3689 fortasse
1446 3631 1514 3686 de
1540 3628 1809 3700 legatione

198 3733 274 3791 ad
296 3742 591 3803 -martyras
632 3727 974 3784 statuendum
998 3768 1013 3794 ,
1045 3732 1275 3797 quatuor
1304 3722 1431 3777 illos
1465 3720 1674 3792 legatos
1721 3718 1806 3775 vel

201 3828 264 3885 in
314 3836 610 3899 martyrum
642 3824 906 3881 honorem
935 3835 1058 3878 esse
1084 3819 1302 3886 missos,
1351 3817 1439 3871 vel
1471 3814 1615 3886 quod
1645 3813 1810 3869 variis

203 3920 264 3977 in
298 3920 433 3975 locis
478 3929 742 3990 martyres
789 3913 1065 3971 constituti
1096 3918 1319 3975 essent,
1364 3908 1450 3963 vel
1494 3921 1599 3978 quo
1632 3905 1812 3977 plures

201 4012 467 4069 adessent
493 4010 615 4066 ﬁdei
649 4018 816 4065 testes
857 4007 911 4062 in
953 4005 1212 4063 Ecclesia:
1241 4001 1604 4074 eleemosynis
1629 3999 1811 4056 distri-

203 4104 464 4165 buendis.
496 4104 677 4160 Erant
693 4101 858 4168 enim,
889 4101 943 4156 in
966 4100 1056 4156 illa
1084 4098 1245 4156 etiam
1277 4106 1458 4165 tetate,
1488 4094 1687 4163 alioqui
1717 4109 1814 4149 att-

203 4214 331 4266 rea,
353 4196 513 4254 mala:
536 4196 658 4252 ﬁdei
676 4194 924 4267 exempla
940 4195 992 4249 in
1010 4209 1071 4249 re
1092 4190 1421 4264 pecuniaria.
1446 4188 1595 4245 Talis
1617 4188 1810 4255 fuerat,

206 4291 266 4347 in
299 4290 415 4362 ipsa
454 4287 619 4345 etiam
646 4285 895 4344 Ecclesia
936 4284 1174 4341 africaua
1223 4284 1508 4355 presbyter
1551 4281 1810 4348 Novatus,

207 4383 318 4455 Ep.
346 4399 496 4441 xux.
545 4381 694 4438 Talis
737 4379 1126 4445 Felicissimns,
1161 4377 1262 4448 Ep.
1290 4390 1513 4431 xxxvtn.
1544 4373 1688 4429 Talis
1714 4372 1812 4428 de-

211 4477 381 4548 nique
406 4476 554 4547 (quis
575 4472 894 4543 crederet!)
945 4470 1288 4528 Nicostratus
1327 4468 1444 4538 ipse
1474 4466 1735 4522 diaconus
1762 4472 1818 4519 et

209 4571 519 4636 confessor,
550 4568 651 4639 Ep.
681 4581 866 4631 xnvm,
889 4581 1042 4621 πως.
1077 4562 1133 4620 ld
1160 4563 1321 4619 etiam
1349 4560 1816 4618 animadversione

1982 3353 2011 3425 §
2068 3351 2156 3407 16.
2189 3350 2257 3406 Et
2283 3349 2497 3421 quidem
2538 3346 2763 3419 epistola
2798 3345 3051 3401 Ecclesia:
3080 3345 3408 3417 smyrnensis
3437 3343 3507 3400 ad

1908 3443 2362 3500 Philomelienses
2386 3441 2454 3496 de
2477 3439 2733 3511 martyrio
2760 3438 3064 3509 Polycarpi,
3088 3438 3285 3507 scripta
3307 3445 3391 3492 est
3413 3452 3509 3507 per

1909 3537 2143 3594 Marcum
2162 3534 2444 3606 quemdam
2464 3532 2708 3597 fratrem,
2733 3532 2797 3587 ad
2823 3531 3048 3586 formam
3071 3531 3352 3602 legationis
3368 3529 3510 3586 duo.

1911 3633 2133 3689 decima:
2151 3646 2307 3699 quem
2325 3629 2524 3685 latinus
2540 3637 2695 3684 vetus
2712 3628 2979 3698 interpres
2992 3625 3310 3689 Martiannm
3330 3624 3510 3695 appel-

1912 3726 2006 3794 lat,
2026 3726 2094 3782 de
2113 3724 2267 3793 cuius
2290 3723 2342 3778 in
2367 3721 2611 3777 Ecclesia
2643 3719 2764 3775 loco
2792 3719 2923 3774 nihil
2949 3726 3181 3773 constat.
3211 3717 3312 3772 Par
3337 3727 3421 3773 est
3439 3714 3510 3772 de

1912 3819 2219 3876 Crescentis
2248 3818 2369 3873 loco
2388 3816 2682 3879 silentium,
2703 3828 2811 3883 quo
2843 3813 3032 3868 nuntio
3062 3827 3187 3867 usus
3214 3811 3370 3867 estin
3395 3811 3508 3879 illa,

1912 3927 2072 3984 quam
2100 3910 2168 3966 ad
2200 3909 2574 3980 Philippenscs
2616 3905 2767 3962 dedit
2788 3947 2802 3970 ,
2835 3904 3075 3976 Epistola
3108 3905 3225 3975 ipse
3254 3904 3512 3976 Polycar-

1915 4020 2035 4075 pus.
2056 4003 2311 4075 Epistola:
2334 3999 2523 4072 Iguatii
2546 3997 2677 4073 (Ep.
2698 4000 2767 4053 ad
2790 3998 3000 4070 Smyrn.
3021 4041 3036 4065 ,
3059 3996 3088 4069 ᾗ
3109 3997 3195 4061 ης
3220 3998 3291 4051 ad
3310 3995 3511 4068 Ephes.

1918 4096 2091 4171 με).
2140 4096 2205 4152 ad
2258 4096 2605 4167 Smyt'nmos,
2661 4090 2945 4163 Ephesios,
2996 4090 3510 4162 Philadelphienses,

1915 4188 2128 4245 Burrho
2176 4188 2443 4253 diacono,
2499 4184 2595 4241 sed
2642 4184 2731 4255 qui
2787 4184 3055 4240 communi
3110 4182 3510 4259 Smyrntcorum

1917 4282 2382 4353 Ephesiorumque
2409 4277 2629 4333 nomine
2653 4275 2720 4330 ad
2749 4274 2898 4330 illum
2931 4274 3125 4329 missus
3149 4274 3355 4342 fuerat,
3401 4286 3512 4330 tra-

1917 4375 2047 4431 dita:
2068 4373 2335 4430 videntur.
2360 4371 2602 4441 Reliqua:
2622 4368 2706 4424 cui
2737 4365 2947 4422 tradita:
2973 4368 3078 4421 sint
3097 4405 3113 4431 ,
3142 4380 3248 4420 non
3269 4373 3510 4431 constat;

1918 4468 2013 4525 sed
2040 4466 2250 4523 Burrho
2276 4466 2439 4522 etiam
2470 4462 2712 4527 traditas,
2749 4468 2834 4515 est
2856 4475 2986 4516 sane
3012 4459 3299 4515 admodum
3325 4458 3512 4514 verisi-

1919 4562 2071 4619 mile.
2100 4559 2347 4616 Notanda
2388 4557 2531 4614 enim
2559 4553 2754 4625 lgnatii
2781 4554 2943 4608 verba
2988 4552 3038 4607 in
3074 4552 3173 4622 Ep.
3205 4551 3272 4606 ad
3327 4552 3516 4622 Smyr-

210 4663 464 4737 dignum,
505 4661 831 4734 prmcipuum
883 4659 1202 4731 plerumque
1231 4656 1527 4727 legatorum
1560 4652 1804 4725 hypodia-

1919 4668 2090 4721 naos,
2118 4651 2171 4709 ὃν
2188 4651 2520 4709 ἀπεστείλατε
2546 4649 2656 4720 μετ’
2678 4649 2826 4719 ἐμοῦ.
2847 4644 2964 4699 Νοη
2990 4644 3146 4714 igitur
3162 4642 3229 4696 ad
3253 4643 3513 4714 lgttalium

211 4772 420 4817 conum
449 4755 637 4822 fuisse,
687 4768 787 4811 nec
832 4769 957 4810 eum
988 4754 1212 4821 gradum
1253 4748 1572 4805 excessisse.
1606 4744 1685 4801 Ita
1716 4743 1818 4800 fuit

215 4854 277 4908 in
304 4849 595 4922 legatione,
625 4847 819 4918 prima,
850 4847 1108 4914 secunda,
1154 4844 1345 4909 tertia,
1385 4842 1635 4911 septima,
1668 4849 1820 4895 sexta

217 4943 454 5000 decima.
508 4939 663 5009 Quod
702 4940 749 4996 si
800 4938 1090 5011 aliquando
1133 4936 1383 5008 superior
1438 4934 1702 5006 quispiam
1755 4933 1825 4988 sit

218 5037 443 5099 missus.
476 5034 530 5090 id
559 5043 685 5090 tunc
710 5031 1025 5104 plerumque
1071 5030 1297 5101 contigit
1336 5042 1458 5083 cum
1485 5026 1677 5082 unicus
1704 5023 1827 5080 mit-

223 5138 473 5200 teretur,
509 5136 568 5184 ut
596 5126 805 5183 numeri
845 5125 1113 5183 defectum
1166 5124 1236 5179 ita
1278 5137 1527 5195 persona:
1566 5119 1826 5192 dignitate

221 5220 760 5295 compensarent.lta
788 5222 841 5277 in
875 5219 1163 5290 legatione,
1187 5231 1349 5284 nona,
1382 5227 1574 5287 quarta
1594 5212 1824 5277 decima,

222 5316 415 5389 quinta
436 5314 668 5371 decima.
693 5313 848 5383 Quod
870 5312 1028 5368 aliter
1048 5309 1378 5383 singulorum
1398 5307 1636 5372 nomina,
1664 5303 1826 5359 etiam

226 5408 508 5465 inferioris
532 5405 760 5473 ordinis,
792 5404 1107 5472 habeamus,
1152 5418 1257 5459 non
1298 5411 1383 5459 est
1413 5409 1591 5456 tamen
1618 5406 1825 5455 certum

227 5499 477 5571 singulos
505 5498 783 5555 dumtaxat
808 5498 974 5553 fuisse
1003 5497 1217 5552 missos.
1250 5494 1397 5551 Idem
1425 5492 1679 5558 obtinuit,
1719 5504 1826 5545 non

231 5597 291 5653 in
319 5593 679 5665 legationibus
727 5592 888 5649 modo
937 5586 1337 5653 transmarinis,
1395 5585 1489 5642 sed
1543 5594 1599 5641 et
1645 5585 1698 5639 in
1728 5580 1831 5637 illis

1918 4749 2235 4814 dumtaxat,
2264 4745 2360 4802 sed
2385 4760 2505 4800 cum
2533 4756 2600 4797 eo
2628 4741 2827 4795 missus
2853 4748 2933 4793 est
2961 4735 3202 4791 Burrhns
3226 4735 3375 4806 (Vid.
3411 4735 3517 4806 Ep.

1919 4842 1988 4897 ad
2008 4839 2220 4915 Ephes.,
2242 4836 2368 4909 §2),
2394 4846 2579 4890 comes
2606 4829 2818 4885 itineris
2832 4827 3067 4893 futurus,
3089 4834 3416 4899 nuntiosque
3440 4828 3519 4884 le-

1923 4932 2230 5007 gationibus
2259 4924 2547 4984 obeundis.
2578 4922 2695 4989 Quo
2724 4920 2941 4975 nomine
2962 4919 3135 4979 etiam.
3150 4917 3415 4990 Ephesios
3457 4920 3522 4974 il.

1926 5026 2009 5082 los
2033 5024 2166 5078 alios
2192 5018 2319 5091 (Ep.
2345 5018 2414 5072 ad
2441 5014 2620 5080 Rom.,
2667 5012 2696 5084 §
2738 5009 2827 5082 iO)
2846 5052 2859 5076 ,
2894 5010 3154 5077 Crocum,
3183 5009 3514 5076 Onesimum,

1927 5118 2156 5189 Euplum
2185 5122 2345 5184 atque
2372 5108 2702 5164 Frontonem
2724 5145 2741 5171 ,
2774 5104 2966 5159 missos
3012 5112 3137 5172 puto
3158 5144 3171 5167 ,
3202 5111 3359 5173 atque
3382 5100 3519 5157 adeo

1929 5225 2037 5267 non
2064 5208 2198 5270 alios
2233 5218 2392 5274 quam
2435 5200 2557 5256 illos
2603 5194 2891 5268 pertulisse
2916 5194 3198 5265 epistolam
3229 5192 3295 5246 ad
3323 5192 3520 5247 Roma-

1932 5317 2051 5360 nos.
2082 5280 2294 5357 Eodem
2314 5306 2537 5350 munere
2558 5289 2774 5345 functus
2788 5298 2871 5343 est
2888 5286 3041 5342 Philo
3062 5285 3221 5341 etiam
3240 5283 3520 5349 diaconus,

1931 5393 2070 5451 Cilix
2096 5389 2223 5464 (Ep.
2249 5388 2316 5443 ad
2343 5379 2724 5453 Pliiludelp.,§
2753 5380 2862 5449 il).
2886 5378 2992 5434 Sed
3025 5392 3123 5431 nec
3150 5375 3367 5430 Diaconi
3394 5375 3520 5442 soli,

1929 5485 2024 5543 alii
2050 5484 2210 5539 etiam
2241 5476 2484 5535 diaconis
2509 5472 2816 5543 superiores
2843 5467 3133 5539 legationes
3162 5474 3338 5522 tamen
3370 5467 3526 5523 θυῖε.

1927 5586 2060 5637 runt
2087 5586 2334 5645 tempore
2363 5567 2573 5640 lgnatii.
2603 5561 2950 5619 Honorabant
2971 5556 3224 5613 Sanctum
3252 5558 3523 5631 (inquiunt

1111 5694 1294 5744 essent
1323 5645 1712 5756 EpiscOporum
1763 5677 1833 5735 ad
1935 5680 2184 5729 auctores
2204 5653 2872 5764 martyri-lgnatiimartyri
2889 5645 3526 5764 episcopos,

236 5784 638 5857 provinciarum
695 5782 1011 5855 primatem,
1070 5779 1242 5853 qualis
1292 5787 1411 5837 erat
1478 5777 1677 5849 legatio
1744 5772 1833 5830 illa

1938 5764 2287 5841 presbyteros
2321 5764 2377 5814 et
2419 5753 2698 5813 diaconos,
2731 5744 2873 5801 Asia:
2916 5741 3148 5798 civitatis
3177 5751 3232 5798 et
3268 5743 3525 5835 Ecclesia:

237 5826 432 5955 quarta
474 5826 729 5937 decima.r
741 5876 896 5943 Quod
926 5826 1055 5932 vero
1071 5826 1336 5948 “episcOpi
1363 5871 1463 5944 ipsi
1510 5826 1801 5943 lzgationei

1938 5826 2123 5935 ξεαξιξ
2158 5854 2358 5922 Usscr.,
2410 5865 2462 5921 ρ.
2495 5845 2575 5918 5).
2602 5839 2700 5910 Qui
2731 5845 2878 5896 certe
2924 5837 3045 5955 ipsi:I
3066 5826 3360 5909 legationis
3403 5852 3520 5895 tuos

699 5965 975 6034 PATROL.
1007 5964 1083 6028 V.

3005 5927 3046 5999 2
