4018 6290
536 340 612 403 45
1499 333 1866 398 DODWELLI
1901 334 2398 397 DISSSERTATIO
2430 335 2851 400 CYPRIANICA
3768 343 3851 407 «H-

539 458 799 517 steculum
831 456 1411 528 omninolgnatianum
1441 458 1620 529 sapit,
1646 473 1755 514 non
1797 457 2021 530 aliquod
2051 473 2139 514 re—
2166 459 2216 518 A
2247 471 2307 513 se
2335 458 2616 528 haberent,
2664 469 2782 518 erat
2823 459 3009 530 utique
3045 457 3268 518 omnino
3309 468 3739 520 consentaneum
3790 471 3851 520 ut

539 554 772 610 centius.
806 552 864 608 id
887 552 1085 608 factum
1111 566 1140 605 a
1170 551 1454 622 Magnesiis
1483 553 1641 607 testis
1671 553 1785 624 ipse
1812 562 1896 608 est
1923 552 2142 623 amplis-

541 645 710 704 simus
743 646 972 718 lgnatius
1003 644 1132 718 (Ep.
1180 645 1248 698 ad
1276 644 1536 718 Magnes.,
1568 647 1598 718 §
1627 644 1708 717 2),
1759 661 1868 702 non
1920 646 2141 701 Damam

540 741 704 797 modo
733 755 921 796 eorum
949 738 1265 810 episcopum
1289 782 1306 807 ,
1334 739 1432 794 sed
1463 747 1518 795 et
1545 739 1893 812 presbyteros
1919 741 2143 796 Bassum

539 843 596 888 et
636 833 1005 903 Apollonium,
1035 842 1090 888 et
1129 833 1415 888 diaconum
1447 833 1727 889 Smionetn
1757 850 1944 892 secum
1975 833 2145 891 fuisse

537 926 806 999 Smyrnae.
868 926 1040 998 Rogat
1091 926 1186 982 ille
1230 927 1428 997 saepius
1472 927 1762 994 Ecclesias,
1803 938 1859 983 ut
1909 928 2143 998 legatum

546 1020 781 1090 aliquem
806 1019 1086 1074 mitterent
1109 1018 1494 1075 cottlirmanda:
1524 1019 1638 1075 sedi
1666 1034 1780 1075 suae
1804 1019 2142 1076 antiochena:

540 1113 799 1186 episcopo
826 1113 1122 1168 destituta}.
1166 1111 1322 1167 Hunc
1352 1112 1445 1168 ille
1481 1128 1624 1168 nunc
1663 1112 1932 1190 θεοδρόμον
1961 1112 2145 1185 appel-

537 1210 612 1265 lat
642 1207 766 1282 (Ep.
797 1207 866 1262 ad
896 1205 1204 1278 Polycarp.,
1238 1206 1266 1278 §
1293 1205 1371 1278 7),
1400 1222 1544 1264 nunc
1567 1209 1972 1284 θεοπρεσϐευτήν
2017 1206 2141 1279 (Ep.

539 1302 609 1356 ad
636 1301 873 1372 Smyrn.,
924 1298 1098 1372 §ll),
1141 1300 1298 1369 cujus
1346 1301 1591 1356 meminit
1620 1300 1783 1356 etiam
1829 1301 1882 1356 in
1931 1301 2035 1370 Ep.
2077 1298 2146 1356 ad

538 1394 917 1464 Philippenscs
947 1391 1298 1463 Polycarpus.
1322 1391 1473 1458 Quos
1503 1406 1634 1448 vero
1665 1391 1771 1448 illae
1798 1392 2006 1462 legatos
2051 1391 2148 1448 de-

540 1486 820 1550 stinarint,
869 1485 1109 1540 ostendit
1139 1485 1278 1541 idem
1310 1486 1684 1542 sanctissimus
1731 1496 1941 1558 martyr
1992 1486 2149 1558 lgna-

543 1581 652 1636 tius
677 1579 729 1633 in
764 1575 865 1649 Ep.
896 1577 965 1633 ad
1013 1577 1553 1650 Philadelphienses:
1586 1581 1642 1636 Αἱ
1682 1578 1895 1655 ἔγγιστα
1928 1579 2146 1652 (inquit)

536 1674 800 1731 ἐκκλησίαι
837 1669 1073 1744 ἔπεμψαν
1116 1671 1451 1739 ἐπισκόπους,
1483 1673 1539 1727 αἱ
1567 1671 1622 1728 δὲ
1647 1674 2033 1750 πρεσϐυτέρους
2062 1675 2149 1730 καὶ

541 1765 804 1826 διακόνους
844 1763 974 1834 (Ερ.
1021 1763 1090 1817 ad
1122 1763 1538 1836 Pltiladelplt.,§
1579 1763 1694 1837 10).
1743 1766 2065 1837 Dubitatque
2094 1767 2148 1822 in

2246 565 2352 606 non
2379 551 2513 608 alios
2539 545 2898 624 legationibus
2922 567 3083 624 quam
3103 553 3443 626 superiorum
3471 555 3720 611 ordinum
3749 556 3852 611 ad-

2247 644 2514 713 hiberent,
2544 645 2783 702 nondum
2809 647 2864 702 in
2891 647 3187 704 Ecclesiam
3218 649 3540 706 introductis
3569 651 3674 726 illis
3701 649 3850 707 infe-

2246 737 2447 793 riorum
2493 739 2744 795 ordinum
2788 739 3051 797 ministris
3092 742 3288 813 quibus
3330 758 3427 800 usa
3477 752 3563 800 est
3600 743 3854 803 Ecclesia

2245 841 2483 902 aetasque
2513 831 2786 905 Cypriani.

2321 924 2349 996 §
2382 926 2469 981 l7.
2503 925 2668 982 Plane
2703 927 3014 1008 referebant
3039 930 3156 988 haec
3181 929 3457 1004 lgnatiana
3484 933 3658 990 relatis
3679 934 3852 990 etiam

2248 1017 2557 1086 apostolicae
2584 1021 2953 1076 recentissima
2980 1024 3230 1096 vestigia.
3262 1025 3480 1080 Illorum
3507 1041 3669 1098 opera
3697 1041 3854 1098 pra:-

2245 1109 2400 1180 cipua
2434 1111 2487 1166 in
2514 1111 2934 1170 disseminandis
2965 1117 3164 1187 potius,
3192 1133 3353 1190 quam
3381 1119 3630 1190 regendis
3655 1120 3856 1178 Eccle-

2248 1203 2344 1258 siis
2367 1204 2631 1260 collocata
2659 1215 2761 1263 est.
2796 1207 3030 1266 Proinde
3071 1220 3496 1269 consentaneum
3536 1221 3655 1269 erat
3681 1223 3746 1269 ut
3768 1213 3855 1270 le-

2249 1298 2358 1368 gati
2372 1313 2533 1368 quam
2553 1298 3081 1359 honoriﬁcentissimi
3109 1304 3493 1376 deligerentur,
3518 1309 3851 1378 praesertim,

2249 1407 2374 1447 cum
2407 1393 2457 1448 id
2488 1393 2663 1464 ipsum
2707 1395 2985 1469 Evangelii
3025 1400 3356 1472 propagandi
3395 1416 3611 1468 munus,
3656 1417 3854 1458 eorum

2251 1487 2441 1543 fuisset
2479 1490 2749 1560 praecipue
2778 1492 2870 1562 qui
2895 1492 2948 1546 in
2980 1493 3234 1565 primaria
3263 1504 3450 1551 essent
3474 1495 3738 1552 Ecclesia:
3765 1496 3854 1552 di-

2250 1581 2455 1650 gnitate
2499 1583 2810 1650 constituti,
2859 1585 3048 1654 quales
3077 1596 3232 1642 erant
3264 1586 3364 1658 ipsi
3393 1589 3623 1658 aposmli
3642 1631 3657 1656 ,
3684 1604 3857 1646 evan-

2250 1673 2477 1744 gelistae,
2509 1684 2614 1731 etc.
2647 1675 2928 1732 ﬂabebant
2967 1678 3128 1750 igitur
3157 1678 3431 1749 Ecclesize,
3465 1690 3659 1752 prmter
3683 1681 3814 1738 illos
3839 1721 3855 1751 ,

2251 1768 2497 1838 primarii
2523 1769 2779 1838 nominis,
2795 1770 2996 1826 Christi
3018 1773 3312 1842 apostolos,
3331 1774 3460 1844 ipsa:
3486 1790 3701 1846 quoque
3723 1790 3859 1832 suos

540 1873 604 1914 ea
632 1873 794 1928 quam
823 1853 1054 1912 diximus
1079 1856 1148 1912 ad
1173 1856 1558 1928 Philippenses
1580 1857 1819 1928 Epistola
1847 1859 1963 1930 ipse
1989 1858 2150 1931 Poly—
2181 1863 2230 1924 B
2259 1873 2395 1930 quos
2433 1860 2620 1917 itidem
2651 1861 2996 1934 appellabant
3024 1866 3319 1936 apostolos,
3353 1876 3656 1937 propterea,
3688 1877 3750 1923 ut
3777 1868 3862 1923 vi-

539 1969 771 2024 carpus,
813 1953 1002 2024 ipsene
1051 1952 1377 2023 legationem
1409 1953 1611 2019 obiret,
1657 1969 1724 2008 an
1755 1954 1920 2009 alium
1965 1955 2148 2026 potius

541 2046 787 2101 mitteret
836 2044 1096 2115 legatum.
1146 2043 1222 2098 Ita
1249 2059 1357 2100 non
1387 2053 1506 2100 erat
1534 2061 1562 2099 a
1590 2045 1713 2102 loco
1739 2047 1904 2102 etiam
1931 2048 2147 2118 episco-

541 2141 649 2210 pali
683 2139 918 2195 alienum
951 2147 1008 2194 ut
1035 2137 1136 2208 ipsi
1165 2137 1494 2209 legationum
1519 2155 1745 2197 munere
1774 2139 2146 2212 fungerentur.

541 2233 624 2288 Ex
649 2247 762 2303 quo
791 2231 954 2288 etiam
978 2232 1157 2287 obiter
1181 2241 1395 2287 constat
1416 2247 1579 2300 quam
1607 2249 1712 2289 non
1741 2233 1922 2300 fuerit,
1952 2249 2018 2290 eo
2041 2249 2148 2289 sa:-

541 2329 689 2394 culo,
723 2325 965 2397 episcopi
995 2325 1232 2381 ofﬁcium
1266 2326 1336 2381 ita
1368 2326 1555 2394 ﬁxum,
1609 2337 1668 2382 ut
1714 2327 1921 2397 putavit
1949 2328 2149 2384 Salma-

542 2422 675 2478 sius.
719 2421 898 2491 lpsum
927 2420 1105 2490 potius
1131 2419 1370 2489 episcopi
1400 2434 1596 2474 nomen
1633 2435 1661 2474 a
1691 2420 2147 2492 peregrinantium

542 2514 598 2569 in
625 2515 818 2584 grzecis
841 2512 1146 2568 civitatibus
1173 2511 1354 2567 ofﬁcio
1382 2511 1722 2583 desumptum
1746 2522 1881 2568 erat.
1917 2513 1984 2568 Et
2011 2514 2148 2569 cho-

543 2609 857 2679 repiscopos
883 2605 1220 2681 περιοδευτάς
1267 2606 1542 2676 appellant
1583 2605 1869 2674 Canones,
1918 2621 2150 2678 quorum

541 2704 688 2759 idem
733 2717 859 2757 rure
884 2699 1124 2756 ofﬁcium
1159 2707 1320 2769 atque
1368 2699 1422 2753 in
1471 2698 1694 2754 urbibus
1744 2699 2146 2770 episcoporum.

544 2797 642 2852 Est
663 2805 840 2852 autem
871 2792 1107 2870 περίοδος
1136 2793 1323 2848 eadem
1373 2792 1464 2846 illa
1490 2807 1596 2847 vox
1631 2807 1735 2864 qua
1778 2793 2147 2863 apostolorum

543 2888 1008 2960 peregrinationes
1037 2887 1088 2940 in
1116 2884 1514 2956 antiquioribus
1542 2884 1800 2941 Ecclesiae
1827 2899 2150 2941 monumen-

545 2983 618 3039 tis
653 2981 900 3039 denotari
942 2979 1254 3035 observavit
1283 2979 1399 3048 ipse
1441 2978 1756 3033 Salmasius.
1787 2977 1930 3034 Nihil
1962 2979 2144 3050 itaque

549 3084 697 3133 vetat
726 3073 946 3130 eosdem
973 3081 1030 3128 et
1055 3071 1330 3143 apostolos
1352 3069 1520 3126 fuisse
1549 3081 1604 3127 et
1633 3070 1939 3142 episcopos,
1966 3081 2022 3128 et
2048 3087 2148 3144 pe-

544 3168 810 3242 regrinari
838 3166 1079 3237 potuisse
1100 3177 1154 3222 et
1181 3165 1346 3220 certis
1374 3175 1554 3220 tamen
1587 3164 1848 3220 Ecclesiis
1888 3179 2144 3236 praeesse.

2253 1952 2431 2021 detur,
2461 1953 2604 2024 quod
2635 1955 2806 2010 nuntii
2833 1956 2995 2028 vulgo
3016 1957 3382 2026 mitterentur,
3413 1967 3472 2014 ut
3496 1968 3860 2030 repraesenta-

2252 2054 2394 2112 rent,
2413 2062 2445 2101 a
2475 2046 2670 2118 quibus
2697 2048 3062 2116 mitterentur,
3092 2049 3382 2106 Ecclesias.
3418 2050 3474 2105 Id
3501 2051 3646 2107 enim
3677 2053 3860 2123 ipsum

2253 2138 2480 2194 innuere
2502 2139 2736 2208 videtur,
2770 2155 2831 2197 ea
2860 2149 3040 2208 aetate,
3071 2141 3246 2212 ipsum
3273 2142 3603 2213 apostolatus
3631 2159 3858 2201 nomen.

2252 2232 2318 2288 Hi
2345 2233 2574 2304 apostoli
2615 2235 2956 2304 appellantur
3001 2235 3275 2292 ἀπόστολοι
3298 2237 3570 2296 ἐκκλησιῶν
3601 2235 3668 2311 (ΙΙ
3706 2235 3857 2305 Con,

2255 2340 2366 2389 vui,
2396 2324 2515 2398 25.)
2556 2325 2630 2380 lta
2657 2325 3065 2397 Epaphroditus
3091 2326 3520 2398 Philippensium
3549 2338 3666 2384 erat
3693 2344 3860 2400 apos-

2255 2419 2397 2474 tolus
2423 2419 2615 2493 (Pltil..
2638 2437 2696 2488 ll,
2725 2419 2844 2492 25.)
2871 2421 3004 2489 Qua:
3029 2430 3208 2477 autem
3237 2421 3500 2478 beneficia
3523 2422 3631 2478 illis
3657 2423 3858 2480 collata

2253 2521 2398 2577 sunt,
2418 2527 2481 2569 ea
2511 2528 2618 2568 non
2649 2515 2701 2568 in
2730 2515 2852 2569 illos
2877 2514 3023 2570 solos
3045 2515 3138 2571 sed
3166 2518 3237 2577 εἰς
3259 2516 3539 2590 πρόσωπον
3554 2524 3654 2574 τῶν
3673 2518 3858 2576 ἐκκλη-

2255 2615 2376 2661 σιῶν
2407 2606 2712 2662 redundare
2760 2591 3144 2676 credebantur,
3179 2619 3464 2678 propterea
3505 2609 3647 2680 quod
3677 2609 3860 2665 eccle-

2253 2699 2362 2753 sias
2387 2697 2525 2767 illas,
2547 2708 2602 2753 ut
2625 2699 2755 2764 dixi,
2781 2709 3254 2770 repraesentarent.
3277 2699 3356 2754 Ex
3384 2717 3491 2771 quo
3505 2701 3859 2773 intelligimus

2253 2802 2509 2862 quantum
2541 2791 2805 2847 aberrarit
2829 2794 2897 2849 ab
2925 2793 3152 2864 apostoli
3179 2803 3364 2849 mente
3389 2797 3442 2849 in
3474 2793 3666 2850 horum
3691 2810 3856 2866 apos-

2257 2885 2490 2940 tolorum
2539 2886 2899 2955 explicatione
2941 2885 3098 2941 Walo
3129 2886 3447 2943 Messalinus
3471 2927 3486 2952 ,
3513 2902 3637 2943 cum
3659 2904 3859 2945 secun-

2252 2976 2437 3032 darios
2472 2975 2635 3033 hosce
2664 2979 2940 3048 apostolos
2976 2993 3006 3032 a
3044 2979 3316 3050 primariis
3352 2979 3550 3034 missos
3579 2979 3858 3037 existimat

2253 3068 2321 3122 ad
2347 3069 2625 3135 ecclesias,
2649 3083 2757 3123 non
2777 3071 2895 3125 vice
2916 3085 3070 3126 versa
3097 3069 3166 3124 ab
3193 3069 3442 3125 ecclesiis
3461 3070 3528 3124 ad
3550 3071 3853 3142 apostolos.

2255 3161 2311 3216 Id
2341 3165 2388 3217 si
2429 3161 2620 3219 fuisset
2648 3180 2857 3229 verum,
2889 3165 2955 3220 ad
2996 3166 3276 3239 πρόσωπον
3303 3165 3578 3225 ἐκκλησιῶν
3624 3167 3860 3222 attinere

547 3264 856 3321 Praesertim
903 3277 1025 3317 cum
1074 3277 1179 3315 non
1209 3261 1278 3314 sit
1307 3260 1375 3315 de
1403 3259 1632 3314 aliorum
1657 3259 2027 3329 apostolorum
2056 3272 2148 3329 pe-
2175 3259 2220 3324 c
2256 3269 2363 3310 non
2408 3257 2580 3326 potuit
2636 3257 2848 3312 illorum
2889 3257 2980 3313 ille
3010 3255 3194 3313 cultus
3217 3300 3233 3326 ,
3270 3258 3364 3314 sed
3408 3273 3539 3314 vero
3567 3259 3634 3314 ad
3662 3273 3856 3316 eorum

547 3355 1002 3428 regrinationibus
1031 3370 1061 3409 e
1091 3353 1151 3408 S.
1185 3352 1336 3406 Pauli
1369 3351 1620 3423 exemplo
1649 3353 2012 3408 statuendum.
2040 3352 2148 3409 Be-

545 3451 679 3520 liqui
723 3458 872 3506 certe
910 3449 1046 3503 intra
1077 3455 1255 3502 certas
1286 3460 1408 3502 sese
1435 3456 1492 3501 ut
1523 3446 1812 3516 plurimum
1843 3449 2148 3518 provincias

548 3543 918 3606 continebant,
944 3541 1046 3597 sub
1075 3541 1218 3595 illius
1243 3539 1426 3595 saeculi
1451 3541 1635 3607 ﬁnem,
1662 3557 1784 3597 cum
1809 3542 1919 3613 jam
1947 3543 2150 3600 consti-

548 3646 678 3692 tutae
708 3644 891 3691 essent
934 3633 1198 3701 ecclesiae,
1249 3640 1306 3688 et
1353 3632 1408 3687 in
1449 3633 1695 3688 ecclesiis
1731 3635 1992 3705 episcopi.
2027 3635 2145 3691 Non

552 3733 714 3803 longe
739 3731 808 3785 ab
852 3728 1238 3799 Hierosolymis
1267 3727 1637 3799 peregrinatus
1665 3728 1877 3784 videtur
1907 3731 1965 3785 S.
1992 3729 2147 3786 Jaco-

552 3826 676 3890 bus,
704 3824 749 3880 si
772 3827 912 3880 veris
938 3823 1300 3878 monumentis
1347 3822 1640 3888 credimus,
1687 3823 1851 3878 etiam
1889 3823 2146 3879 Actorum

552 3918 682 3974 illis.
709 3916 816 3972 Nec
844 3916 998 3987 longe
1024 3915 1091 3970 ab
1125 3915 1392 3984 llierapoli
1421 3913 1750 3985 Philippum,
1784 3931 1886 3972 nec
1913 3916 1982 3971 ab
2019 3916 2146 3972 Asia

555 4009 927 4082 proconsulari
956 4007 1218 4063 Joannem
1248 4007 1560 4064 discessisse
1585 4008 1814 4063 innnunt
1839 4009 2149 4082 Polycrates

555 4112 611 4160 ct
638 4101 891 4157 Clemens
912 4099 1331 4154 Alexandrinus.
1361 4099 1416 4153 In
1447 4099 1532 4154 his
1559 4100 1816 4156 limitibus
1843 4101 1974 4156 nihil
2005 4109 2152 4156 vetat

555 4197 610 4252 in
651 4194 908 4251 Ecclesiae
939 4193 1210 4264 primaevae
1236 4193 1520 4263 disciplina
1559 4195 1685 4264 quin
1709 4195 1798 4250 alii
1823 4211 2036 4267 quoque
2059 4211 2154 4266 pe-

555 4290 818 4362 regrinari
843 4289 1048 4359 possint
1070 4287 1328 4358 episcopi.
1354 4287 1493 4354 Quid
1521 4287 1661 4359 quod
1685 4289 1847 4344 etiam
1878 4289 2152 4346 S.Pau-lus

561 4383 606 4456 (l
631 4383 770 4450 Cora,
804 4398 872 4437 xv
894 4425 910 4450 ,
942 4380 1030 4453 10)
1071 4397 1194 4438 cum
1223 4395 1283 4436 se
1307 4379 1548 4450 reliquos
1577 4381 1853 4453 apostolos
1885 4383 1936 4438 in
1969 4384 2154 4440 labore

557 4492 843 4549 superasse
869 4475 1179 4541 contendit,
1212 4474 1266 4530 id
1313 4483 1460 4531 certe
1488 4475 1773 4532 manifeste
1804 4478 2011 4544 innuit,
2044 4493 2155 4534 non

556 4587 679 4628 esse
719 4570 1049 4641 reliquorum
1101 4569 1471 4640 apostolorum
1517 4569 1732 4625 labores
1776 4585 1808 4626 e
1851 4585 1950 4627 suo
1997 4573 2154 4627 unius

2255 3348 2432 3418 potius
2481 3365 2512 3404 a
2551 3350 2747 3420 quibus
2793 3351 2942 3406 missi
2993 3352 3222 3408 fuissent
3278 3353 3666 3423 apostolorum.
3717 3351 3860 3422 Quid

2251 3441 2396 3511 quod
2441 3441 2632 3497 durior
2681 3443 2770 3497 illa
2820 3444 2998 3499 omnis
3044 3445 3289 3500 videatur
3332 3445 3708 3516 interpretatio
3749 3458 3858 3518 qua

2252 3538 2529 3594 ἀπόστολοι
2577 3540 2848 3598 ἐκκλησιῶν
2887 3541 3100 3597 dicendi
3145 3550 3302 3597 erant
3347 3542 3439 3613 qui
3484 3542 3553 3598 ad
3599 3543 3860 3599 ecclesias

2253 3630 2572 3699 plantandas
2603 3631 2756 3687 missi
2789 3645 2974 3689 essent
3013 3635 3194 3704 potius
3216 3650 3378 3705 quam
3409 3634 3486 3691 illi
3513 3637 3607 3707 qui
3634 3636 3704 3692 ab
3727 3635 3859 3708 ipsis

2253 3723 2407 3779 missi
2437 3723 2663 3780 fuissent
2689 3727 2960 3782 ecclesiis.
3005 3727 3097 3782 Dei
3128 3737 3278 3783 certe
3319 3726 3630 3799 Cbrisﬁque
3667 3726 3858 3800 appel-

2256 3815 2436 3871 lantur
2483 3817 2714 3887 apostoli
2759 3833 2867 3874 non
2908 3821 2998 3889 qui
3046 3819 3113 3875 ad
3165 3820 3332 3875 Deum
3361 3819 3726 3886 Christumve,
3761 3817 3857 3876 sed

2255 3911 2346 3982 qui
2373 3910 2442 3966 ab
2468 3911 2656 3966 iisdem
2701 3912 3012 3978 mittuntur,
3053 3920 3112 3966 ut
3153 3928 3291 3968 nova
3319 3927 3545 3983 prorsus
3587 3912 3857 3985 exemplo-

2258 4019 2363 4075 que
2391 4005 2539 4059 omni
2565 4003 2821 4060 destituta
2865 4005 2937 4059 sit
2963 4006 3232 4061 contraria
3263 4007 3354 4061 illa
3384 4006 3606 4063 locutio.
3637 4007 3722 4062 Ab
3760 4007 3859 4061 hac

2257 4099 2436 4169 potius
2483 4100 2746 4156 mittentis
2775 4113 3020 4170 persona:
3068 4101 3545 4171 repraesentatione
3570 4101 3859 4172 primario-

2259 4185 2376 4249 rum
2408 4209 2622 4265 quoque
2659 4195 2873 4250 videtur
2901 4195 3270 4265 apostolorum
3319 4197 3471 4267 origo
3520 4196 3856 4253 deducenda.

2260 4288 2571 4360 Principum
2599 4289 2869 4345 satellites
2898 4290 3153 4346 dicuntur
3175 4307 3402 4363 quorum
3431 4292 3485 4348 id
3513 4290 3746 4349 ofﬁcium
3777 4300 3862 4350 est

2261 4391 2316 4434 ut
2365 4381 2697 4452 principibus
2745 4397 2930 4437 coram
2975 4382 3182 4449 adsint,
3216 4398 3543 4455 semperque
3588 4385 3860 4440 ineorum

2259 4481 2550 4543 conspectu
2569 4472 2948 4530 obversentur.
2975 4473 3104 4531 Inde
3123 4475 3296 4530 vultus
3319 4476 3618 4546 principum
3638 4475 3856 4540 intueri,

2259 4575 2422 4637 atque
2452 4566 2520 4622 ab
2563 4582 2754 4622 eorum
2793 4564 3031 4622 vultibus
3058 4567 3353 4638 procedere
3389 4566 3664 4622 dicuntur.
3709 4567 3859 4634 Quos

556 4665 806 4737 exemplo
833 4662 1204 4719 aestimandos.
1231 4662 1482 4733 Singulos
1509 4663 1578 4718 ab
1607 4662 1700 4717 illo
1723 4674 2008 4734 superatos
2035 4680 2155 4723 esse
2178 4665 2236 4730 Ι)
2262 4659 2442 4715 vultus
2477 4659 2748 4730 appellant
2777 4659 3099 4730 interpretes
3130 4660 3280 4714 latini
3302 4703 3316 4726 ,
3343 4673 3440 4714 eos
3478 4663 3612 4720 D’JE
3638 4673 3735 4730 pro
3763 4671 3860 4714 suo

559 4759 795 4828 apertius
822 4767 1081 4828 estquam
1120 4766 1178 4811 ut
1207 4757 1274 4812 de
1305 4771 1371 4812 eo
1393 4755 1626 4810 dubitari
1663 4757 1853 4826 possit.
1885 4756 1960 4812 Ita
1990 4758 2152 4814 etiam

559 4851 674 4921 ejus
695 4853 856 4907 verba
882 4853 1106 4922 intelligi
1122 4859 1346 4922 possunt
1368 4859 1426 4905 ut
1446 4865 1638 4906 omnes
1655 4851 1897 4906 omnium
1921 4852 2154 4920 labores,

561 4946 722 5001 etiam
769 4945 1023 5000 collectos
1047 4986 1061 5010 ,
1107 4946 1266 5016 longo
1291 4953 1413 5014 post
1439 4960 1498 5000 se
1539 4945 1827 5002 intervallo
1856 4947 2154 5016 reliquerit.

555 5035 615 5094 Id
665 5039 710 5092 si
759 5054 945 5092 verum
989 5037 1092 5102 sit,
1143 5038 1470 5108 reliquorum
1527 5040 1897 5108 apostolorum
1944 5041 2157 5097 labores

557 5145 771 5201 aequare
797 5138 1044 5200 poterant
1073 5129 1333 5202 episcopi.
1366 5129 1620 5200 Equavit
1647 5131 1874 5190 fortasse
1904 5135 2158 5207 Polycar-

556 5237 679 5293 pus,
713 5238 832 5278 cum
861 5238 890 5276 c
916 5221 1143 5292 Smyrna
1172 5235 1265 5276 sua
1287 5221 1514 5276 Romam
1543 5223 1643 5279 sub
1675 5227 1904 5282 Aniceto
1932 5235 2156 5283 conten-

557 5317 729 5385 deret,
761 5315 884 5372 inde
913 5315 1155 5370 fortassis
1183 5316 1233 5370 in
1267 5316 1495 5372 Galliam
1527 5317 1962 5390 Lugdunensium
2007 5323 2156 5379 illam

559 5409 1051 5478 Viennensimnque
1073 5409 1491 5464 Christianorum
1516 5412 1782 5468 coloniam
1800 5414 2151 5472 deducturus.

556 5499 712 5554 Nulla
742 5511 888 5556 certe
919 5502 1191 5572 primaevae
1241 5501 1496 5557 Ecclesiae
1543 5503 1759 5559 indubia
1805 5517 2152 5563 monumenta

545 5589 783 5644 suadent
813 5591 971 5659 hujus
1004 5590 1162 5647 unius
1189 5591 1398 5647 labores
1424 5593 1755 5664 reliquorum
1785 5599 2152 5668 apostolorum

556 5680 831 5735 laboribus
871 5683 1038 5738 fuisse
1089 5684 1396 5743 inferiores.
1439 5685 1622 5758 Longe
1669 5698 1846 5744 tamen
1893 5692 2044 5745 abest
2091 5701 2154 5746 ut

555 5772 874 5843 episcopalis
903 5773 1066 5830 ofﬁcii
1117 5777 1255 5834 fines
1284 5767 1600 5848 excesserit,
1636 5783 1719 5836 vel
1754 5792 1811 5838 ut
1840 5798 1906 5838 eo
1931 5786 2151 5842 nomine

555 5865 703 5921 illum
730 5876 974 5924 veterum
1014 5869 1274 5940 quispiam
1306 5872 1736 5942 reprehenderit.
1769 5874 1900 5941 Quae
1925 5891 2047 5932 cum
2079 5878 2149 5934 ita

2261 4753 2519 4810 idiomate
2547 4754 2766 4809 hebraei.
2803 4753 2936 4808 Eam
2981 4768 3164 4809 vocem
3201 4755 3482 4828 πρόσωπον
3519 4752 3753 4808 reddunt
3783 4754 3863 4807 in-

2262 4858 2535 4918 terpretes
2573 4847 2757 4919 graeci.
2785 4845 2892 4903 Pro
2919 4861 2985 4902 eo
3010 4847 3312 4917 principum
3345 4861 3496 4901 more
3526 4844 3622 4900 Dei
3643 4858 3860 4916 quoque

2262 4943 2552 5015 praesentia
2591 4942 2919 5012 majestatica
2960 4941 3139 4995 vultus
3166 4940 3426 5011 facieique
3455 4939 3786 5010 metaphoris
3807 4938 3859 4992 in

2264 5036 2541 5107 Scriptura
2572 5035 2947 5090 obumbratur.
2994 5033 3157 5088 Panis
3185 5033 3564 5105 propositionis
3603 5031 3758 5102 panis
3788 5030 3861 5084 fa-

2260 5129 2470 5184 cierum
2501 5117 2823 5197 appellatur,
2855 5140 3044 5181 eorum
3077 5141 3271 5197 nempe
3307 5125 3558 5197 proprius
3586 5124 3678 5195 qui
3709 5124 3858 5194 prin-

2260 5223 2444 5291 cipum
2491 5218 2896 5275 commeusales
2955 5219 3168 5275 tierent.
3201 5217 3436 5289 Angelus
3465 5216 3765 5286 praesentiae
3804 5215 3857 5270 in

2261 5313 2527 5385 propheta
2565 5312 2706 5368 idem
2749 5322 2834 5368 est
2866 5312 2956 5383 qui
3002 5312 3096 5368 Dei
3128 5313 3315 5367 faciem
3345 5311 3542 5366 intueri
3571 5309 3769 5364 dicitur
3806 5308 3860 5359 in

2265 5405 2580 5476 Evangelio.
2601 5404 2670 5461 Ut
2692 5414 2871 5460 autem
2897 5419 2993 5474 pro
3011 5405 3324 5460 nuntiorum
3347 5404 3602 5474 dignitate
3627 5403 3697 5458 de
3717 5399 3860 5472 prin-

2258 5499 2444 5569 cipum
2489 5508 2605 5554 crat
2631 5499 2959 5554 contumelia
2985 5497 3357 5568 judicandum,
3398 5512 3469 5552 eo
3496 5496 3730 5567 graviori
3757 5505 3858 5564 quo

2264 5595 2485 5649 nuntius
2537 5595 2734 5650 fuisset
2786 5593 3137 5658 honoratior;
3189 5594 3259 5647 ita
3307 5593 3354 5648 is
3405 5592 3628 5647 honoris
3663 5588 3859 5660 gradus

2261 5701 2507 5742 summus
2531 5691 2718 5756 era't’,‘_
2741 5686 2936 5758 siquis
2964 5694 3110 5741 esset
3140 5685 3192 5740 in
3235 5685 3540 5755 principum
3570 5688 3861 5753 conspectu

2259 5781 2750 5851 frequentissimus.
2774 5779 2877 5850 Qui
2897 5780 3064 5852 igitur
3088 5795 3120 5836 e
3145 5779 3408 5852 principis
3433 5778 3586 5834 vultu
3614 5786 3859 5848 egressus

2259 5874 2554 5944 diceretur,
2584 5874 2738 5933 illum
2773 5872 2824 5932 si
2851 5872 2972 5943 quis
3001 5871 3179 5932 minus
3222 5870 3521 5930 honoriﬁce
3557 5874 3857 5936 tractasset,
