4018 6308
155 388 231 446 45
1232 399 1322 466 DE
1359 406 1840 477 PRESBYTERIS
1878 416 2330 487 DOCTORIBUS.
3385 448 3460 510 46

157 503 386 574 perinde
411 516 528 565 erat
555 521 620 567 ac
646 509 693 568 si
732 513 1033 588 principem
1069 517 1242 588 ipsum
1284 512 1466 583 coram
1503 540 1728 602 agenten

157 611 586 644 nrmannmmmm
602 611 1015 644 l‘nlllnmnc:ccnl
1058 612 1188 644 0......
1217 617 1392 644 ta---“
1414 637 1575 644 --___-
1676 641 1686 644 Α

1857 545 2063 595 rentur.
2081 540 2264 611 Ἐδὸξε,
2282 552 2387 602 etc.
2411 545 2766 623 ἐκλεξαμένους
2782 552 2973 638 ἄνδρας
2988 558 3038 630 ἐξ
3050 562 3216 622 αὐτῶν
3230 568 3453 644 πέμψαι,

155 611 586 675 praesentemque
602 611 1040 680 contempsisset.
1058 612 1190 670 Cum
1217 617 1394 689 itaque
1409 637 1750 682 communem

153 693 258 749 sibi
275 702 438 765 atque
453 699 714 768 apostolis
737 700 1000 761 honorem
1021 705 1138 764 fore
1154 719 1630 788 contemptumque
1647 719 1753 774 Do-

153 785 336 843 minus
358 788 656 861 protltetnr,
689 793 743 850 id
771 810 966 870 nempe
996 800 1170 859 innuit
1207 803 1259 858 in
1297 820 1484 864 eorum
1532 785 1752 868 nuntio-

151 892 277 936 rum
327 897 553 942 numero
602 885 882 946 habendos
929 892 1021 964 qui
1066 906 1252 953 essent
1290 902 1394 957 ἀπὸ
1437 907 1745 979 προσώπου.

149 969 300 1029 Idem
340 990 468 1048 ergo
511 976 694 1036 dehis
735 985 1085 1043 ecclesiarum
1115 993 1378 1061 apostolis
1407 969 1750 1057 statuendum

147 1065 222 1121 ab
244 1068 592 1127 ecclesiarum
620 1075 775 1145 quasi
794 1077 1028 1138 vultibus
1050 1081 1240 1151 fuisse,
1257 1101 1379 1142 cum
1397 1087 1449 1142 in
1469 1099 1746 1163 utrosque,

148 1165 260 1214 tam
287 1161 547 1220 ecclesias
574 1166 825 1224 nimirum
852 1170 995 1241 ipsas
1018 1215 1034 1242 ,
1065 1191 1222 1245 quant
1251 1178 1449 1236 missos
1481 1182 1547 1238 ab
1574 1184 1749 1241 eccle-

146 1248 245 1304 siis
269 1254 569 1323 apostolos,
597 1272 912 1318 communes
932 1264 1302 1324 redundarent
1329 1269 1564 1330 honores
1583 1284 1748 1347 atque

143 1347 511 1414 contumelia,
538 1352 691 1421 quasi
733 1368 896 1410 unam
937 1358 1153 1430 utrique
1183 1363 1535 1436 eamdemque
1561 1382 1748 1436 perso-

143 1450 272 1493 nam
307 1442 660 1502 sustinerent.
689 1446 840 1514 Quod
869 1450 914 1505 si
946 1467 1131 1509 verum
1155 1465 1321 1524 esset,
1351 1458 1493 1528 quod
1523 1469 1749 1517 conten-

140 1528 227 1585 dit
266 1531 562 1591 Salmasius
583 1579 600 1606 ,
629 1541 983 1604 secundarioe
1015 1544 1182 1604 hosce
1210 1549 1565 1607 ecclesiarum
1607 1569 1741 1624 apo-

138 1624 316 1681 stolos
341 1643 447 1684 non
473 1631 578 1687 alia
600 1632 669 1689 de
697 1649 861 1693 causa
890 1638 1055 1697 fuisse
1069 1641 1419 1700 ecclesiarum
1437 1661 1599 1718 quam
1620 1649 1742 1719 quia

136 1714 212 1771 ad
240 1719 498 1778 ecclesias
525 1724 844 1794 plantandas
871 1730 1218 1790 mitterentur
1242 1750 1258 1802 ;
1290 1751 1399 1792 non
1437 1714 1585 1794 esset
1611 1753 1743 1798 sane

133 1821 238 1865 cur
267 1825 489 1882 possent
514 1831 546 1872 a
573 1820 846 1890 primariis
871 1825 1038 1883 etiam
1056 1831 1332 1899 apostolis
1363 1831 1469 1888 hoc
1498 1833 1616 1890 solo
1643 1850 1742 1891 no-

134 1905 289 1964 mine
313 1908 594 1983 distingui.
635 1913 742 1986 lpsi
779 1918 925 1974 enim
957 1920 1033 1976 illi
1055 1918 1254 1979 Christi
1282 1927 1514 1997 apostoli
1541 1929 1607 1984 ad
1636 1929 1741 2025 hoc
1767 1964 1816 2025 Β

135 2013 360 2072 quoque
388 2001 532 2060 idem
557 2007 972 2083 plantandarum
1002 2017 1350 2074 ecclesiarum
1368 2036 1565 2078 munus
1587 2023 1740 2080 missi

131 2102 268 2150 sunt
291 2108 323 2150 a
347 2093 564 2154 Christo
589 2109 754 2172 atque
780 2103 1035 2180 destinati
1060 2105 1247 2180 (Eph.,
1282 2112 1355 2178 iv,
1380 2114 1468 2178 11,
1498 2115 1585 2182 12,
1621 2115 1734 2190 15).

131 2183 332 2244 Certos
353 2190 501 2246 enim
532 2202 587 2250 et
608 2195 710 2265 ipsi
737 2197 1012 2256 habebant
1037 2216 1106 2257 ex
1133 2214 1292 2274 pacto
1318 2206 1551 2275 κανόνας,
1583 2223 1650 2264 ne
1679 2210 1736 2265 in

133 2278 242 2337 hoc
269 2281 553 2344 inferiores
577 2290 951 2350 existimemus
981 2299 1333 2356 secundarios
1369 2300 1534 2358 hosce
1570 2303 1737 2360 fuisse

132 2377 433 2444 apostolos.
457 2378 613 2448 Quod
649 2398 779 2440 vero
807 2402 1002 2444 munus
1027 2390 1176 2447 illum
1216 2392 1566 2465 Epaphroditi
1599 2411 1734 2467 apo-

128 2467 389 2529 stolatum
422 2475 640 2544 proprie
664 2481 942 2548 spectat-it,
973 2498 1038 2538 ex
1065 2485 1256 2541 eadem
1297 2488 1386 2543 illa
1429 2489 1497 2544 ad
1529 2489 1735 2562 Philip-

127 2575 334 2632 penses
351 2563 592 2637 Epistola
614 2569 771 2628 facile
801 2575 1105 2648 colligimus
1135 2578 1328 2651 (Pltil.,
1360 2596 1438 2649 tv,
1471 2583 1580 2656 l8).
1615 2583 1734 2638 Ha-

126 2653 225 2710 ιω
253 2668 423 2713 autem
449 2664 643 2732 omnia,
668 2674 718 2720 et
732 2667 936 2724 abundo
960 2685 980 2724 :
1007 2673 1236 2742 repletus
1261 2691 1393 2744 sum,
1423 2653 1643 2748 acceptis
1668 2677 1730 2732 ab

128 2746 492 2820 Epaphrodito
533 2772 648 2826 qua!
686 2759 896 2815 misistis
920 2803 935 2828 ,
975 2771 1081 2818 etc.
1121 2764 1254 2821 Rem
1293 2765 1456 2838 igitur
1476 2746 1732 2839 pecunia-

126 2841 270 2896 riam
308 2848 592 2916 spectabat
637 2851 725 2906 illa
756 2852 973 2924 legatio.
1000 2855 1155 2924 Quod
1188 2874 1296 2914 non
1326 2860 1399 2916 ita
1429 2871 1610 2918 tamen
1642 2863 1727 2917 in-

123 2935 480 3008 telligendum
525 2951 665 3009 erat,
722 2949 900 3016 quasi,
939 2959 1155 3019 peracta
1185 2967 1246 3008 ea
1276 2952 1685 3024 dispensatione
1708 2997 1724 3025 ,

119 3025 197 3081 ad
221 3043 348 3086 suos
374 3047 406 3087 e
427 3035 652 3108 vestigio
672 3047 1094 3098 reverterentur.
1119 3044 1220 3113 Qui
1246 3046 1316 3102 ita
1342 3048 1493 3103 missi
1515 3059 1722 3120 essent,

118 3121 262 3177 alias
292 3123 490 3183 deinde
517 3128 818 3201 legationes
843 3176 858 3203 ,
886 3135 1003 3208 ejus
1039 3138 1105 3194 ad
1132 3155 1292 3211 quem
1323 3143 1473 3198 missi
1503 3153 1685 3200 essent
1706 3186 1724 3215 ,

117 3218 350 3276 nomine
380 3222 634 3281 obierunt
655 3267 670 3292 ,
699 3227 860 3300 idque
901 3231 955 3287 in
987 3231 1308 3307 longinquas
1337 3254 1723 3312 nonnunquam

117 3310 398 3383 regiones,
449 3317 665 3388 quoties
708 3321 766 3377 id
807 3339 839 3380 e
875 3339 936 3381 re
967 3336 1110 3382 esset
1151 3328 1408 3387 Ecclesiae
1444 3332 1724 3391 catholicae

116 3403 358 3474 publica.
391 3408 466 3466 ita
496 3415 772 3483 apostolos
821 3418 946 3475 illos
983 3422 1337 3481 ecclesiarum
1382 3429 1727 3486 commendat

115 3496 423 3559 Corinthiis
452 3521 482 3561 a
509 3521 570 3564 se
603 3511 960 3580 proculdubio
992 3530 1059 3571 eo
1089 3518 1304 3574 missos.
1333 3519 1401 3594 (ll
1429 3521 1576 3590 Cor.,
1607 3540 1722 3594 vnt,

115 3589 238 3663 24).
289 3593 367 3649 Ita
414 3596 685 3668 Ephesios
729 3604 796 3658 ad
829 3618 891 3661 se
933 3607 1128 3665 missos
1157 3589 1384 3668 Romam
1423 3589 1725 3673 destinasse

116 3685 336 3744 videtur
359 3689 605 3762 signatius
637 3695 768 3769 (Ep.
797 3700 866 3754 ad
895 3701 1072 3769 Rom.,
1096 3705 1252 3780 πη).
1287 3707 1456 3763 Erant
1482 3709 1626 3765 enim
1658 3726 1725 3768 eo

114 3781 238 3852 ipso
252 3785 482 3842 consilio
507 3788 661 3846 missi
683 3807 819 3863 quos
841 3801 1285 3872 χειροτονοθέντας
1307 3802 1411 3858 ὑπὸ
1432 3811 1530 3861 τῶν
1550 3802 1724 3866 ἐκκλη-

118 3882 246 3931 σιῶν
287 3878 641 3955 συνεκδήμους
686 3884 834 3943 dicto
879 3890 1000 3947 loco
1031 3890 1098 3963 (ll
1145 3891 1287 3962 Con,
1322 3898 1452 3965 vni,
1487 3896 1579 3968 19)
1611 3913 1725 3954 me-

116 3978 303 4024 morat
354 3972 663 4042 Apostolus.
711 3975 843 4034 lnde
896 3981 1249 4055 intelligimus
1278 3987 1496 4058 quinam
1543 3999 1724 4046 essent

115 4061 350 4131 apostoli
405 4065 711 4141 συνέκδημοι
762 4085 994 4142 quorum
1062 4077 1396 4134 mentionem
1461 4080 1722 4137 habemus

116 4152 284 4224 (Aet,
305 4171 420 4224 xu,
449 4158 544 4231 29)
567 4176 677 4219 non
705 4165 845 4221 alios
867 4167 1053 4239 utique
1079 4187 1241 4242 quam
1272 4173 1390 4242 hos,
1421 4189 1556 4245 quos
1581 4175 1720 4230 dixi-

118 4261 241 4304 mus
257 4251 560 4319 apostolos.
584 4253 748 4313 Iidem
773 4263 1076 4325 συνέποντες
1093 4258 1251 4336 (Ἀσίη
1277 4282 1368 4334 xx,
1391 4264 1474 4339 4);
1495 4269 1722 4334 συνεξελ-

113 4341 283 4403 Θὸντες
309 4342 476 4413 (Ach,
503 4362 614 4416 xvt,
641 4349 732 4421 3);
767 4356 1105 4425 συνελθόντες,
1131 4357 1298 4429 (Act.,
1325 4375 1417 4426 xv,
1443 4358 1558 4432 58),
1586 4376 1721 4431 quo-

119 4445 236 4487 rum
285 4433 356 4489 ad
407 4436 647 4496 officium
695 4444 768 4498 ita
803 4448 1106 4515 pertinebat
1136 4450 1266 4506 viris
1308 4451 1412 4507 illis
1453 4455 1722 4522 primariis

115 4527 452 4600 ministrare,
481 4542 563 4602 ut,
591 4536 642 4592 si
671 4538 764 4609 qui
789 4552 1155 4613 recesserant,
1176 4545 1255 4601 illi
1273 4545 1460 4604 ofﬁcio
1483 4547 1723 4608 defuisse

117 4621 582 4694 existimarentur.
609 4630 696 4692 Ab
723 4631 876 4692 hisce
915 4649 977 4696 se
1023 4636 1337 4709 desertum,
1386 4641 1439 4696 in
1476 4642 1721 4720 epistolis

1857 639 1960 688 etc.
1997 631 2158 706 (Ara,
2210 653 2298 705 xv,
2346 640 2464 713 22),
2508 647 2653 715 quod
2703 658 2759 706 et
2803 631 3022 727 re'ipsa
3060 631 3447 730 prmstiterunt.‘

1855 737 1907 775 ν.
1951 723 2181 784 25.Nec
2227 730 2388 788 aliter
2441 733 2631 806 Judaei,
2682 756 2713 797 a
2762 723 2957 814 quibus
3008 723 3074 807 ad
3120 723 3448 818 christianos

1854 829 2139 876 emanasse
2164 822 2378 882 videtur
2402 831 2731 900 exemplum.
2758 835 2839 892 Illi
2867 842 3026 898 etiam
3056 843 3245 922 ἄνδρας
3275 856 3448 912 ἐκλεκ-

1853 911 1975 970 τοὺς
2001 911 2322 985 delegarunt
2363 920 2418 976 in
2458 937 2672 982 omnem
2725 937 2944 999 terram,
2976 937 3202 1011 λέγοντες·
3255 946 3450 1025 αἳρεσιν

1862 999 1915 1025 ,Μ
2302 1021 2322 1025 ,,
2565 1021 2574 1025 ,

1854 999 1995 1060 ἄθεον
2036 1021 2357 1085 χριστιανῶν
2387 1021 2678 1091 πεφηνέναι,
2710 1031 2879 1094 teste,
2915 1045 3020 1085 non
3052 1049 3161 1090 uno
3200 1037 3254 1092 in
3285 999 3404 1098 loco
3429 1085 3447 1112 ,

1854 1096 1911 1154 S.
1939 1098 2151 1160 Justino
2181 1105 2414 1178 Martyre
2463 1113 2698 1189 (Dialog.
2746 1137 2862 1176 cum
2908 1121 3194 1200 Tryp/ton.,
3231 1149 3285 1203 ρ.
3315 1096 3447 1207 251,

1852 1205 1905 1255 Ε,
1937 1192 2061 1261 535,
2091 1195 2168 1268 c).

1924 1283 1951 1355 §
1995 1286 2082 1343 18.
2123 1287 2307 1363 Neque
2338 1310 2466 1354 vero
2505 1300 2808 1362 mirandum
2850 1313 3110 1380 apostolis
3141 1315 3257 1374 hzec
3301 1337 3444 1391 prae-

1827 1376 2050 1439 _stitisse
2080 1384 2372 1455 ecclesias,
2402 1404 2525 1447 cum
2565 1395 2728 1453 etiam
2761 1399 2987 1469 plebeiis
3015 1404 3325 1466 christianis
3355 1429 3444 1470 ea-

1848 1465 1970 1524 dem
1999 1477 2369 1549 praestiterint,
2400 1485 2678 1557 siquando
2701 1491 2753 1546 in
2775 1495 2937 1551 rebus
2957 1486 3071 1554 rem
3100 1501 3449 1565 Christianam

1847 1560 2113 1629 publicam
2158 1571 2512 1632 attinentibus
2561 1594 2975 1652 occuparentur.
3025 1590 3156 1648 Erat
3191 1596 3447 1657 nimirum

1846 1667 1952 1709 non
1973 1658 2192 1716 minima
2211 1669 2613 1729 communionis
2636 1690 2759 1745 pars
2782 1678 2834 1732 in
2859 1679 3077 1753 hospitii
3102 1686 3222 1757 jure
3247 1693 3444 1762 posita,

1844 1760 1950 1817 quo
1970 1757 2391 1820 spectantetiam
2416 1772 2661 1822 veterum
2677 1773 3085 1843 quamplurima:
3101 1757 3293 1839 littera:
3305 1799 3445 1842 com-

1844 1841 2194 1915 mendatitite,
2219 1865 2446 1920 quarum
2474 1856 2540 1911 ad
2570 1841 2924 1922 imitationem
2945 1868 3139 1927 litterae
3156 1875 3319 1931 etiam
3347 1894 3441 1935 ec-

1842 1932 2159 1994 clesiasticae
2209 1939 2465 2006 formatae
2521 1964 2788 2025 susceptae
2849 1972 3229 2036 conceptzeque
3296 1981 3444 2028 sunt.

1844 2025 2154 2099 Hospitibus
2175 2044 2355 2092 autem
2378 2048 2842 2105 commorantibus
2863 2066 3109 2126 sumptus
3129 2025 3296 2129 gratis
3312 2079 3443 2136 sup-

1841 2119 2061 2190 peditati
2078 2133 2203 2180 sunt
2232 2125 2634 2192 discedentibus
2655 2141 2816 2199 xenia
2841 2119 3058 2213 donata,
3083 2119 3198 2207 elusi
3217 2119 3443 2214 necesse

1839 2222 2012 2280 esset,
2042 2217 2268 2276 comites
2301 2223 2510 2282 itineris
2553 2230 2742 2303 additi,
2771 2235 2817 2290 si
2848 2238 2984 2294 ultra
3013 2255 3195 2300 essent
3225 2250 3441 2318 profec-

1839 2305 1964 2361 turi.
1985 2305 2112 2364 Hzec
2132 2325 2200 2366 ex
2221 2315 2612 2386 antiquissimis
2638 2323 2860 2384 Homeri
2889 2331 3134 2403 hospitiis
3156 2341 3443 2400 manifesta

1837 2407 1992 2467 sunt,
2021 2417 2142 2473 qua:
2183 2405 2241 2462 in
2283 2424 2464 2468 mores
2500 2414 2814 2477 Graecorum
2847 2431 3211 2488 recentiorum
3247 2433 3442 2493 deinde

1837 2492 2188 2552 transierunt.
2233 2500 2380 2560 lianc
2423 2508 2694 2579 φιλοξένιαν
2739 2522 3119 2580 commendant
3157 2527 3442 2600 aliquoties

1835 2586 2093 2655 apostoli,
2127 2598 2182 2645 et
2207 2594 2424 2663 quidem
2469 2617 2534 2657 eo
2570 2603 2624 2659 in
2661 2607 2782 2665 loco
2807 2611 2952 2670 illam
2994 2586 3296 2677 habuerunt
3325 2626 3439 2695 pri-

1833 2678 1988 2732 maevi
2013 2679 2293 2742 christiani
2315 2697 2372 2744 ut
2403 2694 2596 2763 privati
2623 2701 2908 2773 aliquoties
2931 2708 3127 2768 divites
3147 2729 3206 2771 se
3233 2732 3440 2790 suaque

1833 2771 2013 2827 omnia
2040 2779 2240 2836 sanctis
2272 2784 2631 2862 undequaqne
2661 2801 3131 2870 peregrinantibus
3162 2812 3438 2882 excipien-

1837 2860 1912 2882 da-
1951 2865 1993 2882 μ
2237 2873 2280 2882 -—
2318 2877 2351 2882 --
2423 2879 2438 2882 ι

1830 2860 1914 2918 dis
1940 2865 2205 2928 dicarem.
2236 2873 2384 2933 Talis
2413 2860 2582 2940 fuisse
2618 2860 2833 2946 videtur
2867 2893 3032 2952 Gaius
3064 2916 3168 2955 non
3196 2902 3252 2958 S.
3283 2860 3438 2962 lr’auli

1830 2955 1992 3012 modo
2039 2963 2278 3030 privatus
2325 2970 2554 3044 hospes,
2605 2979 2701 3035 sed
2750 2987 2914 3041 totius
2963 2990 3125 3046 etiam
3173 2994 3435 3055 Ecclesiae

1829 3046 2012 3119 (Rom.
2049 3070 2170 3125 xvr,
2206 3059 2324 3133 25).
2357 3063 2672 3141 Eodemque
2700 3078 2921 3134 nomine
2956 3088 3368 3146 commendatur
3401 3107 3437 3148 a

1827 3137 1885 3195 S.
1928 3141 2165 3218 Joanne,
2211 3153 2366 3210 tertia
2397 3157 2514 3227 ejus
2551 3137 2747 3232 Epist,
2785 3168 2820 3237 ᾖ
2845 3209 2858 3222 .
2903 3172 2956 3238 5,
2995 3175 3048 3242 6,

1827 3234 1988 3292 etiam
2014 3238 2113 3296 fuit
2152 3241 2464 3317 Philemon,
2493 3251 2595 3324 Ep.
2625 3256 2692 3310 ad
2723 3234 2979 3332 partem,
3016 3234 3089 3336 si.
3119 3234 3175 3335 εξ,
3206 3271 3258 3338 6,
3295 3273 3347 3341 7,
3369 3234 3433 3332 ἐξ

1826 3325 2046 3388 Mnason
2083 3330 2343 3408 Cyprius,
2386 3344 2512 3398 Act.
2556 3362 2679 3414 XXI,
2725 3351 2814 3406 16.
2861 3354 3225 3417 Ecclesiarum
3252 3375 3433 3425 tamen

1830 3423 2102 3493 publicum
2129 3430 2182 3485 id
2212 3434 2374 3506 vulgo
2401 3436 2569 3496 fuisse
2595 3443 2808 3501 videtur
2828 3449 3083 3510 officium.
3112 3455 3213 3514 Illo
3236 3423 3433 3535 nempe

3282 3514 3426 3535 --ηρ

1829 3514 2047 3588 hospitii
2070 3523 2192 3591 jure
2223 3541 2347 3581 usas
2376 3528 2602 3601 legimus
2630 3536 2680 3590 in
2708 3552 2768 3595 se
2789 3539 3018 3601 invicem
3047 3548 3258 3608 illorum
3290 3565 3426 3612 tem-

1828 3621 2019 3678 porum
2047 3612 2282 3686 integras
2312 3621 2473 3678 etiam
2503 3627 2773 3686 civitates.
2806 3634 3066 3710 Exempla
3097 3642 3259 3702 habet
3289 3665 3428 3705 non-

1827 3700 2002 3771 nulla,
2045 3705 2101 3760 ni
2138 3707 2315 3777 fallor,
2361 3713 2413 3769 in
2458 3715 2699 3777 Verrinis
2732 3723 2944 3785 Cicero.
2981 3700 3054 3788 lit
3096 3700 3318 3807 proinde
3360 3745 3431 3801 ad

1826 3795 2114 3866 ecclesias,
2158 3817 2278 3872 qua:
2313 3804 2562 3866 civitates
2593 3812 2869 3891 integras,
2907 3838 3005 3894 pro
3032 3795 3176 3884 illius
3211 3849 3428 3907 quoque

1827 3891 2009 3946 saeculi
2042 3908 2230 3963 more,
2276 3902 2792 3980 complecterentur,
2841 3931 3068 3990 quaeque
3115 3891 3426 3988 civitatibus

1826 3985 2050 4052 proinde
2078 3989 2430 4050 conferuntur
2457 3999 2525 4054 ab
2553 3999 2785 4075 Origene
2815 3985 2930 4080 (lib.
2964 3985 3040 4081 tn,
3074 4026 3210 4073 cont.
3237 3985 3421 4097 Cels),

1825 4074 2102 4136 dimanare
2145 4082 2396 4143 facillime
2441 4096 2697 4161 potuerit.
2737 4097 3045 4162 Praesertim
3091 4126 3210 4167 eum
3251 4074 3424 4175 Juda’ai

1825 4170 1984 4224 etiam
2025 4172 2486 4250 hierosolymitani
2530 4199 2652 4242 cum
2687 4195 3106 4261 provincialibus
3133 4203 3427 4286 διασπορᾶς

1827 4263 2008 4286 ι.-.1-...
2051 4268 2182 4286 Διιίιξ·
2339 4283 2350 4286 Α
2420 4275 2474 4286 η.
2529 4280 2540 4286 -
2601 4282 2612 4286 -
2695 4283 2705 4286 -

1824 4263 2012 4320 eadem
2042 4268 2240 4339 officia,
2262 4283 2390 4331 ante
2416 4275 2811 4340 Christianismi
2841 4289 3002 4347 etiam
3035 4299 3242 4356 natales
3269 4263 3426 4361 ex‘cr-

1823 4357 2079 4415 cuissent.
2098 4361 2176 4418 Ne
2206 4364 2419 4438 longius
2446 4371 2658 4443 abeam,
2689 4376 2740 4431 id
2769 4381 2966 4454 colligo
2982 4401 3047 4442 ex
3079 4391 3199 4446 Act.
3231 4410 3415 4468 xxvm,

1822 4449 1914 4518 2t,
1942 4463 2226 4525 propterea
2263 4461 2354 4531 qui
2386 4463 2439 4518 in
2479 4467 2706 4535 publicis
2731 4449 2924 4530 essent
2943 4472 3196 4540 Ecclesim
3226 4449 3419 4547 officiis

1824 4547 2121 4615 constituti,
2148 4551 2216 4607 ad
2241 4553 2362 4611 illos
2391 4560 2663 4631 praecipue
2685 4569 3000 4635 spectabant
3031 4575 3147 4633 haec
3175 4579 3418 4652 hospita.

1823 4637 1986 4696 litatis
2015 4644 2215 4702 munia.
2242 4646 2317 4706 De
2337 4649 2512 4710 viduis
2539 4655 2796 4714 Ecclesia:
2816 4662 2888 4722 ita
2915 4667 3101 4726 scribit
3122 4637 3422 4741 Aposlolus

118 4733 509 4793 nonnunquam
561 4728 805 4793 queritur
856 4728 1171 4806 Apostolus.
1206 4733 1372 4798 Iidem
1424 4735 1716 4810 διοικοῦντες

1833 4731 1883 4804 [Ι
1919 4732 2076 4805 Tim.,
2107 4753 2160 4803 ν,
2192 4739 2298 4812 10)
2333 4759 2346 4797 :
2376 4743 2442 4798 Si
2494 4745 2713 4818 hospitio
2761 4757 2970 4826 recepit,
3026 4759 3071 4814 si
3119 4728 3416 4824 stt-notarunt

118 4809 261 4879 (erat
289 4814 440 4870 enim
468 4815 588 4873 haec
611 4819 1080 4893 eleemosynarum
1111 4827 1472 4897 suppeditatio
1501 4831 1716 4900 proprie

114 4903 193 4958 sic
221 4904 365 4962 dicta
382 4905 636 4982 διακονία)
659 4914 818 4984 (Actu
839 4931 952 4982 xix,
974 4917 1100 4991 3‘3);
1130 4920 1384 4996 ὑπηρέται
1409 4921 1571 4991 (Λα,
1594 4938 1712 4990 xm,

114 4995 190 5066 5).
239 4997 310 5054 Et
337 5016 469 5058 vero
495 5007 879 5077 quamplurimi
923 5021 1079 5066 erant
1111 5015 1202 5084 qui
1234 4995 1292 5070 S.
1323 5015 1489 5070 Paulo
1514 5017 1586 5072 ita
1612 5017 1716 5076 mi-

113 5093 446 5166 nistrarent,
479 5102 723 5158 nonnulli
753 5104 1002 5175 equidem
1024 5107 1092 5163 ah
1122 5107 1242 5178 ipso
1271 5111 1554 5181 assumpti,
1580 5126 1714 5167 non-

114 5187 249 5243 nulli
278 5191 350 5256 ab
376 5193 624 5250 ecclesiis
649 5195 718 5251 ad
755 5197 905 5252 illum
935 5199 1189 5272 delegati,
1218 5203 1463 5258 nonnulli
1491 5204 1650 5260 etiam
1679 5219 1710 5260 a

114 5281 312 5353 δεῖμεν
339 5283 521 5342 devoti
559 5297 723 5360 atque
768 5290 956 5348 dicati.
990 5293 1138 5350 idem
1179 5295 1248 5351 ab
1281 5299 1541 5367 apostolis
1578 5299 1711 5370 ipsis

114 5372 464 5448 observatam
485 5389 570 5436 est
587 5423 602 5448 ,
627 5391 686 5437 ut
707 5384 1046 5454 gravissimis
1077 5387 1146 5444 de
1175 5390 1351 5444 causis
1381 5389 1584 5461 legatos
1602 5406 1712 5448 non

114 5466 250 5526 alios
274 5470 599 5530 adhiberent
625 5491 789 5547 quam
831 5479 922 5549 qui
956 5480 1176 5552 reliquis
1216 5485 1610 5553 praecellerent.
1635 5486 1712 5542 lta

114 5558 312 5619 factum
341 5565 398 5620 in
425 5566 671 5626 Concilio
707 5571 1208 5646 hierosolymitano,
1233 5593 1362 5633 cum
1384 5579 1450 5635 de
1479 5581 1711 5636 circum-

115 5654 335 5714 cisionis
365 5662 692 5719 necessitate
721 5666 788 5720 ad
819 5666 1124 5724 Ecclesiam
1166 5671 1549 5730 antiochenam
1579 5674 1708 5730 mit-

115 5748 333 5812 tendum
376 5763 526 5810 esset
567 5755 950 5827 Apostolorum
1003 5759 1317 5832 decretum,
1361 5780 1470 5823 non
1515 5766 1711 5824 obvios

114 5842 382 5907 quoslibet
407 5845 500 5916 qui
534 5861 596 5903 se
622 5848 763 5905 ultro
789 5849 1086 5909 utter-ebant
1107 5895 1123 5920 ,
1155 5854 1251 5912 sed
1289 5855 1494 5918 electos
1536 5875 1568 5914 e
1610 5873 1710 5916 suo

112 5943 333 5993 numero
377 5936 520 5996 viros
559 5940 960 6008 constituerunt
999 5943 1094 6015 qui
1124 5945 1486 6023 hoc_munere
1516 5949 1705 6023 funge-

1821 4825 1972 4894 pedes
2019 4827 2179 4898 lavit,
2233 4831 2278 4885 si
2331 4836 2708 4894 tribulationem
2769 4825 3078 4914 patientibus
3135 4859 3412 4917 subminis-

1818 4919 1986 4974 travit.
2046 4921 2122 4977 De
2151 4926 2456 4996 episcopo;
2504 4927 2717 5001 Oportet
2768 4939 2902 4993 enim
2946 4945 3238 5018 episcopum
3285 4955 3414 5011 irre-

1815 5014 2201 5082 prelrensibilem
2225 5034 2364 5084 esse,
2397 5021 2548 5077 unius
2575 5028 2750 5084 uxoris
2779 5033 2974 5102 virum,
3004 5040 3225 5098 sobrium
3243 5089 3256 5114 ,
3289 5066 3414 5119 pru-

1815 5105 2034 5174 dentem,
2067 5119 2325 5179 ornatum,
2357 5115 2622 5184 pudicum,
2653 5121 2956 5195 hospitalem
2986 5131 3028 5203 (Ι
3053 5133 3212 5204 Tim.,
3231 5105 3307 5206 in,
3329 5141 3408 5212 2).

1814 5201 2022 5259 Rursus
2046 5203 2113 5261 de
2140 5206 2330 5263 eodem
2367 5197 2387 5264 τ’
2414 5209 2522 5267 Sed
2545 5214 2867 5289 hospitalem,
2893 5223 3161 5298 benignum
3188 5235 3411 5290 sobrium

1815 5293 1968 5368 (Til.,
1991 5314 2028 5362 ι,
2056 5296 2135 5369 8),
2155 5307 2260 5356 etc.
2283 5299 2333 5356 IS
2349 5302 2493 5359 enim
2510 5312 2642 5364 πᾶσι
2667 5320 2772 5374 τοῖς
2795 5316 2845 5369 ἐν
2866 5322 3024 5395 χρείᾳ
3044 5318 3159 5378 οὖσι
3183 5325 3408 5398 κηδέμων

1813 5398 1951 5457 erat,
1980 5399 2117 5446 teste
2143 5391 2200 5446 S.
2233 5391 2446 5452 Justino
2473 5410 2709 5473 martyre
2737 5391 3011 5480 (Αροιὸέιη⁷
3039 5417 3118 5484 ιι).

1889 5481 1916 5554 §
1960 5482 2047 5538 19.
2091 5483 2218 5541 Haec
2239 5487 2398 5558 igitur
2431 5506 2556 5563 erga
2585 5508 2776 5554 omnes
2807 5513 2962 5557 erant
2999 5481 3407 5579 peregrinantes

1813 5577 2119 5640 communia
2147 5580 2497 5638 ecclesiarum
2533 5584 2741 5654 officia,
2774 5607 2894 5661 qua:
2924 5595 3049 5663 quin
3082 5577 3214 5668 ipsis
3245 5609 3410 5666 etiam

1811 5671 2070 5740 apostolis
2089 5670 2383 5731 officiosius
2409 5690 2811 5752 praestarentur,
2837 5686 2965 5741 nihil
2993 5704 3124 5749 sane
3155 5707 3238 5753 est
3263 5703 3407 5772 quod

1811 5763 2137 5823 dubitemus.
2168 5766 2364 5826 Nescio
2402 5774 2757 5845 quicquamne
2785 5779 2946 5836 fuerit
2972 5801 3080 5856 quo
3117 5793 3212 5847 viri
3256 5763 3407 5855 illus-

1811 5865 1940 5924 tres,
1961 5874 2058 5931 pro
2079 5859 2221 5918 illius
2240 5863 2424 5919 saeculi
2447 5881 2615 5935 more,
2639 5871 2813 5942 excipi
2833 5874 3093 5948 solerent,
3109 5886 3235 5955 quin
3261 5889 3406 5947 idem

1812 5952 1942 6013 illud
1985 5953 2038 6010 in
2067 5956 2327 6024 apostolis
2368 5959 2743 6035 primariisque
2785 5965 3060 6032 ECCICSitn
3099 5952 3228 6039 viris
3267 5987 3406 6043 emi.
