4018 6282
613 331 684 442 si
1563 370 1930 435 DODWELLI
1967 368 2418 433 DlSSERTATlO
2441 369 2851 433 CYPRIANICA
3829 379 3890 442 is

614 496 826 570 piendis
867 493 1204 552 observariut
1250 491 1412 550 etiam
1453 491 1744 560 Ecclesiae;
1789 503 1845 550 et
1885 492 2102 564 quidem
2152 506 2218 547 eo
2243 489 2296 551 A
2323 488 2646 558 ritmenlio,
2680 490 3053 562 episcoporum
3083 490 3336 550 videlicet
3364 491 3797 564 presbyterorum
3824 508 3894 554 al-

617 591 939 664 promptiori
965 591 1144 645 animo
1165 631 1181 657 ,
1213 589 1355 660 quod
1385 605 1493 646 non
1518 589 1727 644 illorum
1760 587 1923 644 modo
1952 586 2182 658 gratiam
2201 626 2216 651 ,
2323 601 2426 658 que
2450 585 2820 642 diaconorum.
2845 583 3261 657 Frequentiores
3285 598 3442 644 erant
3464 586 3892 657 extraordinarii,

618 683 812 755 quibus
842 699 906 739 ea
939 683 1320 752 praestiterant,
1349 683 1444 739 sed
1476 682 1570 738 Dei
1603 681 1740 737 adeo
1766 681 1954 751 ipsius,
1983 681 2137 752 cujus
2167 680 2218 735 in

617 789 785 847 opere
812 785 1230 844 occuparentur,
1262 791 1323 831 se
1352 774 1618 830 demereri
1647 773 1967 838 crederent,
2001 774 2224 844 partici-

617 883 827 942 pesque
855 882 914 924 se
945 868 1159 924 illorum
1186 885 1402 941 quoque
1442 883 1664 940 operum
1701 865 1932 923 futuros.
1963 865 2222 936 Apostolo

621 962 850 1019 Romam
881 961 1115 1018 venienti
1147 961 1361 1016 obviam
1387 960 1540 1017 effusi
1567 968 1692 1015 sunt
1713 958 1928 1024 fratres,
1959 972 2128 1028 usque
2154 955 2222 1012 ad

621 1059 783 1129 Appii
802 1057 976 1113 forum
994 1065 1048 1112 et
1062 1055 1194 1112 Tres
1209 1055 1486 1112 Tabernas
1498 1054 1660 1125 (Ach,
1675 1068 1865 1118 xxvnt,
1883 1045 2003 1122 '15).
2020 1049 2225 1121 Ignatio

625 1160 805 1208 tamen
847 1150 915 1206 ad
959 1150 1274 1221 martyrium
1324 1147 1633 1220 properanti
1670 1161 1838 1218 usque
1878 1143 1946 1199 ad
1991 1154 2224 1214 portum.

628 1245 922 1302 Meliteuses
949 1244 1285 1299 discedentem
1311 1244 1484 1298 multis
1515 1241 1789 1296 honoribus
1820 1237 2225 1306 Itonoraveruutg,

625 1354 676 1399 et
699 1341 1052 1414 navigantibus
1077 1343 1428 1410 imposuerunt
1453 1354 1568 1410 qua:
1595 1334 1878 1392 necessaria
1897 1342 2040 1389 erant
2062 1329 2225 1404 (Ibid.

628 1435 841 1506 ιν,10).
866 1433 1032 1489 Erant
1046 1431 1161 1488 hme
1175 1447 1360 1488 eorum
1379 1429 1732 1502 proculdubio
1745 1427 1922 1484 xenia.
1943 1423 2230 1480 Disceden-

628 1537 739 1584 tem
778 1527 845 1582 ad
877 1542 1065 1583 navem
1093 1541 1262 1596 usque
1281 1525 1518 1581 comitati
1548 1533 1676 1579 sunt
1707 1522 1924 1593 Ephesii
1959 1519 2096 1593 (Act.
2129 1534 2226 1583 xx,

628 1621 746 1691 38).
780 1621 908 1676 Haec
936 1631 1052 1675 erat
1081 1625 1366 1695 προπομπή
1385 1660 1404 1683 ,
1433 1618 1587 1689 cujus
1620 1618 1780 1674 etiam
1812 1617 1926 1686 ipse
1954 1613 2233 1685 quamplu-

626 1714 781 1773 rimis
821 1713 873 1769 in
907 1712 1039 1768 locis
1079 1713 1326 1768 meminit
1364 1710 1678 1781 Apostolus.
1715 1709 1770 1763 Id
1809 1718 1990 1764 autem
2031 1705 2096 1761 ad
2138 1705 2234 1760 ho-

629 1823 818 1863 norem
869 1806 1165 1872 venientis,
1203 1821 1303 1877 pro
1347 1805 1490 1859 illius
1534 1819 1746 1876 quoque
1784 1803 1958 1857 aetatis
2001 1815 2233 1857 consue-

2329 680 2590 751 apostoli,
2641 677 3016 749 evangelista},
3065 689 3309 750 pastores
3354 689 3516 750 atque
3562 679 3808 737 doctores
3851 692 3898 738 et

2325 771 2605 843 prottbetae
2639 773 2985 843 notioresque
3018 773 3240 828 omnino
3278 781 3440 844 atque
3475 772 3815 829 celebriores.
3841 773 3900 830 Et

2328 865 2604 938 probabile
2632 866 2848 937 quidem
2879 876 2960 922 est
2991 865 3182 922 horum
3215 867 3380 923 fuisse
3421 867 3689 937 propriam
3720 868 3901 939 prima-

2329 958 2461 1012 riam
2500 958 2645 1013 illam
2685 959 3246 1031 simplicissimamque
3272 960 3532 1016 Ecclesiae
3572 961 3901 1018 administra-

2335 1049 2568 1117 tionem;
2604 1057 2714 1104 tum
2743 1050 2958 1122 deinde,
2988 1066 3111 1108 cum
3137 1051 3581 1122 perturbatiorem
3607 1051 3750 1108 illam
3775 1053 3904 1110 inor—

2331 1141 2762 1213 dinatioremque
2806 1145 3013 1214 experti
3062 1153 3275 1211 essent,
3327 1143 3582 1217 paulatim
3629 1145 3682 1200 in
3734 1162 3904 1203 eorum

2331 1236 2509 1292 locum
2537 1239 2862 1294 successisse
2894 1239 3173 1296 ministros
3195 1239 3344 1308 illos,
3375 1255 3512 1312 quos
3542 1239 3702 1298 hodie
3727 1243 3907 1298 retine-

2330 1345 2487 1397 mus,
2529 1330 2830 1386 ordinarios
2851 1373 2866 1398 ,
2901 1332 3296 1403 paulatimque,
3329 1349 3426 1404 pro
3462 1349 3739 1407 synaxeon
3765 1335 3908 1391 disci-

2332 1423 2515 1494 plina,
2569 1425 3025 1482 extraordinarios
3067 1427 3190 1483 illos
3243 1427 3530 1485 ordinariis
3584 1428 3754 1485 factos
3805 1444 3908 1486 esse

2334 1516 2600 1574 subditos.
2633 1517 2857 1588 Quando
2885 1519 3045 1592 igitur
3069 1535 3344 1592 synaxeon
3385 1521 3568 1576 munia
3599 1520 3842 1577 obierunt
3865 1520 3910 1575 hi

2335 1611 2745 1666 extraordinarii
2775 1611 3036 1680 ministri,
3068 1612 3266 1668 frustra
3291 1613 3695 1684 expectabimus
3715 1612 3912 1670 ordina-

2337 1703 2538 1760 riorum
2589 1705 2952 1762 ministrorum
2993 1705 3343 1762 mentionem.
3387 1706 3445 1762 Id
3494 1723 3660 1762 unum
3700 1706 3910 1772 sufficit.

2338 1796 2501 1854 fuisse
2529 1799 2678 1866 illos,
2715 1815 2821 1855 non
2847 1815 3056 1854 summa
3081 1799 3245 1855 modo
3273 1799 3535 1870 dignitate
3555 1841 3570 1865 ,
3595 1799 3690 1856 sed
3721 1813 3915 1856 summo

632 1899 852 1967 tudine,
898 1899 1201 1970 spectabat,
1248 1908 1306 1954 ut
1354 1913 1461 1969 quo
1515 1896 1742 1968 quisque
1791 1895 2051 1964 dignitate
2090 1901 2235 1949 esset
2262 1889 2313 1951 B
2340 1891 2522 1958 etiam,
2554 1891 2605 1946 in
2634 1892 2893 1949 Ecclesiae
2921 1891 3406 1959 administratione,
3433 1893 3573 1960 loco,
3601 1902 3660 1948 ut
3687 1890 3914 1962 proinde,

633 1991 914 2055 illustrior,
947 2006 1011 2056 eo
1039 1992 1214 2046 forent
1255 1990 1416 2045 etiam
1473 1989 1798 2044 illustriores
1839 1987 1876 2042 ii
1915 1985 2006 2058 qtti
2037 1987 2088 2041 in
2119 1985 2236 2055 ejus

632 2097 919 2138 occursum
959 2083 1321 2137 mitterentur.
1368 2080 1532 2152 quue
1577 2080 1740 2135 etiam
1787 2079 2130 2134 observatum
2181 2077 2236 2132 in

636 2173 972 2244 excipiendis
999 2172 1400 2243 provinciarum
1431 2171 1769 2242 praesidibus,
1794 2179 1852 2226 ut
1877 2185 2036 2241 quem
2059 2169 2125 2225 ad
2157 2169 2238 2225 lo-

635 2281 758 2322 cum
799 2265 1089 2336 provincia:
1120 2265 1352 2336 primmn
1379 2264 1748 2337 appulissent,
1780 2279 1846 2318 eo
1883 2261 2178 2334 legationes
2204 2276 2236 2317 a

633 2359 968 2424 civitatibus,
1011 2359 1249 2414 virorum
1288 2359 1340 2413 in
1379 2373 1474 2412 sua
1516 2359 1742 2428 quisque
1780 2356 1996 2412 civitate
2039 2357 2236 2427 prima-

637 2455 875 2517 riorum,
903 2453 1263 2509 mitterentur.
1289 2451 1434 2508 ldem
1461 2451 1622 2506 etiam
1655 2467 1686 2504 a
1717 2449 2022 2505 civitatibus
2047 2449 2237 2504 vicinis

639 2544 983 2601 observatum
1017 2544 1070 2598 in
1113 2543 1654 2614 peregrinationibus.
1694 2541 1747 2596 Id
1787 2556 1909 2597 cum
1956 2541 2236 2624 christiani

635 2640 694 2697 in
739 2638 1105 2709 apostolorum
1156 2639 1501 2708 virorumque
1547 2635 1806 2692 Ecclesia:
1856 2633 2234 2706 primariorum

637 2734 1160 2805 peregrinationibus
1215 2733 1588 2796 imitarentur,
1639 2729 1692 2786 id
1741 2745 1955 2802 quoque
2002 2731 2237 2785 imitatos

635 2825 931 2882 verisimile
952 2836 1054 2892 est,
1076 2841 1142 2881 ne
1162 2823 1491 2882 venientium
1515 2823 1758 2895 dignitati
1780 2823 2031 2880 deessent
2055 2823 2234 2893 legati.

637 2919 970 2989 Quamquam
1002 2918 1146 2973 enim
1174 2918 1373 2974 fastum
1401 2917 1731 2973 mundanum
1766 2914 1952 2986 procul
1979 2913 2236 2969 amanda-

634 3016 747 3071 rint
764 3012 1014 3083 apostoli,
1027 3022 1182 3067 erant
1200 3023 1379 3068 tamen
1397 3009 1580 3068 decori
1595 3009 1754 3066 iidem
1773 3007 2235 3066 observantissimi

633 3106 1169 3177 reliuentissimique.
1218 3105 1276 3162 Id
1327 3114 1474 3162 certe
1520 3106 1577 3162 S.
1619 3105 1772 3161 Pauli
1819 3105 1985 3162 luisse
2025 3105 2237 3161 videtur

628 3195 930 3270 ingenium,
958 3214 1021 3255 ea
1054 3197 1281 3254 indoles.
1312 3199 1420 3254 Nec
1450 3198 1500 3253 id
1529 3198 1744 3270 quidem
1777 3196 2067 3252 immerito.
2101 3196 2234 3250 Cum

2339 1985 2382 2040 si
2410 2000 2545 2057 quas
2569 1986 2643 2041 illi
2673 1987 2969 2057 legationes
2997 1985 3262 2054 obierint,
3289 1984 3580 2042 admodum
3621 1985 3745 2041 illas
3769 1982 3916 2040 fuisse

2338 2077 2663 2136 honoritieas
2686 2094 2906 2136 necesse
2932 2089 3098 2136 esset.
3128 2078 3262 2135 Cum
3293 2095 3422 2134 vero
3451 2077 3691 2165 tandem,
3721 2085 3917 2150 propter

2338 2189 2614 2246 synaxeun
2665 2174 3040 2246 disciplinam,
3079 2175 3366 2232 ordinariis
3410 2173 3804 2244 subjicerentur
3842 2187 3916 2242 sy-

2339 2281 2548 2322 naxeon
2569 2267 2845 2333 ministris,
2875 2269 3053 2324 adhuc
3077 2276 3256 2324 tamen
3288 2267 3546 2325 honorem
3581 2264 3916 2339 proculdubio

2337 2375 2609 2416 summum
2636 2362 2995 2418 retinuerunt.
3029 2361 3140 2418 Nec
3167 2361 3311 2418 enim
3338 2371 3496 2417 erant
3524 2361 3601 2417 illi
3634 2359 3795 2418 certis
3819 2359 3918 2429 qui-

2337 2453 2567 2510 busdam
2611 2455 2858 2512 ecclesiis
2895 2454 3075 2522 afﬁxi,
3119 2455 3216 2511 sed
3259 2456 3438 2527 petius
3478 2455 3641 2511 totius
3685 2451 3918 2511 Ecclesia:

2339 2546 2618 2602 catholicae
2659 2562 3008 2615 communes,
3049 2547 3191 2619 quod
3239 2546 3334 2620 (ea
3363 2548 3721 2618 proculdubio
3745 2553 3916 2608 aetate,

2339 2655 2461 2696 eum
2499 2639 2554 2696 in
2595 2656 2661 2698 eo
2699 2641 2892 2713 posita:
2926 2651 3109 2698 essent
3148 2656 3522 2713 supremorum
3567 2640 3917 2697 ministrorum

2340 2749 2554 2805 operae,
2598 2733 2776 2804 potius
2805 2743 2864 2788 ut
2893 2733 2998 2789 late
3039 2733 3490 2790 christiauitatem
3523 2733 3918 2789 disseminarent

2340 2841 2497 2896 quam
2527 2834 2584 2881 ut
2603 2825 2863 2882 ecclesias
2895 2835 3146 2898 regerent
3167 2825 3278 2897 jam
3309 2827 3557 2883 fundatas
3585 2827 3917 2884 constitutas-

2338 2921 2464 2989 que)
2499 2917 2613 2972 ﬁeri
2654 2917 2742 2972 vix
2781 2927 2956 2989 poteSI
2984 2918 3112 2990 quin
3153 2933 3340 2975 eorum
3367 2918 3546 2974 officio
3580 2921 3919 2977 anteferretur

2339 3010 2429 3082 qui
2456 3011 2785 3082 singularum
2817 3020 2999 3075 essent
3025 3011 3306 3069 dumtaxat
3323 3011 3700 3069 ecclesiarum.
3730 3012 3809 3068 Ex
3833 3010 3917 3065 boc

2338 3115 2517 3163 autetn
2545 3105 3095 3164 extraordinariorum
3120 3107 3488 3165 ministrorum
3515 3123 3747 3165 numero
3773 3105 3918 3162 fuisse

2337 3202 2586 3259 videnlur
2608 3203 2697 3272 qui
2727 3202 2885 3274 legati
2921 3202 3196 3260 constituti
3224 3213 3429 3260 essent.
3462 3202 3581 3274 Ipsa
3614 3203 3705 3260 illa
3750 3213 3916 3258 eorum

633 3291 778 3347 enim
819 3291 872 3346 in
913 3291 983 3344 ita
1024 3291 1263 3359 exceptis
1314 3291 1519 3344 nullum
1567 3298 1741 3351 esset,
1789 3287 1892 3343 illis
1932 3287 2232 3359 prtesertim
2260 3281 2308 3346 C
2339 3295 2478 3350 dona
2518 3295 2810 3352 infidelium
2855 3310 3050 3364 causa,
3098 3297 3275 3367 potius
3321 3311 3482 3368 quam
3513 3295 3782 3364 fidelium,
3810 3293 3918 3350 data

632 3382 1074 3453 persecutionum
1113 3380 1356 3446 saeculis,
1386 3382 1553 3437 fastus
1577 3380 1909 3451 periculum;
1951 3379 2113 3435 multa
2147 3388 2231 3434 ta-

632 3491 760 3532 men
791 3485 945 3532 erant
975 3476 1028 3530 in
1061 3475 1145 3532 his
1170 3476 1479 3545 adiaphoris
1503 3493 1622 3548 quae
1652 3477 1720 3533 ad
1748 3477 2084 3536 subditorum
2112 3478 2230 3534 cul-

633 3579 746 3624 tum
776 3569 1244 3640 reverentiamque
1268 3569 1662 3626 conciliandam
1690 3570 1948 3640 facerent,
1981 3588 2100 3643 qum
2122 3587 2229 3628 non

636 3672 789 3716 erant
807 3677 939 3717 sane
961 3661 1299 3732 negligenda,
1313 3679 1433 3718 eum
1461 3665 1755 3734 prmsertim
1773 3681 1880 3720 non
1899 3665 2231 3732 imperaren-

629 3762 720 3809 tur
774 3754 888 3810 hzec
929 3753 1127 3818 ofﬁcia,
1157 3754 1252 3810 sed
1284 3771 1413 3811 vero
1439 3755 1716 3812 liberrimo
1741 3757 2230 3828 ardentissimoque

632 3847 971 3905 subditorum
1001 3858 1384 3919 praestarentur
1407 3851 1690 3920 obsequio.

707 3941 736 4014 ᾗ
773 3941 864 3998 20.
907 3942 1082 4013 Atque
1113 3942 1236 3999 hinc
1257 3945 1992 4018 concludimus,quamquatn
2014 3945 2231 4002 aliunde

628 4049 742 4091 non
772 4033 1194 4106 intelligeremus
1234 4051 1393 4108 quem
1423 4040 1597 4093 locum
1628 4038 1696 4093 in
1715 4038 1955 4095 Ecclesia
1983 4039 2230 4095 obtinue-

630 4126 744 4184 rint
773 4125 864 4198 qtti
887 4125 969 4181 his
993 4127 1350 4198 legationibus
1375 4129 1640 4186 obeundis
1667 4131 2088 4201 destinarentur,
2121 4147 2226 4189 non

630 4235 758 4276 esse
786 4231 964 4277 tamen
991 4221 1134 4292 quod
1173 4221 1480 4280 dubitemus
1509 4226 1636 4295 quin
1668 4227 1711 4280 is
1743 4226 1904 4282 fuerit
1937 4227 2226 4285 admodum

627 4309 981 4370 ltonorilieus.
1015 4314 1419 4370 Ordinariorum
1457 4315 1649 4372 borum
1686 4318 1942 4375 Ecclesiae
1981 4321 2228 4378 ministe-

628 4407 833 4464 riorum
851 4409 902 4462 in
920 4409 1090 4480 prima
1109 4409 1183 4465 illi
1197 4411 1293 4466 ειενί
1313 4411 1587 4483 apostolici
1603 4411 2028 4482 historia,rarior
2047 4430 2228 4471 occur-

1083 4537 1236 4548 ...ον-ν
1247 4539 1326 4546 ..-ρ-
1343 4541 1406 4548 ...φ-

1417 4541 1665 4550 αι--οεοο

1668 4543 1838 4552 Ἦ

1122 4537 1129 4545 ,
1233 4539 1326 4546 .--μ
1407 4541 1545 4549 _..__
2077 4546 2082 4554 .
2164 4544 2952 4556 _-.__—_..__._____

635 4534 3915 4597 Μ

2210 4585 2500 4597 ---ρ

922 4540 2576 4832 ἶῖξὲἷῗΤΑνῖἶὸ
2687 4584 3637 4830 ΤΕιιῗῖᾸ

2337 3405 2459 3446 esse
2487 3389 2731 3462 agnoscit
2755 3391 3032 3461 apostolus
3064 3390 3274 3448 utiliora
3303 3390 3529 3462 proinde
3565 3390 3742 3446 futura
3762 3429 3776 3455 ,
3805 3388 3848 3443 si
3875 3386 3917 3441 in

2337 3485 2717 3542 Converteudis
2747 3485 3048 3541 infidelibus
3075 3486 3256 3557 potius
3281 3499 3441 3556 quam
3467 3483 3717 3540 fidelibus
3741 3481 3918 3540 contir-

2336 3581 2549 3637 mandis
2569 3623 2583 3648 ,
2611 3581 3028 3638 collocarentur.
3051 3580 3186 3638 Cum
3216 3582 3515 3653 prmsertim
3553 3595 3622 3636 eo
3654 3581 3772 3652 ipso
3807 3590 3918 3634 con-

3981 1059 3983 1158 ἰ

3977 1521 3984 1758 l

3977 3019 3984 3144 l

3979 3509 3981 3542 Α

2336 3673 2458 3730 silio
2479 3673 2627 3729 missi
2649 3682 2853 3739 essent,
2873 3690 2980 3729 non
3001 3674 3091 3742 qui
3115 3674 3392 3728 venientes
3413 3671 3727 3744 exciperent
3749 3667 3910 3731 modo,
3980 3681 3981 3688 ‘

2333 3767 2429 3824 sed
2457 3767 2546 3839 qui
2575 3767 2801 3824 comites
2828 3776 3012 3823 essent
3036 3775 3090 3822 et
3110 3769 3349 3844 συνεργοὶ
3375 3765 3744 3831 itinerantium
3775 3772 3916 3833 atque

2333 3862 2810 3934 peregrinantium.
2863 3859 2973 3917 Sed
3021 3876 3151 3916 vero
3197 3860 3358 3914 aliam
3406 3859 3627 3914 omnino
3673 3854 3917 3914 adminis-

2332 3955 2510 4013 trandi
2539 3955 2800 4010 rationem
2829 3953 3082 4026 exigebat
3110 3953 3256 4008 illius
3281 3952 3454 4008 aetatis
3489 3951 3736 4008 Ecclesia
3775 3957 3916 4018 quam

2332 4050 2692 4120 sequentium,
2721 4060 2776 4105 ut
2799 4049 2997 4105 frustra
3026 4048 3134 4103 siut
3157 4047 3379 4102 omnino
3408 4045 3499 4117 qui
3531 4043 3662 4100 nihil
3692 4041 3846 4099 hodie
3873 4040 3917 4093 in

2332 4144 2574 4202 Ecclesia
2629 4143 2945 4213 permittunt
2989 4141 3092 4197 nisi
3132 4139 3276 4211 quod
3320 4138 3388 4194 ad
3436 4138 3578 4193 illius
3620 4132 3917 4209 apostolica!

2331 4237 2590 4294 Ecelesi-e
2615 4235 2822 4292 accedit
2847 4234 3176 4305 exemplum.
3209 4230 3635 4289 Considerandte
3662 4236 3790 4286 sunt
3813 4239 3916 4282 out-
3980 4243 3981 4274 l

2329 4330 2460 4386 nino
2484 4327 2901 4384 circumstantiae
2929 4336 2987 4384 et
3014 4325 3292 4398 prudentia
3322 4323 3647 4391 adhibenda,
3683 4337 3790 4395 qua
3816 4331 3919 4376 cer-
3980 4373 3981 4420 1

2331 4433 2442 4479 tum
2473 4433 2556 4479 est
2582 4423 2763 4479 multis
2789 4424 2844 4478 in
2875 4421 3035 4477 rebus
3061 4437 3189 4478 usos
3218 4436 3344 4478 esse
3369 4420 3668 4491 apostolos.

1211 4906 1372 4986 DE
1429 4907 1987 4993 SECUNDO
2045 4911 2629 4997 MARTYRII
2685 4909 3303 5016 BAPTISMO,

1886 5045 2208 5108 AUCTORE
2247 5050 2658 5111 DODWELLO.

620 5185 652 5259 ᾗ
684 5186 736 5243 Ι.
761 5213 831 5226 -
853 5181 958 5240 Cur
1001 5181 1312 5254 singularem
1352 5183 1470 5239 huic
1499 5195 1800 5257 argumento
1845 5187 2070 5244 dicemus
2109 5190 2214 5245 dis-

694 5278 1044 5335 certationem.
1066 5305 1134 5316 —
1165 5275 1197 5349 ᾗ
1223 5275 1277 5329 2.
1298 5276 1372 5330 Ab
1395 5277 1760 5346 antiquissimis
1785 5295 1944 5352 usque
1969 5281 2215 5338 Ecclesia:

687 5370 996 5444 temporibus
1023 5369 1093 5422 ad
1129 5383 1300 5424 nostra
1327 5369 1435 5426 Ita'c
1479 5370 1736 5426 descendit
1765 5374 1958 5442 Opinio.
1993 5405 2064 5415 —
2095 5375 2123 5448 ᾗ
2153 5377 2207 5431 5.

694 5463 990 5537 Baptismus
1050 5478 1243 5533 aqueus
1289 5473 1335 5517 et
1389 5464 1508 5519 auio
1555 5475 1766 5520 externa
1810 5484 1926 5522 cum
1981 5467 2219 5523 Ecclesia

701 5558 1047 5628 prterequisita
1112 5555 1180 5610 ad
1225 5557 1556 5628 sanguineum
1596 5561 1830 5632 martyrii
1885 5561 2212 5633 baptismum.

690 5677 762 5689 —
789 5647 816 5720 §
844 5650 898 5703 4.
945 5648 1262 5718 Baptismum
1300 5651 1635 5722 sanguineum
1675 5669 1837 5723 aqueo
1876 5653 2211 5723 praetulerunt

689 5751 896 5795 veteres.
930 5769 1001 5780 --
1026 5740 1090 5811 ἐξ
1117 5741 1172 5807 5,
1206 5740 1259 5798 6.
1289 5740 1612 5813 Explicatur,
1648 5744 1746 5798 hac
1783 5743 1838 5798 in
1864 5760 2041 5811 causa,
2071 5746 2211 5804 locus

690 5829 956 5901 Cypriani.
984 5861 1055 5874 -—
1087 5832 1190 5903 §7.
1223 5831 1530 5905 Defenditur
1559 5835 1667 5889 haec
1695 5845 1916 5890 veterum
1942 5840 2206 5896 sententia.

691 5946 761 5965 ι-
815 5921 843 5998 §
873 5923 924 5980 8.
961 5922 1006 5979 Ε
1030 5923 1209 5995 quibus
1239 5925 1526 5999 Scriptura:
1571 5926 1694 5999 locis
1723 5927 1868 5983 illaut
1894 5931 2209 6004 collegerint.

2393 5187 2524 5260 -ἓ
2568 5186 2622 5243 9.
2661 5185 2869 5242 Observ.
2920 5188 3086 5259 primo
3118 5204 3144 5242 e
3187 5187 3339 5260 factis
3379 5187 3592 5243 Domini
3645 5188 3915 5262 legitimam

2396 5283 2669 5349 procedere
2693 5282 3208 5352 argumentationem,
3232 5280 3492 5353 praecipue
3507 5281 3562 5336 id
3590 5298 3751 5354 genus
3776 5279 3915 5352 factis

2391 5373 2568 5442 qualia
2584 5371 2946 5442 adhibuerunt,
2969 5373 3132 5430 hacin
3150 5391 3324 5442 causa,
3346 5375 3703 5448 veteres.—§§
3727 5375 3816 5442 10,
3833 5371 3912 5428 il.

2397 5464 2518 5520 Obs.
2577 5469 2837 5536 secundo,
2893 5484 2993 5524 non
3037 5487 3065 5524 e
3100 5470 3254 5540 factis
3302 5468 3478 5535 modo,
3525 5469 3616 5524 sed
3673 5484 3742 5524 ea:
3797 5464 3914 5534 ipsis

2393 5557 2606 5614 Domini
2631 5560 2814 5630 verbis,
2842 5571 3039 5618 constat
3082 5579 3177 5634 pro
3220 5562 3474 5633 baptismo
3499 5561 3788 5618 habendum
3817 5571 3916 5614 esse

2393 5655 2717 5725 martyrium.
2748 5687 2819 5697 ---
2846 5655 2875 5728 ᾗ
2904 5658 2991 5712 12,
3028 5655 3152 5711 Obs.
3185 5657 3352 5723 tertio,
3387 5673 3490 5712 non
3522 5657 3793 5711 verborum
3818 5665 3914 5707 esse

2393 5746 2680 5817 dumtaxat,
2713 5751 2801 5805 sed
2829 5767 3003 5805 rerum
3036 5750 3191 5805 etiam
3227 5751 3460 5823 ipsarum
3499 5749 3738 5821 baptismi
3773 5751 3916 5817 atque

2392 5842 2628 5912 martyrii
2665 5843 2979 5915 afﬁnitatem.
3026 5841 3280 5900 Locorum
3326 5844 3678 5908 occasionem,
3705 5841 3761 5895 in
3803 5835 3914 5909 qui—

2391 5932 2485 5991 bus
2527 5936 2591 5992 de
2637 5936 2886 6009 baptismo
2930 5939 3198 6011 sanguinis
3239 5938 3324 6010 agi
3353 5937 3676 5996 crediderunt
3705 5944 3909 6004 veteres,
