4018 6296
172 330 247 391 49
1194 334 1284 391 DE
1315 332 1632 392 SECUNDO
1669 333 2056 395 MARTYRUM
2086 333 2442 394 BAPTISMO.
3406 337 3483 396 60

249 449 413 522 fuisse
449 447 772 522 martyrium.
824 445 1037 504 Domini
1080 448 1361 520 baptismus
1391 449 1620 520 ejusdem
1665 460 1774 505 erat
1803 453 1854 514 Α
1881 467 2090 508 morum
2122 461 2423 523 temporum
2452 452 2743 524 martyriis,
2776 452 2950 509 locum
2980 453 3048 509 ab
3072 453 3272 509 auxilio
3297 453 3480 512 divino

251 543 576 614 martyrium,
608 541 760 610 idque
783 557 934 596 sensu
964 540 1337 596 Ecclesiastico.
1360 572 1431 583 —-
1461 541 1524 615 ᾗῇ
1551 543 1616 598 13
1639 583 1654 606 .
1687 542 1776 611 14,

255 633 348 700 15,
371 633 456 689 16.
487 631 733 688 Ηωνειὶοἱ
748 633 996 703 apostolis
1013 634 1167 688 corevi
1189 635 1490 705 martyrium
1503 634 1776 706 negabant.

263 725 463 782 Horum
506 725 952 796 pseudo-Christos
982 726 1242 799 refellebat
1275 726 1336 782 S.
1368 725 1600 781 Joannes
1624 744 1780 798 argu-

255 830 424 875 mento
463 837 495 874 a
526 820 628 874 veri
662 817 868 874 Messias
900 820 1117 872 adventu
1159 835 1249 889 per
1283 836 1466 890 aquant
1499 830 1545 873 et
1572 819 1784 890 sangui-

257 930 394 968 nem.
422 911 726 983 Explicatur
757 921 861 968 tota
887 913 980 967 illa
1005 914 1471 984 argumentatio.—
1500 912 1528 984 ᾗ
1555 913 1643 968 17.
1679 912 1785 968 0b-

258 1023 388 1064 sero.
423 1017 626 1078 quarto,
675 1010 728 1062 in
771 1007 884 1079 ipso
913 1009 1006 1062 illo
1034 1008 1342 1062 initiationis
1382 1008 1785 1080 expiationisque

263 1103 388 1168 ritu,
415 1103 497 1156 cui
527 1109 847 1167 peccatorum
884 1101 1238 1172 purgationem
1266 1099 1547 1154 tribuebant
1573 1109 1779 1165 veteres,

263 1205 366 1250 tam
418 1195 728 1266 frequentem
769 1192 929 1263 fuisse
978 1191 1120 1262 apud
1167 1193 1286 1246 illos
1326 1192 1594 1262 sanguinis
1631 1208 1784 1258 quant

260 1304 410 1357 aqua
426 1304 573 1343 usum
601 1303 619 1342 :
647 1296 694 1340 et
720 1286 921 1358 quidem
939 1285 1202 1356 sanguinis
1220 1285 1537 1339 initiatorum
1565 1283 1781 1355 proprii.

258 1380 384 1453 —§
414 1381 498 1436 18.
531 1377 641 1433 Nec
669 1378 723 1432 id
749 1378 900 1431 modo
927 1377 980 1430 in
1012 1376 1399 1439 initiationibus,
1422 1375 1511 1430 sed
1538 1375 1647 1429 etin
1671 1391 1794 1445 pac-

277 1473 344 1528 tis
391 1470 666 1531 obtinebat,
713 1485 806 1538 pro
854 1469 1078 1524 moribus
1129 1477 1348 1522 veterum
1389 1466 1780 1536 antiquissimis.

259 1593 332 1605 —
359 1563 389 1635 ᾗ
417 1561 501 1618 19.
533 1560 601 1616 Ut
646 1560 920 1632 sanguini,
975 1561 1029 1613 in
1079 1561 1177 1614 hoc
1226 1559 1534 1630 expiationis
1585 1558 1787 1628 negotio

262 1662 434 1725 partes
457 1651 800 1706 concedebant
827 1652 980 1722 facile
1005 1651 1300 1720 primarius,
1328 1651 1400 1704 ita
1439 1649 1648 1704 humani
1673 1666 1796 1704 san-

261 1749 464 1821 guinis,
495 1761 601 1817 pra:
624 1747 742 1800 aliis
767 1745 920 1799 etiam
948 1744 1300 1816 sanguinibus,
1323 1745 1424 1798 vim
1451 1744 1600 1814 longe
1625 1742 1790 1797 maxi-

1887 547 2202 618 primarium
2221 545 2518 602 obtinuisse
2547 554 2761 616 recepta
2781 525 2938 602 illius‘
2946 547 3192 603 ecclesiae
3211 548 3481 618 primaeva:

1885 642 1954 697 de
2004 641 2246 714 martyrii
2297 639 2558 710 dignitate
2587 639 2868 709 dogmata,
2901 639 3031 694 illud
3079 640 3321 711 inprimis
3374 655 3483 711 quo

1886 733 2111 790 secundi
2167 733 2416 804 baptismi
2459 733 2632 788 vicem
2685 742 2845 802 atque
2908 731 3168 788 beneﬁcia
3217 735 3480 806 martyrio

1887 827 2248 882 vindicabant.
2305 825 2436 887 lloc,
2462 828 2585 895 quia
2615 825 2850 880 alienum
2879 824 2992 879 scio
3045 841 3074 878 a
3115 825 3480 881 recentiorum

1890 919 2102 990 placitis
2127 919 2217 988 qui
2265 932 2390 972 suas
2416 931 2693 972 sacrarum
2745 916 3044 972 litterarum
3084 917 3485 986 interpretatio-

1890 1031 2006 1081 nes,
2045 1024 2332 1085 utcumque
2355 1013 2622 1080 inlirmas,
2664 1029 2764 1070 nec
2799 1022 2947 1070 certo
2982 1016 3162 1084 aliquo
3195 1014 3478 1070 ratiocinio

1892 1110 2146 1170 nitentes.
2179 1116 2419 1163 veterum
2463 1117 2641 1163 tamen
2689 1106 2987 1162 ratiociniis
3029 1116 3390 1176 anteponunt;
3436 1119 3495 1164 et

1893 1201 2017 1272 quia
2065 1211 2174 1254 tuta
2207 1199 2320 1254 haec
2343 1199 2586 1270 mysticae
2631 1199 3112 1270 argumentationis
3162 1201 3299 1254 ratio
3321 1242 3337 1266 ,
3365 1215 3488 1270 qua:

1895 1292 2242 1364 mysticarum
2270 1293 2493 1347 omnino
2523 1291 2937 1361 scripturarum,
2969 1291 3236 1361 hujusqne
3257 1290 3395 1345 adeo
3422 1291 3490 1347 de

1895 1384 2254 1439 sacramentis
2297 1382 2622 1455 argumenti,
2656 1393 2759 1449 est,
2794 1397 2894 1436 suo
2941 1382 3175 1453 quodam
3205 1383 3329 1452 jure
3367 1397 3495 1452 pro-

1897 1478 2034 1549 pria,
2062 1486 2367 1546 contempta
2399 1484 2581 1532 tamen
2607 1476 2690 1531 vel
2709 1475 2952 1546 neglecta
2981 1483 3109 1531 esta
3127 1475 3501 1532 celeberrimis

1901 1568 2172 1639 plerisque
2197 1577 2508 1622 n05trorum
2533 1577 2834 1636 temporum
2864 1566 3272 1637 interpretibus;
3297 1577 3352 1622 et
3373 1567 3498 1636 quia

1901 1661 1993 1730 qui
2023 1660 2164 1715 hanc
2186 1670 2428 1715 veterum
2457 1659 2780 1716 sententiam
2815 1668 3032 1715 tuentur
3061 1659 3223 1714 hodie
3265 1660 3499 1730 scripto-

1901 1770 1988 1809 res
2040 1753 2333 1825 pontiﬁcii,
2394 1768 2552 1810 unam
2599 1764 2840 1808 veterum
2895 1751 3272 1808 auctoritatem
3322 1761 3500 1808 tamen

262 1860 400 1898 mam
443 1850 776 1914 agnoverunt.
805 1871 876 1881 —
906 1839 934 1912 §
975 1839 1066 1895 20.
1101 1839 1224 1895 Obs.
1262 1841 1472 1910 quinto,
1528 1839 1596 1893 ad
1625 1840 1792 1906 ipsum

1903 1849 2220 1915 obtendunt,
2255 1849 2414 1913 plane
2455 1847 2525 1904 de
2577 1864 2765 1904 eorum
2814 1849 3111 1904 ratiociniis
3141 1847 3337 1911 securi,
3368 1861 3490 1902 rec-

267 1936 508 2005 baptismi
553 1943 928 1989 sacramentum
967 1934 1220 2002 pertinere
1261 1932 1598 2003 sanguineum
1657 1933 1792 1986 hunc

267 2029 609 2100 baptismum,
638 2036 684 2081 et
709 2026 910 2096 quidem
956 2025 1027 2080 ita
1054 2025 1306 2094 pertinere
1347 2034 1401 2078 ut
1442 2035 1638 2093 partem
1682 2023 1794 2093 ejus

266 2124 580 2198 praecipuam
630 2129 958 2176 consummet.
1007 2149 1076 2159 --
1134 2120 1163 2189 §
1204 2120 1298 2174 21.
1348 2116 1529 2172 Primo
1590 2126 1796 2188 pactum

270 2215 572 2287 baptismale
599 2231 689 2284 pro
713 2214 814 2267 illis
841 2212 950 2287 (qui
980 2211 1121 2281 apud
1144 2220 1331 2266 veteres
1349 2209 1664 2281 obtinebant)
1697 2226 1794 2280 pa-

265 2320 464 2365 ctorum
490 2323 596 2364 esse
623 2307 844 2362 moribus
873 2305 1257 2377 explicandum.
1282 2336 1351 2344 —
1379 2303 1406 2376 §
1434 2304 1525 2359 22.
1555 2304 1794 2358 Secundo

267 2412 325 2456 ut
369 2401 423 2455 in
467 2399 585 2454 aliis
614 2400 799 2469 pactis.
823 2398 896 2452 ita
917 2407 963 2452 et
985 2398 1037 2451 in
1061 2407 1234 2452 nostra
1255 2401 1450 2468 quaque
1485 2397 1794 2467 baptismali,

269 2496 375 2549 duo
417 2509 522 2549 esse
548 2509 580 2546 a
605 2508 660 2546 se
688 2491 900 2545 invicem
927 2489 1287 2561 distinguenda
1333 2489 1648 2543 diversarum
1677 2505 1800 2559 par-

266 2589 398 2643 tium
441 2585 636 2658 ofﬁcia,
665 2582 764 2638 Dei
798 2584 926 2649 alia,
957 2584 1062 2638 alia
1087 2592 1281 2638 nostra.
1303 2610 1375 2621 --
1407 2581 1434 2652 θ
1476 2581 1566 2638 25.
1600 2580 1791 2649 Tertio,

255 2682 353 2752 jus
379 2676 508 2733 illud
528 2677 690 2748 legale
708 2692 875 2738 omne.
899 2675 1036 2746 quod
1056 2676 1192 2746 pacti
1218 2673 1467 2741 bene/icio
1493 2673 1795 2738 obtinemus,

268 2774 341 2829 ad
382 2770 479 2826 Dei
507 2771 903 2843 promissiones,
957 2785 1024 2824 ex
1075 2768 1238 2838 ofﬁcii
1268 2768 1429 2821 nostri
1475 2767 1800 2837 prtestatione

266 2883 379 2924 esse
419 2863 795 2920 deducendunt.
827 2892 896 2902 —
927 2861 956 2934 §
982 2862 1073 2917 21.
1115 2859 1330 2925 Quarto,
1359 2875 1473 2929 qua:
1519 2858 1667 2912 nobis
1715 2858 1795 2912 in-

263 2960 512 3016 cumbunt
537 2958 588 3011 in
607 2958 701 3011 hoc
723 2965 872 3035 pacto
902 2954 1194 3023 baptismali
1219 2953 1534 3007 conditiones
1565 2969 1596 3004 a
1623 2961 1797 3006 nostra

263 3064 417 3128 parte
446 3050 755 3126 prastanda:
775 3066 802 3105 e
836 3049 1178 3120 symbolorum
1205 3047 1507 3101 solemnium
1535 3046 1800 3115 significa-

266 3148 409 3202 tione
433 3141 798 3215 colligendum.
820 3171 892 3181 --
909 3140 936 3213 §
953 3139 1044 3195 25.
1077 3139 1287 3205 Quinto,
1320 3139 1374 3192 in
1402 3135 1648 3208 symbolis
1674 3135 1799 3208 bap-

1900 1952 2020 1997 tenc
2046 1951 2153 1997 tam
2183 1957 2214 1997 e
2241 1940 2556 2010 Scripturis,
2582 1949 2637 1996 et
2665 1957 2761 2011 pro
2783 1941 3053 2010 primaeva:
3081 1937 3492 1995 Christianitatis

1897 2041 2054 2102 captu
2086 2029 2196 2105 (cui
2230 2041 2407 2087 tamen
2437 2031 2536 2086 soli
2566 2031 2827 2101 Spiritum
2879 2031 2938 2086 S.
2991 2033 3044 2085 in
3093 2029 3492 2101 Scripturarum

1898 2123 2314 2178 coneinnationc
2348 2123 2687 2178 consuluisse
2734 2122 2860 2177 alibi
2893 2122 3235 2192 probavimus
3261 2123 3339 2195 (in
3362 2121 3501 2177 Pro-

1900 2215 2084 2285 legam.
2112 2215 2180 2269 ad
2209 2212 2359 2268 Dom.
2385 2214 2614 2279 Stearn.,
2643 2213 2705 2268 de
2735 2213 3037 2284 0bstinat.),
3060 2224 3222 2284 atque
3246 2212 3384 2268 adeo
3409 2227 3496 2270 so-

1900 2306 2028 2369 lide,
2060 2306 2418 2377 collegerint:
2458 2303 2681 2376 proinde
2727 2304 3186 2359 consultissimum
3242 2303 3498 2358 duximus

1901 2400 1944 2454 si
1974 2407 2079 2452 tam
2106 2397 2344 2467 iucundo
2376 2396 2602 2467 utilique
2630 2405 2948 2468 argumento
2975 2437 2989 2461 ,
3025 2395 3297 2466 propriam
3344 2408 3499 2450 suam

1900 2491 2334 2563 singularemque
2358 2490 2789 2545 dissertationem
2815 2490 3237 2560 assignaremus.

1975 2586 2002 2658 §
2031 2588 2086 2640 2.
2115 2616 2186 2626 —
2207 2586 2289 2641 Ab
2328 2585 2714 2656 antiquissimis
2746 2585 2924 2656 itaque
2951 2585 3285 2655 temporibus
3313 2585 3500 2644 Eccle-

1901 2679 2016 2743 sise,
2049 2679 2523 2749 recentissimaque
2551 2678 2916 2748 apostolorum
2948 2679 3232 2745 memoria,
3262 2678 3494 2736 deducta

1902 2774 2017 2829 haec
2039 2782 2123 2829 est
2152 2772 2219 2829 de
2241 2773 2482 2828 secundo
2504 2772 2746 2845 martyrii
2765 2772 3030 2842 baptismo
3056 2773 3348 2838 sententia,
3370 2783 3424 2828 et
3446 2773 3498 2828 in

1902 2867 2146 2923 Ecclesia
2174 2866 2464 2938 vulgariter
2495 2877 2730 2937 recepta.
2773 2865 2848 2920 De
2890 2865 3169 2920 Felicitate
3200 2867 3271 2921 ita
3307 2875 3495 2922 auctor

1901 2963 2157 3016 Actorum
2177 2960 2318 3030 (Act.
2338 2958 2543 3030 Perpet.
2562 2968 2605 3012 et
2627 2955 2814 3023 Felic.,
2833 2975 2886 3026 p.
2904 2956 2995 3022 29,
3013 2957 3103 3023 '50,
3120 2958 3242 3011 edit.
3267 2957 3498 3030 0mm):

1907 3072 1927 3106 ι
1977 3053 2104 3107 ltem
2147 3051 2398 3107 Felicitas
2441 3051 2643 3106 salvam
2685 3066 2744 3106 se
2794 3050 3069 3120 peperisse
3112 3050 3354 3121 gaudens
3380 3093 3394 3118 ,
3441 3062 3502 3106 ut

1902 3147 1970 3202 ad
1999 3146 2198 3201 bestias
2232 3153 2512 3216 pugnaret,
2545 3142 2804 3213 sanguine
2832 3143 2901 3197 ab
2928 3142 3217 3198 obstetrice
3238 3143 3304 3197 ad
3327 3143 3498 3198 retine

268 3242 412 3296 tismt
432 3235 594 3293 nostri
615 3233 999 3290 sacramentalis
1012 3229 1342 3294 solemnibus,
1361 3247 1462 3284 non
1479 3228 1795 3298 aquaesolius
1824 3237 1869 3299 ρ
1904 3241 2040 3295 rium
2064 3240 2235 3294 ιηιυη,
2259 3247 2378 3308 post
2405 3247 2612 3307 panum
2637 3235 2902 3306 baptisma
2932 3234 3190 3290 secundo.
3231 3254 3250 3288 ,
3285 3235 3491 3291 Eodem

266 3331 554 3402 baptismus
566 3329 856 3393 denotatur,
873 3323 961 3380 sed
974 3325 1124 3378 etiam
1138 3322 1224 3376 ille
1235 3320 1522 3392 sanguinis;
1536 3329 1582 3372 et
1595 3317 1799 3386 quidem

263 3427 344 3482 ita
385 3424 656 3478 denotatur
705 3431 760 3474 ut
807 3421 874 3473 ad
917 3434 1076 3472 unum
1117 3414 1442 3484 eamdemque
1491 3413 1799 3483 baptismum

264 3532 481 3592 uterque
506 3518 759 3589 pertinere
787 3513 1121 3582 intelligatur.
1156 3540 1226 3550 ——
1273 3507 1302 3580 §
1332 3507 1423 3562 26.
1460 3506 1545 3560 Ita
1573 3522 1626 3560 se
1653 3505 1802 3559 habet

268 3617 337 3669 de
357 3614 513 3683 facto.
531 3641 600 3652 —
621 3609 682 3682 ᾗῇ
698 3609 789 3676 27,
811 3605 900 3661 28.
928 3604 1180 3658 Redditur
1199 3603 1321 3671 facti
1342 3602 1492 3656 ratio.
1520 3630 1588 3641 -—
1619 3598 1681 3670 ἐς
1705 3597 1799 3663 29,

271 3709 367 3766 30.
401 3706 582 3771 Sexto,
626 3705 700 3758 ita
753 3701 1088 3755 adumbratur
1135 3699 1187 3751 in
1231 3697 1344 3766 ipso
1392 3693 1538 3764 aquei
1567 3692 1803 3761 baptismi

267 3798 504 3871 symbolo
557 3796 834 3868 baptisntus
865 3791 1209 3861 sanguineus,
1254 3799 1308 3840 ut
1351 3788 1504 3856 plane
1559 3785 1803 3838 inuuatur

271 3891 474 3947 nullam
500 3905 606 3944 esse
633 3887 785 3956 aquei
807 3884 1040 3956 baptisnti
1067 3881 1338 3954 efﬁcaciam
1365 3880 1463 3933 nisi
1493 3878 1561 3932 ad
1592 3877 1802 3948 sangui-

274 3998 434 4038 neum
471 3980 773 4050 baptismum
809 3977 1076 4045 referatur.
1105 4002 1175 4012 —-
1207 3971 1272 4044 §§
1298 3973 1360 4028 51
1390 4012 1406 4038 ,
1452 3970 1538 4026 52.
1571 3969 1802 4038 lnfertur

273 4075 514 4146 septimo,
533 4088 634 4127 non
663 4070 813 4125 modo
838 4085 900 4123 ea:
917 4068 1052 4138 pacti
1077 4064 1396 4134 baptismalis
1419 4063 1547 4132 lege,
1575 4061 1666 4115 sed
1685 4075 1802 4114 vero

271 4185 343 4225 ea:
367 4165 594 4238 ejusdem
621 4163 776 4218 etiant
794 4161 1059 4229 «equitate,
1085 4157 1332 4212 vindicari
1358 4171 1504 4226 posse
1532 4155 1583 4208 in
1602 4155 1803 4224 sangui-

269 4277 371 4316 neo
400 4259 648 4329 baptismo
676 4255 846 4312 omnia
873 4253 1113 4322 beneficia
1133 4268 1164 4303 a
1187 4249 1410 4312 Christo,
1438 4264 1530 4320 pro
1553 4263 1645 4300 sua
1667 4247 1804 4317 pacti

273 4352 596 4425 baptismalis
628 4360 790 4420 parte,
817 4347 1128 4418 prastanda.
1158 4375 1228 4384 —
1259 4343 1323 4416 §§
1349 4343 1440 4406 55,
1467 4342 1553 4398 54.
1577 4340 1804 4412 Infertur

273 4456 456 4501 octavo
506 4444 712 4514 plenam
762 4441 990 4495 onmium
1039 4447 1357 4509 peccatorum
1413 4433 1803 4505 prwcedentium

271 4537 648 4610 indulgentiam
693 4545 798 4590 tam
835 4551 944 4589 esse
993 4532 1274 4601 martyrio,
1326 4545 1480 4600 quam
1531 4529 1802 4598 baptismo,

1904 3338 2116 3402 spectat
2151 3330 2312 3384 etiam
2360 3327 2638 3398 gentilium
2687 3325 2754 3381 de
2796 3325 2992 3380 Saturo
3029 3325 3346 3379 acclamatio
3371 3340 3494 3380 cum

1905 3441 2012 3480 uno
2039 3422 2280 3495 leOpardi
2299 3436 2480 3478 morsu
2502 3429 2646 3476 totus
2664 3434 2763 3476 suo
2783 3419 3041 3490 sanguine
3065 3417 3496 3490 perfunderetur,

1904 3521 2110 3578 salvum
2135 3518 2340 3573 lotum!
2375 3515 2579 3571 salvum
2623 3515 2810 3570 lotum!
2845 3512 2987 3584 quod
3016 3512 3085 3566 ita
3117 3513 3501 3582 interpretatur

1904 3615 2160 3670 Actorum
2213 3619 2420 3677 auctor,
2454 3617 2511 3664 ut
2536 3607 2602 3664 ad
2644 3606 2933 3663 secundam
2965 3607 3207 3678 martyrii
3235 3605 3492 3661 lationem

1905 3707 2042 3760 facta
2069 3711 2212 3760 esset
2242 3702 2380 3757 vela
2411 3699 2778 3757 nescientibus
2805 3700 2976 3754 turbis
3013 3697 3224 3752 allusio.
3276 3696 3354 3752 Ita
3387 3696 3500 3766 jam

1905 3797 2210 3852 obtinuerat
2265 3792 2404 3864 apud
2454 3791 2778 3849 christianos
2819 3804 2882 3844 ea
2929 3787 3181 3859 loquendi
3211 3788 3350 3842 ratio
3387 3801 3504 3856 qua

1905 3893 2026 3963 quis
2055 3891 2218 3947 etiam
2264 3887 2506 3960 martyrii
2551 3885 2751 3956 pariter
2777 3899 2840 3938 ac
2867 3897 3020 3952 aqua:
3058 3883 3326 3951 baptismo
3353 3880 3494 3935 lotus

1905 3986 2197 4042 diceretur.
2227 3981 2490 4038 Secunda:
2534 3994 2697 4050 porro
2726 3976 3060 4032 intinctionis
3091 3991 3222 4030 voce
3249 3989 3380 4030 usus
3416 3985 3502 4030 est

1905 4079 1973 4136 de
2002 4077 2259 4149 martyrio
2284 4073 2646 4130 Tertullianus
2673 4069 2942 4139 (Tertull,
2965 4069 3028 4122 de
3061 4066 3308 4135 Patient.,
3339 4084 3385 4122 c.
3409 4067 3502 4134 15,

1907 4172 1970 4226 de
1995 4169 2174 4239 Bapt.,
2206 4184 2252 4222 c.
2281 4164 2395 4241 lii),
2421 4164 2563 4237 quod
2594 4173 2647 4220 et
2673 4161 2802 4218 alibi
2841 4159 3061 4217 secundi
3095 4159 3338 4224 Lavacri,
3373 4173 3503 4213 san-

1907 4263 2084 4333 guinis
2101 4260 2352 4316 nimirum
2385 4257 2655 4328 baptismi,
2683 4254 2898 4309 nomine
2914 4252 3180 4323 designat.
3206 4251 3316 4306 Nec
3339 4250 3497 4307 aliter

1907 4356 2166 4426 Origenes
2185 4352 2274 4424 qui
2303 4367 2369 4408 ex
2397 4365 2464 4406 eo
2495 4351 2617 4420 ipso
2635 4345 3080 4418 baptismiollicio
3104 4343 3312 4414 colligit
3333 4352 3500 4410 recte,

1908 4446 2224 4519 martyrium
2272 4441 2527 4514 baptismi
2579 4440 2820 4504 nomine,
2877 4438 3200 4507 meritoque,
3253 4434 3502 4506 insigniri

1908 4555 2088 4614 posse,
2118 4537 2262 4611 quod
2289 4545 2631 4608 peccatorum
2659 4531 3034 4588 remissionem
3062 4537 3282 4600 praastet
3300 4527 3502 4598 pariter

275 4632 672 4692 concedendam.
701 4659 774 4670 —
819 4629 848 4701 ς
897 4627 986 4683 55.
1019 4623 1168 4679 Nihil
1215 4639 1320 4678 esse
1357 4622 1580 4676 alienum
1609 4638 1641 4674 a
1681 4621 1797 4692 bap-

1910 4650 1971 4690 ac
1999 4633 2294 4704 baptismus
2313 4670 2329 4697 ,
2359 4643 2427 4684 ne
2457 4626 2624 4682 solius
2652 4623 2887 4680 nominis
2918 4623 3004 4676 hic
3026 4619 3213 4676 haberi
3237 4618 3502 4674 rationem

278 4730 419 4784 tismt'
450 4738 634 4781 natura
664 4725 800 4795 quod
823 4722 1062 4794 temporis
1108 4717 1376 4774 intervallo
1411 4717 1742 4787 sejunganlur
1772 4729 1804 4766 a

279 4839 336 4878 sc
349 4822 560 4876 invicem
575 4818 857 4890 baptismus
870 4831 1059 4887 aqueus
1077 4823 1227 4883 atque
1238 4810 1564 4882 sanguineus.
1578 4837 1651 4848 —
1669 4805 1696 4877 §
1713 4806 1800 4860 56.

283 4946 357 4957 ——
384 4911 539 4969 Nono
571 4923 852 4982 martyrum
885 4909 1184 4981 sanguinem
1212 4922 1302 4975 pro
1337 4902 1525 4959 Christi
1561 4902 1806 4972 sanguine

283 5008 520 5064 habuisse
568 5015 776 5061 veteres.
806 5033 875 5043 —
913 5001 1062 5074 §37.
1100 4998 1302 5052 Decimo
1330 4995 1588 5066 prtecipue
1606 4994 1671 5058 si,
1712 5009 1805 5060 pro

285 5099 474 5158 Christi
523 5099 777 5170 exemplo,
831 5095 1035 5169 publica
1086 5091 1374 5146 animarum
1425 5101 1579 5140 causa
1628 5085 1807 5156 fuisset

284 5193 498 5262 eﬂusus.
521 5223 592 5234 —
618 5191 648 5265 ᾗ
675 5191 764 5248 58.
786 5187 1142 5261 Defenduntur
1163 5194 1367 5240 veteres.
1391 5181 1510 5254 —§
1535 5179 1624 5237 '59.
1657 5178 1803 5236 Mar-

289 5289 480 5360 tyrium
505 5286 560 5340 in
595 5284 757 5340 altero
786 5283 939 5338 etiam
975 5280 1292 5335 eucharistiae
1317 5285 1634 5332 sacramento
1651 5289 1807 5344 spon-

289 5385 489 5439 demus.
519 5411 591 5422 —-
624 5378 652 5450 §
689 5377 779 5435 40.
809 5375 876 5432 In
905 5376 1151 5446 martyrio
1179 5375 1271 5446 jus
1320 5373 1388 5426 ad
1437 5369 1680 5439 beneficia
1721 5369 1810 5422 ba—

289 5473 466 5548 ptismi
516 5483 620 5527 tam
661 5470 930 5542 privativa,
960 5484 1112 5539 quam
1150 5468 1298 5521 etiant
1342 5463 1574 5536 positiva,
1630 5476 1808 5516 conse-

293 5571 518 5644 quimur.

293 5664 323 5736 ς
353 5663 403 5718 1.
434 5691 506 5702 —
528 5660 786 5726 Diximus,
809 5655 1074 5729 superiori
1099 5651 1480 5710 dissertatione
1505 5648 1600 5722 (ί),
1626 5649 1677 5704 in
1702 5646 1812 5718 pri-

296 5777 368 5862 (‘)
394 5775 491 5862 Ctti
545 5774 732 5857 titulus
777 5791 790 5829 :
829 5771 1240 5862 De.pr‘iYm_orum
1291 5777 1582 5862 martyrum.
1627 5764 1815 5862 insigni

234 5841 559 5925 fortitudine,
573 5847 779 5918 ejusque
803 5841 992 5900 causis.
1010 5841 1174 5902 Nobis
1195 5851 1306 5899 erat
1323 5841 1550 5913 primum
1571 5841 1622 5896 in
1637 5846 1817 5895 mente

1909 4727 2252 4797 suspicentur
2263 4720 2553 4777 adversarii
2572 4719 2589 4790 (
2599 4718 2833 4788 0rigen.,
2851 4715 2902 4768 in
2928 4713 3132 4777 Matth,
3153 4731 3204 4782 p.
3229 4709 3356 4774 416,
3377 4710 3502 4765 edit.

1913 4817 2132 4885 Huetii)
2166 4834 2180 4870 :
2211 4817 2369 4879 Καθὸ,
2404 4811 2600 4882 inquit,
2637 4807 2812 4882 ἄφεσιν
2840 4807 3088 4880 λαμϐάνει
3119 4804 3507 4882 ἁμαρτημάτων

1908 4913 1934 4968 ὁ
1961 4913 2261 4983 ὑπομείνας.
2285 4904 2559 4980 βάπτισμα
2587 4902 2723 4956 ἐστιν
2749 4914 2762 4927 ’
2796 4901 2838 4952 εἰ
2866 4899 2965 4972 γὰρ
2995 4899 3054 4953 τὸ
3084 4895 3358 4970 βάπτισμα
3384 4891 3506 4968 ἄφε-

1910 5025 1990 5059 σιν
2045 4999 2425 5079 ἁμαρτημάτων
2475 4992 2858 5066 ὶπαπέλλεται,
2919 4991 3081 5050 καθὼς
3128 4987 3507 5063 παρειλήφαμεν

1908 5099 2143 5172 περὶτοῦ
2165 5094 2216 5147 ἐν
2244 5088 2396 5145 ὐδατι
2427 5089 2513 5142 καὶ
2539 5086 2795 5158 πνεύματι
2818 5083 3185 5158 βαπτίσματος
3205 5119 3220 5144 ,
3253 5076 3424 5151 ἄφεσιν
3451 5073 3507 5130 δέ

1907 5170 2153 5261 λαμϐάνει
2198 5181 2582 5256 ἁμαρτημάτων
2611 5179 2697 5232 καὶ
2723 5175 2748 5230 ὁ
2775 5177 2833 5232 τὸ
2859 5181 2952 5230 τοῦ
2978 5175 3262 5250 μαρτυρίου
3290 5170 3505 5238 ὑπομεί-

1908 5259 2001 5342 voti;
2027 5280 2332 5351 βάπτισμα,
2366 5274 2640 5346 βάπτισμα
2681 5272 2740 5325 τὸ
2771 5269 3056 5342 μαρτύριον
3085 5265 3302 5337 εὐλόγως
3329 5259 3508 5334 λέγοιτ’

1913 5370 1996 5438 ἂν,
2041 5383 2146 5427 etc.
2191 5367 2340 5424 Idem
2386 5377 2441 5423 et
2493 5365 2545 5419 in
2595 5363 2714 5417 aliis
2765 5361 2897 5416 locis
2952 5374 3097 5429 saepe
3146 5355 3305 5412 habet
3363 5355 3506 5410 idem

1913 5463 2267 5522 Adamantius
2286 5457 2549 5531 (0rigen.,
2568 5457 2622 5509 in
2655 5454 2745 5508 lib.
2767 5451 2944 5506 Judic.
2959 5491 2973 5512 ,
2992 5453 3108 5504 hom
3127 5447 3158 5500 7
3178 5455 3222 5500 et
3249 5451 3301 5500 in
3320 5444 3505 5516 Joan.,

1919 5569 2040 5613 tom.
2057 5573 2146 5611 vui
2157 5597 2169 5619 ,
2192 5573 2242 5626 p.
2264 5554 2390 5615 153,
2408 5551 2529 5605 edit.
2541 5547 2759 5618 Huetii).
2781 5545 2922 5600 Idem
2937 5556 3082 5611 saepe
3100 5548 3284 5594 noster
3298 5537 3510 5610 Cypria-

1918 5669 2036 5720 nus,
2070 5649 2365 5720 (Cyprian.,
2415 5643 2518 5713 Ep.
2566 5657 2672 5708 Ltv,
2718 5640 2782 5694 de
2827 5635 2972 5691 Orat.
3021 5632 3230 5688 Domin.
3258 5631 3479 5688 Exhort.

1919 5766 2068 5824 illam
2099 5765 2152 5819 in
2185 5762 2288 5819 hoc
2320 5770 2466 5815 torno
2488 5758 2747 5819 inserere;
2779 5750 2944 5808 multa
2973 5764 3104 5807 vero
3129 5757 3347 5821 propter
3367 5745 3507 5804 male

1921 5836 2169 5896 sonantia
2212 5830 2508 5891 omittenda
2537 5828 2652 5883 fuit.

3083 5881 3148 5904 η.
