3970 6332
532 359 601 414 51
1406 348 1418 415 ζ
1490 428 1493 431 ἤ
1540 346 1913 408 DODWELLI
1950 344 2406 408 DISSERTATIO
2439 339 2860 405 CYPRIANICA
3766 350 3835 409 52

526 472 756 543 Μανίαν.
788 470 896 542 Ep.
925 467 1135 541 LXXIII),
1175 473 1229 523 et
1267 464 1601 523 recentiores
1625 463 1717 521 alii
1742 464 2002 537 Cypriane
2031 463 2134 520 Pa-
2158 476 2213 537 Α
2237 476 2345 534 que
2373 461 2712 534 comprobat;
2766 474 2838 519 ex
2876 460 2995 533 ipsa
3041 461 3208 519 etiam
3251 460 3514 520 Ecclesiae
3553 452 3834 524 catholicae

530 578 648 625 tres
674 561 1075 637 quamplurimi,
1101 574 1238 632 quos
1266 558 1432 618 taedet
1477 558 1534 614 in
1571 557 1676 614 hoc
1707 557 1827 613 loco
1855 557 2130 630 sigillatim
2238 553 2394 627 praxi
2424 552 2623 627 liquet,
2666 569 2786 627 quas
2828 569 2952 610 cum
2976 561 3245 624 verorum
3288 558 3589 629 martyrum
3628 562 3836 630 semper

528 672 837 718 recensere.
866 655 995 715 Inde
1023 654 1172 711 enim
1198 651 1664 710 consentientibus
1691 650 1990 707 Graecorum
2028 651 2133 707 La-

533 751 858 821 tinorumque
887 746 1159 820 suffragiis
1180 746 1532 818 comprobata
1560 744 1679 802 haec
1703 745 1888 817 opinio
1927 743 1997 802 ad
2032 758 2133 801 no-

532 853 646 901 stra
663 858 833 915 usque
849 850 1095 913 tempora
1112 839 1412 897 descendit.

614 936 646 1009 ς
677 938 731 993 5.
764 964 837 977 --
861 935 961 991 Est
985 950 1148 1006 porro
1193 933 1324 990 illud
1362 932 1833 990 animadversione
1873 933 2093 1006 dignum
2115 976 2130 1004 ,

534 1030 610 1087 ita
631 1029 774 1085 inter
801 1044 862 1084 se
888 1027 1024 1083 duos
1055 1026 1221 1084 hosce
1248 1041 1403 1098 aqua:
1429 1034 1591 1098 atque
1616 1026 1895 1097 sanguinis
1921 1026 2129 1097 baptis-

537 1140 662 1183 mos
686 1122 1032 1181 contendisse
1081 1122 1326 1189 Veteres,
1380 1131 1442 1177 ut
1477 1135 1866 1192 nonnunquam
1916 1130 2136 1193 postpo-

534 1226 668 1275 nant
691 1214 989 1272 secundum
1016 1213 1162 1269 hunc
1206 1212 1484 1285 sanguinis
1515 1212 1842 1284 baptismum
1869 1227 2023 1283 aqua;
2058 1211 2136 1268 illi

535 1314 739 1389 primo,
768 1322 824 1370 et
839 1311 956 1370 vice
976 1325 1134 1368 versa
1159 1324 1544 1381 nonnunquam
1571 1306 1895 1377 anteferant,
1918 1306 2136 1364 diverso

536 1408 596 1467 id
644 1406 899 1463 nimirum
949 1414 1203 1476 respectu
1253 1412 1418 1475 atque
1463 1402 1921 1458 consideratione.
1979 1399 2135 1469 Quod

536 1501 759 1575 quidem
781 1500 850 1557 ad
876 1499 1007 1555 illud
1034 1506 1243 1571 spectat
1270 1498 1429 1570 aquei
1468 1498 1724 1570 baptismi
1750 1498 1989 1555 officium
2029 1514 2137 1572 quo

539 1596 762 1653 unimur
780 1596 998 1652 Christo
1022 1604 1182 1665 atque
1202 1593 1460 1650 Ecclesia:
1474 1634 1491 1662 ,
1521 1607 1846 1665 quamquam
1866 1593 2137 1667 superiori

536 1694 652 1766 jam
682 1692 1065 1748 dissertatione
1089 1690 1491 1748 ostenderimus
1518 1704 1671 1747 suam
1698 1704 1912 1763 quoque
1949 1693 2057 1747 vim
2083 1690 2139 1747 in

539 1782 646 1845 hac
673 1785 791 1856 ipsa
828 1798 1045 1857 quoque
1082 1784 1287 1841 unione
1315 1782 1563 1855 augenda
1593 1783 1786 1840 saltem
1823 1794 1983 1855 atque
2010 1798 2138 1855 pro-

2235 648 2399 708 fuerit
2433 650 2909 707 observantissime
2929 692 2945 719 ,
2974 656 3272 723 numquam
3290 660 3468 707 tamen
3498 642 3607 707 illis
3628 653 3836 709 hacten-

2238 762 2335 805 cos
2362 747 2807 805 schismaticosve
2837 751 3197 818 accensuerit,
3233 747 3380 821 nulla
3402 753 3588 806 earum
3620 753 3836 808 nomina

2238 843 2293 899 in
2317 844 2487 900 fastos
2504 858 2630 900 suos
2657 842 2959 914 admiserit,
2989 843 3197 901 nullam
3227 845 3723 903 lnstitueriteorum
3754 863 3839 904 so-

2238 936 2476 995 lemnem
2519 940 3116 996 commemorationem.

2308 1030 2415 1102 si.
2442 1062 2515 1072 —
2541 1031 2876 1103 Quamquam
2912 1046 3042 1104 ergo
3076 1028 3144 1089 ad
3165 1030 3396 1105 subjecti
3428 1032 3838 1106 dispesitionem

2239 1125 2579 1184 necessarius
2599 1124 2668 1181 sit
2684 1127 2832 1197 prior
2858 1124 2952 1183 ille
2974 1138 3128 1198 aqua:
3144 1126 3463 1198 baptismus,
3484 1135 3543 1183 ut
3566 1118 3689 1200 quis
3717 1143 3838 1185 san-

2241 1219 2422 1291 guinei
2449 1218 2702 1290 baptismi
2740 1220 2913 1290 possit
2951 1214 3186 1275 fructum
3232 1218 3543 1291 percipere;
3590 1221 3637 1276 si
3664 1228 3841 1277 tamen

2240 1319 2391 1370 recte
2434 1313 2574 1369 hanc
2597 1312 3056 1385 comparationem
3094 1312 3379 1371 instituere
3418 1315 3668 1384 velimus,
3697 1324 3753 1372 et
3779 1317 3844 1374 de

2242 1407 2524 1478 utriusque
2550 1406 2805 1479 baptismi
2839 1406 3107 1464 beneficio
3132 1406 3400 1478 judicare,
3423 1406 3479 1463 id
3509 1412 3673 1480 porrb
3697 1425 3842 1481 qua:-

2240 1502 2472 1558 rendum
2503 1503 2676 1559 utrius
2706 1502 2957 1574 baptismi
2986 1500 3156 1575 magis
3182 1504 3252 1560 sit
3274 1502 3595 1561 beneficium
3635 1506 3689 1561 in
3718 1506 3844 1563 Sub-

2238 1595 2386 1667 jecto
2411 1594 2516 1651 rite
2545 1584 2851 1666 disposito?
2879 1592 2943 1651 Et
2976 1596 3196 1668 quidem
3227 1594 3395 1667 hujus
3433 1592 3683 1653 beneﬁcii
3726 1612 3844 1654 res-

2242 1695 2400 1764 pectu
2476 1688 2832 1759 Sanguineum
2880 1686 3207 1759 baptismum
3259 1704 3433 1761 aqueo
3498 1690 3846 1762 praetulerunt

2243 1776 2505 1852 Origenes
2534 1788 2589 1836 ‘et
2618 1790 2803 1836 noster
2825 1779 3147 1853 Cyprianus.
3187 1799 3207 1833 ι
3241 1772 3512 1853 Baptisms
3546 1785 3842 1855 sanguinis,

537 1880 810 1937 movenda
839 1880 1173 1937 concessisse
1199 1879 1425 1937 Veteres
1454 1897 1468 1933 :
1503 1878 1577 1935 ita
1605 1886 1787 1937 tamen
1821 1879 1969 1936 illam
2000 1892 2137 1937 con-
2167 1876 2217 1949 Β
2244 1873 2419 1946 inquit
2463 1872 2710 1945 Origines
2740 1865 2993 1947 (Origen.
3013 1915 3028 1942 ,
3054 1876 3108 1930 in
3139 1872 3318 1930 Iudico
3348 1864 3529 1930 homil.
3561 1870 3643 1949 7),
3671 1874 3846 1933 'solum

541 1982 828 2030 cesserunt
857 1983 915 2030 ut
933 1975 1042 2031 vim
1069 1975 1287 2032 interim
1338 1973 1456 2044 ejus
1486 1975 1690 2032 nullam
1734 1976 2052 2047 agnoverint
2072 1975 2140 2031 ad

544 2082 734 2125 eorum
786 2069 1043 2124 unionem
1083 2067 1509 2139 promovendam
1541 2068 1630 2139 qui
1677 2069 1917 2125 nendum
1958 2079 2143 2127 essent

541 2161 750 2233 praevio
770 2161 952 2232 aliquo
975 2168 1137 2233 atque
1157 2161 1413 2218 inchoato
1426 2160 1618 2217 saltem
1643 2161 1901 2219 unitionis
1924 2162 2142 2220 vinculo

548 2255 810 2312 Ecclesia).
850 2255 1237 2328 conglutinati,
1272 2269 1367 2312 seu
1414 2250 1813 2312 communionis
1857 2255 1911 2312 in
1961 2254 2142 2313 officio

545 2350 933 2419 eucharistico,
961 2364 1055 2407 seu
1079 2347 1331 2421 baptismi
1352 2350 1530 2421 reipsa
1555 2350 1814 2422 suscepti,
1838 2351 1924 2407 vel
1943 2350 1997 2407 in
2021 2359 2145 2407 voto

546 2444 739 2500 saltem
765 2443 1009 2539 expetiti,
1044 2450 1164 2514 quae
1190 2457 1352 2500 causa
1385 2452 1504 2500 erat
1528 2444 1949 2515 competentium
1981 2445 2143 2503 Cate-

547 2536 975 2604 chumenorum;
1007 2536 1112 2591 vim
1142 2551 1332 2593 rursus
1360 2538 1561 2593 nullam
1593 2538 1661 2595 ad
1700 2540 1944 2613 martyrii
1973 2539 2145 2598 bene-

548 2626 674 2684 ficia
695 2626 933 2684 nondum
967 2629 1132 2685 unitis
1172 2629 1532 2703 impetranda.
1565 2630 1679 2687 Nec
1716 2633 1859 2688 enim
1886 2636 2148 2707 martyrio

548 2723 877 2779 beneficium
926 2723 1141 2796 aliquod
1188 2723 1431 2781 tribuunt
1459 2726 1505 2781 si
1532 2725 1653 2797 quis
1682 2735 1832 2783 extra
1888 2728 2148 2785 unitatem

548 2826 746 2888 passus
788 2816 971 2885 fuerit;
1029 2816 1124 2873 sed
1163 2833 1266 2874 nec
1292 2817 1424 2874 illud
1475 2818 1594 2889 ejus
1634 2818 1954 2876 beneficium
1985 2834 2150 2892 agno-

552 2921 730 2979 scunt,
762 2922 820 2967 ut
850 2928 913 2969 ea
938 2912 1051 2981 ipsa
1084 2913 1294 2969 ratione
1316 2912 1438 2985 quis
1464 2914 1646 2971 unitus
1684 2913 1937 2971 invisibili
1969 2915 2148 2987 aliqua

553 3004 761 3061 unitate
778 3014 1066 3062 censeatur
1088 3006 1131 3061 si
1150 3007 1465 3079 martyrium
1486 3022 1676 3078 passus
1705 3007 1892 3065 fuerit.
1916 3008 2151 3065 Proinde

549 3097 929 3155 bmreticorum
949 3100 1531 3172 sehismaticorumque
1549 3102 1825 3174 martyris,
1844 3100 2058 3158 illorum
2073 3097 2150 3160 vi-

555 3192 772 3260 delicet,
787 3195 875 3266 qui
889 3186 1070 3266 aliquo
1086 3194 1172 3250 vel
1187 3201 1308 3250 a‘clu
1323 3209 1443 3260 suo,
1460 3195 1545 3251 vel
1562 3194 1843 3262 Ecclesia,
1861 3195 1930 3251 ab
1943 3198 2151 3254 unitate

2246 1974 2328 2025 est
2357 1965 2504 2039 quod
2533 1981 2633 2023 nos
2659 1968 2905 2037 puriores
2931 1966 3145 2037 reddat,
3176 1976 3337 2039 quam
3366 1972 3520 2040 aniae
3552 1964 3848 2041 baptismus

2245 2058 2504 2116 reddidit.
2542 2074 2562 2111 ι
2589 2056 2768 2127 Quod,
2810 2057 2997 2130 paucis
3047 2058 3417 2130 interpositis,
3452 2054 3522 2116 lta
3565 2060 3799 2132 explicat
3832 2081 3845 2119 :

2254 2168 2273 2204 ι
2311 2150 2523 2208 Vereor
2562 2166 2631 2208 ne
2657 2150 2804 2207 istud
2844 2151 3101 2225 baptismi
3128 2150 3458 2210 eminentius
3486 2154 3558 2210 sit
3598 2154 3704 2211 isto
3733 2152 3851 2227 bap-

2246 2244 2469 2301 tismate
2494 2240 2637 2316 quod
2665 2260 2760 2316 per
2788 2260 2984 2318 aquam
3016 2247 3267 2304 traditur.
3302 2238 3400 2304 Illo
3432 2248 3574 2305 cnim
3604 2261 3848 2322 accepto,

2250 2337 2406 2395 valde
2428 2339 2585 2410 pauci
2612 2344 2738 2421 sunt
2763 2340 2833 2396 ita
2860 2338 3030 2410 beati,
3060 2341 3151 2413 qui
3184 2338 3236 2398 id
3260 2343 3665 2400 immaculatum
3686 2360 3851 2416 usque

2251 2432 2318 2489 ad
2345 2434 2549 2490 exitum
2578 2434 2700 2489 vitae
2729 2440 2949 2491 servare
2972 2435 3273 2505 potuerint.
3297 2432 3410 2493 Hoc
3433 2452 3564 2493 vero
3588 2438 3850 2511 baptismo

2251 2523 2344 2596 qui
2372 2522 2672 2596 baptizatus
2702 2523 2900 2594 fuerit,
2935 2538 3165 2597 peccare
3184 2526 3295 2600 jam
3330 2522 3474 2584 ultro
3504 2538 3610 2585 non
3656 2534 3848 2601 potest.

2251 2612 2321 2676 Et
2346 2619 2391 2674 Si
2413 2620 2759 2675 temerarium
2792 2632 2898 2676 non
2932 2628 3017 2677 est
3045 2616 3097 2676 iu
3121 2622 3285 2678 rebus
3311 2622 3509 2678 talibus
3534 2622 3739 2680 audere
3760 2623 3854 2678 ali-

2253 2704 2404 2782 quid,
2438 2720 2730 2781 possumus
2756 2710 2940 2769 dicere
2958 2711 3104 2784 quod
3138 2728 3237 2785 per
3262 2710 3392 2770 illud
3420 2710 3695 2787 baptisma
3718 2730 3852 2787 pra:-

2254 2798 2413 2859 terita
2439 2812 2659 2875 peccata
2684 2813 3000 2876 purgantur,
3030 2815 3127 2877 per
3154 2805 3299 2862 istud
3326 2812 3457 2863 vero
3486 2806 3653 2863 etiam
3680 2807 3852 2863 futura

2254 2901 2616 2974 perimuntur.
2646 2890 2729 2959 ibi
2755 2915 2975 2974 peccata
3006 2901 3230 2961 dimissa
3256 2904 3405 2973 sunt,
3433 2898 3522 2961 lIic
3549 2906 3789 2963 exclusa.
3830 2925 3847 2959 υ

2254 2997 2315 3054 In
2342 3000 2589 3057 eamdem
2622 3000 2782 3074 plane
2808 3001 3131 3058 sententiam
3158 3001 3614 3073 gloriosissimum
3649 3003 3786 3059 hunc
3804 3012 3853 3058 et

2254 3096 2549 3154 maximum
2572 3097 2850 3169 sanguinis
2878 3096 3205 3168 baptismum
3236 3090 3476 3167 appellat
3500 3105 3688 3154 noster
3718 3112 3851 3153 mar-

2255 3198 2363 3264 tyr,
2387 3189 2530 3261 quod
2550 3204 2747 3259 nempe
2776 3188 3097 3261 gloriosiora
3127 3188 3238 3244 sint
3262 3197 3319 3245 et
3339 3186 3546 3260 majora
3576 3184 3851 3262 sanguinei

554 3285 780 3342 abscissi
798 3294 1004 3352 essent,
1034 3302 1136 3343 nec
1167 3289 1442 3343 uniterum
1472 3284 1640 3343 fuisse
1659 3284 2025 3357 crediderunt,
2052 3305 2153 3349 nec
2180 3285 2224 3348 C
2257 3282 2511 3353 baptismi
2534 3282 2797 3338 beneﬁcia
2821 3298 2981 3354 quam
3004 3283 3112 3338 sint
3129 3297 3191 3338 ea
3213 3298 3333 3354 qua:
3357 3298 3452 3354 per
3472 3297 3706 3354 aqueum
3732 3292 3854 3340 sunt
3930 3308 3931 3311 η

552 3379 690 3435 adeo
718 3379 877 3435 ullius
892 3381 1036 3450 apud
1068 3379 1238 3435 Deum
1263 3380 1439 3450 pretii.
1468 3374 1989 3438 Cutechumenorum
2020 3398 2150 3440 cau-

551 3486 670 3531 sam
700 3472 1137 3530 favorabiliorem
1170 3468 1517 3541 censuerunt,
1548 3472 1637 3544 qui
1667 3478 1772 3529 non
1819 3482 1925 3529 tam
1970 3488 2154 3533 essent

554 3566 624 3622 ab
647 3566 854 3621 unitate
888 3564 1138 3635 sejunctl,
1173 3576 1333 3637 quam
1366 3576 1485 3620 eam
1526 3565 1698 3637 ipsam
1730 3567 1989 3624 unitatem
2019 3585 2155 3625 non-

556 3658 684 3712 dum
712 3657 1013 3723 consecuti;
1047 3657 1243 3727 quibus
1270 3656 1342 3712 ita
1370 3657 1502 3713 vitio
1530 3672 1636 3713 non
1660 3667 1807 3715 esset
1832 3662 2153 3717 vertendum

554 3749 701 3822 quod
749 3748 990 3805 nondum
1033 3759 1219 3807 essent
1244 3749 1401 3817 uniti,
1436 3748 1493 3806 ul
1540 3761 1727 3808 contra
1777 3751 1920 3809 laudi
1979 3756 2156 3825 pOiitlS

557 3854 704 3903 esset
730 3842 871 3917 quod
918 3843 1302 3902 ecclesiasticae
1348 3841 1643 3917 disciplina:
1682 3838 1827 3918 leges
1869 3838 2155 3905 observas-

557 3948 702 3996 sent.
736 3939 803 3994 Hi
828 3948 974 3995 certe
1014 3948 1139 3996 voto
1172 3949 1279 3995 tam
1322 3955 1442 4007 suo,
1486 3944 1646 4012 quam
1693 3930 1988 4008 Ecclesiae,
2023 3941 2155 3998 uniti

553 4033 668 4104 jam
696 4042 880 4100 erant;
908 4043 1110 4090 etcum
1141 4049 1200 4090 se
1231 4030 1443 4107 legibus
1466 4032 1848 4092 ecclesiasticis
1886 4030 2155 4108 subjecis-

553 4134 698 4193 sent,
730 4140 796 4182 eo
828 4128 945 4198 ipso
997 4130 1058 4183 se
1107 4126 1343 4198 politiore
1391 4126 1613 4182 unitatis
1650 4124 1895 4183 membra
1924 4126 2155 4199 professi

553 4233 704 4289 sunt,
737 4220 883 4293 quod
909 4221 1190 4294 mysticam
1224 4218 1371 4276 illam
1399 4218 1696 4289 unitatem,
1728 4222 2016 4291 quantovis
2035 4234 2155 4278 eam

556 4312 826 4372 haberent
876 4315 929 4370 in
972 4314 1168 4386 pretio,
1199 4315 1444 4386 arripere
1488 4318 1670 4371 tamen
1702 4324 1808 4371 non
1854 4316 2154 4386 auderent;

557 4412 910 4481 expectarent
957 4410 1208 4475 interim,
1263 4408 1412 4476 dum,
1447 4424 1543 4480 per
1586 4409 1739 4481 leges
1772 4412 2157 4469 ecclesiastica:

552 4498 760 4578 politiae
788 4519 908 4560 eam
955 4503 1059 4560 rite
1084 4503 1308 4576 adipisci
1349 4502 1558 4559 liceret.
1597 4499 1710 4559 illis
1740 4504 1901 4576 igitur
1945 4514 2156 4578 aequum

554 4606 673 4654 erat
702 4595 927 4654 concedi
958 4595 1178 4652 unitatis
1232 4594 1515 4665 beneficia,
1561 4597 1652 4668 qui
1676 4588 1789 4666 jam
1843 4611 1906 4653 ea
1950 4609 2153 4670 essent,

2256 3373 2586 3446 baptismum
2626 3391 2655 3429 a
2686 3374 2933 3447 subjecto
2962 3377 3069 3432 rite
3098 3374 3363 3447 disposito
3388 3377 3749 3448 expectanda.
3780 3379 3853 3433 ita

2258 3468 2402 3523 enim
2435 3457 2622 3523 scribit
2655 3464 2747 3524 ille
2777 3466 2831 3523 in
2860 3483 2955 3524 sua
2984 3462 3050 3524 ad
3082 3472 3399 3542 martyrium
3429 3464 3806 3527 exhortatione
3838 3488 3851 3525 :

2266 3560 2434 3635 «,Nos
2466 3571 2705 3628 tantum,
2740 3562 2934 3634 inquit,
2968 3560 3058 3634 qui
3107 3560 3334 3619 Domino
3370 3565 3718 3635 permittente
3748 3566 3853 3637 pri-

2260 3662 2406 3711 mum
2437 3655 2698 3729 baptisma
2722 3656 3073 3712 credentibus
3096 3646 3366 3725 dedimus,
3383 3657 3449 3712 ad
3478 3654 3625 3715 aliud
3650 3672 3855 3731 quoque

2261 3744 2499 3821 singulos
2548 3764 2936 3820 praeparemus,
2968 3749 3306 3806 insinuantes
3350 3761 3405 3806 et
3448 3751 3708 3810 docentes
3758 3754 3854 3808 hoc

2262 3859 2384 3900 esse
2403 3842 2664 3913 baptisma
2683 3843 2736 3898 in
2763 3843 2935 3914 gratia
2963 3844 3165 3915 majus,
3187 3843 3243 3899 in
3265 3855 3535 3918 potestate
3550 3844 3851 3914 sublimius,

2262 3940 2316 3995 in
2350 3934 2556 3995 honore
2597 3937 2888 4010 pretiosius
2923 3954 2936 3993 :
2968 3936 3235 4011 baptisma
3264 3940 3318 3996 in
3349 3928 3455 4013 quo
3484 3942 3663 4015 angeli
3693 3942 3856 4014 bapti-

2262 4024 2407 4101 zant,
2433 4032 2698 4105 baptisma
2728 4033 2780 4088 in
2805 4038 2913 4104 uno
2932 4032 3073 4089 Deus
3098 4042 3155 4089 et
3174 4030 3423 4090 Christus
3452 4034 3570 4105 ejus
3594 4036 3853 4101 exultant,

2261 4126 2527 4199 baptisma
2551 4134 2673 4198 post
2694 4125 2836 4197 quod
2863 4140 3024 4181 nemo
3045 4125 3156 4197 jam
3187 4135 3394 4197 peccat,
3423 4120 3693 4199 baptisma
3719 4124 3856 4199 quod

2261 4214 2387 4277 lidei
2429 4228 2627 4275 nostra:
2656 4212 2991 4274 incrementa
3022 4230 3385 4288 consummat,
3417 4218 3684 4292 baptisma
3718 4216 3857 4292 quod
3930 4286 3931 4289 η

2261 4331 2366 4373 nos
2395 4310 2464 4371 de
2515 4300 2715 4370 mundo
2759 4312 3081 4369 recedentes
3122 4314 3304 4370 statim
3354 4313 3466 4371 Deo
3515 4316 3753 4387 copulat.
3799 4313 3855 4369 in

2261 4424 2415 4482 aqua!
2436 4409 2706 4481 baptismo
2726 4409 2994 4479 ‘a'ccipitur
3019 4421 3363 4480 peccatorum
3384 4410 3632 4478 remissa;
3658 4411 3710 4466 in
3739 4424 3857 4465 san-

2260 4494 2439 4576 guinis
2464 4517 2664 4558 corona
2710 4501 2994 4558 virtutum.
3030 4489 3420 4574 Ampiectenda
3460 4508 3550 4560 res
3577 4514 3662 4561 est
3687 4510 3741 4560 et
3764 4517 3857 4572 op-

2264 4596 2442 4664 tanda,
2470 4605 2524 4653 et
2551 4594 2800 4653 omnibus
2827 4595 3243 4669 poStulationum
3274 4607 3583 4655 nostrarum
3610 4598 3856 4671 precibus

558 4704 679 4760 qua:
705 4686 945 4762 legitima
993 4697 1169 4757 esset,
1204 4689 1410 4744 unitate
1440 4688 1747 4759 cenjuncti;
1778 4698 1877 4745 nec
1907 4682 2014 4745 ulla
2059 4705 2153 4745 sua
2181 4690 2235 4753 D
2261 4687 2584 4763 expetenda,
2618 4678 2785 4758 utqui
2811 4690 2955 4745 servi
2984 4689 3078 4744 Dei
3097 4690 3304 4759 sumtis,
3334 4691 3504 4747 simus
3533 4699 3590 4748 et
3616 4690 3791 4747 amici.
3832 4706 3851 4741 ι

556 4780 715 4852 culpa
736 4782 1129 4854 itnpedirentur
1150 4781 1443 4853 quominus
1472 4781 1618 4837 illam
1642 4796 1854 4854 quoque
1879 4784 2159 4841 consecuti

555 4874 742 4929 essent
769 4884 891 4944 quae
918 4874 1153 4931 nondum
1178 4883 1324 4931 esset
1350 4874 1609 4946 legitima.
1650 4874 1781 4930 Erat
1806 4884 1984 4933 autem
2012 4888 2157 4933 mar-

557 4966 687 5041 tyrii
715 4961 920 5023 fructus
949 4968 1089 5023 inter
1113 4968 1337 5022 unitatis
1362 4960 1645 5037 beneficia,
1677 4979 1776 5041 pro
1805 4960 2021 5026 illorum
2050 4976 2156 5027 81e-

557 5063 807 5120 culol'um
837 5058 1126 5130 sententia,
1178 5060 1503 5118 censendus.
1556 5048 1708 5120 lianc
1731 5058 2155 5121 catechumeno-

553 5175 677 5215 rum
717 5172 935 5214 causam
982 5156 1091 5227 agit
1132 5156 1186 5210 in
1227 5142 1454 5227 epistola
1495 5142 1562 5213 ad
1603 5142 1925 5214 jubaiantiin
1972 5164 2157 5217 noSte‘r

554 5252 860 5327 Cyprianus
883 5246 1078 5325 (Epist.
1099 5248 1310 5323 LXXIII).
1342 5249 1638 5307 Dantnasse
1667 5250 1845 5308 autem
1866 5250 2155 5310 hmretico~

554 5360 676 5400 rum
702 5338 1279 5413 schismatico’rumque
1306 5338 1558 5416 martyria
1591 5344 1768 5399 notius
1799 5348 2065 5417 estquam
2101 5344 2160 5402 Iit

555 5436 670 5493 ulla
700 5434 1022 5509 probatione
1067 5435 1321 5507 indigeat.
1352 5430 1461 5492 Nec
1518 5436 1696 5492 solum
1726 5434 1892 5493 fuisse
1955 5438 2010 5493 in
2056 5439 2158 5493 hac

554 5540 723 5587 causa
749 5523 1097 5603 Cyprianum,
1131 5529 1227 5587 sed
1258 5522 1500 5587 Ecclesia
1531 5530 1733 5602 pariter
1758 5532 2005 5588 universa
2036 5526 2151 5588 Suf-

2264 4768 2427 4842 Muita
2459 4780 2549 4839 ltic
2574 4783 2836 4840 habemus
2865 4783 2920 4839 in
2940 4783 3042 4839 hoc
3067 4783 3325 4857 cypriani
3353 4785 3524 4841 nostri
3552 4784 3857 4842 testimonio

2263 4890 2383 4933 cum
2431 4872 2757 4949 Origeniano
2802 4874 2896 4931 illo
2935 4876 3262 4947 communia,
3305 4892 3533 4949 qumque
3581 4887 3687 4933 tam
3715 4890 3859 4932 com-

2263 4972 2411 5029 muni
2441 4971 2747 5040 assertioni,
2800 4986 2960 5043 quam
2990 4971 3091 5028 sibi
3133 4970 3385 5041 invicem,
3416 4958 3856 5030 lucem‘vicissim

2262 5048 2618 5121 intuerentur.

2337 5148 2366 5231 ς
2393 5157 2521 5214 5.-
2536 5157 2736 5214 Gratia:
2759 5148 3006 5230 inprimis
3030 5147 3455 5230 magnitudinem
3483 5148 3609 5216 inde
3630 5157 3859 5216 aestimat

2261 5246 2436 5322 quod,
2464 5242 2583 5304 cum
2611 5242 2734 5321 post
2762 5264 2915 5318 aqua:
2944 5242 3271 5320 baptismum
3313 5246 3597 5321 peccamus
3637 5251 3848 5311 iterum,
3930 5276 3931 5281 η

2260 5336 2691 5413 baptizalenique
2706 5340 2933 5412 gratiam
2948 5338 3268 5411 amittimus,
3291 5343 3345 5398 in
3364 5338 3630 5414 baptismo
3645 5338 3858 5413 sangui-

2261 5435 2345 5490 nis
2376 5426 2552 5489 nullus
2579 5434 2816 5505 supersit
2853 5438 3030 5491 metus
3066 5426 3365 5492 futurorum
3400 5432 3767 5508 peccatorum,
3802 5441 3856 5488 ut

2257 5526 2490 5601 proinde
2521 5543 2615 5600 per
2650 5522 2800 5583 illum
2851 5524 2959 5585 tam
3007 5520 3309 5587 futurorum
3358 5535 3538 5589 securi
3584 5518 3857 5589 reddimur

555 5622 802 5693 fragante
823 5665 837 5689 ,
870 5622 1173 5694 damnasse,
1203 5638 1273 5680 ex
1297 5625 1414 5700 ipso
1434 5622 1490 5681 S.
1523 5624 1823 5697 Augustino
1844 5625 2029 5696 liquet,
2064 5629 2155 5698 qui
2258 5636 2417 5694 quam
2436 5619 2849 5690 prrcteritorum,
2874 5637 2997 5678 cum
3023 5623 3289 5694 praeterita
3317 5624 3595 5680 dumtaxat
3618 5626 3668 5680 in
3688 5630 3857 5693 aqueo

554 5731 679 5794 cum
711 5724 895 5770 nostro
921 5715 1164 5790 martyri,
1196 5718 1251 5772 in
1290 5698 1451 5773 causa
1478 5698 1735 5787 baptismi
1772 5716 2153 5775 haereticorum
2260 5713 2531 5784 baptismo
2558 5710 2865 5783 expien'ttlr,
2897 5704 3041 5785 quod
3068 5714 3230 5770 etiam
3253 5724 3381 5772 ante
3406 5716 3731 5789 Cyprianum
3758 5713 3856 5768 0b-

552 5812 680 5867 sese
702 5808 1077 5867 strenuissime
1097 5811 1344 5883 opponit,
1370 5811 1510 5868 hanc
1537 5818 1717 5867 tamen
1743 5810 1860 5883 ejus
1887 5813 1956 5868 de
1979 5810 2154 5871 ἣξει-ε-
2257 5812 2571 5867 servaverat
2590 5804 2874 5882 Origenes,
2898 5817 2954 5866 et
2971 5810 3091 5881 post
3115 5807 3447 5893 Cyprianum
3471 5818 3714 5893 nostrum
3732 5821 3854 5864 san-

562 5902 793 5959 ticorum
817 5901 1390 5975 schismaticorumque
1419 5902 1695 5976 m'artyriis
1724 5917 2009 5964 censuram
2040 5905 2156 5968 ubi-
2260 5902 2505 5965 ctissiina
2531 5915 2738 5978 martyr
2754 5904 2967 5979 Pelagia
2988 5893 3131 5980 apud
3160 5892 3526 5979 Ambrosium,
3549 5892 3644 5965 lib.
3680 5921 3759 5977 III,
3786 5902 3851 5960 de
