  <div class='ocr_page' id='page_1' title='image "/cluster/home/n/w/nwhite01/storage/ocr_20150623/5/umn.31951002477299b/036.png"; bbox 0 0 4018 6288; ppageno 0'>
   <div class='ocr_carea' id='block_1_1' title="bbox 184 348 3492 430">
    <p class='ocr_par' dir='ltr' id='par_1_1' title="bbox 184 348 3492 430">
     <span class='ocr_line' id='line_1_1' title="bbox 184 348 3492 430; baseline 0.006 -20"><span class='ocrx_word' id='word_1_1' title='bbox 184 348 263 410; x_wconf 75' lang='lat'><strong>55</strong></span> <span class='ocrx_word' id='word_1_2' title='bbox 1179 350 1272 413; x_wconf 79' lang='lat' dir='ltr'><strong>DE</strong></span> <span class='ocrx_word' id='word_1_3' title='bbox 1303 350 1619 417; x_wconf 74' lang='lat' dir='ltr'><strong>SECUNDO</strong></span> <span class='ocrx_word' id='word_1_4' title='bbox 1653 354 2050 422; x_wconf 73' lang='lat' dir='ltr'><strong>MARTYRUM</strong></span> <span class='ocrx_word' id='word_1_5' title='bbox 2086 360 2452 425; x_wconf 73' lang='lat' dir='ltr'><strong>BAPTISMO.</strong></span> <span class='ocrx_word' id='word_1_6' title='bbox 3422 372 3492 430; x_wconf 75' lang='lat'><strong>54</strong></span> 
     </span>
    </p>
   </div>
   <div class='ocr_carea' id='block_1_2' title="bbox 191 461 3491 555">
    <p class='ocr_par' dir='ltr' id='par_1_2' title="bbox 191 461 3491 555">
     <span class='ocr_line' id='line_1_2' title="bbox 191 461 3491 555; baseline 0.009 -36"><span class='ocrx_word' id='word_1_7' title='bbox 191 461 460 536; x_wconf 76' lang='lat' dir='ltr'><strong>Virginib.</strong></span> <span class='ocrx_word' id='word_1_8' title='bbox 486 463 626 522; x_wconf 82' lang='lat' dir='ltr'><strong>Tum</strong></span> <span class='ocrx_word' id='word_1_9' title='bbox 646 464 718 522; x_wconf 79' lang='lat' dir='ltr'><strong>ad</strong></span> <span class='ocrx_word' id='word_1_10' title='bbox 743 466 937 539; x_wconf 70' lang='lat' dir='ltr'><strong>gratia</strong></span> <span class='ocrx_word' id='word_1_11' title='bbox 955 480 1172 541; x_wconf 88' lang='lat' dir='ltr'><strong>quoque</strong></span> <span class='ocrx_word' id='word_1_12' title='bbox 1193 471 1619 543; x_wconf 71' lang='lat' dir='ltr'><strong>magnitudinem</strong></span> <span class='ocrx_word' id='word_1_13' title='bbox 1652 470 1783 532; x_wconf 89' lang='lat' dir='ltr'><strong>illud</strong></span> <span class='ocrx_word' id='word_1_14' title='bbox 1809 479 1864 541; x_wconf 77' lang='grc' dir='ltr'><strong>Α</strong></span> <span class='ocrx_word' id='word_1_15' title='bbox 1888 489 1942 536; x_wconf 91' lang='lat' dir='ltr'><strong>et</strong></span> <span class='ocrx_word' id='word_1_16' title='bbox 1958 478 2205 538; x_wconf 78' lang='lat' dir='ltr'><strong>Christus</strong></span> <span class='ocrx_word' id='word_1_17' title='bbox 2227 481 2345 555; x_wconf 83' lang='lat' dir='ltr'><strong>ejus</strong></span> <span class='ocrx_word' id='word_1_18' title='bbox 2358 483 2618 543; x_wconf 74' lang='lat' dir='ltr'><strong>exultent.</strong></span> <span class='ocrx_word' id='word_1_19' title='bbox 2645 485 2812 544; x_wconf 84' lang='lat' dir='ltr'><strong>Docet</strong></span> <span class='ocrx_word' id='word_1_20' title='bbox 2832 487 3088 546; x_wconf 83' lang='lat' dir='ltr'><strong>Dominus</strong></span> <span class='ocrx_word' id='word_1_21' title='bbox 3106 488 3491 548; x_wconf 73' lang='lat' dir='ltr'><strong>exultationem</strong></span> 
     </span>
    </p>
   </div>
   <div class='ocr_carea' id='block_1_3' title="bbox 189 556 1785 643">
    <p class='ocr_par' dir='ltr' id='par_1_3' title="bbox 189 556 1785 643">
     <span class='ocr_line' id='line_1_3' title="bbox 189 556 1785 643; baseline 0.011 -33"><span class='ocrx_word' id='word_1_22' title='bbox 189 556 469 629; x_wconf 79' lang='lat' dir='ltr'><strong>pertinere</strong></span> <span class='ocrx_word' id='word_1_23' title='bbox 483 566 693 629; x_wconf 85' lang='lat' dir='ltr'><strong>censet,</strong></span> <span class='ocrx_word' id='word_1_24' title='bbox 712 560 881 630; x_wconf 86' lang='lat' dir='ltr'><strong>quod,</strong></span> <span class='ocrx_word' id='word_1_25' title='bbox 899 572 1024 617; x_wconf 91' lang='lat' dir='ltr'><strong>cum</strong></span> <span class='ocrx_word' id='word_1_26' title='bbox 1040 562 1108 619; x_wconf 88' lang='lat' dir='ltr'><strong>ad</strong></span> <span class='ocrx_word' id='word_1_27' title='bbox 1125 566 1302 641; x_wconf 72' lang='grc' dir='ltr'><strong>ἀρχῆς</strong></span> <span class='ocrx_word' id='word_1_28' title='bbox 1323 567 1467 643; x_wconf 68' lang='grc' dir='ltr'><strong>λόγον</strong></span> <span class='ocrx_word' id='word_1_29' title='bbox 1493 576 1547 624; x_wconf 89' lang='lat' dir='ltr'><strong>et</strong></span> <span class='ocrx_word' id='word_1_30' title='bbox 1565 570 1785 643; x_wconf 77' lang='grc' dir='ltr'><strong>θεμὶλιον</strong></span> 
     </span>
    </p>
   </div>
   <div class='ocr_carea' id='block_1_4' title="bbox 190 654 1787 738">
    <p class='ocr_par' dir='ltr' id='par_1_4' title="bbox 190 654 1787 738">
     <span class='ocr_line' id='line_1_4' title="bbox 190 654 1787 738; baseline 0.008 -28"><span class='ocrx_word' id='word_1_31' title='bbox 190 668 425 726; x_wconf 85' lang='lat' dir='ltr'><strong>aqueum</strong></span> <span class='ocrx_word' id='word_1_32' title='bbox 457 654 608 712; x_wconf 90' lang='lat' dir='ltr'><strong>illum</strong></span> <span class='ocrx_word' id='word_1_33' title='bbox 629 656 954 729; x_wconf 73' lang='lat' dir='ltr'><strong>baptismum</strong></span> <span class='ocrx_word' id='word_1_34' title='bbox 987 660 1231 717; x_wconf 89' lang='lat' dir='ltr'><strong>retulerit</strong></span> <span class='ocrx_word' id='word_1_35' title='bbox 1252 661 1547 734; x_wconf 84' lang='lat' dir='ltr'><strong>Apostolus</strong></span> <span class='ocrx_word' id='word_1_36' title='bbox 1578 664 1787 738; x_wconf 72' lang='lat' dir='ltr'><strong>(Helm,</strong></span> 
     </span>
    </p>
   </div>
   <div class='ocr_carea' id='block_1_5' title="bbox 201 747 1794 825">
    <p class='ocr_par' dir='ltr' id='par_1_5' title="bbox 201 747 1794 825">
     <span class='ocr_line' id='line_1_5' title="bbox 201 747 1794 825; baseline 0.008 -22"><span class='ocrx_word' id='word_1_37' title='bbox 201 762 280 816; x_wconf 78' lang='lat' dir='ltr'><strong>vi,</strong></span> <span class='ocrx_word' id='word_1_38' title='bbox 320 748 377 815; x_wconf 74' lang='lat' dir='ltr'><strong>i,</strong></span> <span class='ocrx_word' id='word_1_39' title='bbox 402 747 480 821; x_wconf 70' lang='grc'><strong>2).</strong></span> <span class='ocrx_word' id='word_1_40' title='bbox 521 747 812 821; x_wconf 87' lang='lat' dir='ltr'><strong>Sanguinis</strong></span> <span class='ocrx_word' id='word_1_41' title='bbox 856 750 945 806; x_wconf 86' lang='lat' dir='ltr'><strong>hic</strong></span> <span class='ocrx_word' id='word_1_42' title='bbox 987 751 1290 825; x_wconf 89' lang='lat' dir='ltr'><strong>baptismus</strong></span> <span class='ocrx_word' id='word_1_43' title='bbox 1326 755 1394 811; x_wconf 89' lang='lat' dir='ltr'><strong>ad</strong></span> <span class='ocrx_word' id='word_1_44' title='bbox 1426 755 1551 812; x_wconf 86' lang='lat' dir='ltr'><strong>fidei</strong></span> <span class='ocrx_word' id='word_1_45' title='bbox 1594 766 1794 815; x_wconf 65' lang='lat' dir='ltr'><strong>nostrae</strong></span> 
     </span>
    </p>
   </div>
   <div class='ocr_carea' id='block_1_6' title="bbox 193 842 1791 920">
    <p class='ocr_par' dir='ltr' id='par_1_6' title="bbox 193 842 1791 920">
     <span class='ocr_line' id='line_1_6' title="bbox 193 842 1791 920; baseline 0.005 -21"><span class='ocrx_word' id='word_1_46' title='bbox 193 842 529 899; x_wconf 86' lang='lat' dir='ltr'><strong>incrementa</strong></span> <span class='ocrx_word' id='word_1_47' title='bbox 560 844 987 900; x_wconf 88' lang='lat' dir='ltr'><strong>consummanda</strong></span> <span class='ocrx_word' id='word_1_48' title='bbox 1030 846 1318 917; x_wconf 81' lang='lat' dir='ltr'><strong>pertineat;</strong></span> <span class='ocrx_word' id='word_1_49' title='bbox 1360 848 1525 920; x_wconf 90' lang='lat' dir='ltr'><strong>quod,</strong></span> <span class='ocrx_word' id='word_1_50' title='bbox 1568 864 1691 906; x_wconf 89' lang='lat' dir='ltr'><strong>cum</strong></span> <span class='ocrx_word' id='word_1_51' title='bbox 1740 851 1791 906; x_wconf 92' lang='lat' dir='ltr'><strong>in</strong></span> 
     </span>
    </p>
   </div>
   <div class='ocr_carea' id='block_1_7' title="bbox 192 933 1793 1006">
    <p class='ocr_par' dir='ltr' id='par_1_7' title="bbox 192 933 1793 1006">
     <span class='ocr_line' id='line_1_7' title="bbox 192 933 1793 1006; baseline 0.006 -15"><span class='ocrx_word' id='word_1_52' title='bbox 192 947 370 1006; x_wconf 82' lang='lat' dir='ltr'><strong>aqueo</strong></span> <span class='ocrx_word' id='word_1_53' title='bbox 394 933 665 1004; x_wconf 86' lang='lat' dir='ltr'><strong>baptismo</strong></span> <span class='ocrx_word' id='word_1_54' title='bbox 700 938 1075 995; x_wconf 88' lang='lat' dir='ltr'><strong>renuntiantes</strong></span> <span class='ocrx_word' id='word_1_55' title='bbox 1100 939 1304 996; x_wconf 88' lang='lat' dir='ltr'><strong>mundo</strong></span> <span class='ocrx_word' id='word_1_56' title='bbox 1344 939 1658 999; x_wconf 87' lang='lat' dir='ltr'><strong>fruitionem</strong></span> <span class='ocrx_word' id='word_1_57' title='bbox 1697 942 1793 1000; x_wconf 86' lang='lat' dir='ltr'><strong>Dei</strong></span> 
     </span>
    </p>
   </div>
   <div class='ocr_carea' id='block_1_8' title="bbox 196 1030 1788 1110">
    <p class='ocr_par' dir='ltr' id='par_1_8' title="bbox 196 1030 1788 1110">
     <span class='ocr_line' id='line_1_8' title="bbox 196 1030 1788 1110; baseline 0.006 -25"><span class='ocrx_word' id='word_1_58' title='bbox 196 1043 306 1086; x_wconf 87' lang='lat' dir='ltr'><strong>non</strong></span> <span class='ocrx_word' id='word_1_59' title='bbox 332 1030 433 1086; x_wconf 89' lang='lat' dir='ltr'><strong>nisi</strong></span> <span class='ocrx_word' id='word_1_60' title='bbox 455 1042 488 1086; x_wconf 90' lang='lat' dir='ltr'><strong>e</strong></span> <span class='ocrx_word' id='word_1_61' title='bbox 515 1030 810 1103; x_wconf 84' lang='lat' dir='ltr'><strong>longinquo</strong></span> <span class='ocrx_word' id='word_1_62' title='bbox 839 1040 1018 1089; x_wconf 89' lang='lat' dir='ltr'><strong>tamen</strong></span> <span class='ocrx_word' id='word_1_63' title='bbox 1046 1043 1420 1106; x_wconf 77' lang='lat' dir='ltr'><strong>expectemus,</strong></span> <span class='ocrx_word' id='word_1_64' title='bbox 1457 1051 1551 1108; x_wconf 88' lang='lat' dir='ltr'><strong>per</strong></span> <span class='ocrx_word' id='word_1_65' title='bbox 1578 1037 1788 1110; x_wconf 87' lang='lat' dir='ltr'><strong>sangui-</strong></span> 
     </span>
    </p>
   </div>
   <div class='ocr_carea' id='block_1_9' title="bbox 191 1123 1793 1200">
    <p class='ocr_par' dir='ltr' id='par_1_9' title="bbox 191 1123 1793 1200">
     <span class='ocr_line' id='line_1_9' title="bbox 191 1123 1793 1200; baseline 0.004 -22"><span class='ocrx_word' id='word_1_66' title='bbox 191 1136 354 1179; x_wconf 88' lang='lat' dir='ltr'><strong>neum</strong></span> <span class='ocrx_word' id='word_1_67' title='bbox 367 1123 549 1179; x_wconf 78' lang='lat' dir='ltr'><strong>statim</strong></span> <span class='ocrx_word' id='word_1_68' title='bbox 565 1124 676 1180; x_wconf 90' lang='lat' dir='ltr'><strong>Deo</strong></span> <span class='ocrx_word' id='word_1_69' title='bbox 689 1126 1024 1197; x_wconf 82' lang='lat' dir='ltr'><strong>capulemur;</strong></span> <span class='ocrx_word' id='word_1_70' title='bbox 1041 1126 1206 1199; x_wconf 91' lang='lat' dir='ltr'><strong>quod,</strong></span> <span class='ocrx_word' id='word_1_71' title='bbox 1226 1142 1347 1184; x_wconf 90' lang='lat' dir='ltr'><strong>cum</strong></span> <span class='ocrx_word' id='word_1_72' title='bbox 1366 1127 1438 1185; x_wconf 85' lang='lat' dir='ltr'><strong>ibi</strong></span> <span class='ocrx_word' id='word_1_73' title='bbox 1455 1137 1793 1200; x_wconf 89' lang='lat' dir='ltr'><strong>peccatorum</strong></span> 
     </span>
    </p>
   </div>
   <div class='ocr_carea' id='block_1_10' title="bbox 190 1218 1795 1293">
    <p class='ocr_par' dir='ltr' id='par_1_10' title="bbox 190 1218 1795 1293">
     <span class='ocr_line' id='line_1_10' title="bbox 190 1218 1795 1293; baseline 0.004 -19"><span class='ocrx_word' id='word_1_74' title='bbox 190 1218 573 1274; x_wconf 76' lang='lat' dir='ltr'><strong>remissionem</strong></span> <span class='ocrx_word' id='word_1_75' title='bbox 590 1233 1005 1291; x_wconf 84' lang='lat' dir='ltr'><strong>consequamur,</strong></span> <span class='ocrx_word' id='word_1_76' title='bbox 1037 1221 1126 1278; x_wconf 91' lang='lat' dir='ltr'><strong>hic</strong></span> <span class='ocrx_word' id='word_1_77' title='bbox 1152 1224 1432 1293; x_wconf 67' lang='lat' dir='ltr'><strong>praemium</strong></span> <span class='ocrx_word' id='word_1_78' title='bbox 1455 1225 1616 1280; x_wconf 89' lang='lat' dir='ltr'><strong>etiam</strong></span> <span class='ocrx_word' id='word_1_79' title='bbox 1641 1239 1795 1281; x_wconf 90' lang='lat' dir='ltr'><strong>coro-</strong></span> 
     </span>
    </p>
   </div>
   <div class='ocr_carea' id='block_1_11' title="bbox 189 1312 1795 1389">
    <p class='ocr_par' dir='ltr' id='par_1_11' title="bbox 189 1312 1795 1389">
     <span class='ocr_line' id='line_1_11' title="bbox 189 1312 1795 1389; baseline 0.004 -23"><span class='ocrx_word' id='word_1_80' title='bbox 189 1322 429 1381; x_wconf 83' lang='lat' dir='ltr'><strong>namque</strong></span> <span class='ocrx_word' id='word_1_81' title='bbox 449 1321 740 1381; x_wconf 78' lang='lat' dir='ltr'><strong>expectare</strong></span> <span class='ocrx_word' id='word_1_82' title='bbox 767 1312 1057 1382; x_wconf 81' lang='lat' dir='ltr'><strong>possimus;</strong></span> <span class='ocrx_word' id='word_1_83' title='bbox 1089 1312 1201 1370; x_wconf 90' lang='lat' dir='ltr'><strong>illic</strong></span> <span class='ocrx_word' id='word_1_84' title='bbox 1224 1329 1411 1371; x_wconf 87' lang='lat' dir='ltr'><strong>servos</strong></span> <span class='ocrx_word' id='word_1_85' title='bbox 1441 1316 1532 1374; x_wconf 90' lang='lat' dir='ltr'><strong>Dei</strong></span> <span class='ocrx_word' id='word_1_86' title='bbox 1557 1328 1675 1384; x_wconf 88' lang='lat' dir='ltr'><strong>nos,</strong></span> <span class='ocrx_word' id='word_1_87' title='bbox 1708 1333 1795 1389; x_wconf 63' lang='lat' dir='ltr'><strong>vel</strong></span> 
     </span>
    </p>
   </div>
   <div class='ocr_carea' id='block_1_12' title="bbox 189 1402 1798 1481">
    <p class='ocr_par' dir='ltr' id='par_1_12' title="bbox 189 1402 1798 1481">
     <span class='ocr_line' id='line_1_12' title="bbox 189 1402 1798 1481; baseline 0.006 -21"><span class='ocrx_word' id='word_1_88' title='bbox 189 1402 386 1460; x_wconf 82' lang='lat' dir='ltr'><strong>saltem</strong></span> <span class='ocrx_word' id='word_1_89' title='bbox 425 1406 793 1481; x_wconf 72' lang='grc' dir='ltr'><strong>ἀπελευθέρους</strong></span> <span class='ocrx_word' id='word_1_90' title='bbox 820 1406 1202 1477; x_wconf 74' lang='lat' dir='ltr'><strong>proliteamur,</strong></span> <span class='ocrx_word' id='word_1_91' title='bbox 1217 1407 1305 1465; x_wconf 88' lang='lat' dir='ltr'><strong>hic</strong></span> <span class='ocrx_word' id='word_1_92' title='bbox 1328 1408 1492 1466; x_wconf 90' lang='lat' dir='ltr'><strong>etiam</strong></span> <span class='ocrx_word' id='word_1_93' title='bbox 1521 1411 1677 1467; x_wconf 86' lang='lat' dir='ltr'><strong>amici</strong></span> <span class='ocrx_word' id='word_1_94' title='bbox 1700 1406 1798 1470; x_wconf 81' lang='lat' dir='ltr'><strong>Dei</strong></span> 
     </span>
    </p>
   </div>
   <div class='ocr_carea' id='block_1_13' title="bbox 197 1498 1797 1571">
    <p class='ocr_par' dir='ltr' id='par_1_13' title="bbox 197 1498 1797 1571">
     <span class='ocr_line' id='line_1_13' title="bbox 197 1498 1797 1571; baseline 0.007 -19"><span class='ocrx_word' id='word_1_95' title='bbox 197 1510 582 1569; x_wconf 80' lang='lat' dir='ltr'><strong>agnoscamur.</strong></span> <span class='ocrx_word' id='word_1_96' title='bbox 616 1498 787 1555; x_wconf 86' lang='lat' dir='ltr'><strong>Porro</strong></span> <span class='ocrx_word' id='word_1_97' title='bbox 811 1509 1077 1571; x_wconf 82' lang='lat' dir='ltr'><strong>potestate</strong></span> <span class='ocrx_word' id='word_1_98' title='bbox 1103 1502 1477 1561; x_wconf 78' lang='lat' dir='ltr'><strong>sublimiorem</strong></span> <span class='ocrx_word' id='word_1_99' title='bbox 1503 1504 1633 1561; x_wconf 88' lang='lat' dir='ltr'><strong>dicit</strong></span> <span class='ocrx_word' id='word_1_100' title='bbox 1656 1502 1797 1563; x_wconf 90' lang='lat' dir='ltr'><strong>hunc</strong></span> 
     </span>
    </p>
   </div>
   <div class='ocr_carea' id='block_1_14' title="bbox 190 1589 1796 1664">
    <p class='ocr_par' dir='ltr' id='par_1_14' title="bbox 190 1589 1796 1664">
     <span class='ocr_line' id='line_1_14' title="bbox 190 1589 1796 1664; baseline 0.006 -19"><span class='ocrx_word' id='word_1_101' title='bbox 190 1590 476 1661; x_wconf 76' lang='lat' dir='ltr'><strong>sanguinis</strong></span> <span class='ocrx_word' id='word_1_102' title='bbox 523 1589 872 1663; x_wconf 82' lang='lat' dir='ltr'><strong>baptismum,</strong></span> <span class='ocrx_word' id='word_1_103' title='bbox 902 1592 1046 1664; x_wconf 90' lang='lat' dir='ltr'><strong>quod</strong></span> <span class='ocrx_word' id='word_1_104' title='bbox 1076 1592 1353 1651; x_wconf 88' lang='lat' dir='ltr'><strong>hominem</strong></span> <span class='ocrx_word' id='word_1_105' title='bbox 1394 1597 1700 1653; x_wconf 88' lang='lat' dir='ltr'><strong>ministrum</strong></span> <span class='ocrx_word' id='word_1_106' title='bbox 1730 1597 1796 1654; x_wconf 93' lang='lat' dir='ltr'><strong>ad</strong></span> 
     </span>
    </p>
   </div>
   <div class='ocr_carea' id='block_1_15' title="bbox 189 1681 1797 1762">
    <p class='ocr_par' dir='ltr' id='par_1_15' title="bbox 189 1681 1797 1762">
     <span class='ocr_line' id='line_1_15' title="bbox 189 1681 1797 1762; baseline 0.006 -25"><span class='ocrx_word' id='word_1_107' title='bbox 189 1692 354 1751; x_wconf 66' lang='lat' dir='ltr'><strong>aqua:</strong></span> <span class='ocrx_word' id='word_1_108' title='bbox 372 1681 699 1753; x_wconf 80' lang='lat' dir='ltr'><strong>baptismum</strong></span> <span class='ocrx_word' id='word_1_109' title='bbox 714 1681 1091 1753; x_wconf 89' lang='lat' dir='ltr'><strong>adhibeamus,</strong></span> <span class='ocrx_word' id='word_1_110' title='bbox 1108 1687 1160 1741; x_wconf 91' lang='lat' dir='ltr'><strong>in</strong></span> <span class='ocrx_word' id='word_1_111' title='bbox 1174 1688 1471 1759; x_wconf 89' lang='lat' dir='ltr'><strong>sanguineo</strong></span> <span class='ocrx_word' id='word_1_112' title='bbox 1484 1689 1797 1762; x_wconf 79' lang='lat' dir='ltr'><strong>angelorum</strong></span> 
     </span>
    </p>
   </div>
   <div class='ocr_carea' id='block_1_16' title="bbox 195 1776 1798 1854">
    <p class='ocr_par' dir='ltr' id='par_1_16' title="bbox 195 1776 1798 1854">
     <span class='ocr_line' id='line_1_16' title="bbox 195 1776 1798 1854; baseline 0.004 -21"><span class='ocrx_word' id='word_1_113' title='bbox 195 1776 508 1833; x_wconf 87' lang='lat' dir='ltr'><strong>ministerio</strong></span> <span class='ocrx_word' id='word_1_114' title='bbox 559 1777 852 1833; x_wconf 90' lang='lat' dir='ltr'><strong>initiemur.</strong></span> <span class='ocrx_word' id='word_1_115' title='bbox 902 1778 971 1835; x_wconf 89' lang='lat' dir='ltr'><strong>Ut</strong></span> <span class='ocrx_word' id='word_1_116' title='bbox 1013 1780 1157 1836; x_wconf 91' lang='lat' dir='ltr'><strong>enim</strong></span> <span class='ocrx_word' id='word_1_117' title='bbox 1198 1779 1483 1838; x_wconf 85' lang='lat' dir='ltr'><strong>invisibilis</strong></span> <span class='ocrx_word' id='word_1_118' title='bbox 1511 1780 1674 1854; x_wconf 87' lang='lat' dir='ltr'><strong>plane</strong></span> <span class='ocrx_word' id='word_1_119' title='bbox 1715 1793 1798 1841; x_wconf 89' lang='lat' dir='ltr'><strong>est</strong></span> 
     </span>
    </p>
   </div>
   <div class='ocr_carea' id='block_1_17' title="bbox 1898 572 3493 653">
    <p class='ocr_par' dir='ltr' id='par_1_17' title="bbox 1898 572 3493 653">
     <span class='ocr_line' id='line_1_17' title="bbox 1898 572 3493 653; baseline 0.01 -27"><span class='ocrx_word' id='word_1_120' title='bbox 1898 572 1950 627; x_wconf 92' lang='lat' dir='ltr'><strong>in</strong></span> <span class='ocrx_word' id='word_1_121' title='bbox 1977 573 2116 629; x_wconf 60' lang='lat' dir='ltr'><strong>caelo</strong></span> <span class='ocrx_word' id='word_1_122' title='bbox 2136 588 2258 632; x_wconf 91' lang='lat' dir='ltr'><strong>esse</strong></span> <span class='ocrx_word' id='word_1_123' title='bbox 2290 577 2340 631; x_wconf 93' lang='lat' dir='ltr'><strong>in</strong></span> <span class='ocrx_word' id='word_1_124' title='bbox 2368 580 2721 637; x_wconf 90' lang='lat' dir='ltr'><strong>conversione</strong></span> <span class='ocrx_word' id='word_1_125' title='bbox 2744 581 3063 653; x_wconf 76' lang='lat' dir='ltr'><strong>peccatoris.</strong></span> <span class='ocrx_word' id='word_1_126' title='bbox 3092 579 3242 639; x_wconf 81' lang='lat' dir='ltr'><strong>lianc</strong></span> <span class='ocrx_word' id='word_1_127' title='bbox 3266 597 3493 641; x_wconf 84' lang='lat' dir='ltr'><strong>conver-</strong></span> 
     </span>
    </p>
   </div>
   <div class='ocr_carea' id='block_1_18' title="bbox 1898 665 3493 747">
    <p class='ocr_par' dir='ltr' id='par_1_18' title="bbox 1898 665 3493 747">
     <span class='ocr_line' id='line_1_18' title="bbox 1898 665 3493 747; baseline 0.008 -26"><span class='ocrx_word' id='word_1_128' title='bbox 1898 665 2105 723; x_wconf 83' lang='lat' dir='ltr'><strong>sionem</strong></span> <span class='ocrx_word' id='word_1_129' title='bbox 2132 667 2207 723; x_wconf 90' lang='lat' dir='ltr'><strong>illi</strong></span> <span class='ocrx_word' id='word_1_130' title='bbox 2222 670 2295 725; x_wconf 84' lang='lat' dir='ltr'><strong>ad</strong></span> <span class='ocrx_word' id='word_1_131' title='bbox 2324 671 2647 742; x_wconf 89' lang='lat' dir='ltr'><strong>baptismum</strong></span> <span class='ocrx_word' id='word_1_132' title='bbox 2675 690 2902 745; x_wconf 89' lang='lat' dir='ltr'><strong>aqueum</strong></span> <span class='ocrx_word' id='word_1_133' title='bbox 2930 676 3154 731; x_wconf 87' lang='lat' dir='ltr'><strong>fortasse</strong></span> <span class='ocrx_word' id='word_1_134' title='bbox 3190 676 3493 747; x_wconf 85' lang='lat' dir='ltr'><strong>retuleriut,</strong></span> 
     </span>
    </p>
   </div>
   <div class='ocr_carea' id='block_1_19' title="bbox 1898 760 3497 839">
    <p class='ocr_par' dir='ltr' id='par_1_19' title="bbox 1898 760 3497 839">
     <span class='ocr_line' id='line_1_19' title="bbox 1898 760 3497 839; baseline 0.008 -25"><span class='ocrx_word' id='word_1_135' title='bbox 1898 766 1954 815; x_wconf 87' lang='lat' dir='ltr'><strong>et</strong></span> <span class='ocrx_word' id='word_1_136' title='bbox 1976 760 2357 818; x_wconf 82' lang='lat' dir='ltr'><strong>exultationem</strong></span> <span class='ocrx_word' id='word_1_137' title='bbox 2406 765 2458 819; x_wconf 93' lang='lat' dir='ltr'><strong>in</strong></span> <span class='ocrx_word' id='word_1_138' title='bbox 2503 768 2642 822; x_wconf 70' lang='lat' dir='ltr'><strong>cmiu</strong></span> <span class='ocrx_word' id='word_1_139' title='bbox 2674 766 2817 822; x_wconf 86' lang='lat' dir='ltr'><strong>illam</strong></span> <span class='ocrx_word' id='word_1_140' title='bbox 2853 767 2921 822; x_wconf 90' lang='lat' dir='ltr'><strong>de</strong></span> <span class='ocrx_word' id='word_1_141' title='bbox 2944 768 3258 839; x_wconf 81' lang='lat' dir='ltr'><strong>angelorum</strong></span> <span class='ocrx_word' id='word_1_142' title='bbox 3288 770 3497 826; x_wconf 86' lang='lat' dir='ltr'><strong>exulta-</strong></span> 
     </span>
    </p>
   </div>
   <div class='ocr_carea' id='block_1_20' title="bbox 1899 852 3495 935">
    <p class='ocr_par' dir='ltr' id='par_1_20' title="bbox 1899 852 3495 935">
     <span class='ocr_line' id='line_1_20' title="bbox 1899 852 3495 935; baseline 0.008 -27"><span class='ocrx_word' id='word_1_143' title='bbox 1899 852 2045 910; x_wconf 90' lang='lat' dir='ltr'><strong>tione</strong></span> <span class='ocrx_word' id='word_1_144' title='bbox 2082 854 2465 914; x_wconf 90' lang='lat' dir='ltr'><strong>intellexerint.</strong></span> <span class='ocrx_word' id='word_1_145' title='bbox 2512 858 2817 931; x_wconf 87' lang='lat' dir='ltr'><strong>Opponitur</strong></span> <span class='ocrx_word' id='word_1_146' title='bbox 2845 859 2989 916; x_wconf 92' lang='lat' dir='ltr'><strong>enim</strong></span> <span class='ocrx_word' id='word_1_147' title='bbox 3028 861 3138 916; x_wconf 87' lang='lat' dir='ltr'><strong>Deo</strong></span> <span class='ocrx_word' id='word_1_148' title='bbox 3178 862 3374 919; x_wconf 73' lang='lat' dir='ltr'><strong>caelum</strong></span> <span class='ocrx_word' id='word_1_149' title='bbox 3406 863 3495 935; x_wconf 88' lang='lat' dir='ltr'><strong>(S.</strong></span> 
     </span>
    </p>
   </div>
   <div class='ocr_carea' id='block_1_21' title="bbox 1897 945 3497 1027">
    <p class='ocr_par' dir='ltr' id='par_1_21' title="bbox 1897 945 3497 1027">
     <span class='ocr_line' id='line_1_21' title="bbox 1897 945 3497 1027; baseline 0.006 -26"><span class='ocrx_word' id='word_1_150' title='bbox 1897 945 2053 1014; x_wconf 60' lang='lat' dir='ltr'><strong>Lua,</strong></span> <span class='ocrx_word' id='word_1_151' title='bbox 2072 963 2160 1014; x_wconf 80' lang='lat' dir='ltr'><strong>xv,</strong></span> <span class='ocrx_word' id='word_1_152' title='bbox 2180 948 2297 1023; x_wconf 76' lang='lat' dir='ltr'><strong>2i).</strong></span> <span class='ocrx_word' id='word_1_153' title='bbox 2323 950 2391 1006; x_wconf 89' lang='lat' dir='ltr'><strong>Et</strong></span> <span class='ocrx_word' id='word_1_154' title='bbox 2411 952 2605 1009; x_wconf 75' lang='lat' dir='ltr'><strong>coelum</strong></span> <span class='ocrx_word' id='word_1_155' title='bbox 2626 969 2746 1009; x_wconf 86' lang='lat' dir='ltr'><strong>cum</strong></span> <span class='ocrx_word' id='word_1_156' title='bbox 2768 962 2874 1016; x_wconf 83' lang='grc' dir='ltr'><strong>τοῖς</strong></span> <span class='ocrx_word' id='word_1_157' title='bbox 2894 959 3191 1010; x_wconf 79' lang='grc' dir='ltr'><strong>κατοικοῦσι</strong></span> <span class='ocrx_word' id='word_1_158' title='bbox 3211 954 3497 1027; x_wconf 88' lang='lat' dir='ltr'><strong>conjungi-</strong></span> 
     </span>
    </p>
   </div>
   <div class='ocr_carea' id='block_1_22' title="bbox 1901 1041 3494 1119">
    <p class='ocr_par' dir='ltr' id='par_1_22' title="bbox 1901 1041 3494 1119">
     <span class='ocr_line' id='line_1_22' title="bbox 1901 1041 3494 1119; baseline 0.006 -23"><span class='ocrx_word' id='word_1_159' title='bbox 1901 1049 1986 1097; x_wconf 93' lang='lat' dir='ltr'><strong>tur</strong></span> <span class='ocrx_word' id='word_1_160' title='bbox 2010 1041 2275 1114; x_wconf 83' lang='lat' dir='ltr'><strong>(Apocal.,</strong></span> <span class='ocrx_word' id='word_1_161' title='bbox 2301 1061 2397 1110; x_wconf 75' lang='lat' dir='ltr'><strong>xu,</strong></span> <span class='ocrx_word' id='word_1_162' title='bbox 2432 1045 2544 1119; x_wconf 74' lang='grc'><strong>12),</strong></span> <span class='ocrx_word' id='word_1_163' title='bbox 2583 1046 2726 1116; x_wconf 89' lang='lat' dir='ltr'><strong>quod</strong></span> <span class='ocrx_word' id='word_1_164' title='bbox 2749 1055 2895 1104; x_wconf 89' lang='lat' dir='ltr'><strong>certe</strong></span> <span class='ocrx_word' id='word_1_165' title='bbox 2914 1046 2980 1102; x_wconf 91' lang='lat' dir='ltr'><strong>de</strong></span> <span class='ocrx_word' id='word_1_166' title='bbox 2998 1046 3272 1103; x_wconf 87' lang='lat' dir='ltr'><strong>Trin-uno</strong></span> <span class='ocrx_word' id='word_1_167' title='bbox 3289 1047 3399 1103; x_wconf 91' lang='lat' dir='ltr'><strong>Deo</strong></span> <span class='ocrx_word' id='word_1_168' title='bbox 3420 1050 3494 1105; x_wconf 84' lang='lat' dir='ltr'><strong>ita</strong></span> 
     </span>
    </p>
   </div>
   <div class='ocr_carea' id='block_1_23' title="bbox 1898 1135 3490 1213">
    <p class='ocr_par' dir='ltr' id='par_1_23' title="bbox 1898 1135 3490 1213">
     <span class='ocr_line' id='line_1_23' title="bbox 1898 1135 3490 1213; baseline 0.004 -23"><span class='ocrx_word' id='word_1_169' title='bbox 1898 1135 2179 1193; x_wconf 89' lang='lat' dir='ltr'><strong>commode</strong></span> <span class='ocrx_word' id='word_1_170' title='bbox 2231 1137 2452 1209; x_wconf 79' lang='lat' dir='ltr'><strong>intelligi</strong></span> <span class='ocrx_word' id='word_1_171' title='bbox 2505 1141 2709 1212; x_wconf 84' lang='lat' dir='ltr'><strong>nequit.</strong></span> <span class='ocrx_word' id='word_1_172' title='bbox 2760 1141 2835 1195; x_wconf 87' lang='lat' dir='ltr'><strong>lta</strong></span> <span class='ocrx_word' id='word_1_173' title='bbox 2890 1141 3047 1212; x_wconf 81' lang='lat' dir='ltr'><strong>igitur</strong></span> <span class='ocrx_word' id='word_1_174' title='bbox 3102 1141 3267 1197; x_wconf 92' lang='lat' dir='ltr'><strong>Deum</strong></span> <span class='ocrx_word' id='word_1_175' title='bbox 3326 1140 3490 1213; x_wconf 90' lang='lat' dir='ltr'><strong>hujus</strong></span> 
     </span>
    </p>
   </div>
   <div class='ocr_carea' id='block_1_24' title="bbox 1898 1227 3494 1305">
    <p class='ocr_par' dir='ltr' id='par_1_24' title="bbox 1898 1227 3494 1305">
     <span class='ocr_line' id='line_1_24' title="bbox 1898 1227 3494 1305; baseline 0.004 -22"><span class='ocrx_word' id='word_1_176' title='bbox 1898 1227 2177 1299; x_wconf 79' lang='lat' dir='ltr'><strong>sanguinei</strong></span> <span class='ocrx_word' id='word_1_177' title='bbox 2206 1228 2459 1300; x_wconf 83' lang='lat' dir='ltr'><strong>baptismi</strong></span> <span class='ocrx_word' id='word_1_178' title='bbox 2484 1232 2766 1302; x_wconf 86' lang='lat' dir='ltr'><strong>praesidem</strong></span> <span class='ocrx_word' id='word_1_179' title='bbox 2785 1231 3147 1300; x_wconf 87' lang='lat' dir='ltr'><strong>crediderunt,</strong></span> <span class='ocrx_word' id='word_1_180' title='bbox 3180 1233 3344 1305; x_wconf 90' lang='lat' dir='ltr'><strong>quod,</strong></span> <span class='ocrx_word' id='word_1_181' title='bbox 3369 1247 3494 1289; x_wconf 89' lang='lat' dir='ltr'><strong>cum</strong></span> 
     </span>
    </p>
   </div>
   <div class='ocr_carea' id='block_1_25' title="bbox 1900 1321 3495 1395">
    <p class='ocr_par' dir='ltr' id='par_1_25' title="bbox 1900 1321 3495 1395">
     <span class='ocr_line' id='line_1_25' title="bbox 1900 1321 3495 1395; baseline 0.005 -20"><span class='ocrx_word' id='word_1_182' title='bbox 1900 1321 2215 1395; x_wconf 86' lang='lat' dir='ltr'><strong>martyrium</strong></span> <span class='ocrx_word' id='word_1_183' title='bbox 2256 1324 2541 1395; x_wconf 80' lang='lat' dir='ltr'><strong>agonibus,</strong></span> <span class='ocrx_word' id='word_1_184' title='bbox 2572 1326 2685 1383; x_wconf 83' lang='lat' dir='ltr'><strong>sive</strong></span> <span class='ocrx_word' id='word_1_185' title='bbox 2719 1325 2860 1383; x_wconf 87' lang='lat' dir='ltr'><strong>ludis</strong></span> <span class='ocrx_word' id='word_1_186' title='bbox 2885 1322 3237 1383; x_wconf 83' lang='lat' dir='ltr'><strong>theatralibus</strong></span> <span class='ocrx_word' id='word_1_187' title='bbox 3258 1368 3271 1391; x_wconf 95' lang='lat'><strong>,</strong></span> <span class='ocrx_word' id='word_1_188' title='bbox 3304 1336 3495 1383; x_wconf 90' lang='lat' dir='ltr'><strong>contu-</strong></span> 
     </span>
    </p>
   </div>
   <div class='ocr_carea' id='block_1_26' title="bbox 1900 1414 3501 1489">
    <p class='ocr_par' dir='ltr' id='par_1_26' title="bbox 1900 1414 3501 1489">
     <span class='ocr_line' id='line_1_26' title="bbox 1900 1414 3501 1489; baseline 0.003 -18"><span class='ocrx_word' id='word_1_189' title='bbox 1900 1414 2111 1483; x_wconf 88' lang='lat' dir='ltr'><strong>lissent,</strong></span> <span class='ocrx_word' id='word_1_190' title='bbox 2143 1415 2309 1473; x_wconf 91' lang='lat' dir='ltr'><strong>Deum</strong></span> <span class='ocrx_word' id='word_1_191' title='bbox 2339 1418 2737 1489; x_wconf 82' lang='lat' dir='ltr'><strong>Agonothetam</strong></span> <span class='ocrx_word' id='word_1_192' title='bbox 2770 1419 3021 1487; x_wconf 89' lang='lat' dir='ltr'><strong>fecerint,</strong></span> <span class='ocrx_word' id='word_1_193' title='bbox 3042 1429 3097 1475; x_wconf 89' lang='lat' dir='ltr'><strong>et</strong></span> <span class='ocrx_word' id='word_1_194' title='bbox 3127 1419 3278 1487; x_wconf 88' lang='lat' dir='ltr'><strong>quasi</strong></span> <span class='ocrx_word' id='word_1_195' title='bbox 3301 1434 3501 1476; x_wconf 90' lang='lat' dir='ltr'><strong>consu-</strong></span> 
     </span>
    </p>
   </div>
   <div class='ocr_carea' id='block_1_27' title="bbox 1899 1505 3502 1581">
    <p class='ocr_par' dir='ltr' id='par_1_27' title="bbox 1899 1505 3502 1581">
     <span class='ocr_line' id='line_1_27' title="bbox 1899 1505 3502 1581; baseline 0.003 -19"><span class='ocrx_word' id='word_1_196' title='bbox 1899 1505 2009 1564; x_wconf 87' lang='lat' dir='ltr'><strong>lem</strong></span> <span class='ocrx_word' id='word_1_197' title='bbox 2035 1507 2087 1563; x_wconf 94' lang='lat' dir='ltr'><strong>in</strong></span> <span class='ocrx_word' id='word_1_198' title='bbox 2110 1506 2399 1564; x_wconf 85' lang='lat' dir='ltr'><strong>Orchestra</strong></span> <span class='ocrx_word' id='word_1_199' title='bbox 2431 1519 2811 1581; x_wconf 88' lang='lat' dir='ltr'><strong>spectatorem.</strong></span> <span class='ocrx_word' id='word_1_200' title='bbox 2845 1510 2962 1581; x_wconf 87' lang='lat' dir='ltr'><strong>ipsa</strong></span> <span class='ocrx_word' id='word_1_201' title='bbox 2992 1510 3283 1581; x_wconf 90' lang='lat' dir='ltr'><strong>spectaculi</strong></span> <span class='ocrx_word' id='word_1_202' title='bbox 3312 1525 3444 1567; x_wconf 89' lang='lat' dir='ltr'><strong>voce</strong></span> <span class='ocrx_word' id='word_1_203' title='bbox 3470 1527 3502 1567; x_wconf 93' lang='lat' dir='ltr'><strong>a</strong></span> 
     </span>
    </p>
   </div>
   <div class='ocr_carea' id='block_1_28' title="bbox 1902 1597 3504 1671">
    <p class='ocr_par' dir='ltr' id='par_1_28' title="bbox 1902 1597 3504 1671">
     <span class='ocr_line' id='line_1_28' title="bbox 1902 1597 3504 1671; baseline 0.004 -18"><span class='ocrx_word' id='word_1_204' title='bbox 1902 1597 2129 1655; x_wconf 88' lang='lat' dir='ltr'><strong>theatris</strong></span> <span class='ocrx_word' id='word_1_205' title='bbox 2172 1598 2455 1671; x_wconf 89' lang='lat' dir='ltr'><strong>desumpta</strong></span> <span class='ocrx_word' id='word_1_206' title='bbox 2486 1615 2614 1658; x_wconf 88' lang='lat' dir='ltr'><strong>usus</strong></span> <span class='ocrx_word' id='word_1_207' title='bbox 2661 1601 2763 1658; x_wconf 88' lang='lat' dir='ltr'><strong>hac</strong></span> <span class='ocrx_word' id='word_1_208' title='bbox 2817 1600 2869 1656; x_wconf 86' lang='lat' dir='ltr'><strong>in</strong></span> <span class='ocrx_word' id='word_1_209' title='bbox 2912 1616 3072 1656; x_wconf 89' lang='lat' dir='ltr'><strong>causa</strong></span> <span class='ocrx_word' id='word_1_210' title='bbox 3118 1612 3202 1657; x_wconf 90' lang='lat' dir='ltr'><strong>est</strong></span> <span class='ocrx_word' id='word_1_211' title='bbox 3249 1600 3504 1659; x_wconf 84' lang='lat' dir='ltr'><strong>Octavius</strong></span> 
     </span>
    </p>
   </div>
   <div class='ocr_carea' id='block_1_29' title="bbox 1903 1690 3504 1771">
    <p class='ocr_par' dir='ltr' id='par_1_29' title="bbox 1903 1690 3504 1771">
     <span class='ocr_line' id='line_1_29' title="bbox 1903 1690 3504 1771; baseline 0.002 -22"><span class='ocrx_word' id='word_1_212' title='bbox 1903 1690 2114 1768; x_wconf 74' lang='lat' dir='ltr'><strong>(Minui.</strong></span> <span class='ocrx_word' id='word_1_213' title='bbox 2148 1692 2266 1752; x_wconf 77' lang='lat' dir='ltr'><strong>Fet.</strong></span> <span class='ocrx_word' id='word_1_214' title='bbox 2292 1695 2496 1763; x_wconf 59' lang='lat' dir='ltr'><strong>Oetam,</strong></span> <span class='ocrx_word' id='word_1_215' title='bbox 2516 1714 2568 1767; x_wconf 85' lang='lat' dir='ltr'><strong>p.</strong></span> <span class='ocrx_word' id='word_1_216' title='bbox 2595 1696 2746 1770; x_wconf 81' lang='grc'><strong>558).</strong></span> <span class='ocrx_word' id='word_1_217' title='bbox 2770 1697 2968 1767; x_wconf 70' lang='lat' dir='ltr'><strong>«Quam</strong></span> <span class='ocrx_word' id='word_1_218' title='bbox 2989 1696 3269 1768; x_wconf 90' lang='lat' dir='ltr'><strong>pulchrum</strong></span> <span class='ocrx_word' id='word_1_219' title='bbox 3286 1697 3504 1771; x_wconf 89' lang='lat' dir='ltr'><strong>(inquit)</strong></span> 
     </span>
    </p>
   </div>
   <div class='ocr_carea' id='block_1_30' title="bbox 1901 1787 3503 1859">
    <p class='ocr_par' dir='ltr' id='par_1_30' title="bbox 1901 1787 3503 1859">
     <span class='ocr_line' id='line_1_30' title="bbox 1901 1787 3503 1859; baseline 0.002 -16"><span class='ocrx_word' id='word_1_220' title='bbox 1901 1787 2266 1859; x_wconf 77' lang='lat' dir='ltr'><strong>Spectaculum</strong></span> <span class='ocrx_word' id='word_1_221' title='bbox 2298 1788 2428 1856; x_wconf 88' lang='lat' dir='ltr'><strong>Deo,</strong></span> <span class='ocrx_word' id='word_1_222' title='bbox 2460 1805 2580 1845; x_wconf 91' lang='lat' dir='ltr'><strong>cum</strong></span> <span class='ocrx_word' id='word_1_223' title='bbox 2626 1788 2953 1845; x_wconf 78' lang='lat' dir='ltr'><strong>christianos</strong></span> <span class='ocrx_word' id='word_1_224' title='bbox 2991 1804 3113 1845; x_wconf 90' lang='lat' dir='ltr'><strong>cum</strong></span> <span class='ocrx_word' id='word_1_225' title='bbox 3156 1788 3345 1846; x_wconf 89' lang='lat' dir='ltr'><strong>dolore</strong></span> <span class='ocrx_word' id='word_1_226' title='bbox 3371 1804 3503 1846; x_wconf 90' lang='lat' dir='ltr'><strong>con-</strong></span> 
     </span>
    </p>
   </div>
   <div class='ocr_carea' id='block_1_31' title="bbox 190 1868 3508 1958">
    <p class='ocr_par' dir='ltr' id='par_1_31' title="bbox 190 1868 3508 1958">
     <span class='ocr_line' id='line_1_31' title="bbox 190 1868 3508 1958; baseline 0.005 -32"><span class='ocrx_word' id='word_1_227' title='bbox 190 1877 499 1941; x_wconf 72' lang='lat' dir='ltr'><strong>martyrum</strong></span> <span class='ocrx_word' id='word_1_228' title='bbox 527 1868 617 1924; x_wconf 90' lang='lat' dir='ltr'><strong>ille</strong></span> <span class='ocrx_word' id='word_1_229' title='bbox 630 1868 949 1940; x_wconf 87' lang='lat' dir='ltr'><strong>baptismus,</strong></span> <span class='ocrx_word' id='word_1_230' title='bbox 978 1871 1168 1928; x_wconf 88' lang='lat' dir='ltr'><strong>saltem</strong></span> <span class='ocrx_word' id='word_1_231' title='bbox 1184 1871 1327 1944; x_wconf 84' lang='lat' dir='ltr'><strong>quod</strong></span> <span class='ocrx_word' id='word_1_232' title='bbox 1344 1872 1411 1929; x_wconf 91' lang='lat' dir='ltr'><strong>ad</strong></span> <span class='ocrx_word' id='word_1_233' title='bbox 1426 1872 1569 1929; x_wconf 90' lang='lat' dir='ltr'><strong>illam</strong></span> <span class='ocrx_word' id='word_1_234' title='bbox 1587 1883 1794 1948; x_wconf 89' lang='lat' dir='ltr'><strong>partem</strong></span> <span class='ocrx_word' id='word_1_235' title='bbox 1826 1878 1875 1944; x_wconf 85' lang='lat' dir='ltr'><strong>B</strong></span> <span class='ocrx_word' id='word_1_236' title='bbox 1900 1879 2159 1954; x_wconf 77' lang='lat' dir='ltr'><strong>greditur.</strong></span> <span class='ocrx_word' id='word_1_237' title='bbox 2178 1891 2307 1951; x_wconf 91' lang='lat' dir='ltr'><strong>etc.,</strong></span> <span class='ocrx_word' id='word_1_238' title='bbox 2332 1882 2651 1941; x_wconf 71' lang='lat' dir='ltr'><strong>t.Etnoster</strong></span> <span class='ocrx_word' id='word_1_239' title='bbox 2663 1883 2963 1957; x_wconf 86' lang='lat' dir='ltr'><strong>Cyprianus</strong></span> <span class='ocrx_word' id='word_1_240' title='bbox 2982 1883 3108 1958; x_wconf 84' lang='lat' dir='ltr'><strong>(Ep.</strong></span> <span class='ocrx_word' id='word_1_241' title='bbox 3128 1881 3240 1956; x_wconf 79' lang='lat' dir='ltr'><strong>LVI)</strong></span> <span class='ocrx_word' id='word_1_242' title='bbox 3261 1904 3273 1939; x_wconf 89' lang='lat'><strong>:</strong></span> <span class='ocrx_word' id='word_1_243' title='bbox 3297 1902 3316 1937; x_wconf 76' lang='grc' dir='ltr'><strong>ι</strong></span> <span class='ocrx_word' id='word_1_244' title='bbox 3340 1883 3508 1955; x_wconf 81' lang='lat' dir='ltr'><strong>Spec-</strong></span> 
     </span>
    </p>
   </div>
   <div class='ocr_carea' id='block_1_32' title="bbox 191 1960 1795 2032">
    <p class='ocr_par' dir='ltr' id='par_1_32' title="bbox 191 1960 1795 2032">
     <span class='ocr_line' id='line_1_32' title="bbox 191 1960 1795 2032; baseline 0.003 -15"><span class='ocrx_word' id='word_1_245' title='bbox 191 1960 388 2017; x_wconf 80' lang='lat' dir='ltr'><strong>attinet</strong></span> <span class='ocrx_word' id='word_1_246' title='bbox 402 1973 523 2032; x_wconf 63' lang='lat' dir='ltr'><strong>qua:</strong></span> <span class='ocrx_word' id='word_1_247' title='bbox 538 1960 707 2018; x_wconf 88' lang='lat' dir='ltr'><strong>Deum</strong></span> <span class='ocrx_word' id='word_1_248' title='bbox 733 1961 906 2032; x_wconf 89' lang='lat' dir='ltr'><strong>ipsum</strong></span> <span class='ocrx_word' id='word_1_249' title='bbox 937 1968 1162 2032; x_wconf 87' lang='lat' dir='ltr'><strong>spectat,</strong></span> <span class='ocrx_word' id='word_1_250' title='bbox 1192 1963 1265 2019; x_wconf 91' lang='lat' dir='ltr'><strong>ita</strong></span> <span class='ocrx_word' id='word_1_251' title='bbox 1289 1971 1437 2021; x_wconf 83' lang='lat' dir='ltr'><strong>certe</strong></span> <span class='ocrx_word' id='word_1_252' title='bbox 1468 1964 1795 2023; x_wconf 84' lang='lat' dir='ltr'><strong>invisibilem</strong></span> 
     </span>
    </p>
   </div>
   <div class='ocr_carea' id='block_1_33' title="bbox 190 2052 1801 2133">
    <p class='ocr_par' dir='ltr' id='par_1_33' title="bbox 190 2052 1801 2133">
     <span class='ocr_line' id='line_1_33' title="bbox 190 2052 1801 2133; baseline 0.002 -24"><span class='ocrx_word' id='word_1_253' title='bbox 190 2052 345 2109; x_wconf 87' lang='lat' dir='ltr'><strong>illam</strong></span> <span class='ocrx_word' id='word_1_254' title='bbox 372 2053 687 2133; x_wconf 71' lang='grc' dir='ltr'><strong>λειτουργίαν</strong></span> <span class='ocrx_word' id='word_1_255' title='bbox 707 2053 774 2109; x_wconf 90' lang='lat' dir='ltr'><strong>ad</strong></span> <span class='ocrx_word' id='word_1_256' title='bbox 805 2053 970 2109; x_wconf 87' lang='lat' dir='ltr'><strong>Deum</strong></span> <span class='ocrx_word' id='word_1_257' title='bbox 995 2055 1170 2125; x_wconf 90' lang='lat' dir='ltr'><strong>ipsum</strong></span> <span class='ocrx_word' id='word_1_258' title='bbox 1197 2055 1453 2122; x_wconf 83' lang='lat' dir='ltr'><strong>diximus,</strong></span> <span class='ocrx_word' id='word_1_259' title='bbox 1489 2071 1586 2128; x_wconf 90' lang='lat' dir='ltr'><strong>pro</strong></span> <span class='ocrx_word' id='word_1_260' title='bbox 1607 2058 1801 2130; x_wconf 84' lang='lat' dir='ltr'><strong>mysti-</strong></span> 
     </span>
    </p>
   </div>
   <div class='ocr_carea' id='block_1_34' title="bbox 188 2145 1799 2218">
    <p class='ocr_par' dir='ltr' id='par_1_34' title="bbox 188 2145 1799 2218">
     <span class='ocr_line' id='line_1_34' title="bbox 188 2145 1799 2218; baseline 0.002 -15"><span class='ocrx_word' id='word_1_261' title='bbox 188 2160 276 2203; x_wconf 74' lang='lat' dir='ltr'><strong>ca!</strong></span> <span class='ocrx_word' id='word_1_262' title='bbox 315 2145 675 2217; x_wconf 66' lang='lat' dir='ltr'><strong>philosophiae</strong></span> <span class='ocrx_word' id='word_1_263' title='bbox 718 2146 1027 2218; x_wconf 81' lang='lat' dir='ltr'><strong>principiis,</strong></span> <span class='ocrx_word' id='word_1_264' title='bbox 1081 2146 1247 2204; x_wconf 88' lang='lat' dir='ltr'><strong>fuisse</strong></span> <span class='ocrx_word' id='word_1_265' title='bbox 1297 2146 1661 2206; x_wconf 78' lang='lat' dir='ltr'><strong>referendam.</strong></span> <span class='ocrx_word' id='word_1_266' title='bbox 1728 2148 1799 2207; x_wconf 87' lang='lat' dir='ltr'><strong>Ut</strong></span> 
     </span>
    </p>
   </div>
   <div class='ocr_carea' id='block_1_35' title="bbox 193 2241 1800 2315">
    <p class='ocr_par' dir='ltr' id='par_1_35' title="bbox 193 2241 1800 2315">
     <span class='ocr_line' id='line_1_35' title="bbox 193 2241 1800 2315; baseline 0.003 -17"><span class='ocrx_word' id='word_1_267' title='bbox 193 2250 381 2299; x_wconf 87' lang='lat' dir='ltr'><strong>autem</strong></span> <span class='ocrx_word' id='word_1_268' title='bbox 409 2241 463 2298; x_wconf 91' lang='lat' dir='ltr'><strong>in</strong></span> <span class='ocrx_word' id='word_1_269' title='bbox 486 2244 717 2315; x_wconf 85' lang='lat' dir='ltr'><strong>mystico</strong></span> <span class='ocrx_word' id='word_1_270' title='bbox 746 2243 1053 2300; x_wconf 87' lang='lat' dir='ltr'><strong>sacerdotio</strong></span> <span class='ocrx_word' id='word_1_271' title='bbox 1081 2244 1189 2301; x_wconf 91' lang='lat' dir='ltr'><strong>duo</strong></span> <span class='ocrx_word' id='word_1_272' title='bbox 1216 2251 1373 2301; x_wconf 88' lang='lat' dir='ltr'><strong>erant</strong></span> <span class='ocrx_word' id='word_1_273' title='bbox 1401 2244 1576 2303; x_wconf 86' lang='lat' dir='ltr'><strong>officia</strong></span> <span class='ocrx_word' id='word_1_274' title='bbox 1600 2246 1800 2305; x_wconf 90' lang='lat' dir='ltr'><strong>visibili</strong></span> 
     </span>
    </p>
   </div>
   <div class='ocr_carea' id='block_1_36' title="bbox 197 2338 1797 2413">
    <p class='ocr_par' dir='ltr' id='par_1_36' title="bbox 197 2338 1797 2413">
     <span class='ocr_line' id='line_1_36' title="bbox 197 2338 1797 2413; baseline 0.001 -17"><span class='ocrx_word' id='word_1_275' title='bbox 197 2338 507 2397; x_wconf 85' lang='lat' dir='ltr'><strong>sacerdotio</strong></span> <span class='ocrx_word' id='word_1_276' title='bbox 536 2340 861 2396; x_wconf 87' lang='lat' dir='ltr'><strong>adamussim</strong></span> <span class='ocrx_word' id='word_1_277' title='bbox 913 2339 1321 2411; x_wconf 87' lang='lat' dir='ltr'><strong>respondentia,</strong></span> <span class='ocrx_word' id='word_1_278' title='bbox 1353 2343 1602 2413; x_wconf 88' lang='lat' dir='ltr'><strong>superius</strong></span> <span class='ocrx_word' id='word_1_279' title='bbox 1630 2338 1797 2409; x_wconf 89' lang='lat' dir='ltr'><strong>aliud,</strong></span> 
     </span>
    </p>
   </div>
   <div class='ocr_carea' id='block_1_37' title="bbox 197 2430 1801 2505">
    <p class='ocr_par' dir='ltr' id='par_1_37' title="bbox 197 2430 1801 2505">
     <span class='ocr_line' id='line_1_37' title="bbox 197 2430 1801 2505; baseline 0.003 -19"><span class='ocrx_word' id='word_1_280' title='bbox 197 2435 346 2502; x_wconf 90' lang='lat' dir='ltr'><strong>quod</strong></span> <span class='ocrx_word' id='word_1_281' title='bbox 374 2433 695 2504; x_wconf 75' lang='grc' dir='ltr'><strong>βελτιωτικὸν</strong></span> <span class='ocrx_word' id='word_1_282' title='bbox 727 2431 841 2489; x_wconf 86' lang='lat' dir='ltr'><strong>sive</strong></span> <span class='ocrx_word' id='word_1_283' title='bbox 868 2433 1182 2491; x_wconf 72' lang='grc' dir='ltr'><strong>τελιιωτικὸν</strong></span> <span class='ocrx_word' id='word_1_284' title='bbox 1210 2430 1569 2505; x_wconf 86' lang='lat' dir='ltr'><strong>appellarunt,</strong></span> <span class='ocrx_word' id='word_1_285' title='bbox 1599 2432 1801 2492; x_wconf 84' lang='lat' dir='ltr'><strong>Christi</strong></span> 
     </span>
    </p>
   </div>
   <div class='ocr_carea' id='block_1_38' title="bbox 196 2524 1802 2608">
    <p class='ocr_par' dir='ltr' id='par_1_38' title="bbox 196 2524 1802 2608">
     <span class='ocr_line' id='line_1_38' title="bbox 196 2524 1802 2608; baseline 0.001 -27"><span class='ocrx_word' id='word_1_286' title='bbox 196 2524 560 2599; x_wconf 88' lang='lat' dir='ltr'><strong>proculdubio</strong></span> <span class='ocrx_word' id='word_1_287' title='bbox 600 2526 768 2598; x_wconf 89' lang='lat' dir='ltr'><strong>ipsius</strong></span> <span class='ocrx_word' id='word_1_288' title='bbox 808 2527 861 2583; x_wconf 89' lang='lat' dir='ltr'><strong>in</strong></span> <span class='ocrx_word' id='word_1_289' title='bbox 913 2526 1013 2583; x_wconf 87' lang='lat' dir='ltr'><strong>ltac</strong></span> <span class='ocrx_word' id='word_1_290' title='bbox 1059 2527 1283 2599; x_wconf 86' lang='lat' dir='ltr'><strong>mystica</strong></span> <span class='ocrx_word' id='word_1_291' title='bbox 1337 2528 1626 2608; x_wconf 73' lang='grc' dir='ltr'><strong>λειτουργίᾳ</strong></span> <span class='ocrx_word' id='word_1_292' title='bbox 1674 2542 1802 2599; x_wconf 86' lang='lat' dir='ltr'><strong>pro-</strong></span> 
     </span>
    </p>
   </div>
   <div class='ocr_carea' id='block_1_39' title="bbox 202 2618 1803 2696">
    <p class='ocr_par' dir='ltr' id='par_1_39' title="bbox 202 2618 1803 2696">
     <span class='ocr_line' id='line_1_39' title="bbox 202 2618 1803 2696; baseline 0.001 -22"><span class='ocrx_word' id='word_1_293' title='bbox 202 2618 408 2690; x_wconf 87' lang='lat' dir='ltr'><strong>prium;</strong></span> <span class='ocrx_word' id='word_1_294' title='bbox 428 2618 651 2675; x_wconf 84' lang='lat' dir='ltr'><strong>inferius</strong></span> <span class='ocrx_word' id='word_1_295' title='bbox 669 2619 817 2675; x_wconf 91' lang='lat' dir='ltr'><strong>aliud</strong></span> <span class='ocrx_word' id='word_1_296' title='bbox 846 2620 961 2675; x_wconf 86' lang='lat' dir='ltr'><strong>sive</strong></span> <span class='ocrx_word' id='word_1_297' title='bbox 980 2618 1306 2696; x_wconf 77' lang='grc' dir='ltr'><strong>ὑπηρετικόν,</strong></span> <span class='ocrx_word' id='word_1_298' title='bbox 1332 2619 1475 2691; x_wconf 89' lang='lat' dir='ltr'><strong>quod</strong></span> <span class='ocrx_word' id='word_1_299' title='bbox 1491 2619 1803 2691; x_wconf 83' lang='lat' dir='ltr'><strong>angelorum</strong></span> 
     </span>
    </p>
   </div>
   <div class='ocr_carea' id='block_1_40' title="bbox 200 2712 1805 2786">
    <p class='ocr_par' dir='ltr' id='par_1_40' title="bbox 200 2712 1805 2786">
     <span class='ocr_line' id='line_1_40' title="bbox 200 2712 1805 2786; baseline -0.002 -14"><span class='ocrx_word' id='word_1_300' title='bbox 200 2714 371 2772; x_wconf 87' lang='lat' dir='ltr'><strong>etiam</strong></span> <span class='ocrx_word' id='word_1_301' title='bbox 398 2713 565 2771; x_wconf 88' lang='lat' dir='ltr'><strong>fuisse</strong></span> <span class='ocrx_word' id='word_1_302' title='bbox 594 2715 871 2786; x_wconf 90' lang='lat' dir='ltr'><strong>proprium</strong></span> <span class='ocrx_word' id='word_1_303' title='bbox 904 2713 1041 2771; x_wconf 86' lang='lat' dir='ltr'><strong>nihil</strong></span> <span class='ocrx_word' id='word_1_304' title='bbox 1068 2723 1152 2771; x_wconf 90' lang='lat' dir='ltr'><strong>est</strong></span> <span class='ocrx_word' id='word_1_305' title='bbox 1174 2712 1316 2785; x_wconf 90' lang='lat' dir='ltr'><strong>quod</strong></span> <span class='ocrx_word' id='word_1_306' title='bbox 1345 2713 1652 2771; x_wconf 89' lang='lat' dir='ltr'><strong>dubitemus</strong></span> <span class='ocrx_word' id='word_1_307' title='bbox 1683 2731 1698 2769; x_wconf 90' lang='lat'><strong>:</strong></span> <span class='ocrx_word' id='word_1_308' title='bbox 1730 2713 1805 2770; x_wconf 88' lang='lat' dir='ltr'><strong>ita</strong></span> 
     </span>
    </p>
   </div>
   <div class='ocr_carea' id='block_1_41' title="bbox 200 2803 1806 2878">
    <p class='ocr_par' dir='ltr' id='par_1_41' title="bbox 200 2803 1806 2878">
     <span class='ocr_line' id='line_1_41' title="bbox 200 2803 1806 2878; baseline -0.002 -16"><span class='ocrx_word' id='word_1_309' title='bbox 200 2814 358 2863; x_wconf 89' lang='lat' dir='ltr'><strong>certe</strong></span> <span class='ocrx_word' id='word_1_310' title='bbox 386 2807 638 2878; x_wconf 88' lang='lat' dir='ltr'><strong>baptismi</strong></span> <span class='ocrx_word' id='word_1_311' title='bbox 666 2821 862 2862; x_wconf 88' lang='lat' dir='ltr'><strong>munus</strong></span> <span class='ocrx_word' id='word_1_312' title='bbox 908 2803 976 2861; x_wconf 89' lang='lat' dir='ltr'><strong>ad</strong></span> <span class='ocrx_word' id='word_1_313' title='bbox 1020 2804 1245 2861; x_wconf 88' lang='lat' dir='ltr'><strong>inferius</strong></span> <span class='ocrx_word' id='word_1_314' title='bbox 1290 2803 1420 2861; x_wconf 88' lang='lat' dir='ltr'><strong>illud</strong></span> <span class='ocrx_word' id='word_1_315' title='bbox 1451 2803 1806 2861; x_wconf 89' lang='lat' dir='ltr'><strong>ministerium</strong></span> 
     </span>
    </p>
   </div>
   <div class='ocr_carea' id='block_1_42' title="bbox 199 2897 1804 2972">
    <p class='ocr_par' dir='ltr' id='par_1_42' title="bbox 199 2897 1804 2972">
     <span class='ocr_line' id='line_1_42' title="bbox 199 2897 1804 2972; baseline -0.002 -16"><span class='ocrx_word' id='word_1_316' title='bbox 199 2901 553 2972; x_wconf 86' lang='lat' dir='ltr'><strong>pertinuisse,</strong></span> <span class='ocrx_word' id='word_1_317' title='bbox 576 2900 704 2958; x_wconf 91' lang='lat' dir='ltr'><strong>alibi</strong></span> <span class='ocrx_word' id='word_1_318' title='bbox 725 2909 811 2957; x_wconf 90' lang='lat' dir='ltr'><strong>est</strong></span> <span class='ocrx_word' id='word_1_319' title='bbox 836 2916 865 2956; x_wconf 92' lang='lat' dir='ltr'><strong>a</strong></span> <span class='ocrx_word' id='word_1_320' title='bbox 888 2899 1062 2965; x_wconf 89' lang='lat' dir='ltr'><strong>nobis,</strong></span> <span class='ocrx_word' id='word_1_321' title='bbox 1085 2899 1185 2955; x_wconf 88' lang='lat' dir='ltr'><strong>nisi</strong></span> <span class='ocrx_word' id='word_1_322' title='bbox 1211 2897 1463 2967; x_wconf 88' lang='lat' dir='ltr'><strong>fallimur,</strong></span> <span class='ocrx_word' id='word_1_323' title='bbox 1498 2897 1804 2970; x_wconf 89' lang='lat' dir='ltr'><strong>probatum.</strong></span> 
     </span>
    </p>
   </div>
   <div class='ocr_carea' id='block_1_43' title="bbox 199 2990 1805 3064">
    <p class='ocr_par' dir='ltr' id='par_1_43' title="bbox 199 2990 1805 3064">
     <span class='ocr_line' id='line_1_43' title="bbox 199 2990 1805 3064; baseline -0.001 -16"><span class='ocrx_word' id='word_1_324' title='bbox 199 2991 263 3048; x_wconf 84' lang='lat' dir='ltr'><strong>In</strong></span> <span class='ocrx_word' id='word_1_325' title='bbox 283 3002 515 3050; x_wconf 81' lang='lat' dir='ltr'><strong>externo</strong></span> <span class='ocrx_word' id='word_1_326' title='bbox 541 2994 685 3049; x_wconf 90' lang='lat' dir='ltr'><strong>enim</strong></span> <span class='ocrx_word' id='word_1_327' title='bbox 713 2991 870 3064; x_wconf 86' lang='lat' dir='ltr'><strong>aquei</strong></span> <span class='ocrx_word' id='word_1_328' title='bbox 894 2991 1143 3063; x_wconf 88' lang='lat' dir='ltr'><strong>baptismi</strong></span> <span class='ocrx_word' id='word_1_329' title='bbox 1174 3004 1398 3048; x_wconf 90' lang='lat' dir='ltr'><strong>munere</strong></span> <span class='ocrx_word' id='word_1_330' title='bbox 1423 2990 1694 3047; x_wconf 88' lang='lat' dir='ltr'><strong>inferioris</strong></span> <span class='ocrx_word' id='word_1_331' title='bbox 1713 3006 1805 3061; x_wconf 86' lang='lat' dir='ltr'><strong>ge-</strong></span> 
     </span>
    </p>
   </div>
   <div class='ocr_carea' id='block_1_44' title="bbox 200 3074 1809 3154">
    <p class='ocr_par' dir='ltr' id='par_1_44' title="bbox 200 3074 1809 3154">
     <span class='ocr_line' id='line_1_44' title="bbox 200 3074 1809 3154; baseline -0.001 -14"><span class='ocrx_word' id='word_1_332' title='bbox 200 3084 355 3141; x_wconf 87' lang='lat' dir='ltr'><strong>neris</strong></span> <span class='ocrx_word' id='word_1_333' title='bbox 405 3083 668 3139; x_wconf 88' lang='lat' dir='ltr'><strong>ministris</strong></span> <span class='ocrx_word' id='word_1_334' title='bbox 720 3084 802 3138; x_wconf 87' lang='lat' dir='ltr'><strong>usi</strong></span> <span class='ocrx_word' id='word_1_335' title='bbox 854 3091 981 3138; x_wconf 89' lang='lat' dir='ltr'><strong>sunt</strong></span> <span class='ocrx_word' id='word_1_336' title='bbox 1016 3090 1075 3139; x_wconf 93' lang='lat' dir='ltr'><strong>ut</strong></span> <span class='ocrx_word' id='word_1_337' title='bbox 1108 3082 1394 3154; x_wconf 88' lang='lat' dir='ltr'><strong>plurimum</strong></span> <span class='ocrx_word' id='word_1_338' title='bbox 1445 3074 1694 3154; x_wconf 85' lang='lat' dir='ltr'><strong>apostoli.</strong></span> <span class='ocrx_word' id='word_1_339' title='bbox 1737 3079 1809 3139; x_wconf 88' lang='lat' dir='ltr'><strong>Ut</strong></span> 
     </span>
    </p>
   </div>
   <div class='ocr_carea' id='block_1_45' title="bbox 202 3173 1806 3250">
    <p class='ocr_par' dir='ltr' id='par_1_45' title="bbox 202 3173 1806 3250">
     <span class='ocr_line' id='line_1_45' title="bbox 202 3173 1806 3250; baseline -0.002 -16"><span class='ocrx_word' id='word_1_340' title='bbox 202 3176 439 3250; x_wconf 87' lang='lat' dir='ltr'><strong>proinde</strong></span> <span class='ocrx_word' id='word_1_341' title='bbox 464 3176 609 3233; x_wconf 88' lang='lat' dir='ltr'><strong>idem</strong></span> <span class='ocrx_word' id='word_1_342' title='bbox 628 3176 786 3232; x_wconf 87' lang='lat' dir='ltr'><strong>sitde</strong></span> <span class='ocrx_word' id='word_1_343' title='bbox 820 3174 1071 3233; x_wconf 89' lang='lat' dir='ltr'><strong>invisibili</strong></span> <span class='ocrx_word' id='word_1_344' title='bbox 1094 3190 1307 3247; x_wconf 84' lang='lat' dir='ltr'><strong>quoque</strong></span> <span class='ocrx_word' id='word_1_345' title='bbox 1342 3173 1435 3231; x_wconf 92' lang='lat' dir='ltr'><strong>illo</strong></span> <span class='ocrx_word' id='word_1_346' title='bbox 1472 3181 1806 3248; x_wconf 88' lang='lat' dir='ltr'><strong>mysticoque</strong></span> 
     </span>
    </p>
   </div>
   <div class='ocr_carea' id='block_1_46' title="bbox 1902 1978 3510 2054">
    <p class='ocr_par' dir='ltr' id='par_1_46' title="bbox 1902 1978 3510 2054">
     <span class='ocr_line' id='line_1_46' title="bbox 1902 1978 3510 2054; baseline 0.002 -19"><span class='ocrx_word' id='word_1_347' title='bbox 1902 1986 1981 2035; x_wconf 90' lang='lat' dir='ltr'><strong>tat</strong></span> <span class='ocrx_word' id='word_1_348' title='bbox 2018 1978 2243 2036; x_wconf 88' lang='lat' dir='ltr'><strong>militem</strong></span> <span class='ocrx_word' id='word_1_349' title='bbox 2287 1994 2445 2036; x_wconf 89' lang='lat' dir='ltr'><strong>suum</strong></span> <span class='ocrx_word' id='word_1_350' title='bbox 2475 1980 2723 2038; x_wconf 88' lang='lat' dir='ltr'><strong>Christus</strong></span> <span class='ocrx_word' id='word_1_351' title='bbox 2765 1982 2963 2054; x_wconf 90' lang='lat' dir='ltr'><strong>ubique</strong></span> <span class='ocrx_word' id='word_1_352' title='bbox 3012 1991 3361 2053; x_wconf 77' lang='lat' dir='ltr'><strong>pugnantem.</strong></span> <span class='ocrx_word' id='word_1_353' title='bbox 3395 2001 3415 2036; x_wconf 84' lang='grc' dir='ltr'><strong>ι</strong></span> <span class='ocrx_word' id='word_1_354' title='bbox 3442 1979 3510 2039; x_wconf 86' lang='lat' dir='ltr'><strong>Et</strong></span> 
     </span>
    </p>
   </div>
   <div class='ocr_carea' id='block_1_47' title="bbox 1908 2071 3506 2145">
    <p class='ocr_par' dir='ltr' id='par_1_47' title="bbox 1908 2071 3506 2145">
     <span class='ocr_line' id='line_1_47' title="bbox 1908 2071 3506 2145; baseline 0.004 -20"><span class='ocrx_word' id='word_1_355' title='bbox 1908 2080 2094 2142; x_wconf 89' lang='lat' dir='ltr'><strong>postea</strong></span> <span class='ocrx_word' id='word_1_356' title='bbox 2130 2089 2144 2127; x_wconf 88' lang='lat'><strong>:</strong></span> <span class='ocrx_word' id='word_1_357' title='bbox 2185 2090 2203 2124; x_wconf 73' lang='grc' dir='ltr'><strong>ι</strong></span> <span class='ocrx_word' id='word_1_358' title='bbox 2237 2071 2377 2129; x_wconf 84' lang='lat' dir='ltr'><strong>Ecce</strong></span> <span class='ocrx_word' id='word_1_359' title='bbox 2402 2087 2543 2144; x_wconf 89' lang='lat' dir='ltr'><strong>agon</strong></span> <span class='ocrx_word' id='word_1_360' title='bbox 2572 2073 2818 2130; x_wconf 90' lang='lat' dir='ltr'><strong>sublimis</strong></span> <span class='ocrx_word' id='word_1_361' title='bbox 2846 2082 2902 2130; x_wconf 92' lang='lat' dir='ltr'><strong>et</strong></span> <span class='ocrx_word' id='word_1_362' title='bbox 2931 2088 3175 2145; x_wconf 87' lang='lat' dir='ltr'><strong>magnus,</strong></span> <span class='ocrx_word' id='word_1_363' title='bbox 3206 2082 3263 2132; x_wconf 89' lang='lat' dir='ltr'><strong>et</strong></span> <span class='ocrx_word' id='word_1_364' title='bbox 3286 2086 3506 2132; x_wconf 66' lang='lat' dir='ltr'><strong>coronas</strong></span> 
     </span>
    </p>
   </div>
   <div class='ocr_carea' id='block_1_48' title="bbox 1904 2162 3508 2240">
    <p class='ocr_par' dir='ltr' id='par_1_48' title="bbox 1904 2162 3508 2240">
     <span class='ocr_line' id='line_1_48' title="bbox 1904 2162 3508 2240; baseline 0.005 -20"><span class='ocrx_word' id='word_1_365' title='bbox 1904 2162 2142 2221; x_wconf 81' lang='lat' dir='ltr'><strong>caelestis</strong></span> <span class='ocrx_word' id='word_1_366' title='bbox 2178 2167 2400 2235; x_wconf 66' lang='lat' dir='ltr'><strong>praemio</strong></span> <span class='ocrx_word' id='word_1_367' title='bbox 2428 2167 2722 2240; x_wconf 87' lang='lat' dir='ltr'><strong>gloriosus,</strong></span> <span class='ocrx_word' id='word_1_368' title='bbox 2767 2177 2825 2224; x_wconf 93' lang='lat' dir='ltr'><strong>ut</strong></span> <span class='ocrx_word' id='word_1_369' title='bbox 2854 2179 3061 2240; x_wconf 88' lang='lat' dir='ltr'><strong>spectet</strong></span> <span class='ocrx_word' id='word_1_370' title='bbox 3103 2184 3205 2227; x_wconf 87' lang='lat' dir='ltr'><strong>nos</strong></span> <span class='ocrx_word' id='word_1_371' title='bbox 3234 2179 3508 2229; x_wconf 89' lang='lat' dir='ltr'><strong>certantes</strong></span> 
     </span>
    </p>
   </div>
   <div class='ocr_carea' id='block_1_49' title="bbox 1908 2254 3513 2336">
    <p class='ocr_par' dir='ltr' id='par_1_49' title="bbox 1908 2254 3513 2336">
     <span class='ocr_line' id='line_1_49' title="bbox 1908 2254 3513 2336; baseline 0.006 -24"><span class='ocrx_word' id='word_1_372' title='bbox 1908 2254 2071 2315; x_wconf 88' lang='lat' dir='ltr'><strong>Deus.</strong></span> <span class='ocrx_word' id='word_1_373' title='bbox 2098 2254 2543 2319; x_wconf 84' lang='lat' dir='ltr'><strong>Pracliautesnos</strong></span> <span class='ocrx_word' id='word_1_374' title='bbox 2562 2269 2617 2317; x_wconf 91' lang='lat' dir='ltr'><strong>et</strong></span> <span class='ocrx_word' id='word_1_375' title='bbox 2640 2260 2763 2318; x_wconf 87' lang='lat' dir='ltr'><strong>fidei</strong></span> <span class='ocrx_word' id='word_1_376' title='bbox 2794 2263 3179 2334; x_wconf 85' lang='lat' dir='ltr'><strong>congressione</strong></span> <span class='ocrx_word' id='word_1_377' title='bbox 3208 2271 3513 2336; x_wconf 83' lang='lat' dir='ltr'><strong>pugnantes</strong></span> 
     </span>
    </p>
   </div>
   <div class='ocr_carea' id='block_1_50' title="bbox 1905 2350 3502 2429">
    <p class='ocr_par' dir='ltr' id='par_1_50' title="bbox 1905 2350 3502 2429">
     <span class='ocr_line' id='line_1_50' title="bbox 1905 2350 3502 2429; baseline 0.004 -22"><span class='ocrx_word' id='word_1_378' title='bbox 1905 2356 2117 2423; x_wconf 88' lang='lat' dir='ltr'><strong>spectat</strong></span> <span class='ocrx_word' id='word_1_379' title='bbox 2156 2350 2317 2420; x_wconf 87' lang='lat' dir='ltr'><strong>Deus,</strong></span> <span class='ocrx_word' id='word_1_380' title='bbox 2348 2360 2594 2425; x_wconf 86' lang='lat' dir='ltr'><strong>spectant</strong></span> <span class='ocrx_word' id='word_1_381' title='bbox 2621 2355 2798 2427; x_wconf 85' lang='lat' dir='ltr'><strong>angeli</strong></span> <span class='ocrx_word' id='word_1_382' title='bbox 2843 2356 2998 2427; x_wconf 82' lang='lat' dir='ltr'><strong>ejus,</strong></span> <span class='ocrx_word' id='word_1_383' title='bbox 3024 2364 3237 2429; x_wconf 90' lang='lat' dir='ltr'><strong>spectat</strong></span> <span class='ocrx_word' id='word_1_384' title='bbox 3262 2366 3314 2414; x_wconf 89' lang='lat' dir='ltr'><strong>et</strong></span> <span class='ocrx_word' id='word_1_385' title='bbox 3341 2356 3502 2415; x_wconf 86' lang='lat' dir='ltr'><strong>Chri-</strong></span> 
     </span>
    </p>
   </div>
   <div class='ocr_carea' id='block_1_51' title="bbox 1909 2440 3509 2519">
    <p class='ocr_par' dir='ltr' id='par_1_51' title="bbox 1909 2440 3509 2519">
     <span class='ocr_line' id='line_1_51' title="bbox 1909 2440 3509 2519; baseline 0.005 -21"><span class='ocrx_word' id='word_1_386' title='bbox 1909 2452 2077 2498; x_wconf 64' lang='lat' dir='ltr'><strong>stus.»</strong></span> <span class='ocrx_word' id='word_1_387' title='bbox 2110 2440 2177 2499; x_wconf 86' lang='lat' dir='ltr'><strong>Et</strong></span> <span class='ocrx_word' id='word_1_388' title='bbox 2197 2445 2322 2501; x_wconf 88' lang='lat' dir='ltr'><strong>alibi</strong></span> <span class='ocrx_word' id='word_1_389' title='bbox 2347 2443 2473 2518; x_wconf 85' lang='lat' dir='ltr'><strong>(Ep.</strong></span> <span class='ocrx_word' id='word_1_390' title='bbox 2504 2443 2626 2518; x_wconf 79' lang='lat' dir='ltr'><strong>ix):</strong></span> <span class='ocrx_word' id='word_1_391' title='bbox 2665 2445 2740 2503; x_wconf 77' lang='grc'><strong>«0</strong></span> <span class='ocrx_word' id='word_1_392' title='bbox 2763 2446 2918 2519; x_wconf 85' lang='lat' dir='ltr'><strong>quale</strong></span> <span class='ocrx_word' id='word_1_393' title='bbox 2945 2447 3075 2503; x_wconf 91' lang='lat' dir='ltr'><strong>illud</strong></span> <span class='ocrx_word' id='word_1_394' title='bbox 3102 2447 3202 2503; x_wconf 90' lang='lat' dir='ltr'><strong>fuit</strong></span> <span class='ocrx_word' id='word_1_395' title='bbox 3227 2457 3509 2519; x_wconf 80' lang='lat' dir='ltr'><strong>spectacu-</strong></span> 
     </span>
    </p>
   </div>
   <div class='ocr_carea' id='block_1_52' title="bbox 1909 2536 3514 2613">
    <p class='ocr_par' dir='ltr' id='par_1_52' title="bbox 1909 2536 3514 2613">
     <span class='ocr_line' id='line_1_52' title="bbox 1909 2536 3514 2613; baseline 0.004 -21"><span class='ocrx_word' id='word_1_396' title='bbox 1909 2536 2023 2592; x_wconf 91' lang='lat' dir='ltr'><strong>lum</strong></span> <span class='ocrx_word' id='word_1_397' title='bbox 2056 2536 2316 2605; x_wconf 91' lang='lat' dir='ltr'><strong>Domino,</strong></span> <span class='ocrx_word' id='word_1_398' title='bbox 2349 2554 2507 2610; x_wconf 91' lang='lat' dir='ltr'><strong>quam</strong></span> <span class='ocrx_word' id='word_1_399' title='bbox 2557 2538 2806 2606; x_wconf 89' lang='lat' dir='ltr'><strong>sublime,</strong></span> <span class='ocrx_word' id='word_1_400' title='bbox 2840 2555 2998 2611; x_wconf 89' lang='lat' dir='ltr'><strong>quam</strong></span> <span class='ocrx_word' id='word_1_401' title='bbox 3047 2556 3319 2613; x_wconf 87' lang='lat' dir='ltr'><strong>magnum,</strong></span> <span class='ocrx_word' id='word_1_402' title='bbox 3353 2557 3514 2613; x_wconf 90' lang='lat' dir='ltr'><strong>quam</strong></span> 
     </span>
    </p>
   </div>
   <div class='ocr_carea' id='block_1_53' title="bbox 1911 2630 3509 2706">
    <p class='ocr_par' dir='ltr' id='par_1_53' title="bbox 1911 2630 3509 2706">
     <span class='ocr_line' id='line_1_53' title="bbox 1911 2630 3509 2706; baseline 0.002 -19"><span class='ocrx_word' id='word_1_403' title='bbox 1911 2630 2009 2688; x_wconf 89' lang='lat' dir='ltr'><strong>Dei</strong></span> <span class='ocrx_word' id='word_1_404' title='bbox 2036 2631 2205 2688; x_wconf 90' lang='lat' dir='ltr'><strong>oculis</strong></span> <span class='ocrx_word' id='word_1_405' title='bbox 2219 2640 2562 2689; x_wconf 90' lang='lat' dir='ltr'><strong>sacramento</strong></span> <span class='ocrx_word' id='word_1_406' title='bbox 2579 2647 2643 2689; x_wconf 90' lang='lat' dir='ltr'><strong>ac</strong></span> <span class='ocrx_word' id='word_1_407' title='bbox 2663 2630 2953 2690; x_wconf 80' lang='lat' dir='ltr'><strong>devotione</strong></span> <span class='ocrx_word' id='word_1_408' title='bbox 2972 2633 3156 2690; x_wconf 89' lang='lat' dir='ltr'><strong>militis</strong></span> <span class='ocrx_word' id='word_1_409' title='bbox 3174 2634 3291 2705; x_wconf 88' lang='lat' dir='ltr'><strong>ejus</strong></span> <span class='ocrx_word' id='word_1_410' title='bbox 3308 2647 3509 2706; x_wconf 88' lang='lat' dir='ltr'><strong>accep-</strong></span> 
     </span>
    </p>
   </div>
   <div class='ocr_carea' id='block_1_54' title="bbox 1912 2720 3514 2791">
    <p class='ocr_par' dir='ltr' id='par_1_54' title="bbox 1912 2720 3514 2791">
     <span class='ocr_line' id='line_1_54' title="bbox 1912 2720 3514 2791; baseline 0.002 -12"><span class='ocrx_word' id='word_1_411' title='bbox 1912 2732 2025 2779; x_wconf 88' lang='lat' dir='ltr'><strong>tum</strong></span> <span class='ocrx_word' id='word_1_412' title='bbox 2048 2765 2064 2791; x_wconf 93' lang='lat'><strong>,</strong></span> <span class='ocrx_word' id='word_1_413' title='bbox 2094 2728 2198 2779; x_wconf 86' lang='lat' dir='ltr'><strong>etc.</strong></span> <span class='ocrx_word' id='word_1_414' title='bbox 2238 2740 2258 2777; x_wconf 80' lang='grc' dir='ltr'><strong>ι</strong></span> <span class='ocrx_word' id='word_1_415' title='bbox 2290 2720 2401 2781; x_wconf 79' lang='lat' dir='ltr'><strong>Nec</strong></span> <span class='ocrx_word' id='word_1_416' title='bbox 2430 2725 2626 2780; x_wconf 91' lang='lat' dir='ltr'><strong>mirum</strong></span> <span class='ocrx_word' id='word_1_417' title='bbox 2653 2722 2755 2782; x_wconf 90' lang='lat' dir='ltr'><strong>hac</strong></span> <span class='ocrx_word' id='word_1_418' title='bbox 2783 2726 2970 2782; x_wconf 86' lang='lat' dir='ltr'><strong>eadem</strong></span> <span class='ocrx_word' id='word_1_419' title='bbox 3006 2725 3355 2784; x_wconf 85' lang='lat' dir='ltr'><strong>similitudine</strong></span> <span class='ocrx_word' id='word_1_420' title='bbox 3384 2741 3514 2783; x_wconf 90' lang='lat' dir='ltr'><strong>usos</strong></span> 
     </span>
    </p>
   </div>
   <div class='ocr_carea' id='block_1_55' title="bbox 1912 2817 3514 2892">
    <p class='ocr_par' dir='ltr' id='par_1_55' title="bbox 1912 2817 3514 2892">
     <span class='ocr_line' id='line_1_55' title="bbox 1912 2817 3514 2892; baseline 0.001 -17"><span class='ocrx_word' id='word_1_421' title='bbox 1912 2832 2037 2875; x_wconf 89' lang='lat' dir='ltr'><strong>esse</strong></span> <span class='ocrx_word' id='word_1_422' title='bbox 2069 2818 2228 2875; x_wconf 90' lang='lat' dir='ltr'><strong>toties</strong></span> <span class='ocrx_word' id='word_1_423' title='bbox 2255 2817 2585 2876; x_wconf 87' lang='lat' dir='ltr'><strong>christianos</strong></span> <span class='ocrx_word' id='word_1_424' title='bbox 2606 2863 2621 2888; x_wconf 96' lang='lat'><strong>,</strong></span> <span class='ocrx_word' id='word_1_425' title='bbox 2654 2835 2815 2892; x_wconf 89' lang='lat' dir='ltr'><strong>quam</strong></span> <span class='ocrx_word' id='word_1_426' title='bbox 2840 2831 2893 2877; x_wconf 91' lang='lat' dir='ltr'><strong>et</strong></span> <span class='ocrx_word' id='word_1_427' title='bbox 2922 2821 3091 2891; x_wconf 90' lang='lat' dir='ltr'><strong>ipsam</strong></span> <span class='ocrx_word' id='word_1_428' title='bbox 3139 2819 3385 2876; x_wconf 90' lang='lat' dir='ltr'><strong>eamdem</strong></span> <span class='ocrx_word' id='word_1_429' title='bbox 3414 2819 3514 2876; x_wconf 90' lang='lat' dir='ltr'><strong>ad-</strong></span> 
     </span>
    </p>
   </div>
   <div class='ocr_carea' id='block_1_56' title="bbox 1912 2899 3518 2984">
    <p class='ocr_par' dir='ltr' id='par_1_56' title="bbox 1912 2899 3518 2984">
     <span class='ocr_line' id='line_1_56' title="bbox 1912 2899 3518 2984; baseline 0.002 -20"><span class='ocrx_word' id='word_1_430' title='bbox 1912 2908 2203 2966; x_wconf 90' lang='lat' dir='ltr'><strong>hibuerant</strong></span> <span class='ocrx_word' id='word_1_431' title='bbox 2240 2910 2344 2983; x_wconf 87' lang='lat' dir='ltr'><strong>ipsi</strong></span> <span class='ocrx_word' id='word_1_432' title='bbox 2371 2912 2532 2967; x_wconf 91' lang='lat' dir='ltr'><strong>etiam</strong></span> <span class='ocrx_word' id='word_1_433' title='bbox 2566 2911 2893 2984; x_wconf 89' lang='lat' dir='ltr'><strong>philosophi,</strong></span> <span class='ocrx_word' id='word_1_434' title='bbox 2919 2912 3123 2969; x_wconf 88' lang='lat' dir='ltr'><strong>Seneca</strong></span> <span class='ocrx_word' id='word_1_435' title='bbox 3175 2899 3415 2984; x_wconf 48' lang='lat' dir='ltr'><strong>(Senem,</strong></span> <span class='ocrx_word' id='word_1_436' title='bbox 3453 2911 3518 2967; x_wconf 87' lang='lat' dir='ltr'><strong>de</strong></span> 
     </span>
    </p>
   </div>
   <div class='ocr_carea' id='block_1_57' title="bbox 1914 2997 3519 3077">
    <p class='ocr_par' dir='ltr' id='par_1_57' title="bbox 1914 2997 3519 3077">
     <span class='ocr_line' id='line_1_57' title="bbox 1914 2997 3519 3077; baseline 0.004 -24"><span class='ocrx_word' id='word_1_437' title='bbox 1914 2997 2097 3066; x_wconf 64' lang='lat' dir='ltr'><strong>Prom,</strong></span> <span class='ocrx_word' id='word_1_438' title='bbox 2110 3000 2219 3071; x_wconf 64' lang='grc' dir='ltr'><strong>αὖ)</strong></span> <span class='ocrx_word' id='word_1_439' title='bbox 2238 3009 2291 3056; x_wconf 89' lang='lat' dir='ltr'><strong>et</strong></span> <span class='ocrx_word' id='word_1_440' title='bbox 2307 2999 2779 3075; x_wconf 78' lang='lat' dir='ltr'><strong>Epictetus(Epist.</strong></span> <span class='ocrx_word' id='word_1_441' title='bbox 2799 3002 2887 3058; x_wconf 86' lang='lat' dir='ltr'><strong>ad.</strong></span> <span class='ocrx_word' id='word_1_442' title='bbox 2908 3003 3166 3077; x_wconf 68' lang='lat' dir='ltr'><strong>Arrium).</strong></span> <span class='ocrx_word' id='word_1_443' title='bbox 3183 3003 3519 3076; x_wconf 85' lang='lat' dir='ltr'><strong>Quamquam</strong></span> 
     </span>
    </p>
   </div>
   <div class='ocr_carea' id='block_1_58' title="bbox 1914 3090 3520 3165">
    <p class='ocr_par' dir='ltr' id='par_1_58' title="bbox 1914 3090 3520 3165">
     <span class='ocr_line' id='line_1_58' title="bbox 1914 3090 3520 3165; baseline 0.002 -15"><span class='ocrx_word' id='word_1_444' title='bbox 1914 3090 2075 3150; x_wconf 88' lang='lat' dir='ltr'><strong>etiant</strong></span> <span class='ocrx_word' id='word_1_445' title='bbox 2100 3092 2261 3149; x_wconf 88' lang='lat' dir='ltr'><strong>altius</strong></span> <span class='ocrx_word' id='word_1_446' title='bbox 2289 3096 2569 3165; x_wconf 89' lang='lat' dir='ltr'><strong>repetitam</strong></span> <span class='ocrx_word' id='word_1_447' title='bbox 2593 3093 2755 3151; x_wconf 90' lang='lat' dir='ltr'><strong>fuisse</strong></span> <span class='ocrx_word' id='word_1_448' title='bbox 2785 3097 3083 3152; x_wconf 87' lang='lat' dir='ltr'><strong>verisimile</strong></span> <span class='ocrx_word' id='word_1_449' title='bbox 3110 3107 3211 3165; x_wconf 90' lang='lat' dir='ltr'><strong>est,</strong></span> <span class='ocrx_word' id='word_1_450' title='bbox 3240 3112 3270 3151; x_wconf 91' lang='lat' dir='ltr'><strong>a</strong></span> <span class='ocrx_word' id='word_1_451' title='bbox 3298 3096 3520 3153; x_wconf 85' lang='lat' dir='ltr'><strong>visioni-</strong></span> 
     </span>
    </p>
   </div>
   <div class='ocr_carea' id='block_1_59' title="bbox 1914 3183 3517 3257">
    <p class='ocr_par' dir='ltr' id='par_1_59' title="bbox 1914 3183 3517 3257">
     <span class='ocr_line' id='line_1_59' title="bbox 1914 3183 3517 3257; baseline 0.002 -17"><span class='ocrx_word' id='word_1_452' title='bbox 1914 3183 2015 3242; x_wconf 89' lang='lat' dir='ltr'><strong>bus</strong></span> <span class='ocrx_word' id='word_1_453' title='bbox 2051 3183 2305 3241; x_wconf 79' lang='lat' dir='ltr'><strong>nimirum</strong></span> <span class='ocrx_word' id='word_1_454' title='bbox 2348 3186 2458 3242; x_wconf 88' lang='lat' dir='ltr'><strong>illis</strong></span> <span class='ocrx_word' id='word_1_455' title='bbox 2482 3186 2677 3257; x_wconf 86' lang='lat' dir='ltr'><strong>quibus</strong></span> <span class='ocrx_word' id='word_1_456' title='bbox 2704 3187 2847 3243; x_wconf 89' lang='lat' dir='ltr'><strong>Deus</strong></span> <span class='ocrx_word' id='word_1_457' title='bbox 2877 3201 3116 3257; x_wconf 74' lang='lat' dir='ltr'><strong>prmsens</strong></span> <span class='ocrx_word' id='word_1_458' title='bbox 3148 3187 3517 3244; x_wconf 86' lang='lat' dir='ltr'><strong>laborantibus</strong></span> 
     </span>
    </p>
   </div>
   <div class='ocr_carea' id='block_1_60' title="bbox 201 3261 3518 3355">
    <p class='ocr_par' dir='ltr' id='par_1_60' title="bbox 201 3261 3518 3355">
     <span class='ocr_line' id='line_1_60' title="bbox 201 3261 3518 3355; baseline 0.003 -26"><span class='ocrx_word' id='word_1_459' title='bbox 201 3272 480 3343; x_wconf 85' lang='lat' dir='ltr'><strong>baptismo</strong></span> <span class='ocrx_word' id='word_1_460' title='bbox 509 3269 875 3337; x_wconf 89' lang='lat' dir='ltr'><strong>statuendum,</strong></span> <span class='ocrx_word' id='word_1_461' title='bbox 908 3275 965 3324; x_wconf 91' lang='lat' dir='ltr'><strong>ut</strong></span> <span class='ocrx_word' id='word_1_462' title='bbox 988 3261 1239 3324; x_wconf 79' lang='lat' dir='ltr'><strong>exteriori</strong></span> <span class='ocrx_word' id='word_1_463' title='bbox 1259 3266 1527 3339; x_wconf 90' lang='lat' dir='ltr'><strong>baptismo</strong></span> <span class='ocrx_word' id='word_1_464' title='bbox 1558 3267 1808 3323; x_wconf 87' lang='lat' dir='ltr'><strong>adamus-</strong></span> <span class='ocrx_word' id='word_1_465' title='bbox 1834 3278 1880 3343; x_wconf 74' lang='grc' dir='ltr'><strong>ρ</strong></span> <span class='ocrx_word' id='word_1_466' title='bbox 1913 3287 2255 3351; x_wconf 71' lang='lat' dir='ltr'><strong>apparuerat.</strong></span> <span class='ocrx_word' id='word_1_467' title='bbox 2288 3280 2364 3335; x_wconf 76' lang='lat' dir='ltr'><strong>ita</strong></span> <span class='ocrx_word' id='word_1_468' title='bbox 2402 3280 2458 3337; x_wconf 90' lang='lat' dir='ltr'><strong>s.</strong></span> <span class='ocrx_word' id='word_1_469' title='bbox 2492 3280 2764 3352; x_wconf 78' lang='lat' dir='ltr'><strong>Stephano</strong></span> <span class='ocrx_word' id='word_1_470' title='bbox 2791 3280 3036 3337; x_wconf 83' lang='lat' dir='ltr'><strong>Christus</strong></span> <span class='ocrx_word' id='word_1_471' title='bbox 3069 3279 3228 3352; x_wconf 65' lang='lat' dir='ltr'><strong>(Ach,</strong></span> <span class='ocrx_word' id='word_1_472' title='bbox 3264 3298 3369 3347; x_wconf 87' lang='lat' dir='ltr'><strong>vn,</strong></span> <span class='ocrx_word' id='word_1_473' title='bbox 3400 3279 3518 3355; x_wconf 81' lang='grc'><strong>55).</strong></span> 
     </span>
    </p>
   </div>
   <div class='ocr_carea' id='block_1_61' title="bbox 202 3358 1807 3435">
    <p class='ocr_par' dir='ltr' id='par_1_61' title="bbox 202 3358 1807 3435">
     <span class='ocr_line' id='line_1_61' title="bbox 202 3358 1807 3435; baseline -0.004 -13"><span class='ocrx_word' id='word_1_474' title='bbox 202 3365 316 3422; x_wconf 87' lang='lat' dir='ltr'><strong>sim</strong></span> <span class='ocrx_word' id='word_1_475' title='bbox 364 3363 714 3435; x_wconf 88' lang='lat' dir='ltr'><strong>respondeat,</strong></span> <span class='ocrx_word' id='word_1_476' title='bbox 745 3362 832 3418; x_wconf 89' lang='lat' dir='ltr'><strong>hic</strong></span> <span class='ocrx_word' id='word_1_477' title='bbox 872 3376 1087 3434; x_wconf 84' lang='lat' dir='ltr'><strong>quoque</strong></span> <span class='ocrx_word' id='word_1_478' title='bbox 1117 3362 1384 3435; x_wconf 78' lang='grc' dir='ltr'><strong>ὑπηρετῶν</strong></span> <span class='ocrx_word' id='word_1_479' title='bbox 1432 3358 1597 3417; x_wconf 83' lang='lat' dir='ltr'><strong>fuisse</strong></span> <span class='ocrx_word' id='word_1_480' title='bbox 1627 3374 1807 3428; x_wconf 89' lang='lat' dir='ltr'><strong>usum,</strong></span> 
     </span>
    </p>
   </div>
   <div class='ocr_carea' id='block_1_62' title="bbox 206 3455 1810 3532">
    <p class='ocr_par' dir='ltr' id='par_1_62' title="bbox 206 3455 1810 3532">
     <span class='ocr_line' id='line_1_62' title="bbox 206 3455 1810 3532; baseline -0.003 -16"><span class='ocrx_word' id='word_1_481' title='bbox 206 3459 307 3532; x_wconf 85' lang='lat' dir='ltr'><strong>qui</strong></span> <span class='ocrx_word' id='word_1_482' title='bbox 334 3472 441 3515; x_wconf 89' lang='lat' dir='ltr'><strong>non</strong></span> <span class='ocrx_word' id='word_1_483' title='bbox 458 3458 548 3515; x_wconf 91' lang='lat' dir='ltr'><strong>alii</strong></span> <span class='ocrx_word' id='word_1_484' title='bbox 568 3474 689 3515; x_wconf 87' lang='lat' dir='ltr'><strong>esse</strong></span> <span class='ocrx_word' id='word_1_485' title='bbox 703 3460 990 3530; x_wconf 88' lang='lat' dir='ltr'><strong>potuerint,</strong></span> <span class='ocrx_word' id='word_1_486' title='bbox 1020 3470 1116 3529; x_wconf 88' lang='lat' dir='ltr'><strong>pro</strong></span> <span class='ocrx_word' id='word_1_487' title='bbox 1134 3468 1376 3513; x_wconf 86' lang='lat' dir='ltr'><strong>veterum</strong></span> <span class='ocrx_word' id='word_1_488' title='bbox 1396 3455 1611 3512; x_wconf 90' lang='lat' dir='ltr'><strong>illorum</strong></span> <span class='ocrx_word' id='word_1_489' title='bbox 1630 3466 1810 3528; x_wconf 87' lang='lat' dir='ltr'><strong>captu,</strong></span> 
     </span>
    </p>
   </div>
   <div class='ocr_carea' id='block_1_63' title="bbox 209 3548 1812 3624">
    <p class='ocr_par' dir='ltr' id='par_1_63' title="bbox 209 3548 1812 3624">
     <span class='ocr_line' id='line_1_63' title="bbox 209 3548 1812 3624; baseline -0.002 -16"><span class='ocrx_word' id='word_1_490' title='bbox 209 3564 378 3624; x_wconf 88' lang='lat' dir='ltr'><strong>quam</strong></span> <span class='ocrx_word' id='word_1_491' title='bbox 434 3551 635 3623; x_wconf 90' lang='lat' dir='ltr'><strong>angeli.</strong></span> <span class='ocrx_word' id='word_1_492' title='bbox 689 3550 894 3607; x_wconf 77' lang='lat' dir='ltr'><strong>Divina:</strong></span> <span class='ocrx_word' id='word_1_493' title='bbox 941 3552 1083 3606; x_wconf 89' lang='lat' dir='ltr'><strong>enim</strong></span> <span class='ocrx_word' id='word_1_494' title='bbox 1135 3550 1439 3622; x_wconf 56' lang='lat' dir='ltr'><strong>praesentia:</strong></span> <span class='ocrx_word' id='word_1_495' title='bbox 1506 3548 1812 3622; x_wconf 89' lang='lat' dir='ltr'><strong>symbolum</strong></span> 
     </span>
    </p>
   </div>
   <div class='ocr_carea' id='block_1_64' title="bbox 206 3642 1816 3719">
    <p class='ocr_par' dir='ltr' id='par_1_64' title="bbox 206 3642 1816 3719">
     <span class='ocr_line' id='line_1_64' title="bbox 206 3642 1816 3719; baseline -0.004 -14"><span class='ocrx_word' id='word_1_496' title='bbox 206 3645 596 3717; x_wconf 85' lang='lat' dir='ltr'><strong>(Schechiuam</strong></span> <span class='ocrx_word' id='word_1_497' title='bbox 624 3646 897 3719; x_wconf 88' lang='lat' dir='ltr'><strong>appellant</strong></span> <span class='ocrx_word' id='word_1_498' title='bbox 922 3644 1119 3718; x_wconf 57' lang='lat' dir='ltr'><strong>Judaei)</strong></span> <span class='ocrx_word' id='word_1_499' title='bbox 1146 3642 1349 3717; x_wconf 82' lang='lat' dir='ltr'><strong>angelis</strong></span> <span class='ocrx_word' id='word_1_500' title='bbox 1379 3643 1618 3700; x_wconf 88' lang='lat' dir='ltr'><strong>tribuunt</strong></span> <span class='ocrx_word' id='word_1_501' title='bbox 1645 3643 1816 3715; x_wconf 88' lang='lat' dir='ltr'><strong>scrip-</strong></span> 
     </span>
    </p>
   </div>
   <div class='ocr_carea' id='block_1_65' title="bbox 210 3736 1814 3810">
    <p class='ocr_par' dir='ltr' id='par_1_65' title="bbox 210 3736 1814 3810">
     <span class='ocr_line' id='line_1_65' title="bbox 210 3736 1814 3810; baseline -0.004 -12"><span class='ocrx_word' id='word_1_502' title='bbox 210 3749 368 3798; x_wconf 84' lang='lat' dir='ltr'><strong>tores</strong></span> <span class='ocrx_word' id='word_1_503' title='bbox 402 3749 617 3797; x_wconf 87' lang='lat' dir='ltr'><strong>veteres</strong></span> <span class='ocrx_word' id='word_1_504' title='bbox 668 3749 777 3796; x_wconf 90' lang='lat' dir='ltr'><strong>tam</strong></span> <span class='ocrx_word' id='word_1_505' title='bbox 826 3737 1020 3807; x_wconf 64' lang='lat' dir='ltr'><strong>Judaei,</strong></span> <span class='ocrx_word' id='word_1_506' title='bbox 1053 3750 1211 3810; x_wconf 89' lang='lat' dir='ltr'><strong>quam</strong></span> <span class='ocrx_word' id='word_1_507' title='bbox 1241 3736 1620 3801; x_wconf 86' lang='lat' dir='ltr'><strong>ecclesiastici,</strong></span> <span class='ocrx_word' id='word_1_508' title='bbox 1651 3748 1814 3807; x_wconf 88' lang='lat' dir='ltr'><strong>quam</strong></span> 
     </span>
    </p>
   </div>
   <div class='ocr_carea' id='block_1_66' title="bbox 210 3832 1817 3905">
    <p class='ocr_par' dir='ltr' id='par_1_66' title="bbox 210 3832 1817 3905">
     <span class='ocr_line' id='line_1_66' title="bbox 210 3832 1817 3905; baseline -0.004 -13"><span class='ocrx_word' id='word_1_509' title='bbox 210 3836 361 3892; x_wconf 84' lang='lat' dir='ltr'><strong>sacri</strong></span> <span class='ocrx_word' id='word_1_510' title='bbox 390 3843 446 3891; x_wconf 91' lang='lat' dir='ltr'><strong>et</strong></span> <span class='ocrx_word' id='word_1_511' title='bbox 468 3834 741 3901; x_wconf 90' lang='lat' dir='ltr'><strong>canonici;</strong></span> <span class='ocrx_word' id='word_1_512' title='bbox 774 3842 827 3889; x_wconf 91' lang='lat' dir='ltr'><strong>et</strong></span> <span class='ocrx_word' id='word_1_513' title='bbox 856 3846 1015 3905; x_wconf 87' lang='lat' dir='ltr'><strong>quam</strong></span> <span class='ocrx_word' id='word_1_514' title='bbox 1045 3832 1155 3888; x_wconf 84' lang='lat' dir='ltr'><strong>Deo</strong></span> <span class='ocrx_word' id='word_1_515' title='bbox 1178 3832 1817 3901; x_wconf 87' lang='lat' dir='ltr'><strong>tribuuntnonnunquam</strong></span> 
     </span>
    </p>
   </div>
   <div class='ocr_carea' id='block_1_67' title="bbox 210 3922 1817 4000">
    <p class='ocr_par' dir='ltr' id='par_1_67' title="bbox 210 3922 1817 4000">
     <span class='ocr_line' id='line_1_67' title="bbox 210 3922 1817 4000; baseline -0.001 -16"><span class='ocrx_word' id='word_1_516' title='bbox 210 3928 641 4000; x_wconf 87' lang='lat' dir='ltr'><strong>apparitioncm,</strong></span> <span class='ocrx_word' id='word_1_517' title='bbox 684 3926 929 3984; x_wconf 90' lang='lat' dir='ltr'><strong>eamdem</strong></span> <span class='ocrx_word' id='word_1_518' title='bbox 962 3924 1086 3982; x_wconf 85' lang='lat' dir='ltr'><strong>alibi</strong></span> <span class='ocrx_word' id='word_1_519' title='bbox 1114 3925 1320 3998; x_wconf 85' lang='lat' dir='ltr'><strong>angelis</strong></span> <span class='ocrx_word' id='word_1_520' title='bbox 1345 3925 1639 3996; x_wconf 76' lang='lat' dir='ltr'><strong>assignant.</strong></span> <span class='ocrx_word' id='word_1_521' title='bbox 1676 3922 1817 3982; x_wconf 91' lang='lat' dir='ltr'><strong>Deus</strong></span> 
     </span>
    </p>
   </div>
   <div class='ocr_carea' id='block_1_68' title="bbox 211 4020 1817 4095">
    <p class='ocr_par' dir='ltr' id='par_1_68' title="bbox 211 4020 1817 4095">
     <span class='ocr_line' id='line_1_68' title="bbox 211 4020 1817 4095; baseline -0.002 -14"><span class='ocrx_word' id='word_1_522' title='bbox 211 4026 273 4082; x_wconf 88' lang='lat' dir='ltr'><strong>in</strong></span> <span class='ocrx_word' id='word_1_523' title='bbox 304 4023 445 4080; x_wconf 88' lang='lat' dir='ltr'><strong>rubo</strong></span> <span class='ocrx_word' id='word_1_524' title='bbox 469 4020 636 4095; x_wconf 80' lang='lat' dir='ltr'><strong>Moysi</strong></span> <span class='ocrx_word' id='word_1_525' title='bbox 665 4023 980 4094; x_wconf 88' lang='lat' dir='ltr'><strong>apparuisse</strong></span> <span class='ocrx_word' id='word_1_526' title='bbox 1006 4020 1225 4092; x_wconf 88' lang='lat' dir='ltr'><strong>legitur,</strong></span> <span class='ocrx_word' id='word_1_527' title='bbox 1259 4034 1421 4092; x_wconf 89' lang='lat' dir='ltr'><strong>quem</strong></span> <span class='ocrx_word' id='word_1_528' title='bbox 1451 4028 1632 4074; x_wconf 89' lang='lat' dir='ltr'><strong>tamen</strong></span> <span class='ocrx_word' id='word_1_529' title='bbox 1662 4033 1817 4091; x_wconf 86' lang='lat' dir='ltr'><strong>ange-</strong></span> 
     </span>
    </p>
   </div>
   <div class='ocr_carea' id='block_1_69' title="bbox 213 4108 1818 4190">
    <p class='ocr_par' dir='ltr' id='par_1_69' title="bbox 213 4108 1818 4190">
     <span class='ocr_line' id='line_1_69' title="bbox 213 4108 1818 4190; baseline -0.006 -15"><span class='ocrx_word' id='word_1_530' title='bbox 213 4117 335 4176; x_wconf 89' lang='lat' dir='ltr'><strong>lum</strong></span> <span class='ocrx_word' id='word_1_531' title='bbox 382 4118 619 4190; x_wconf 89' lang='lat' dir='ltr'><strong>appellat</strong></span> <span class='ocrx_word' id='word_1_532' title='bbox 647 4117 705 4175; x_wconf 87' lang='lat' dir='ltr'><strong>S.</strong></span> <span class='ocrx_word' id='word_1_533' title='bbox 741 4117 1051 4187; x_wconf 88' lang='lat' dir='ltr'><strong>Stephanus</strong></span> <span class='ocrx_word' id='word_1_534' title='bbox 1083 4116 1247 4188; x_wconf 65' lang='lat' dir='ltr'><strong>(Ach,</strong></span> <span class='ocrx_word' id='word_1_535' title='bbox 1290 4126 1386 4178; x_wconf 87' lang='lat' dir='ltr'><strong>vn,</strong></span> <span class='ocrx_word' id='word_1_536' title='bbox 1427 4111 1544 4185; x_wconf 76' lang='lat'><strong>35).</strong></span> <span class='ocrx_word' id='word_1_537' title='bbox 1579 4108 1722 4168; x_wconf 88' lang='lat' dir='ltr'><strong>Deus</strong></span> <span class='ocrx_word' id='word_1_538' title='bbox 1763 4111 1818 4167; x_wconf 93' lang='lat' dir='ltr'><strong>in</strong></span> 
     </span>
    </p>
   </div>
   <div class='ocr_carea' id='block_1_70' title="bbox 213 4205 1816 4284">
    <p class='ocr_par' dir='ltr' id='par_1_70' title="bbox 213 4205 1816 4284">
     <span class='ocr_line' id='line_1_70' title="bbox 213 4205 1816 4284; baseline -0.006 -13"><span class='ocrx_word' id='word_1_539' title='bbox 213 4221 405 4271; x_wconf 89' lang='lat' dir='ltr'><strong>monte</strong></span> <span class='ocrx_word' id='word_1_540' title='bbox 438 4212 584 4271; x_wconf 86' lang='lat' dir='ltr'><strong>Sinai</strong></span> <span class='ocrx_word' id='word_1_541' title='bbox 612 4211 926 4284; x_wconf 86' lang='lat' dir='ltr'><strong>decalogum</strong></span> <span class='ocrx_word' id='word_1_542' title='bbox 956 4210 1152 4271; x_wconf 82' lang='lat' dir='ltr'><strong>edidit,</strong></span> <span class='ocrx_word' id='word_1_543' title='bbox 1180 4220 1338 4280; x_wconf 80' lang='lat' dir='ltr'><strong>quam</strong></span> <span class='ocrx_word' id='word_1_544' title='bbox 1363 4215 1539 4263; x_wconf 87' lang='lat' dir='ltr'><strong>tamen</strong></span> <span class='ocrx_word' id='word_1_545' title='bbox 1572 4205 1816 4262; x_wconf 80' lang='lat' dir='ltr'><strong>eamdem</strong></span> 
     </span>
    </p>
   </div>
   <div class='ocr_carea' id='block_1_71' title="bbox 213 4292 1815 4380">
    <p class='ocr_par' dir='ltr' id='par_1_71' title="bbox 213 4292 1815 4380">
     <span class='ocr_line' id='line_1_71' title="bbox 213 4292 1815 4380; baseline -0.009 -16"><span class='ocrx_word' id='word_1_546' title='bbox 213 4307 396 4380; x_wconf 83' lang='lat' dir='ltr'><strong>legem</strong></span> <span class='ocrx_word' id='word_1_547' title='bbox 425 4307 494 4363; x_wconf 91' lang='lat' dir='ltr'><strong>ab</strong></span> <span class='ocrx_word' id='word_1_548' title='bbox 519 4304 726 4376; x_wconf 88' lang='lat' dir='ltr'><strong>angelis</strong></span> <span class='ocrx_word' id='word_1_549' title='bbox 759 4304 955 4360; x_wconf 90' lang='lat' dir='ltr'><strong>editam</strong></span> <span class='ocrx_word' id='word_1_550' title='bbox 988 4301 1064 4357; x_wconf 88' lang='lat' dir='ltr'><strong>ait</strong></span> <span class='ocrx_word' id='word_1_551' title='bbox 1093 4297 1379 4371; x_wconf 82' lang='lat' dir='ltr'><strong>Apostolus</strong></span> <span class='ocrx_word' id='word_1_552' title='bbox 1407 4292 1616 4371; x_wconf 82' lang='lat' dir='ltr'><strong>(Hebr.,</strong></span> <span class='ocrx_word' id='word_1_553' title='bbox 1650 4312 1709 4364; x_wconf 87' lang='grc' dir='ltr'><strong>ιι,</strong></span> <span class='ocrx_word' id='word_1_554' title='bbox 1738 4294 1815 4367; x_wconf 76' lang='grc'><strong>2).</strong></span> 
     </span>
    </p>
   </div>
   <div class='ocr_carea' id='block_1_72' title="bbox 218 4391 1812 4467">
    <p class='ocr_par' dir='ltr' id='par_1_72' title="bbox 218 4391 1812 4467">
     <span class='ocr_line' id='line_1_72' title="bbox 218 4391 1812 4467; baseline -0.009 -9"><span class='ocrx_word' id='word_1_555' title='bbox 218 4400 293 4458; x_wconf 86' lang='lat' dir='ltr'><strong>Et</strong></span> <span class='ocrx_word' id='word_1_556' title='bbox 322 4414 455 4456; x_wconf 85' lang='lat' dir='ltr'><strong>vero</strong></span> <span class='ocrx_word' id='word_1_557' title='bbox 478 4399 532 4454; x_wconf 91' lang='lat' dir='ltr'><strong>in</strong></span> <span class='ocrx_word' id='word_1_558' title='bbox 563 4396 665 4454; x_wconf 91' lang='lat' dir='ltr'><strong>hoc</strong></span> <span class='ocrx_word' id='word_1_559' title='bbox 693 4395 994 4454; x_wconf 67' lang='lat' dir='ltr'><strong>caelestium</strong></span> <span class='ocrx_word' id='word_1_560' title='bbox 1025 4393 1404 4467; x_wconf 89' lang='lat' dir='ltr'><strong>mysteriorum</strong></span> <span class='ocrx_word' id='word_1_561' title='bbox 1431 4391 1682 4448; x_wconf 83' lang='lat' dir='ltr'><strong>universo</strong></span> <span class='ocrx_word' id='word_1_562' title='bbox 1713 4400 1812 4445; x_wconf 88' lang='lat' dir='ltr'><strong>ue-</strong></span> 
     </span>
    </p>
   </div>
   <div class='ocr_carea' id='block_1_73' title="bbox 217 4482 1819 4570">
    <p class='ocr_par' dir='ltr' id='par_1_73' title="bbox 217 4482 1819 4570">
     <span class='ocr_line' id='line_1_73' title="bbox 217 4482 1819 4570; baseline -0.007 -19"><span class='ocrx_word' id='word_1_563' title='bbox 217 4494 374 4570; x_wconf 82' lang='lat' dir='ltr'><strong>gotio</strong></span> <span class='ocrx_word' id='word_1_564' title='bbox 395 4536 411 4562; x_wconf 91' lang='lat'><strong>,</strong></span> <span class='ocrx_word' id='word_1_565' title='bbox 450 4492 594 4565; x_wconf 89' lang='lat' dir='ltr'><strong>quod</strong></span> <span class='ocrx_word' id='word_1_566' title='bbox 639 4501 927 4564; x_wconf 77' lang='lat' dir='ltr'><strong>praeSIatur</strong></span> <span class='ocrx_word' id='word_1_567' title='bbox 958 4492 1009 4545; x_wconf 90' lang='lat' dir='ltr'><strong>in</strong></span> <span class='ocrx_word' id='word_1_568' title='bbox 1038 4486 1267 4544; x_wconf 87' lang='lat' dir='ltr'><strong>visibilis</strong></span> <span class='ocrx_word' id='word_1_569' title='bbox 1294 4484 1674 4543; x_wconf 76' lang='lat' dir='ltr'><strong>ecclesiaStica:</strong></span> <span class='ocrx_word' id='word_1_570' title='bbox 1702 4482 1819 4540; x_wconf 84' lang='lat' dir='ltr'><strong>hie-</strong></span> 
     </span>
    </p>
   </div>
   <div class='ocr_carea' id='block_1_74' title="bbox 218 4574 1821 4659">
    <p class='ocr_par' dir='ltr' id='par_1_74' title="bbox 218 4574 1821 4659">
     <span class='ocr_line' id='line_1_74' title="bbox 218 4574 1821 4659; baseline -0.009 -12"><span class='ocrx_word' id='word_1_571' title='bbox 218 4586 454 4647; x_wconf 76' lang='lat' dir='ltr'><strong>rarchitc</strong></span> <span class='ocrx_word' id='word_1_572' title='bbox 495 4578 788 4659; x_wconf 82' lang='lat' dir='ltr'><strong>mysteriis,</strong></span> <span class='ocrx_word' id='word_1_573' title='bbox 821 4582 1055 4640; x_wconf 84' lang='lat' dir='ltr'><strong>cilicium</strong></span> <span class='ocrx_word' id='word_1_574' title='bbox 1101 4579 1169 4636; x_wconf 87' lang='lat' dir='ltr'><strong>ab</strong></span> <span class='ocrx_word' id='word_1_575' title='bbox 1222 4578 1509 4651; x_wconf 74' lang='lat' dir='ltr'><strong>ordinariis</strong></span> <span class='ocrx_word' id='word_1_576' title='bbox 1564 4574 1821 4634; x_wconf 76' lang='lat' dir='ltr'><strong>Ecclesiae</strong></span> 
     </span>
    </p>
   </div>
   <div class='ocr_carea' id='block_1_75' title="bbox 1916 3370 3520 3445">
    <p class='ocr_par' dir='ltr' id='par_1_75' title="bbox 1916 3370 3520 3445">
     <span class='ocr_line' id='line_1_75' title="bbox 1916 3370 3520 3445; baseline 0.001 -18"><span class='ocrx_word' id='word_1_577' title='bbox 1916 3372 1984 3428; x_wconf 85' lang='lat' dir='ltr'><strong>Et</strong></span> <span class='ocrx_word' id='word_1_578' title='bbox 2012 3370 2067 3427; x_wconf 89' lang='lat' dir='ltr'><strong>in</strong></span> <span class='ocrx_word' id='word_1_579' title='bbox 2110 3372 2409 3428; x_wconf 87' lang='lat' dir='ltr'><strong>certamine</strong></span> <span class='ocrx_word' id='word_1_580' title='bbox 2441 3371 2723 3445; x_wconf 86' lang='lat' dir='ltr'><strong>Polycarpi</strong></span> <span class='ocrx_word' id='word_1_581' title='bbox 2773 3387 2959 3428; x_wconf 89' lang='lat' dir='ltr'><strong>vocem</strong></span> <span class='ocrx_word' id='word_1_582' title='bbox 3007 3373 3222 3428; x_wconf 67' lang='lat' dir='ltr'><strong>coalitus</strong></span> <span class='ocrx_word' id='word_1_583' title='bbox 3262 3373 3520 3429; x_wconf 90' lang='lat' dir='ltr'><strong>emissam</strong></span> 
     </span>
    </p>
   </div>
   <div class='ocr_carea' id='block_1_76' title="bbox 1916 3463 3519 3544">
    <p class='ocr_par' dir='ltr' id='par_1_76' title="bbox 1916 3463 3519 3544">
     <span class='ocr_line' id='line_1_76' title="bbox 1916 3463 3519 3544; baseline 0.001 -24"><span class='ocrx_word' id='word_1_584' title='bbox 1916 3472 2221 3521; x_wconf 88' lang='lat' dir='ltr'><strong>memorant</strong></span> <span class='ocrx_word' id='word_1_585' title='bbox 2239 3463 2618 3535; x_wconf 86' lang='lat' dir='ltr'><strong>Stnyrnenscs,</strong></span> <span class='ocrx_word' id='word_1_586' title='bbox 2641 3463 2801 3538; x_wconf 77' lang='grc' dir='ltr'>ἴσχυε</span> <span class='ocrx_word' id='word_1_587' title='bbox 2831 3466 3150 3542; x_wconf 78' lang='grc' dir='ltr'><strong>Πολύκαρπε,</strong></span> <span class='ocrx_word' id='word_1_588' title='bbox 3174 3470 3260 3522; x_wconf 77' lang='grc' dir='ltr'><strong>καὶ</strong></span> <span class='ocrx_word' id='word_1_589' title='bbox 3281 3464 3519 3544; x_wconf 75' lang='grc' dir='ltr'><strong>ἀνδρίζου</strong></span> 
     </span>
    </p>
   </div>
   <div class='ocr_carea' id='block_1_77' title="bbox 1918 3554 3523 3629">
    <p class='ocr_par' dir='ltr' id='par_1_77' title="bbox 1918 3554 3523 3629">
     <span class='ocr_line' id='line_1_77' title="bbox 1918 3554 3523 3629; baseline 0.002 -20"><span class='ocrx_word' id='word_1_590' title='bbox 1918 3554 2047 3629; x_wconf 84' lang='lat' dir='ltr'><strong>(Ep.</strong></span> <span class='ocrx_word' id='word_1_591' title='bbox 2078 3555 2147 3609; x_wconf 86' lang='lat' dir='ltr'><strong>ad</strong></span> <span class='ocrx_word' id='word_1_592' title='bbox 2176 3554 2404 3611; x_wconf 84' lang='lat' dir='ltr'><strong>Philam.</strong></span> <span class='ocrx_word' id='word_1_593' title='bbox 2442 3572 2532 3625; x_wconf 88' lang='lat' dir='ltr'><strong>ap.</strong></span> <span class='ocrx_word' id='word_1_594' title='bbox 2577 3555 2790 3622; x_wconf 82' lang='lat' dir='ltr'><strong>Ettseb.,</strong></span> <span class='ocrx_word' id='word_1_595' title='bbox 2821 3554 2958 3613; x_wconf 80' lang='lat' dir='ltr'><strong>Hist.</strong></span> <span class='ocrx_word' id='word_1_596' title='bbox 2992 3556 3139 3624; x_wconf 83' lang='lat' dir='ltr'><strong>eccl.,</strong></span> <span class='ocrx_word' id='word_1_597' title='bbox 3185 3572 3261 3623; x_wconf 88' lang='lat' dir='ltr'><strong>iV,</strong></span> <span class='ocrx_word' id='word_1_598' title='bbox 3292 3554 3407 3629; x_wconf 82' lang='lat' dir='ltr'><strong>i5).</strong></span> <span class='ocrx_word' id='word_1_599' title='bbox 3454 3556 3523 3613; x_wconf 87' lang='lat' dir='ltr'><strong>Et</strong></span> 
     </span>
    </p>
   </div>
   <div class='ocr_carea' id='block_1_78' title="bbox 1918 3644 3523 3718">
    <p class='ocr_par' dir='ltr' id='par_1_78' title="bbox 1918 3644 3523 3718">
     <span class='ocr_line' id='line_1_78' title="bbox 1918 3644 3523 3718; baseline 0 -14"><span class='ocrx_word' id='word_1_600' title='bbox 1918 3648 2115 3704; x_wconf 89' lang='lat' dir='ltr'><strong>merito</strong></span> <span class='ocrx_word' id='word_1_601' title='bbox 2138 3660 2270 3703; x_wconf 85' lang='lat' dir='ltr'><strong>sane</strong></span> <span class='ocrx_word' id='word_1_602' title='bbox 2288 3645 2367 3702; x_wconf 91' lang='lat' dir='ltr'><strong>illi</strong></span> <span class='ocrx_word' id='word_1_603' title='bbox 2400 3644 2490 3703; x_wconf 91' lang='lat' dir='ltr'><strong>Dei</strong></span> <span class='ocrx_word' id='word_1_604' title='bbox 2511 3644 2647 3704; x_wconf 88' lang='lat' dir='ltr'><strong>hanc</strong></span> <span class='ocrx_word' id='word_1_605' title='bbox 2670 3646 2900 3704; x_wconf 77' lang='lat' dir='ltr'><strong>faventis</strong></span> <span class='ocrx_word' id='word_1_606' title='bbox 2927 3647 3274 3718; x_wconf 57' lang='lat' dir='ltr'><strong>pra&#39;scnliam</strong></span> <span class='ocrx_word' id='word_1_607' title='bbox 3298 3648 3523 3704; x_wconf 81' lang='lat' dir='ltr'><strong>maximi</strong></span> 
     </span>
    </p>
   </div>
   <div class='ocr_carea' id='block_1_79' title="bbox 1920 3737 3520 3809">
    <p class='ocr_par' dir='ltr' id='par_1_79' title="bbox 1920 3737 3520 3809">
     <span class='ocr_line' id='line_1_79' title="bbox 1920 3737 3520 3809; baseline -0.001 -14"><span class='ocrx_word' id='word_1_608' title='bbox 1920 3739 2144 3796; x_wconf 88' lang='lat' dir='ltr'><strong>honoris</strong></span> <span class='ocrx_word' id='word_1_609' title='bbox 2171 3739 2295 3795; x_wconf 89' lang='lat' dir='ltr'><strong>loco</strong></span> <span class='ocrx_word' id='word_1_610' title='bbox 2320 3739 2611 3795; x_wconf 85' lang='lat' dir='ltr'><strong>duxerunt.</strong></span> <span class='ocrx_word' id='word_1_611' title='bbox 2641 3738 2699 3794; x_wconf 88' lang='lat' dir='ltr'><strong>In</strong></span> <span class='ocrx_word' id='word_1_612' title='bbox 2739 3755 2805 3795; x_wconf 93' lang='lat' dir='ltr'><strong>co</strong></span> <span class='ocrx_word' id='word_1_613' title='bbox 2833 3750 3011 3795; x_wconf 87' lang='lat' dir='ltr'><strong>autem</strong></span> <span class='ocrx_word' id='word_1_614' title='bbox 3044 3738 3378 3809; x_wconf 75' lang='lat' dir='ltr'><strong>praetulerint</strong></span> <span class='ocrx_word' id='word_1_615' title='bbox 3404 3737 3520 3794; x_wconf 88' lang='lat' dir='ltr'><strong>for-</strong></span> 
     </span>
    </p>
   </div>
   <div class='ocr_carea' id='block_1_80' title="bbox 1921 3831 3522 3905">
    <p class='ocr_par' dir='ltr' id='par_1_80' title="bbox 1921 3831 3522 3905">
     <span class='ocr_line' id='line_1_80' title="bbox 1921 3831 3522 3905; baseline -0.002 -14"><span class='ocrx_word' id='word_1_616' title='bbox 1921 3844 2067 3892; x_wconf 88' lang='lat' dir='ltr'><strong>tasse</strong></span> <span class='ocrx_word' id='word_1_617' title='bbox 2091 3832 2373 3905; x_wconf 87' lang='lat' dir='ltr'><strong>sanguinei</strong></span> <span class='ocrx_word' id='word_1_618' title='bbox 2394 3833 2553 3905; x_wconf 87' lang='lat' dir='ltr'><strong>hujus</strong></span> <span class='ocrx_word' id='word_1_619' title='bbox 2574 3831 2826 3905; x_wconf 81' lang='lat' dir='ltr'><strong>baptismi</strong></span> <span class='ocrx_word' id='word_1_620' title='bbox 2849 3842 3186 3904; x_wconf 87' lang='lat' dir='ltr'><strong>apparatum,</strong></span> <span class='ocrx_word' id='word_1_621' title='bbox 3203 3831 3367 3902; x_wconf 86' lang='lat' dir='ltr'><strong>quod,</strong></span> <span class='ocrx_word' id='word_1_622' title='bbox 3398 3845 3522 3888; x_wconf 91' lang='lat' dir='ltr'><strong>cum</strong></span> 
     </span>
    </p>
   </div>
   <div class='ocr_carea' id='block_1_81' title="bbox 1921 3922 3522 3999">
    <p class='ocr_par' dir='ltr' id='par_1_81' title="bbox 1921 3922 3522 3999">
     <span class='ocr_line' id='line_1_81' title="bbox 1921 3922 3522 3999; baseline -0.003 -15"><span class='ocrx_word' id='word_1_623' title='bbox 1921 3928 1976 3984; x_wconf 90' lang='lat' dir='ltr'><strong>in</strong></span> <span class='ocrx_word' id='word_1_624' title='bbox 2017 3922 2156 3984; x_wconf 63' lang='lat' dir='ltr'><strong>caelo</strong></span> <span class='ocrx_word' id='word_1_625' title='bbox 2185 3927 2437 3999; x_wconf 85' lang='lat' dir='ltr'><strong>gaudium</strong></span> <span class='ocrx_word' id='word_1_626' title='bbox 2481 3942 2602 3983; x_wconf 90' lang='lat' dir='ltr'><strong>esse</strong></span> <span class='ocrx_word' id='word_1_627' title='bbox 2632 3934 2936 3982; x_wconf 89' lang='lat' dir='ltr'><strong>memorant</strong></span> <span class='ocrx_word' id='word_1_628' title='bbox 2989 3940 3157 3981; x_wconf 68' lang='lat' dir='ltr'><strong>sacra:</strong></span> <span class='ocrx_word' id='word_1_629' title='bbox 3198 3923 3420 3981; x_wconf 67' lang='lat' dir='ltr'><strong>Litterae</strong></span> <span class='ocrx_word' id='word_1_630' title='bbox 3468 3924 3522 3980; x_wconf 91' lang='lat' dir='ltr'><strong>in</strong></span> 
     </span>
    </p>
   </div>
   <div class='ocr_carea' id='block_1_82' title="bbox 1922 4018 3523 4096">
    <p class='ocr_par' dir='ltr' id='par_1_82' title="bbox 1922 4018 3523 4096">
     <span class='ocr_line' id='line_1_82' title="bbox 1922 4018 3523 4096; baseline -0.003 -19"><span class='ocrx_word' id='word_1_631' title='bbox 1922 4021 2279 4078; x_wconf 84' lang='lat' dir='ltr'><strong>conversione</strong></span> <span class='ocrx_word' id='word_1_632' title='bbox 2326 4020 2627 4092; x_wconf 89' lang='lat' dir='ltr'><strong>peccatoris</strong></span> <span class='ocrx_word' id='word_1_633' title='bbox 2657 4020 2677 4096; x_wconf 93' lang='lat'><strong>(</strong></span> <span class='ocrx_word' id='word_1_634' title='bbox 2705 4030 2879 4091; x_wconf 87' lang='lat' dir='ltr'><strong>aqueo</strong></span> <span class='ocrx_word' id='word_1_635' title='bbox 2929 4019 3184 4074; x_wconf 91' lang='lat' dir='ltr'><strong>nimirum</strong></span> <span class='ocrx_word' id='word_1_636' title='bbox 3254 4018 3523 4090; x_wconf 89' lang='lat' dir='ltr'><strong>baptismo</strong></span> 
     </span>
    </p>
   </div>
   <div class='ocr_carea' id='block_1_83' title="bbox 1923 4106 3527 4187">
    <p class='ocr_par' dir='ltr' id='par_1_83' title="bbox 1923 4106 3527 4187">
     <span class='ocr_line' id='line_1_83' title="bbox 1923 4106 3527 4187; baseline -0.004 -16"><span class='ocrx_word' id='word_1_637' title='bbox 1923 4112 2168 4187; x_wconf 88' lang='lat' dir='ltr'><strong>expiati),</strong></span> <span class='ocrx_word' id='word_1_638' title='bbox 2201 4112 2324 4170; x_wconf 73' lang='grc' dir='ltr'><strong>θαιιὶ</strong></span> <span class='ocrx_word' id='word_1_639' title='bbox 2351 4114 2569 4169; x_wconf 90' lang='lat' dir='ltr'><strong>nomine</strong></span> <span class='ocrx_word' id='word_1_640' title='bbox 2590 4114 2843 4169; x_wconf 82' lang='lat' dir='ltr'><strong>caelestes</strong></span> <span class='ocrx_word' id='word_1_641' title='bbox 2868 4120 3165 4176; x_wconf 89' lang='lat' dir='ltr'><strong>creaturas,</strong></span> <span class='ocrx_word' id='word_1_642' title='bbox 3195 4112 3416 4183; x_wconf 88' lang='lat' dir='ltr'><strong>angelos</strong></span> <span class='ocrx_word' id='word_1_643' title='bbox 3445 4106 3527 4165; x_wconf 88' lang='lat' dir='ltr'><strong>ni-</strong></span> 
     </span>
    </p>
   </div>
   <div class='ocr_carea' id='block_1_84' title="bbox 1924 4202 3526 4278">
    <p class='ocr_par' dir='ltr' id='par_1_84' title="bbox 1924 4202 3526 4278">
     <span class='ocr_line' id='line_1_84' title="bbox 1924 4202 3526 4278; baseline -0.001 -15"><span class='ocrx_word' id='word_1_644' title='bbox 1924 4207 2142 4278; x_wconf 72' lang='lat' dir='ltr'><strong>mirum,</strong></span> <span class='ocrx_word' id='word_1_645' title='bbox 2171 4206 2563 4273; x_wconf 83' lang='lat' dir='ltr'><strong>intellexerint;</strong></span> <span class='ocrx_word' id='word_1_646' title='bbox 2597 4205 2684 4262; x_wconf 89' lang='lat' dir='ltr'><strong>hic</strong></span> <span class='ocrx_word' id='word_1_647' title='bbox 2721 4205 2889 4262; x_wconf 91' lang='lat' dir='ltr'><strong>Deum</strong></span> <span class='ocrx_word' id='word_1_648' title='bbox 2911 4205 3086 4277; x_wconf 90' lang='lat' dir='ltr'><strong>ipsum</strong></span> <span class='ocrx_word' id='word_1_649' title='bbox 3121 4203 3347 4277; x_wconf 90' lang='lat' dir='ltr'><strong>ejusque</strong></span> <span class='ocrx_word' id='word_1_650' title='bbox 3372 4202 3526 4261; x_wconf 88' lang='lat' dir='ltr'><strong>Chri-</strong></span> 
     </span>
    </p>
   </div>
   <div class='ocr_carea' id='block_1_85' title="bbox 1922 4299 2854 4373">
    <p class='ocr_par' dir='ltr' id='par_1_85' title="bbox 1922 4299 2854 4373">
     <span class='ocr_line' id='line_1_85' title="bbox 1922 4299 2854 4373; baseline -0.001 -15"><span class='ocrx_word' id='word_1_651' title='bbox 1922 4310 2066 4358; x_wconf 91' lang='lat' dir='ltr'><strong>stum</strong></span> <span class='ocrx_word' id='word_1_652' title='bbox 2098 4299 2413 4373; x_wconf 82' lang='lat' dir='ltr'><strong>plaudentes</strong></span> <span class='ocrx_word' id='word_1_653' title='bbox 2439 4299 2854 4358; x_wconf 80' lang='lat' dir='ltr'><strong>introduxerint.</strong></span> 
     </span>
    </p>
   </div>
   <div class='ocr_carea' id='block_1_86' title="bbox 2000 4388 3524 4468">
    <p class='ocr_par' dir='ltr' id='par_1_86' title="bbox 2000 4388 3524 4468">
     <span class='ocr_line' id='line_1_86' title="bbox 2000 4388 3524 4468; baseline 0 -18"><span class='ocrx_word' id='word_1_654' title='bbox 2000 4388 2294 4468; x_wconf 80' lang='lat' dir='ltr'><strong>§7.—Non</strong></span> <span class='ocrx_word' id='word_1_655' title='bbox 2314 4408 2402 4451; x_wconf 92' lang='lat' dir='ltr'><strong>me</strong></span> <span class='ocrx_word' id='word_1_656' title='bbox 2418 4393 2547 4451; x_wconf 87' lang='lat' dir='ltr'><strong>latet</strong></span> <span class='ocrx_word' id='word_1_657' title='bbox 2571 4394 2903 4466; x_wconf 90' lang='lat' dir='ltr'><strong>antiquitatis</strong></span> <span class='ocrx_word' id='word_1_658' title='bbox 2926 4401 3330 4467; x_wconf 88' lang='lat' dir='ltr'><strong>contemptores</strong></span> <span class='ocrx_word' id='word_1_659' title='bbox 3359 4408 3524 4466; x_wconf 90' lang='lat' dir='ltr'><strong>quam</strong></span> 
     </span>
    </p>
   </div>
   <div class='ocr_carea' id='block_1_87' title="bbox 1923 4482 3527 4544">
    <p class='ocr_par' dir='ltr' id='par_1_87' title="bbox 1923 4482 3527 4544">
     <span class='ocr_line' id='line_1_87' title="bbox 1923 4482 3527 4544; baseline 0 -2"><span class='ocrx_word' id='word_1_660' title='bbox 1923 4484 2002 4543; x_wconf 91' lang='lat' dir='ltr'><strong>illi</strong></span> <span class='ocrx_word' id='word_1_661' title='bbox 2045 4482 2162 4543; x_wconf 56' lang='lat' dir='ltr'><strong>haec</strong></span> <span class='ocrx_word' id='word_1_662' title='bbox 2188 4494 2431 4544; x_wconf 84' lang='lat' dir='ltr'><strong>veterum</strong></span> <span class='ocrx_word' id='word_1_663' title='bbox 2462 4488 2881 4544; x_wconf 87' lang='lat' dir='ltr'><strong>christianorum</strong></span> <span class='ocrx_word' id='word_1_664' title='bbox 2912 4488 3194 4544; x_wconf 89' lang='lat' dir='ltr'><strong>ratiocinia</strong></span> <span class='ocrx_word' id='word_1_665' title='bbox 3227 4488 3374 4544; x_wconf 91' lang='lat' dir='ltr'><strong>nullo</strong></span> <span class='ocrx_word' id='word_1_666' title='bbox 3415 4488 3527 4543; x_wconf 89' lang='lat' dir='ltr'><strong>sint</strong></span> 
     </span>
    </p>
   </div>
   <div class='ocr_carea' id='block_1_88' title="bbox 1924 4572 3529 4651">
    <p class='ocr_par' dir='ltr' id='par_1_88' title="bbox 1924 4572 3529 4651">
     <span class='ocr_line' id='line_1_88' title="bbox 1924 4572 3529 4651; baseline 0.001 -17"><span class='ocrx_word' id='word_1_667' title='bbox 1924 4576 1979 4634; x_wconf 88' lang='lat' dir='ltr'><strong>in</strong></span> <span class='ocrx_word' id='word_1_668' title='bbox 2024 4574 2149 4634; x_wconf 91' lang='lat' dir='ltr'><strong>loco</strong></span> <span class='ocrx_word' id='word_1_669' title='bbox 2179 4576 2435 4633; x_wconf 89' lang='lat' dir='ltr'><strong>habituri.</strong></span> <span class='ocrx_word' id='word_1_670' title='bbox 2468 4576 2623 4647; x_wconf 85' lang='lat' dir='ltr'><strong>Quod</strong></span> <span class='ocrx_word' id='word_1_671' title='bbox 2668 4579 2989 4651; x_wconf 86' lang='lat' dir='ltr'><strong>martyrium</strong></span> <span class='ocrx_word' id='word_1_672' title='bbox 3018 4578 3272 4650; x_wconf 90' lang='lat' dir='ltr'><strong>baptismi</strong></span> <span class='ocrx_word' id='word_1_673' title='bbox 3305 4572 3529 4635; x_wconf 86' lang='lat' dir='ltr'><strong>secundi</strong></span> 
     </span>
    </p>
   </div>
   <div class='ocr_carea' id='block_1_89' title="bbox 218 4666 3530 4751">
    <p class='ocr_par' dir='ltr' id='par_1_89' title="bbox 218 4666 3530 4751">
     <span class='ocr_line' id='line_1_89' title="bbox 218 4666 3530 4751; baseline -0.003 -14"><span class='ocrx_word' id='word_1_674' title='bbox 218 4678 510 4748; x_wconf 86' lang='lat' dir='ltr'><strong>ministris,</strong></span> <span class='ocrx_word' id='word_1_675' title='bbox 548 4686 655 4733; x_wconf 89' lang='lat' dir='ltr'><strong>tam</strong></span> <span class='ocrx_word' id='word_1_676' title='bbox 703 4676 1024 4751; x_wconf 76' lang='grc' dir='ltr'><strong>βελτιωτικὸν</strong></span> <span class='ocrx_word' id='word_1_677' title='bbox 1072 4671 1236 4738; x_wconf 91' lang='lat' dir='ltr'><strong>illud,</strong></span> <span class='ocrx_word' id='word_1_678' title='bbox 1285 4668 1430 4743; x_wconf 90' lang='lat' dir='ltr'><strong>quod</strong></span> <span class='ocrx_word' id='word_1_679' title='bbox 1477 4669 1609 4738; x_wconf 80' lang='lat' dir='ltr'><strong>dixi,</strong></span> <span class='ocrx_word' id='word_1_680' title='bbox 1660 4668 2082 4741; x_wconf 83' lang='lat' dir='ltr'><strong>quathitulo</strong></span> <span class='ocrx_word' id='word_1_681' title='bbox 2132 4670 2499 4741; x_wconf 87' lang='lat' dir='ltr'><strong>insignierint;</strong></span> <span class='ocrx_word' id='word_1_682' title='bbox 2554 4686 2658 4728; x_wconf 92' lang='lat' dir='ltr'><strong>nec</strong></span> <span class='ocrx_word' id='word_1_683' title='bbox 2704 4671 2849 4726; x_wconf 88' lang='lat' dir='ltr'><strong>nudo</strong></span> <span class='ocrx_word' id='word_1_684' title='bbox 2891 4671 3169 4726; x_wconf 79' lang='lat' dir='ltr'><strong>dumtaxat</strong></span> <span class='ocrx_word' id='word_1_685' title='bbox 3212 4666 3385 4737; x_wconf 90' lang='lat' dir='ltr'><strong>titulo,</strong></span> <span class='ocrx_word' id='word_1_686' title='bbox 3429 4669 3530 4727; x_wconf 90' lang='lat' dir='ltr'><strong>sed</strong></span> 
     </span>
    </p>
   </div>
   <div class='ocr_carea' id='block_1_90' title="bbox 221 4760 1821 4851">
    <p class='ocr_par' dir='ltr' id='par_1_90' title="bbox 221 4760 1821 4851">
     <span class='ocr_line' id='line_1_90' title="bbox 221 4760 1821 4851; baseline -0.008 -20"><span class='ocrx_word' id='word_1_687' title='bbox 221 4774 395 4831; x_wconf 77' lang='lat' dir='ltr'><strong>etiam</strong></span> <span class='ocrx_word' id='word_1_688' title='bbox 428 4772 736 4851; x_wconf 70' lang='grc' dir='ltr'><strong>ὖπηρετικὸν</strong></span> <span class='ocrx_word' id='word_1_689' title='bbox 759 4770 899 4826; x_wconf 87' lang='lat' dir='ltr'><strong>idem</strong></span> <span class='ocrx_word' id='word_1_690' title='bbox 924 4767 1129 4839; x_wconf 80' lang='lat' dir='ltr'><strong>angelis</strong></span> <span class='ocrx_word' id='word_1_691' title='bbox 1159 4763 1397 4821; x_wconf 87' lang='lat' dir='ltr'><strong>officium</strong></span> <span class='ocrx_word' id='word_1_692' title='bbox 1426 4764 1664 4835; x_wconf 82' lang='lat' dir='ltr'><strong>assignat</strong></span> <span class='ocrx_word' id='word_1_693' title='bbox 1701 4760 1821 4819; x_wconf 89' lang='lat' dir='ltr'><strong>Cle-</strong></span> 
     </span>
    </p>
   </div>
   <div class='ocr_carea' id='block_1_91' title="bbox 222 4852 1819 4932">
    <p class='ocr_par' dir='ltr' id='par_1_91' title="bbox 222 4852 1819 4932">
     <span class='ocr_line' id='line_1_91' title="bbox 222 4852 1819 4932; baseline -0.009 -8"><span class='ocrx_word' id='word_1_694' title='bbox 222 4876 386 4924; x_wconf 86' lang='lat' dir='ltr'><strong>mens</strong></span> <span class='ocrx_word' id='word_1_695' title='bbox 437 4860 833 4922; x_wconf 80' lang='lat' dir='ltr'><strong>Alexandrinus</strong></span> <span class='ocrx_word' id='word_1_696' title='bbox 877 4881 891 4918; x_wconf 92' lang='lat'><strong>:</strong></span> <span class='ocrx_word' id='word_1_697' title='bbox 948 4862 1144 4922; x_wconf 72' lang='grc' dir='ltr'><strong>ταύτας</strong></span> <span class='ocrx_word' id='word_1_698' title='bbox 1192 4859 1365 4929; x_wconf 90' lang='lat' dir='ltr'><strong>inquit</strong></span> <span class='ocrx_word' id='word_1_699' title='bbox 1402 4854 1598 4932; x_wconf 84' lang='lat' dir='ltr'><strong>(Clem.</strong></span> <span class='ocrx_word' id='word_1_700' title='bbox 1645 4852 1819 4927; x_wconf 56' lang='lat' dir='ltr'><strong>Alea,</strong></span> 
     </span>
    </p>
   </div>
   <div class='ocr_carea' id='block_1_92' title="bbox 227 4949 1824 5033">
    <p class='ocr_par' dir='ltr' id='par_1_92' title="bbox 227 4949 1824 5033">
     <span class='ocr_line' id='line_1_92' title="bbox 227 4949 1824 5033; baseline -0.006 -16"><span class='ocrx_word' id='word_1_701' title='bbox 227 4956 743 5031; x_wconf 83' lang='lat' dir='ltr'><strong>Strom.,vu,init.),</strong></span> <span class='ocrx_word' id='word_1_702' title='bbox 763 4955 911 5033; x_wconf 78' lang='grc' dir='ltr'><strong>ἄμφω</strong></span> <span class='ocrx_word' id='word_1_703' title='bbox 936 4958 1029 5020; x_wconf 79' lang='grc' dir='ltr'><strong>τὰς</strong></span> <span class='ocrx_word' id='word_1_704' title='bbox 1051 4954 1307 5016; x_wconf 73' lang='grc' dir='ltr'><strong>διακονίας</strong></span> <span class='ocrx_word' id='word_1_705' title='bbox 1336 4949 1535 5027; x_wconf 72' lang='grc' dir='ltr'><strong>ἄγγελοι</strong></span> <span class='ocrx_word' id='word_1_706' title='bbox 1559 4970 1612 5009; x_wconf 82' lang='grc' dir='ltr'><strong>τε</strong></span> <span class='ocrx_word' id='word_1_707' title='bbox 1638 4953 1824 5029; x_wconf 77' lang='grc' dir='ltr'><strong>ὑπηρε-</strong></span> 
     </span>
    </p>
   </div>
   <div class='ocr_carea' id='block_1_93' title="bbox 227 5042 1827 5129">
    <p class='ocr_par' dir='ltr' id='par_1_93' title="bbox 227 5042 1827 5129">
     <span class='ocr_line' id='line_1_93' title="bbox 227 5042 1827 5129; baseline -0.009 -16"><span class='ocrx_word' id='word_1_708' title='bbox 227 5060 442 5114; x_wconf 75' lang='grc' dir='ltr'><strong>τοῦνται</strong></span> <span class='ocrx_word' id='word_1_709' title='bbox 467 5062 541 5129; x_wconf 83' lang='grc' dir='ltr'><strong>τῷ</strong></span> <span class='ocrx_word' id='word_1_710' title='bbox 577 5056 671 5127; x_wconf 78' lang='grc' dir='ltr'><strong>θεῷ</strong></span> <span class='ocrx_word' id='word_1_711' title='bbox 698 5050 833 5108; x_wconf 77' lang='grc' dir='ltr'><strong>κατὰ</strong></span> <span class='ocrx_word' id='word_1_712' title='bbox 870 5055 959 5111; x_wconf 74' lang='grc' dir='ltr'><strong>τήν</strong></span> <span class='ocrx_word' id='word_1_713' title='bbox 998 5056 1096 5107; x_wconf 79' lang='grc' dir='ltr'><strong>τῶν</strong></span> <span class='ocrx_word' id='word_1_714' title='bbox 1126 5048 1386 5123; x_wconf 72' lang='grc' dir='ltr'><strong>περιγείων</strong></span> <span class='ocrx_word' id='word_1_715' title='bbox 1407 5042 1710 5117; x_wconf 72' lang='grc' dir='ltr'><strong>οἰκονομίαν,</strong></span> <span class='ocrx_word' id='word_1_716' title='bbox 1740 5045 1827 5101; x_wconf 71' lang='grc' dir='ltr'><strong>καὶ</strong></span> 
     </span>
    </p>
   </div>
   <div class='ocr_carea' id='block_1_94' title="bbox 231 5132 1827 5223">
    <p class='ocr_par' dir='ltr' id='par_1_94' title="bbox 231 5132 1827 5223">
     <span class='ocr_line' id='line_1_94' title="bbox 231 5132 1827 5223; baseline -0.011 -17"><span class='ocrx_word' id='word_1_717' title='bbox 231 5149 395 5209; x_wconf 77' lang='grc' dir='ltr'><strong>αὐτὸς</strong></span> <span class='ocrx_word' id='word_1_718' title='bbox 414 5146 441 5205; x_wconf 79' lang='grc' dir='ltr'><strong>ὃ</strong></span> <span class='ocrx_word' id='word_1_719' title='bbox 458 5148 761 5223; x_wconf 71' lang='grc' dir='ltr'><strong>γνωστικὸς,</strong></span> <span class='ocrx_word' id='word_1_720' title='bbox 785 5153 887 5200; x_wconf 89' lang='lat' dir='ltr'><strong>etc.</strong></span> <span class='ocrx_word' id='word_1_721' title='bbox 918 5138 1026 5198; x_wconf 91' lang='lat' dir='ltr'><strong>Sed</strong></span> <span class='ocrx_word' id='word_1_722' title='bbox 1053 5140 1335 5197; x_wconf 83' lang='lat' dir='ltr'><strong>redeamus</strong></span> <span class='ocrx_word' id='word_1_723' title='bbox 1355 5134 1421 5194; x_wconf 88' lang='lat' dir='ltr'><strong>ad</strong></span> <span class='ocrx_word' id='word_1_724' title='bbox 1452 5140 1696 5193; x_wconf 88' lang='lat' dir='ltr'><strong>nostrum</strong></span> <span class='ocrx_word' id='word_1_725' title='bbox 1722 5132 1827 5208; x_wconf 81' lang='lat' dir='ltr'><strong>Cy-</strong></span> 
     </span>
    </p>
   </div>
   <div class='ocr_carea' id='block_1_95' title="bbox 232 5244 509 5316">
    <p class='ocr_par' dir='ltr' id='par_1_95' title="bbox 232 5244 509 5316">
     <span class='ocr_line' id='line_1_95' title="bbox 232 5244 509 5316; baseline 0 -16"><span class='ocrx_word' id='word_1_726' title='bbox 232 5244 509 5316; x_wconf 89' lang='lat' dir='ltr'><strong>prianum.</strong></span> 
     </span>
    </p>
   </div>
   <div class='ocr_carea' id='block_1_96' title="bbox 312 5322 1830 5409">
    <p class='ocr_par' dir='ltr' id='par_1_96' title="bbox 312 5322 1830 5409">
     <span class='ocr_line' id='line_1_96' title="bbox 312 5322 1830 5409; baseline -0.007 -16"><span class='ocrx_word' id='word_1_727' title='bbox 312 5333 634 5409; x_wconf 81' lang='lat' dir='ltr'><strong>§6.~—ldem</strong></span> <span class='ocrx_word' id='word_1_728' title='bbox 646 5330 879 5406; x_wconf 84' lang='lat' dir='ltr'><strong>denique</strong></span> <span class='ocrx_word' id='word_1_729' title='bbox 908 5326 1358 5405; x_wconf 82' lang='lat' dir='ltr'><strong>additmysticum</strong></span> <span class='ocrx_word' id='word_1_730' title='bbox 1389 5327 1531 5386; x_wconf 79' lang='lat' dir='ltr'><strong>hunc</strong></span> <span class='ocrx_word' id='word_1_731' title='bbox 1556 5322 1830 5401; x_wconf 85' lang='lat' dir='ltr'><strong>sanguinis</strong></span> 
     </span>
    </p>
   </div>
   <div class='ocr_carea' id='block_1_97' title="bbox 234 5416 1830 5503">
    <p class='ocr_par' dir='ltr' id='par_1_97' title="bbox 234 5416 1830 5503">
     <span class='ocr_line' id='line_1_97' title="bbox 234 5416 1830 5503; baseline -0.009 -14"><span class='ocrx_word' id='word_1_732' title='bbox 234 5431 566 5503; x_wconf 87' lang='lat' dir='ltr'><strong>baptismum</strong></span> <span class='ocrx_word' id='word_1_733' title='bbox 599 5426 652 5485; x_wconf 84' lang='lat' dir='ltr'><strong>in</strong></span> <span class='ocrx_word' id='word_1_734' title='bbox 680 5427 887 5485; x_wconf 89' lang='lat' dir='ltr'><strong>honore</strong></span> <span class='ocrx_word' id='word_1_735' title='bbox 916 5438 1037 5484; x_wconf 89' lang='lat' dir='ltr'><strong>esse</strong></span> <span class='ocrx_word' id='word_1_736' title='bbox 1064 5420 1463 5497; x_wconf 87' lang='lat' dir='ltr'><strong>pretiosiorem.</strong></span> <span class='ocrx_word' id='word_1_737' title='bbox 1486 5420 1617 5492; x_wconf 65' lang='lat' dir='ltr'><strong>Quae</strong></span> <span class='ocrx_word' id='word_1_738' title='bbox 1666 5416 1830 5477; x_wconf 81' lang='lat' dir='ltr'><strong>verba</strong></span> 
     </span>
    </p>
   </div>
   <div class='ocr_carea' id='block_1_98' title="bbox 235 5516 1832 5591">
    <p class='ocr_par' dir='ltr' id='par_1_98' title="bbox 235 5516 1832 5591">
     <span class='ocr_line' id='line_1_98' title="bbox 235 5516 1832 5591; baseline -0.008 -8"><span class='ocrx_word' id='word_1_739' title='bbox 235 5524 308 5583; x_wconf 89' lang='lat' dir='ltr'><strong>ad</strong></span> <span class='ocrx_word' id='word_1_740' title='bbox 334 5523 430 5581; x_wconf 90' lang='lat' dir='ltr'><strong>illa</strong></span> <span class='ocrx_word' id='word_1_741' title='bbox 469 5524 696 5581; x_wconf 75' lang='lat' dir='ltr'><strong>fortasse</strong></span> <span class='ocrx_word' id='word_1_742' title='bbox 724 5520 1005 5580; x_wconf 78' lang='lat' dir='ltr'><strong>referenda</strong></span> <span class='ocrx_word' id='word_1_743' title='bbox 1044 5526 1189 5588; x_wconf 88' lang='lat' dir='ltr'><strong>sunt,</strong></span> <span class='ocrx_word' id='word_1_744' title='bbox 1221 5518 1363 5591; x_wconf 90' lang='lat' dir='ltr'><strong>quod</strong></span> <span class='ocrx_word' id='word_1_745' title='bbox 1409 5530 1529 5574; x_wconf 89' lang='lat' dir='ltr'><strong>cum</strong></span> <span class='ocrx_word' id='word_1_746' title='bbox 1565 5516 1620 5572; x_wconf 91' lang='lat' dir='ltr'><strong>in</strong></span> <span class='ocrx_word' id='word_1_747' title='bbox 1660 5524 1832 5587; x_wconf 88' lang='lat' dir='ltr'><strong>aqueo</strong></span> 
     </span>
    </p>
   </div>
   <div class='ocr_carea' id='block_1_99' title="bbox 240 5608 1832 5692">
    <p class='ocr_par' dir='ltr' id='par_1_99' title="bbox 240 5608 1832 5692">
     <span class='ocr_line' id='line_1_99' title="bbox 240 5608 1832 5692; baseline -0.008 -15"><span class='ocrx_word' id='word_1_748' title='bbox 240 5618 515 5692; x_wconf 85' lang='lat' dir='ltr'><strong>baptismo</strong></span> <span class='ocrx_word' id='word_1_749' title='bbox 534 5619 675 5674; x_wconf 89' lang='lat' dir='ltr'><strong>servi</strong></span> <span class='ocrx_word' id='word_1_750' title='bbox 696 5613 1397 5681; x_wconf 79' lang='lat' dir='ltr'><strong>dumtaxatconscribimur,</strong></span> <span class='ocrx_word' id='word_1_751' title='bbox 1428 5610 1515 5669; x_wconf 89' lang='lat' dir='ltr'><strong>hic</strong></span> <span class='ocrx_word' id='word_1_752' title='bbox 1541 5612 1592 5668; x_wconf 88' lang='lat' dir='ltr'><strong>in</strong></span> <span class='ocrx_word' id='word_1_753' title='bbox 1615 5608 1832 5687; x_wconf 79' lang='lat' dir='ltr'><strong>sangui-</strong></span> 
     </span>
    </p>
   </div>
   <div class='ocr_carea' id='block_1_100' title="bbox 243 5703 1834 5783">
    <p class='ocr_par' dir='ltr' id='par_1_100' title="bbox 243 5703 1834 5783">
     <span class='ocr_line' id='line_1_100' title="bbox 243 5703 1834 5783; baseline -0.008 -14"><span class='ocrx_word' id='word_1_754' title='bbox 243 5726 351 5771; x_wconf 90' lang='lat' dir='ltr'><strong>neo</strong></span> <span class='ocrx_word' id='word_1_755' title='bbox 368 5711 634 5783; x_wconf 85' lang='lat' dir='ltr'><strong>baptismo</strong></span> <span class='ocrx_word' id='word_1_756' title='bbox 651 5709 947 5766; x_wconf 85' lang='lat' dir='ltr'><strong>amicorum</strong></span> <span class='ocrx_word' id='word_1_757' title='bbox 965 5706 1122 5764; x_wconf 90' lang='lat' dir='ltr'><strong>titulo</strong></span> <span class='ocrx_word' id='word_1_758' title='bbox 1145 5704 1300 5779; x_wconf 87' lang='lat' dir='ltr'><strong>longe</strong></span> <span class='ocrx_word' id='word_1_759' title='bbox 1324 5703 1652 5762; x_wconf 83' lang='lat' dir='ltr'><strong>honeratiori</strong></span> <span class='ocrx_word' id='word_1_760' title='bbox 1674 5712 1834 5760; x_wconf 80' lang='lat' dir='ltr'><strong>exor-</strong></span> 
     </span>
    </p>
   </div>
   <div class='ocr_carea' id='block_1_101' title="bbox 1924 4759 3527 4837">
    <p class='ocr_par' dir='ltr' id='par_1_101' title="bbox 1924 4759 3527 4837">
     <span class='ocr_line' id='line_1_101' title="bbox 1924 4759 3527 4837; baseline -0.001 -17"><span class='ocrx_word' id='word_1_761' title='bbox 1924 4772 2185 4837; x_wconf 66' lang='lat' dir='ltr'><strong>prazterea</strong></span> <span class='ocrx_word' id='word_1_762' title='bbox 2205 4764 2385 4819; x_wconf 90' lang='lat' dir='ltr'><strong>omnia</strong></span> <span class='ocrx_word' id='word_1_763' title='bbox 2407 4763 2601 4835; x_wconf 88' lang='lat' dir='ltr'><strong>prioris</strong></span> <span class='ocrx_word' id='word_1_764' title='bbox 2615 4762 2863 4833; x_wconf 91' lang='lat' dir='ltr'><strong>baptismi</strong></span> <span class='ocrx_word' id='word_1_765' title='bbox 2881 4759 3141 4818; x_wconf 85' lang='lat' dir='ltr'><strong>beneficia</strong></span> <span class='ocrx_word' id='word_1_766' title='bbox 3171 4763 3348 4819; x_wconf 90' lang='lat' dir='ltr'><strong>eidem</strong></span> <span class='ocrx_word' id='word_1_767' title='bbox 3370 4760 3527 4820; x_wconf 91' lang='lat' dir='ltr'><strong>attri-</strong></span> 
     </span>
    </p>
   </div>
   <div class='ocr_carea' id='block_1_102' title="bbox 1926 4852 3526 4926">
    <p class='ocr_par' dir='ltr' id='par_1_102' title="bbox 1926 4852 3526 4926">
     <span class='ocr_line' id='line_1_102' title="bbox 1926 4852 3526 4926; baseline -0.001 -13"><span class='ocrx_word' id='word_1_768' title='bbox 1926 4854 2171 4923; x_wconf 86' lang='lat' dir='ltr'><strong>buerint;</strong></span> <span class='ocrx_word' id='word_1_769' title='bbox 2203 4870 2303 4912; x_wconf 88' lang='lat' dir='ltr'><strong>nec</strong></span> <span class='ocrx_word' id='word_1_770' title='bbox 2331 4870 2397 4912; x_wconf 91' lang='lat' dir='ltr'><strong>eo</strong></span> <span class='ocrx_word' id='word_1_771' title='bbox 2425 4856 2542 4926; x_wconf 91' lang='lat' dir='ltr'><strong>ipso</strong></span> <span class='ocrx_word' id='word_1_772' title='bbox 2588 4855 2860 4921; x_wconf 86' lang='lat' dir='ltr'><strong>contenti,</strong></span> <span class='ocrx_word' id='word_1_773' title='bbox 2893 4855 3235 4925; x_wconf 88' lang='lat' dir='ltr'><strong>superiorem</strong></span> <span class='ocrx_word' id='word_1_774' title='bbox 3265 4852 3427 4911; x_wconf 90' lang='lat' dir='ltr'><strong>etiam</strong></span> <span class='ocrx_word' id='word_1_775' title='bbox 3458 4870 3526 4912; x_wconf 87' lang='lat' dir='ltr'><strong>eo</strong></span> 
     </span>
    </p>
   </div>
   <div class='ocr_carea' id='block_1_103' title="bbox 1928 4946 3528 5024">
    <p class='ocr_par' dir='ltr' id='par_1_103' title="bbox 1928 4946 3528 5024">
     <span class='ocr_line' id='line_1_103' title="bbox 1928 4946 3528 5024; baseline -0.003 -17"><span class='ocrx_word' id='word_1_776' title='bbox 1928 4950 2047 5024; x_wconf 89' lang='lat' dir='ltr'><strong>ipso</strong></span> <span class='ocrx_word' id='word_1_777' title='bbox 2068 4950 2333 5022; x_wconf 92' lang='lat' dir='ltr'><strong>baptismo</strong></span> <span class='ocrx_word' id='word_1_778' title='bbox 2360 4947 2587 5005; x_wconf 88' lang='lat' dir='ltr'><strong>fecerint</strong></span> <span class='ocrx_word' id='word_1_779' title='bbox 2610 4947 2749 5019; x_wconf 87' lang='lat' dir='ltr'><strong>quia</strong></span> <span class='ocrx_word' id='word_1_780' title='bbox 2765 4948 2875 5005; x_wconf 89' lang='lat' dir='ltr'><strong>Deo</strong></span> <span class='ocrx_word' id='word_1_781' title='bbox 2902 4946 3075 5003; x_wconf 85' lang='lat' dir='ltr'><strong>fuerat</strong></span> <span class='ocrx_word' id='word_1_782' title='bbox 3098 4947 3404 5004; x_wconf 86' lang='lat' dir='ltr'><strong>institutus:</strong></span> <span class='ocrx_word' id='word_1_783' title='bbox 3428 4961 3528 5018; x_wconf 89' lang='lat' dir='ltr'><strong>pro</strong></span> 
     </span>
    </p>
   </div>
   <div class='ocr_carea' id='block_1_104' title="bbox 1930 5039 3527 5117">
    <p class='ocr_par' dir='ltr' id='par_1_104' title="bbox 1930 5039 3527 5117">
     <span class='ocr_line' id='line_1_104' title="bbox 1930 5039 3527 5117; baseline -0.004 -13"><span class='ocrx_word' id='word_1_784' title='bbox 1930 5044 2087 5104; x_wconf 86' lang='lat' dir='ltr'><strong>nudis</strong></span> <span class='ocrx_word' id='word_1_785' title='bbox 2113 5043 2191 5101; x_wconf 90' lang='lat' dir='ltr'><strong>illi</strong></span> <span class='ocrx_word' id='word_1_786' title='bbox 2210 5040 2563 5116; x_wconf 87' lang='lat' dir='ltr'><strong>proculdubio</strong></span> <span class='ocrx_word' id='word_1_787' title='bbox 2587 5041 2820 5099; x_wconf 88' lang='lat' dir='ltr'><strong>habituri</strong></span> <span class='ocrx_word' id='word_1_788' title='bbox 2841 5052 2966 5100; x_wconf 88' lang='lat' dir='ltr'><strong>sunt</strong></span> <span class='ocrx_word' id='word_1_789' title='bbox 2990 5051 3287 5117; x_wconf 89' lang='lat' dir='ltr'><strong>martyrum</strong></span> <span class='ocrx_word' id='word_1_790' title='bbox 3322 5039 3527 5097; x_wconf 90' lang='lat' dir='ltr'><strong>deliriis</strong></span> 
     </span>
    </p>
   </div>
   <div class='ocr_carea' id='block_1_105' title="bbox 1933 5131 3528 5210">
    <p class='ocr_par' dir='ltr' id='par_1_105' title="bbox 1933 5131 3528 5210">
     <span class='ocr_line' id='line_1_105' title="bbox 1933 5131 3528 5210; baseline -0.005 -15"><span class='ocrx_word' id='word_1_791' title='bbox 1933 5146 2096 5210; x_wconf 86' lang='lat' dir='ltr'><strong>atque</strong></span> <span class='ocrx_word' id='word_1_792' title='bbox 2142 5135 2483 5194; x_wconf 88' lang='lat' dir='ltr'><strong>commentis.</strong></span> <span class='ocrx_word' id='word_1_793' title='bbox 2513 5134 2942 5209; x_wconf 86' lang='lat' dir='ltr'><strong>lndignabuntur</strong></span> <span class='ocrx_word' id='word_1_794' title='bbox 2991 5150 3178 5207; x_wconf 90' lang='lat' dir='ltr'><strong>porro,</strong></span> <span class='ocrx_word' id='word_1_795' title='bbox 3213 5149 3312 5190; x_wconf 91' lang='lat' dir='ltr'><strong>nec</strong></span> <span class='ocrx_word' id='word_1_796' title='bbox 3350 5131 3528 5188; x_wconf 85' lang='lat' dir='ltr'><strong>feren-</strong></span> 
     </span>
    </p>
   </div>
   <div class='ocr_carea' id='block_1_106' title="bbox 1932 5222 3529 5299">
    <p class='ocr_par' dir='ltr' id='par_1_106' title="bbox 1932 5222 3529 5299">
     <span class='ocr_line' id='line_1_106' title="bbox 1932 5222 3529 5299; baseline -0.005 -11"><span class='ocrx_word' id='word_1_797' title='bbox 1932 5230 2057 5289; x_wconf 90' lang='lat' dir='ltr'><strong>dam</strong></span> <span class='ocrx_word' id='word_1_798' title='bbox 2080 5228 2356 5287; x_wconf 88' lang='lat' dir='ltr'><strong>audaciam</strong></span> <span class='ocrx_word' id='word_1_799' title='bbox 2381 5244 2503 5287; x_wconf 90' lang='lat' dir='ltr'><strong>esse</strong></span> <span class='ocrx_word' id='word_1_800' title='bbox 2525 5226 2896 5299; x_wconf 89' lang='lat' dir='ltr'><strong>clamitabunt,</strong></span> <span class='ocrx_word' id='word_1_801' title='bbox 2918 5235 3127 5285; x_wconf 89' lang='lat' dir='ltr'><strong>tantum</strong></span> <span class='ocrx_word' id='word_1_802' title='bbox 3153 5227 3274 5282; x_wconf 90' lang='lat' dir='ltr'><strong>illos</strong></span> <span class='ocrx_word' id='word_1_803' title='bbox 3295 5222 3529 5281; x_wconf 85' lang='lat' dir='ltr'><strong>inventis</strong></span> 
     </span>
    </p>
   </div>
   <div class='ocr_carea' id='block_1_107' title="bbox 1934 5317 3529 5391">
    <p class='ocr_par' dir='ltr' id='par_1_107' title="bbox 1934 5317 3529 5391">
     <span class='ocr_line' id='line_1_107' title="bbox 1934 5317 3529 5391; baseline -0.006 -10"><span class='ocrx_word' id='word_1_804' title='bbox 1934 5322 2047 5383; x_wconf 88' lang='lat' dir='ltr'><strong>suis</strong></span> <span class='ocrx_word' id='word_1_805' title='bbox 2072 5324 2309 5381; x_wconf 87' lang='lat' dir='ltr'><strong>tribuere</strong></span> <span class='ocrx_word' id='word_1_806' title='bbox 2339 5331 2396 5379; x_wconf 92' lang='lat' dir='ltr'><strong>ut</strong></span> <span class='ocrx_word' id='word_1_807' title='bbox 2421 5322 2847 5379; x_wconf 87' lang='lat' dir='ltr'><strong>commentitimn</strong></span> <span class='ocrx_word' id='word_1_808' title='bbox 2884 5337 3039 5378; x_wconf 89' lang='lat' dir='ltr'><strong>suum</strong></span> <span class='ocrx_word' id='word_1_809' title='bbox 3055 5318 3377 5391; x_wconf 88' lang='lat' dir='ltr'><strong>baptismum</strong></span> <span class='ocrx_word' id='word_1_810' title='bbox 3396 5317 3529 5390; x_wconf 85' lang='lat' dir='ltr'><strong>bap-</strong></span> 
     </span>
    </p>
   </div>
   <div class='ocr_carea' id='block_1_108' title="bbox 1934 5407 3530 5479">
    <p class='ocr_par' dir='ltr' id='par_1_108' title="bbox 1934 5407 3530 5479">
     <span class='ocr_line' id='line_1_108' title="bbox 1934 5407 3530 5479; baseline -0.005 -5"><span class='ocrx_word' id='word_1_811' title='bbox 1934 5418 2099 5475; x_wconf 89' lang='lat' dir='ltr'><strong>tismo</strong></span> <span class='ocrx_word' id='word_1_812' title='bbox 2121 5431 2153 5473; x_wconf 90' lang='lat' dir='ltr'><strong>a</strong></span> <span class='ocrx_word' id='word_1_813' title='bbox 2180 5416 2395 5474; x_wconf 86' lang='lat' dir='ltr'><strong>Christo</strong></span> <span class='ocrx_word' id='word_1_814' title='bbox 2413 5415 2657 5471; x_wconf 88' lang='lat' dir='ltr'><strong>instituto</strong></span> <span class='ocrx_word' id='word_1_815' title='bbox 2673 5413 2759 5471; x_wconf 85' lang='lat' dir='ltr'><strong>vel</strong></span> <span class='ocrx_word' id='word_1_816' title='bbox 2779 5412 3029 5471; x_wconf 89' lang='lat' dir='ltr'><strong>conferre</strong></span> <span class='ocrx_word' id='word_1_817' title='bbox 3050 5408 3299 5479; x_wconf 90' lang='lat' dir='ltr'><strong>audeant,</strong></span> <span class='ocrx_word' id='word_1_818' title='bbox 3331 5407 3530 5466; x_wconf 91' lang='lat' dir='ltr'><strong>nedum</strong></span> 
     </span>
    </p>
   </div>
   <div class='ocr_carea' id='block_1_109' title="bbox 1935 5501 3530 5579">
    <p class='ocr_par' dir='ltr' id='par_1_109' title="bbox 1935 5501 3530 5579">
     <span class='ocr_line' id='line_1_109' title="bbox 1935 5501 3530 5579; baseline -0.006 -11"><span class='ocrx_word' id='word_1_819' title='bbox 1935 5508 2224 5568; x_wconf 87' lang='lat' dir='ltr'><strong>anteferre.</strong></span> <span class='ocrx_word' id='word_1_820' title='bbox 2274 5511 2591 5578; x_wconf 70' lang='lat' dir='ltr'><strong>Qumramus</strong></span> <span class='ocrx_word' id='word_1_821' title='bbox 2635 5507 2794 5579; x_wconf 84' lang='lat' dir='ltr'><strong>igitur</strong></span> <span class='ocrx_word' id='word_1_822' title='bbox 2839 5502 3134 5570; x_wconf 87' lang='lat' dir='ltr'><strong>meritone,</strong></span> <span class='ocrx_word' id='word_1_823' title='bbox 3167 5516 3234 5558; x_wconf 90' lang='lat' dir='ltr'><strong>an</strong></span> <span class='ocrx_word' id='word_1_824' title='bbox 3266 5516 3445 5571; x_wconf 89' lang='lat' dir='ltr'><strong>secus,</strong></span> <span class='ocrx_word' id='word_1_825' title='bbox 3473 5501 3530 5559; x_wconf 89' lang='lat' dir='ltr'><strong>in</strong></span> 
     </span>
    </p>
   </div>
   <div class='ocr_carea' id='block_1_110' title="bbox 1935 5596 3531 5670">
    <p class='ocr_par' dir='ltr' id='par_1_110' title="bbox 1935 5596 3531 5670">
     <span class='ocr_line' id='line_1_110' title="bbox 1935 5596 3531 5670; baseline -0.006 -6"><span class='ocrx_word' id='word_1_826' title='bbox 1935 5620 2001 5664; x_wconf 90' lang='lat' dir='ltr'><strong>ea</strong></span> <span class='ocrx_word' id='word_1_827' title='bbox 2051 5612 2263 5663; x_wconf 88' lang='lat' dir='ltr'><strong>veteres</strong></span> <span class='ocrx_word' id='word_1_828' title='bbox 2324 5598 2523 5660; x_wconf 84' lang='lat' dir='ltr'><strong>iuerint</strong></span> <span class='ocrx_word' id='word_1_829' title='bbox 2569 5600 2875 5660; x_wconf 78' lang='lat' dir='ltr'><strong>sententia?</strong></span> <span class='ocrx_word' id='word_1_830' title='bbox 2923 5598 3073 5669; x_wconf 82' lang='lat' dir='ltr'><strong>Rogo</strong></span> <span class='ocrx_word' id='word_1_831' title='bbox 3114 5596 3329 5655; x_wconf 89' lang='lat' dir='ltr'><strong>interim</strong></span> <span class='ocrx_word' id='word_1_832' title='bbox 3368 5606 3531 5670; x_wconf 89' lang='lat' dir='ltr'><strong>atque</strong></span> 
     </span>
    </p>
   </div>
   <div class='ocr_carea' id='block_1_111' title="bbox 1937 5691 3530 5769">
    <p class='ocr_par' dir='ltr' id='par_1_111' title="bbox 1937 5691 3530 5769">
     <span class='ocr_line' id='line_1_111' title="bbox 1937 5691 3530 5769; baseline -0.008 -9"><span class='ocrx_word' id='word_1_833' title='bbox 1937 5703 2184 5769; x_wconf 82' lang='lat' dir='ltr'><strong>obsecro,</strong></span> <span class='ocrx_word' id='word_1_834' title='bbox 2218 5706 2277 5756; x_wconf 91' lang='lat' dir='ltr'><strong>ut</strong></span> <span class='ocrx_word' id='word_1_835' title='bbox 2309 5698 2571 5769; x_wconf 80' lang='lat' dir='ltr'><strong>tantisper</strong></span> <span class='ocrx_word' id='word_1_836' title='bbox 2613 5703 2876 5767; x_wconf 81' lang='lat' dir='ltr'><strong>seponam</strong></span> <span class='ocrx_word' id='word_1_837' title='bbox 2919 5691 3144 5750; x_wconf 80' lang='lat' dir='ltr'><strong>ati&#39;ectus</strong></span> <span class='ocrx_word' id='word_1_838' title='bbox 3184 5692 3314 5750; x_wconf 89' lang='lat' dir='ltr'><strong>dum</strong></span> <span class='ocrx_word' id='word_1_839' title='bbox 3359 5692 3530 5750; x_wconf 81' lang='lat' dir='ltr'><strong>ratio-</strong></span> 
     </span>
    </p>
   </div>
   <div class='ocr_carea' id='block_1_112' title="bbox 248 5784 3526 5872">
    <p class='ocr_par' dir='ltr' id='par_1_112' title="bbox 248 5784 3526 5872">
     <span class='ocr_line' id='line_1_112' title="bbox 248 5784 3526 5872; baseline -0.009 -5"><span class='ocrx_word' id='word_1_840' title='bbox 248 5820 464 5867; x_wconf 90' lang='lat' dir='ltr'><strong>nemur.</strong></span> <span class='ocrx_word' id='word_1_841' title='bbox 499 5800 661 5863; x_wconf 82' lang='lat' dir='ltr'><strong>Forte</strong></span> <span class='ocrx_word' id='word_1_842' title='bbox 686 5806 847 5863; x_wconf 86' lang='lat' dir='ltr'><strong>etiam</strong></span> <span class='ocrx_word' id='word_1_843' title='bbox 873 5802 939 5860; x_wconf 87' lang='lat' dir='ltr'><strong>ad</strong></span> <span class='ocrx_word' id='word_1_844' title='bbox 966 5806 1244 5860; x_wconf 85' lang='lat' dir='ltr'><strong>externam</strong></span> <span class='ocrx_word' id='word_1_845' title='bbox 1271 5800 1438 5859; x_wconf 87' lang='lat' dir='ltr'><strong>divini</strong></span> <span class='ocrx_word' id='word_1_846' title='bbox 1475 5800 1632 5872; x_wconf 83' lang='lat' dir='ltr'><strong>hujus</strong></span> <span class='ocrx_word' id='word_1_847' title='bbox 1651 5797 1837 5870; x_wconf 87' lang='lat' dir='ltr'><strong>agonis</strong></span> <span class='ocrx_word' id='word_1_848' title='bbox 1940 5806 2064 5850; x_wconf 86' lang='lat' dir='ltr'><strong>nem</strong></span> <span class='ocrx_word' id='word_1_849' title='bbox 2090 5791 2366 5849; x_wconf 87' lang='lat' dir='ltr'><strong>reddimus</strong></span> <span class='ocrx_word' id='word_1_850' title='bbox 2394 5800 2492 5847; x_wconf 88' lang='lat' dir='ltr'><strong>cur</strong></span> <span class='ocrx_word' id='word_1_851' title='bbox 2517 5789 2589 5845; x_wconf 85' lang='lat' dir='ltr'><strong>ita</strong></span> <span class='ocrx_word' id='word_1_852' title='bbox 2632 5785 2904 5843; x_wconf 83' lang='lat' dir='ltr'><strong>senserint</strong></span> <span class='ocrx_word' id='word_1_853' title='bbox 2934 5784 3180 5858; x_wconf 81' lang='lat' dir='ltr'><strong>primaevi</strong></span> <span class='ocrx_word' id='word_1_854' title='bbox 3228 5784 3526 5842; x_wconf 85' lang='lat' dir='ltr'><strong>christiani.</strong></span> 
     </span>
    </p>
   </div>
   <div class='ocr_carea' id='block_1_113' title="bbox 244 5876 3530 5978">
    <p class='ocr_par' dir='ltr' id='par_1_113' title="bbox 244 5876 3530 5978">
     <span class='ocr_line' id='line_1_113' title="bbox 244 5876 3530 5978; baseline -0.009 -17"><span class='ocrx_word' id='word_1_855' title='bbox 244 5914 501 5978; x_wconf 86' lang='lat' dir='ltr'><strong>pompam</strong></span> <span class='ocrx_word' id='word_1_856' title='bbox 531 5904 691 5974; x_wconf 80' lang='lat' dir='ltr'><strong>atque</strong></span> <span class='ocrx_word' id='word_1_857' title='bbox 719 5902 1031 5975; x_wconf 84' lang='lat' dir='ltr'><strong>apparatum</strong></span> <span class='ocrx_word' id='word_1_858' title='bbox 1050 5940 1065 5967; x_wconf 95' lang='lat'><strong>,</strong></span> <span class='ocrx_word' id='word_1_859' title='bbox 1097 5895 1240 5971; x_wconf 89' lang='lat' dir='ltr'><strong>quod</strong></span> <span class='ocrx_word' id='word_1_860' title='bbox 1280 5902 1477 5968; x_wconf 85' lang='lat' dir='ltr'><strong>nempe</strong></span> <span class='ocrx_word' id='word_1_861' title='bbox 1516 5896 1569 5954; x_wconf 91' lang='lat' dir='ltr'><strong>in</strong></span> <span class='ocrx_word' id='word_1_862' title='bbox 1604 5906 1671 5951; x_wconf 89' lang='lat' dir='ltr'><strong>eo</strong></span> <span class='ocrx_word' id='word_1_863' title='bbox 1697 5890 1838 5951; x_wconf 82' lang='lat' dir='ltr'><strong>Deus</strong></span> <span class='ocrx_word' id='word_1_864' title='bbox 1942 5882 2143 5966; x_wconf 79' lang='lat' dir='ltr'><strong>itaﬁct</strong></span> <span class='ocrx_word' id='word_1_865' title='bbox 2168 5892 2225 5942; x_wconf 90' lang='lat' dir='ltr'><strong>ut</strong></span> <span class='ocrx_word' id='word_1_866' title='bbox 2246 5892 2302 5941; x_wconf 92' lang='lat' dir='ltr'><strong>et</strong></span> <span class='ocrx_word' id='word_1_867' title='bbox 2327 5880 2481 5940; x_wconf 86' lang='lat' dir='ltr'><strong>nobis</strong></span> <span class='ocrx_word' id='word_1_868' title='bbox 2510 5879 2776 5950; x_wconf 65' lang='lat' dir='ltr'><strong>aequiores</strong></span> <span class='ocrx_word' id='word_1_869' title='bbox 2803 5877 2934 5949; x_wconf 87' lang='lat' dir='ltr'><strong>sint,</strong></span> <span class='ocrx_word' id='word_1_870' title='bbox 2962 5888 3018 5937; x_wconf 89' lang='lat' dir='ltr'><strong>ct</strong></span> <span class='ocrx_word' id='word_1_871' title='bbox 3040 5877 3141 5937; x_wconf 86' lang='lat' dir='ltr'><strong>sibi</strong></span> <span class='ocrx_word' id='word_1_872' title='bbox 3171 5877 3303 5949; x_wconf 86' lang='lat' dir='ltr'><strong>ipsis</strong></span> <span class='ocrx_word' id='word_1_873' title='bbox 3328 5876 3530 5947; x_wconf 85' lang='lat' dir='ltr'><strong>optime</strong></span> 
     </span>
    </p>
   </div>
  </div>
