3970 6280
528 325 599 385 5’5
1529 322 1891 382 DODWELLI
1932 321 2385 380 DISSERTATIO
2422 319 2833 386 CYPRIANIGA
3752 322 3818 377 £36

529 439 838 505 consulant,
866 437 911 496 si
940 453 1044 495 non
1067 438 1172 494 sint
1197 439 1247 493 in
1272 437 1467 494 heroas
1497 436 1637 503 illos,
1663 435 1882 493 Christo
1911 439 2127 508 procul-
2157 438 2209 498 Α
2235 436 2286 492 id
2341 453 2556 510 quoque
2607 436 2909 494 concedent
2949 438 3143 494 medici
3191 437 3678 494 extraordinarium
3725 455 3825 495 non

530 533 695 588 dubio
719 531 1086 598 charissimos,
1119 546 1374 587 censores
1405 530 1699 586 temerarii.
1718 529 2007 586 Videamus
2029 533 2130 587 ita-

529 641 636 696 que
687 626 930 695 inprimis
970 625 1112 679 uudc
1142 634 1359 680 veteres
1403 623 1698 679 secundum
1749 623 1889 679 hunc
1930 623 2131 696 baptis-

532 733 680 774 mum
711 717 1047 786 collegeriut.
1082 716 1210 772 Inde
1265 716 1626 787 intelligemus
1663 733 1727 768 an
1784 715 1946 782 proba
1975 715 2135 770 fuerit

527 822 583 867 et
611 811 780 867 solida
805 809 894 865 illa
923 811 1194 866 collectio.
1223 809 1354 865 Inde
1383 826 1508 864 num
1538 821 1592 863 et
1621 808 1705 862 illa
1723 824 1934 878 quoque
1961 809 2132 863 solida

529 919 651 974 quze
682 903 751 958 de
781 919 966 958 eorum
999 904 1138 958 inter
1186 918 1245 958 se
1295 903 1680 958 commissione
1719 903 1988 972 prioribus
2027 903 2134 958 illis

528 995 810 1068 principiis
832 995 970 1049 datis
993 995 1482 1065 superstruxeriut.

607 1089 635 1161 §
666 1089 864 1145 8.——Et
888 1089 1102 1158 quidem
1124 1088 1452 1144 recentiores
1475 1087 1541 1142 ab
1561 1087 1958 1159 antiquioribus
1987 1088 2133 1143 illum

529 1185 803 1255 accepisse
826 1181 1168 1238 manifestum
1217 1191 1318 1236 est.
1366 1181 1482 1236 Non
1533 1191 1659 1236 sunt
1696 1181 1855 1251 igitur
1886 1181 1937 1235 in
1983 1181 2134 1236 hunc

528 1288 776 1333 nostrum
797 1292 1016 1331 consum
1042 1274 1361 1345 recipiendi.
1391 1275 1502 1330 Huc
1525 1275 1706 1329 retulit
1727 1283 1930 1346 ntartyr
1949 1285 2136 1329 noster

530 1372 619 1430 (S.
650 1370 802 1436 ιω..
827 1387 920 1436 xu,
945 1370 1059 1435 50).
1082 1369 1154 1422 De
1179 1384 1307 1439 quo,
1334 1369 1524 1438 inquit,
1556 1379 1606 1422 et
1636 1369 1892 1422 Dominus
1923 1368 2135 1422 dicebat

529 1463 734 1518 habere
764 1479 823 1517 se
854 1463 996 1516 aliud
1047 1462 1309 1532 baptisma
1340 1461 1598 1532 baptizari
1653 1460 1777 1532 (Ep.
1816 1475 2020 1527 Lxxut,
2068 1461 2136 1512 ad

528 1556 798 1626 Jubaian).
831 1556 1033 1610 Retulit
1077 1556 1238 1610 etiam
1282 1552 1563 1623 Origenes.
1593 1553 1940 1623 Locupletior
1967 1562 2051 1608 est
2083 1553 2134 1607 in

527 1665 597 1706 eo
623 1649 898 1719 probando
931 1647 1298 1702 Tcrtullianus
1325 1665 1336 1700 :
1374 1665 1390 1696 ι
1424 1646 1517 1700 Est
1548 1645 1762 1715 quidem
1789 1644 1942 1699 nobis
1971 1645 2134 1701 etiam

528 1743 828 1799 secundum
859 1742 1158 1805 lavacrum,
1195 1756 1358 1795 tinum
1391 1750 1443 1794 et
1476 1741 1674 1808 ipsum,
1717 1739 1994 1810 sanguinis
2023 1738 2133 1793 sci-

2237 528 2404 584 fuissc
2447 530 2492 584 si
2541 529 2610 585 de
2659 543 2794 600 aqua
2837 527 3122 598 pericardii
3155 529 3225 584 sit
3268 527 3693 600 intelligendum.
3725 527 3828 586 0b-

2236 633 2481 678 servetur
2532 636 2696 693 porro
2748 619 2989 676 secundo
3044 621 3392 677 christianam
3445 621 3610 677 vitam
3657 622 3728 678 ita
3777 623 3826 678 in

2237 715 2387 770 Novo
2429 715 2775 769 Testamento
2809 713 3040 769 describi
3069 715 3221 784 quasi
3253 714 3397 786 quod
3445 730 3476 770 a
3505 713 3719 772 Christo
3758 715 3823 771 ad

2237 807 2466 865 litteram
2491 816 2702 876 gestum
2728 805 2819 871 sit,
2845 805 2896 859 id
2923 819 3020 859 uos
3047 806 3272 877 mystice
3297 821 3489 876 gerere
3517 805 3824 862 debeamus.

2240 899 2314 954 Ita
2347 915 2470 955 cum
2503 915 2568 954 eo
2591 898 2730 953 mori
2759 897 3048 965 debemus,
3073 913 3198 954 cum
3230 913 3296 954 eo
3321 899 3560 970 crucifigi
3582 941 3597 966 ,
3626 914 3748 955 cum
3769 913 3832 955 eo

2238 991 2585 1062 ignominiam
2618 989 2782 1058 ferre,
2815 1006 2937 1046 cum
2967 1006 3032 1046 eo
3065 991 3303 1060 sepeliri,
3347 1006 3631 1060 resurgere
3655 1001 3710 1047 et
3745 1005 3832 1047 as-

2237 1084 2469 1139 cendere
2491 1084 2542 1138 in
2569 1084 2784 1139 coelum.
2811 1082 3036 1138 Notetur
3059 1084 3240 1149 tertio,
3263 1083 3376 1140 haec
3403 1084 3469 1139 de
3488 1081 3686 1140 Christi
3717 1100 3832 1155 pas-

2237 1177 2478 1232 sionibus
2503 1192 2623 1232 esse
2649 1177 2733 1232 vel
2761 1177 3014 1246 primario
3041 1176 3408 1247 intelligenda,
3427 1186 3483 1231 ut
3513 1193 3834 1249 quamquam

2237 1281 2385 1342 gesta
2413 1271 2521 1326 sint
2541 1271 2609 1325 ab
2626 1286 2690 1326 eo
2708 1271 2962 1326 nonnulla
2984 1271 3338 1327 imitationem
3357 1281 3594 1327 nostram
3611 1272 3838 1328 fortasse

2238 1366 2576 1434 Superantia;
2607 1375 2798 1436 atqua:
2825 1380 3014 1436 passus
3046 1375 3150 1432 est,
3177 1381 3275 1421 nos
3297 1365 3485 1422 eadem
3512 1366 3618 1436 pati
3640 1367 3840 1422 debea-

2238 1474 2377 1514 mus.
2405 1457 2627 1514 Notctur
2653 1469 2862 1529 quarto,
2889 1457 2960 1513 ita
2993 1459 3194 1529 optime
3221 1458 3289 1514 de
3329 1473 3494 1515 sensu
3540 1459 3838 1530 prophetia:

2233 1554 2462 1624 judicari
2501 1567 2661 1625 posse
2699 1553 2744 1608 si
2788 1561 2945 1624 typus
2989 1551 3334 1623 propheticus
3377 1553 3442 1608 ad
3497 1568 3609 1608 rem
3659 1565 3838 1608 notam

2239 1645 2439 1700 alludat
2482 1645 2532 1700 in
2582 1645 2732 1716 praxi
2777 1645 3036 1700 Ecclesia:
3076 1645 3143 1701 ab
3183 1661 3248 1701 eo
3277 1656 3740 1712 reprresentatam.
3774 1644 3843 1701 Ut

2241 1737 2386 1792 enim
2441 1737 2492 1791 in
2546 1736 2878 1808 propheticis
2907 1738 3483 1807 reprmseutationibus
3533 1739 3586 1793 id
3629 1748 3841 1794 certqu

525 1836 690 1902 licet,
736 1835 804 1891 de
848 1849 955 1906 quo
1011 1833 1292 1895 Dominus,
1356 1831 1562 1899 llabeo,
1619 1832 1813 1902 inquit,
1863 1831 2133 1902 baptismo
2162 1834 2210 1894 B
2238 1839 2340 1895 est,
2369 1843 2474 1883 non
2507 1829 2589 1883 sui
2620 1830 2789 1901 gratia
2825 1838 3042 1900 typum,
3072 1829 3166 1884 sed
3194 1831 3424 1902 antitypi
3451 1831 3518 1884 ab
3541 1845 3608 1887 eo
3639 1846 3843 1903 reprae-

530 1932 733 2002 tiugui,
785 1944 910 1985 cum
942 1927 1052 1998 jam
1096 1929 1296 1982 tinctus
1325 1927 1535 1982 fuisset.
1581 1924 1817 1980 Venerat
1862 1926 2004 1981 enim
2037 1941 2132 1996 per

527 2039 722 2097 aquam
769 2034 822 2078 et
877 2022 1192 2094 sanguinem
1221 2063 1236 2085 ,
1295 2020 1431 2075 sicut
1481 2018 1722 2073 Joannes
1767 2018 2025 2086 scripsit,
2074 2028 2132 2072 ut

531 2133 671 2189 aqua
700 2118 1052 2187 tingueretur,
1087 2112 1347 2189 sanguine
1369 2110 1784 2182 glorificaretur.
1815 2107 2047 2166 Proinde
2074 2120 2132 2166 ut

526 2225 629 2265 nos
659 2207 863 2264 faceret
888 2222 1024 2278 aqua
1049 2215 1288 2272 vocatos,
1338 2205 1600 2275 sanguine
1621 2203 1849 2266 electos.
1880 2203 1980 2258 hos
1995 2201 2132 2258 duos

529 2303 830 2374 baptismos
871 2300 940 2357 de
985 2300 1210 2354 vulnere
1261 2297 1492 2368 perfossi
1525 2298 1708 2352 lateris
1750 2298 1948 2352 emisit.
1994 2296 2127 2366 Quia

528 2397 619 2469 qui
650 2397 701 2452 in
731 2396 1048 2465 sanguinem
1082 2394 1197 2465 cjus
1246 2392 1552 2458 crederent,
1605 2407 1740 2461 aqua
1769 2391 2082 2446 lavarentur
2112 2410 2126 2445 :

527 2489 620 2560 qui
652 2503 788 2559 aqua
830 2488 1120 2553 lavisseut,
1170 2487 1331 2540 etiam
1381 2485 1697 2555 sanguinein
1730 2494 1997 2554 potarent.
2033 2484 2131 2540 llic

527 2591 613 2638 est
641 2581 914 2652 haptimus
957 2582 1046 2652 qui
1081 2581 1357 2635 lavacrum
1386 2589 1440 2636 et
1471 2595 1576 2634 non
1609 2593 1889 2650 acceptum
1931 2595 2132 2650 reprae-

525 2683 728 2740 sentat,
753 2685 807 2730 et
833 2674 1098 2744 perditum
1122 2673 1297 2729 reddit
1318 2673 1583 2744 (Tertull.,
1609 2674 1670 2728 de
1689 2672 1866 2744 Bapt.,
1887 2691 1933 2728 ε.
1959 2673 2071 2747 16).
2106 2695 2124 2727 ι

527 2765 682 2834 Quod
731 2766 910 2837 itaque
941 2767 1204 2821 Dominus
1244 2768 1552 2836 passionem
1605 2781 1755 2821 suam
1803 2767 2126 2838 baptismum

525 2857 693 2912 alium
721 2857 1099 2929 appellaverit;
1126 2857 1267 2927 quod
1289 2857 1501 2912 venerit
1524 2858 1575 2912 in
1606 2873 1741 2928 aqua
1772 2868 1822 2912 et
1845 2860 2126 2929 sanguine;

527 2949 672 3020 quod
695 2966 818 3005 cum
842 2967 979 3020 aqua
1004 2951 1321 3021 sanguinem
1350 2951 1399 3006 in
1414 2966 1574 3006 cruce
1595 2967 1626 3008 e
1653 2951 1874 3008 vulnere
1900 2952 2126 3022 perfossi

527 3040 716 3096 lateris
759 3042 1001 3096 emiSerit
1053 3059 1066 3096 :
1113 3043 1236 3097 hinc
1286 3041 1545 3112 colligunt
1595 3043 1806 3099 Domini
1857 3044 2127 3115 duplicem

521 3133 694 3191 fuisse
716 3135 1058 3205 baptismum.
1085 3134 1194 3191 Nec
1220 3144 1396 3191 tamen
1420 3137 1631 3191 Domini
1657 3137 1937 3209 proprium
1962 3138 2126 3196 fuisse

523 3245 557 3285 e
585 3227 642 3286 S.
679 3229 893 3297 Matth.,
928 3246 1024 3295 xx,
1057 3228 1150 3297 22,
1182 3231 1436 3301 colligere
1469 3240 1739 3300 poterant,
1784 3232 1834 3284 in
1866 3247 1973 3299 quo
2003 3232 2124 3288 loco
2151 3231 2196 3293 C
2233 3227 2396 3282 menti
2429 3226 2731 3282 oeconomia
2771 3228 3085 3284 adumbrata
3139 3247 3152 3284 :

522 3332 899 3393 apostolorum
952 3323 1131 3391 passio
1173 3323 1428 3393 baptismi
1460 3325 1681 3378 nomine
1711 3325 1875 3379 etiam
1921 3326 2121 3382 intelli-

524 3413 701 3485 genda
728 3422 832 3469 est.
861 3412 1152 3468 Videamus
1169 3430 1300 3484 ergo
1331 3424 1549 3470 rectene
1574 3416 1861 3487 litecatque
1885 3417 2126 3488 legitime

528 3507 789 3578 procedat
806 3509 1225 3578 argumentatio.

598 3599 622 3660 §
651 3600 789 3656 9.-—
817 3599 1182 3654 llecolendum
1212 3601 1386 3672 itaque
1415 3603 1656 3671 inprimis
1703 3605 1843 3675 quod
1873 3609 2124 3678 superius

524 3691 690 3747 etiam
743 3691 1146 3747 observavimus
1193 3693 1211 3765 (
1249 3695 1267 3747 l
1301 3696 1361 3762 ),
1406 3709 1511 3748 non
1539 3695 1679 3750 dicta
1708 3698 1867 3752 modo
1918 3701 2124 3756 Domini

523 3783 720 3848 nostri,
768 3783 861 3838 sed
893 3794 945 3838 et
987 3783 1146 3850 facta,
1181 3801 1302 3856 quae
1355 3786 1574 3857 quidem
1629 3790 1833 3858 scriptis
1865 3789 2125 3848 habemus

523 3875 688 3933 hodie
735 3878 1020 3945 mandata,
1068 3880 1380 3949 prophetica
1426 3895 1580 3946 esse,
1627 3890 1681 3936 et
1727 3882 2121 3954 inperpetuum

524 3969 785 4028 Ecclesia:
837 3986 990 4027 usum
1040 3974 1341 4044 conscripta
1363 4017 1376 4040 ,
1409 3983 1466 4029 ut
1512 3976 1734 4045 proinde
1774 3994 1839 4032 ex
1869 3979 1920 4033 id
1953 3994 2124 4049 genus

521 4061 681 4119 factis
723 4077 828 4118 non
873 4064 943 4118 sit
991 4063 1194 4130 futilis,
1236 4075 1294 4120 ut
1344 4077 1530 4136 putant
1570 4069 1760 4138 vulgo,
1791 4070 1883 4126 sed
1915 4072 2122 4139 solida,

525 4158 940 4226 argumentatio.
988 4158 1156 4214 Recte
1205 4160 1382 4231 itaque
1435 4159 1708 4217 concludit
1761 4163 2125 4222 Tcrtullianus

524 4265 595 4306 ex
642 4266 709 4306 eo
755 4252 895 4322 quod
953 4253 1213 4308 Dominus
1263 4264 1367 4309 tam
1423 4271 1519 4325 per
1569 4257 1918 4328 sanguinem,
1963 4249 2123 4332 quam

521 4357 624 4414 per
649 4358 840 4415 aquam
872 4345 1101 4407 venerit,
1131 4344 1440 4401 Christianis
1467 4347 1628 4404 etiam
1654 4358 1758 4404 tam
1782 4353 2121 4421 sanguinem,

521 4451 684 4508 quam
732 4451 924 4507 aquam
949 4479 965 4504 ,
1011 4451 1133 4494 esse
1177 4437 1495 4507 proficuum.
1529 4442 1694 4497 Recte
1724 4443 1916 4500 iterum
1960 4462 2026 4502 ex
2059 4465 2125 4503 eo

522 4527 668 4599 quod
697 4528 1010 4600 sanguinem
1042 4530 1242 4599 pariter
1270 4545 1333 4585 ac
1373 4548 1566 4602 aquam
1613 4549 1643 4588 e
1680 4535 1900 4592 vulnere
1940 4537 2125 4595 lateris

2235 1922 2438 1980 sentari
2479 1938 2510 1976 a
2550 1922 2660 1978 Deo
2711 1938 2835 1979 esse
2862 1923 3229 1994 designatum,
3263 1925 3332 1979 ita
3365 1924 3417 1979 id
3467 1940 3681 1997 quoque
3719 1939 3845 1982 cer-

2237 2023 2346 2070 tum
2377 2024 2461 2070 est
2489 2031 2596 2070 non
2628 2015 2775 2083 alibi,
2806 2031 2966 2086 qnam
2999 2017 3050 2071 in
3082 2017 3349 2085 Ecclesia,
3381 2017 3510 2074 illud
3537 2020 3843 2092 antitypum

2235 2124 2354 2165 esse
2389 2109 2758 2180 quaerendum.
2801 2109 2872 2165 Ut
2905 2109 3126 2181 proinde
3153 2111 3364 2182 quoties
3394 2123 3576 2182 aptum
3606 2116 3847 2168 occurrit

2236 2203 2290 2257 in
2337 2201 2576 2257 Ecclesia
2622 2202 2922 2272 antitypum
2960 2201 3104 2273 quod
3161 2211 3289 2274 typo
3338 2204 3667 2260 examussim
3727 2221 3846 2260 res-

2235 2294 2467 2365 pondeat
2495 2337 2509 2361 ,
2556 2309 2655 2350 nee
2702 2283 2771 2349 de
2819 2295 2925 2350 alio
2976 2297 3204 2365 quaestio
3241 2305 3342 2363 est,
3377 2312 3444 2351 an
3472 2297 3541 2353 ab
3571 2312 3638 2352 eo
3673 2299 3848 2370 magis

2232 2385 2300 2441 ad
2331 2386 2509 2441 vivum
2540 2389 2873 2456 exprimatur
2896 2427 2911 2451 ,
2957 2389 3029 2443 ita
3058 2387 3291 2444 dubitari
3347 2405 3454 2445 non
3503 2391 3674 2459 possit
3711 2392 3842 2462 quin

2235 2480 2287 2536 id
2333 2482 2504 2550 ipsum
2560 2481 2700 2535 Deus
2739 2481 3025 2551 designare
3073 2482 3342 2549 voluerit;
3395 2499 3494 2539 nec
3533 2493 3618 2540 est
3661 2486 3714 2540 in
3745 2484 3848 2540 hac

2233 2575 2717 2646 argumentationis
2771 2575 3028 2631 metltodo
3055 2577 3330 2648 quippiam
3368 2578 3512 2649 quod
3555 2579 3846 2635 lascivien-

2239 2669 2376 2724 tibus
2407 2671 2636 2740 ingeniis
2665 2670 3028 2739 permittatur.
3079 2669 3176 2725 Est
3205 2671 3258 2726 id
3286 2687 3418 2727 sane
3451 2683 3695 2728 veterum
3727 2689 3849 2729 om-

2234 2762 2390 2817 nibus
2414 2762 2654 2817 moribus
2673 2763 2892 2817 omnino
2907 2773 3357 2833 consentaneum,
3374 2765 3701 2835 quicumque
3719 2777 3849 2822 sunt

2235 2855 2287 2908 in
2309 2854 2744 2924 propheticorum
2763 2855 3128 2927 symbolorum
3156 2857 3598 2927 interpretatione
3616 2859 3842 2915 versati.

2231 2947 2287 3002 Id
2317 2963 2438 3002 cum
2471 2948 2540 3002 ob
2570 2947 2755 3003 oculos
2784 2946 3048 3004 haberent
3075 2948 3210 3004 Novi
3246 2949 3579 3006 Testamenti
3608 2951 3850 3023 scripto-

2232 3057 2319 3096 res
2335 3041 2466 3096 Novi
2487 3040 2820 3098 Testamenti
2841 3042 3149 3098 universam
3167 3044 3526 3098 meouomiam
3542 3045 3713 3116 antity
3723 3059 3848 3116 pain

2232 3148 2370 3200 esse,
2405 3151 2524 3204 qua:
2555 3132 2715 3190 fuerit
2771 3136 2822 3188 iu
2870 3135 3120 3190 universa
3172 3135 3357 3192 itidem
3401 3135 3609 3193 Veteris
3649 3137 3850 3196 Testa-

3205 3229 3432 3298 proinde
3470 3246 3593 3286 eum
3623 3231 3758 3302 quid
3793 3233 3849 3288 in

2231 3327 2458 3388 utraque
2480 3319 2777 3374 meonomia
2797 3319 2973 3375 simile
2997 3321 3319 3392 repererint,
3350 3321 3404 3377 id
3428 3338 3530 3376 una
3556 3323 3725 3379 etiam
3750 3325 3850 3380 ad-

2230 3414 2468 3479 mittunt,
2499 3413 2642 3485 quod
2673 3414 2798 3468 alibi
2831 3413 3075 3486 nuspiam
3097 3457 3112 3480 ,
3144 3426 3198 3469 ut
3231 3415 3284 3470 in
3311 3415 3361 3470 id
3389 3431 3560 3488 genus
3587 3417 3852 3475 similitu-

2228 3505 2446 3561 dinibus
2471 3521 2500 3560 a
2522 3506 2873 3562 similitudine
2893 3516 3173 3579 prototypa
3193 3507 3258 3562 ad
3288 3511 3584 3580 antitypam
3607 3510 3848 3566 solidam

2228 3611 2522 3671 agnoscant
2548 3611 2604 3656 et
2630 3600 2919 3671 legitimam
2948 3603 3490 3672 argumentationem.
3525 3603 3592 3657 Et
3618 3604 3850 3674 quidem

2227 3709 2290 3750 ea
2317 3695 2638 3752 certitudinc
2679 3704 2880 3750 certam
2911 3696 3274 3766 agnoscebant
3320 3697 3625 3767 hujusmodi
3672 3714 3848 3772 argu-

2228 3789 2608 3844 mentatiouem
2637 3805 2757 3858 qua:
2786 3805 2906 3844 cum
2937 3805 2997 3845 ea
3042 3789 3369 3846 obscuritate
3397 3792 3670 3847 conciliari
3713 3808 3851 3864 pose

2228 3889 2312 3936 set
2337 3897 2456 3951 quae
2482 3881 2607 3953 Styli
2635 3881 2911 3952 symbolici
2938 3891 2992 3937 et
3019 3882 3316 3951 pr0phetici
3346 3883 3454 3938 lere
3470 3883 3708 3953 genuina
3739 3895 3850 3951 est,

2230 3976 2302 4030 ita
2331 3975 2519 4030 saltem
2549 3983 2750 4029 certam
2793 3983 2851 4030 ut
2893 3975 3070 4029 locum
3107 3975 3320 4030 interim
3355 3975 3625 4045 relinquat
3661 3977 3851 4033 libero

2227 4067 2505 4123 hominum
2550 4065 2792 4132 arbitrio,
2843 4067 2915 4121 ita
2961 4077 3165 4121 certam
3198 4078 3252 4122 ut
3302 4069 3606 4124 hominibus
3653 4071 3852 4127 corda-

2229 4163 2298 4218 tis
2335 4161 2547 4218 abunde
2587 4160 2818 4216 sufficiat
2869 4161 2933 4215 ad
2966 4162 3176 4230 praxim
3207 4163 3500 4232 prudenter
3548 4163 3849 4221 instituen-

2227 4254 2372 4310 dam.
2400 4255 2477 4310 Ita
2511 4255 2939 4326 quibuscumque
2973 4253 3186 4310 Veteris
3215 4255 3548 4312 Testamenti
3573 4257 3707 4314 locis
3743 4261 3851 4316 ali-

2227 4365 2386 4420 quam
2419 4348 2679 4405 habemus
2704 4365 2856 4420 aqua:
2893 4349 3246 4417 mentionem,
3273 4365 3336 4405 ea
3382 4352 3560 4407 omnia
3593 4352 3849 4409 referunt

2229 4444 2389 4498 etiam
2437 4443 2576 4497 sacri
2620 4443 2912 4512 scriptores
2965 4441 3029 4496 ad
3079 4442 3214 4497 Novi
3261 4443 3593 4499 Testamenti
3636 4461 3849 4517 aquam

2231 4534 2623 4604 haptismalem,
2657 4545 2709 4589 et
2735 4551 2855 4605 qua:
2893 4535 3001 4590 sint
3042 4535 3095 4590 in
3143 4547 3329 4592 nostro
3358 4538 3626 4608 baptismo
3655 4540 3850 4597 officia

521 4621 798 4686 emiserit,
863 4621 1180 4686 sanguinem
1240 4639 1455 4695 quoque
1517 4624 1666 4681 illum
1739 4643 1804 4682 ex
1855 4644 1956 4686 usu
2006 4627 2562 4693 foreDobservanda
2589 4625 2710 4682 inde
2731 4627 3012 4699 colligunt.
3035 4627 3109 4683 lta
3140 4630 3270 4685 etin
3304 4630 3396 4684 illo
3418 4631 3847 4691 Atheniensium

521 4709 800 4768 Ecclesizn.
853 4711 931 4769 Ne
975 4728 1101 4768 vero
1139 4713 1302 4769 nitnia
1336 4715 1676 4786 permittatur
1706 4718 1761 4773 in
1807 4718 1906 4776 hoc
1949 4737 2121 4793 genus

524 4807 1078 4874 argumentationibus
1120 4807 1365 4875 licentia,
1419 4811 1736 4866 observetur
1763 4813 2026 4884 imprimis
2058 4833 2122 4873 ea

523 4910 646 4967 quze
715 4893 801 4950 hic
849 4898 1145 4966 protulerat
1192 4900 1556 4957 Tcrtullianus
1611 4904 1822 4962 Domini
1875 4909 2120 4980 exempla

521 5003 634 5044 non
664 4988 1090 5042 extraordinaria
1130 4991 1294 5047 fuisse
1315 5033 1330 5060 ,
1363 4993 1458 5049 sed
1489 4995 1780 5053 ordinaria.
1809 4999 1867 5054 lu
1899 5002 2119 5059 ordina-

522 5081 622 5137 riis
653 5078 808 5136 facile
837 5081 1126 5137 admittent
1172 5083 1466 5141 adversarii
1500 5088 1661 5144 vitam
1695 5090 1904 5147 Domini
1935 5110 2122 5152 exem-

521 5173 670 5246 plum
720 5187 842 5230 esse
878 5173 1322 5230 Christianorum.
1373 5177 1530 5247 Quod
1566 5192 1744 5238 autem
1783 5201 1876 5254 per
1901 5189 2121 5258 sangui-

523 5284 652 5325 nem
704 5271 908 5342 pariter
953 5286 1016 5326 ac
1065 5285 1257 5342 aquam
1313 5275 1543 5342 venerit,
1597 5278 1648 5332 id
1704 5294 1864 5336 nemo
1913 5281 2124 5340 dubitet

521 5364 651 5435 quin
694 5364 798 5419 tale
850 5364 922 5419 sit
964 5363 1016 5418 in
1066 5380 1173 5434 quo
1213 5381 1334 5422 eum
1381 5369 1577 5425 imitari
1621 5373 1928 5441 possimus,
1975 5379 2119 5449 quod

522 5456 697 5527 ipsum
741 5474 841 5514 nos
884 5457 1151 5541 ordinarii
1174 5475 1304 5517 voce
1350 5461 1735 5535 intelligimus;
1786 5469 1928 5538 quod
1957 5486 2117 5541 porro

519 5551 686 5608 etiam
720 5567 839 5608 cum
867 5554 1127 5627 sanguine
1145 5539 1282 5627 aqua
1310 5571 1340 5612 e
1367 5558 1590 5614 vulnere
1616 5559 1802 5617 lateris
1827 5539 2114 5634 emanarit,

563 5687 675 5774 .(i)
702 5687 785 5774 _ln
834 5689 1056 5746 Dissert.
1104 5691 1191 5774 cui
1237 5693 1421 5774 titulus
1467 5711 1481 5746 :
1529 5692 1609 5774 De
1647 5693 1872 5774 (irritatis
1924 5699 2117 5774 princt'a.

522 5764 644 5845 pio,
665 5769 799 5833 etc.,
826 5776 985 5834 quani
1015 5777 1115 5824 nec
1141 5764 1326 5822 decuit
1351 5766 1603 5838 praesenti
1628 5764 1934 5840 adjungere'
1957 5771 2112 5829 volu-

515 5849 668 5890 mllll.

2225 4719 2294 4776 de
2345 4719 2511 4775 muris
2553 4720 2741 4790 ligneis
2776 4722 2997 4776 oraculo
3039 4721 3455 4790 Themistocles,
3486 4740 3608 4780 cum
3665 4726 3851 4783 Athe-

2226 4814 2490 4868 niensium
2532 4827 2692 4868 causa
2724 4813 2922 4869 editum
2946 4814 3327 4885 perpenderet,
3363 4818 3486 4872 inde
3525 4817 3854 4887 prudentis-

2225 4907 2359 4963 sime
2384 4907 2664 4980 colligebat
2681 4923 2750 4964 ex
2774 4908 3181 4964 Atheniensium
3201 4911 3423 4980 proinde
3451 4912 3690 4967 moribus
3713 4929 3854 4972 esse

2223 5000 2648 5073 intelligendum.
2683 5002 2896 5060 Etcum
2923 5003 3138 5059 oracula
3169 5002 3373 5070 Loxiaz,
3405 5004 3645 5076 Delphici
3669 5005 3853 5066 nimi—

2224 5111 2342 5151 rum
2395 5096 2697 5167 Apollinis,
2758 5097 2960 5168 pariter
3005 5111 3072 5152 ac
3125 5095 3435 5153 Judacoruin
3489 5099 3844 5171 prophetiae,

2225 5205 2334 5244 non
2361 5199 2543 5246 essent
2571 5189 2639 5245 ad
2668 5191 2925 5255 litteram,
2956 5189 3052 5246 sed
3090 5191 3412 5263 symbolice,
3452 5193 3630 5262 potius
3661 5209 3851 5264 expo-

2225 5283 2434 5351 nenda;
2479 5284 2531 5340 id
2578 5300 2738 5356 porro
2766 5285 3117 5356 quaerendum
3157 5286 3330 5354 duxit,
3360 5287 3551 5355 ecquid
3600 5297 3755 5342 esset
3788 5291 3848 5346 in

2219 5375 2329 5447 jam
2372 5378 2660 5432 constituta
2691 5378 3101 5433 Atheniensium
3148 5377 3282 5449 Rep.
3331 5379 3474 5448 quod
3505 5393 3625 5433 cum
3656 5381 3849 5437 muris

2221 5469 2411 5538 ligneis
2458 5470 2656 5539 aliquid
2707 5471 2930 5527 haberet
2966 5469 3128 5528 afliue
3169 5472 3188 5544 (
3237 5487 3336 5527 nec
3365 5473 3508 5529 enim
3543 5474 3594 5527 in
3641 5487 3848 5529 muros

2223 5563 2432 5619 noviter
2477 5565 2832 5621 exstruendos
2868 5565 3042 5636 ipsmn
3094 5566 3351 5622 iunuebat
3403 5566 3722 5637 oraculum)
3785 5584 3852 5628 et

2221 5671 2350 5714 vero
2401 5657 2535 5712 nihil
2589 5671 2702 5714 erat
2750 5659 2893 5729 quod
2949 5661 3001 5714 in
3052 5659 3184 5715 urbe
3213 5676 3332 5730 qua:
3370 5661 3575 5716 viribus
3601 5661 3850 5720 ﬂoreret

2217 5751 2662 5820 commerciisque
2707 5751 3034 5820 maritimis,
3095 5752 3164 5809 de
3227 5767 3334 5823 quo
3397 5754 3536 5809 muri
3599 5753 3671 5808 illi
3731 5771 3851 5828 ap-

2213 5843 2320 5903 tius
2363 5852 2620 5916 possent,
2664 5859 2826 5918 quam
2878 5844 2947 5902 de
2998 5844 3223 5903 navibus
3264 5845 3510 5920 intelligi.
3546 5844 3654 5905 Nec
3692 5859 3852 5904 vero
