4018 6290
202 385 274 438 5'7
1193 376 1278 432 DE
1319 377 1640 438 SECUNDO
1678 378 2072 438 MARTYRUM
2113 375 2476 435 BAPTISMO.
3433 380 3500 437 58

204 499 406 572 aliquid
450 501 648 571 opponi
687 500 740 555 in
783 498 1112 556 contrarium
1143 506 1322 569 potest
1343 497 1412 554 de
1450 499 1608 570 hujus
1633 514 1794 571 argu—
1823 501 1876 560 Α
1974 499 2002 570 §
2055 499 2140 554 ll.
2163 527 2231 538 —-
2252 491 2656 552 Observandum
2687 493 2866 563 itaque
2916 492 3177 561 secundo,
3210 493 3265 551 id
3292 510 3506 570 quoque

203 591 549 649 mentationis
593 590 1016 657 incertitudine,
1063 589 1206 660 quod
1274 604 1380 644 non
1439 590 1510 645 sit
1560 589 1798 646 omnium

201 688 318 745 fere
368 687 765 759 prephetiarum
813 685 1259 754 oraculorumque
1299 698 1584 740 connnuue
1619 684 1686 741 ab
1721 684 1800 756 ip-

201 783 281 839 sis
308 796 475 854 usque
523 791 872 852 utrorumque
899 779 1159 835 exordiis.

281 873 310 946 ς
341 873 426 930 10.
448 901 518 915 -
540 870 666 928 Haec
689 872 865 944 itaque
895 873 1075 927 omnia
1113 871 1442 928 validissime
1471 872 1796 944 precedent,

199 967 250 1022 si
290 967 474 1036 quinto
503 965 556 1021 id
587 979 803 1035 quoque
831 972 1185 1035 supponatur.
1219 979 1308 1020 res
1339 964 1410 1019 ita
1440 980 1468 1019 a
1524 963 1799 1036 propheti-

198 1059 283 1114 cis
329 1059 467 1132 typis
523 1066 940 1127 repraesentatas
994 1056 1060 1111 ad
1126 1067 1441 1127 perpetuum
1519 1057 1800 1112 attinuisse

197 1148 458 1206 Ecclesiae
489 1163 661 1204 usum.
701 1148 830 1218 Quae
861 1148 1004 1203 enim
1047 1148 1115 1202 ita
1144 1157 1402 1219 perpetua
1435 1147 1607 1203 futura
1634 1158 1794 1215 sunt,

195 1253 262 1296 ea
322 1240 430 1295 Deo
478 1254 623 1295 curat
677 1254 799 1295 esse
857 1239 1216 1295 certissimum
1267 1249 1379 1306 est,
1432 1254 1493 1294 ea
1564 1240 1797 1295 maxime

193 1336 503 1393 necessaria
545 1345 604 1390 ut
631 1345 782 1391 certo
811 1335 990 1406 aliquo
1019 1335 1236 1391 decreto
1287 1334 1684 1399 stabilirentur;
1732 1349 1795 1390 ea

193 1429 264 1484 ad
297 1428 610 1500 primarium
654 1427 747 1484 Dei
777 1427 830 1482 in
865 1427 1193 1499 propheticis
1223 1427 1482 1499 symbolis
1507 1427 1794 1483 consilium

191 1521 523 1592 pertinuisse
567 1519 839 1577 censenda
883 1529 1029 1576 sunt.
1080 1518 1137 1575 lu
1182 1519 1266 1576 his
1311 1520 1492 1591 itaque
1516 1535 1638 1576 cum
1665 1519 1794 1592 quid

190 1616 600 1672 accuratissime
638 1615 903 1686 quadrat,
936 1629 1042 1670 non
1094 1613 1316 1670 fortuito
1367 1613 1419 1669 id
1466 1615 1652 1680 casui,
1697 1613 1792 1669 sed

189 1709 501 1765 certissimo
555 1709 920 1764 Providentia:
973 1707 1205 1764 consilio
1283 1707 1626 1764 tribuendum
1684 1716 1789 1764 est.

187 1796 324 1870 Ctun
394 1814 525 1872 ergo
569 1815 687 1871 qua:
723 1799 792 1856 de
865 1799 1078 1855 Domini
1143 1799 1372 1856 adventu
1423 1800 1654 1871 legimus
1695 1817 1792 1872 per

1905 591 2088 662 negari
2121 605 2228 646 non
2262 603 2442 660 posse,
2492 587 2803 660 passionem
2831 599 2984 641 suam
3034 585 3360 657 baptismum
3406 605 3506 662 ap-

1905 685 2134 756 pellasse
2183 683 2518 738 Salvatorem
2573 699 2588 737 :
2641 691 2694 735 et
2745 681 2888 750 quod
2943 681 3174 750 apoStoli
3235 698 3334 753 pro
3389 687 3506 757 ejus

1903 776 2118 832 nomine
2151 777 2356 848 passuri
2381 786 2584 840 essent,
2612 773 2945 829 tantumdem
2974 775 3114 846 apud
3146 775 3295 832 illum
3323 778 3507 836 valere

1901 884 1964 924 ac
1993 869 2253 940 baptizari
2300 884 2366 924 eo
2397 869 2666 936 baptismo
2707 883 2815 938 quo
2846 875 2990 922 esset
3041 867 3156 939 ipse
3205 870 3506 940 baptizatus

1901 961 1990 1033 (S.
2030 962 2240 1029 .llatth.,
2272 979 2374 1027 xx,
2403 961 2518 1032 22).
2550 961 2626 1015 lta
2656 960 2798 1014 enim
2829 959 2881 1014 in
2911 975 3090 1031 grzeco
3117 959 3378 1019 habemus
3401 1005 3419 1032 ,
3452 975 3507 1022 et

1901 1059 1953 1113 in
2001 1058 2122 1113 aliis
2167 1058 2551 1113 vetustissimis
2600 1055 2962 1120 versionibus,
2996 1054 3194 1112 desunt
3223 1069 3400 1114 tamen
3441 1075 3504 1115 ea

1899 1153 2064 1209 verba
2121 1153 2173 1208 in
2228 1152 2395 1207 latino
2448 1153 2743 1220 interprete
2794 1150 3032 1220 vulgato,
3087 1150 3505 1223 suifragantibus

1899 1247 2059 1303 etiam
2094 1246 2296 1301 Hilario
2328 1246 2613 1301 Ambrosio
2667 1243 2892 1314 (Hilam,
2927 1261 3046 1299 can.
3077 1245 3147 1302 30
3175 1246 3228 1299 in
3254 1245 3502 1320 Matth.),

1901 1339 2230 1412 Hieronymo
2269 1338 2538 1412 (Hieron.,
2574 1337 2663 1391 lib.
2697 1353 2774 1392 tu.
2809 1337 3003 1392 Comm.
3061 1337 3113 1390 in
3146 1337 3336 1393 Matth.
3371 1339 3503 1410 xx),

1899 1433 2148 1504 ipsoque,
2178 1431 2432 1505 quicquid
2462 1431 2650 1487 innuat
2677 1431 2732 1486 in
2761 1429 3092 1486 contrarium
3113 1429 3352 1496 Grotius,
3379 1431 3501 1486 Ori-

1897 1542 2031 1595 gene
2053 1525 2252 1597 (0rig.,
2270 1527 2321 1579 in
2342 1525 2558 1591 Matth,
2577 1535 2696 1578 tam.
2717 1539 2824 1586 xw,
2841 1540 2892 1593 p.
2908 1521 3036 1582 415.
3061 1521 3162 1577 Ed.
3182 1520 3499 1594 Huctianw).

1896 1615 2162 1671 Convenit
2227 1624 2405 1670 tamen
2465 1631 2588 1671 cum
2639 1615 2830 1684 grzrcis
2878 1611 3154 1668 codicibus
3202 1614 3504 1670 vetustissi-

1895 1723 2014 1763 mus
2043 1709 2311 1779 interpres
2344 1707 2536 1779 Syrus,
2569 1716 2620 1763 et
2651 1717 2710 1762 ut
2740 1707 2826 1762 hic
2851 1704 3203 1776 cXpungenda
3229 1719 3352 1762 esse
3369 1706 3504 1763 fate-

1895 1815 2119 1868 remur,
2171 1802 2300 1872 quin
2347 1808 2526 1855 tamen
2581 1799 2719 1872 apud
2763 1798 2822 1854 S.
2857 1798 3093 1852 Marcum
3144 1796 3368 1868 legenda
3393 1799 3502 1855 sint

187 1904 384 1962 aquam
439 1902 495 1946 et
520 1890 855 1962 sanguinem,
887 1891 955 1946 de
984 1906 1121 1962 aqua
1152 1893 1316 1948 etiam
1367 1901 1420 1948 et
1448 1893 1708 1964 sanguine
1758 1907 1789 1948 e
1818 1901 1864 1962 B
1894 1896 2035 1967 (cap.
2068 1911 2119 1962 x,
2152 1895 2242 1964 38,
2273 1895 2385 1967 39),
2439 1910 2600 1951 nemo
2644 1903 2727 1950 est
2776 1895 2866 1966 qui
2894 1896 3124 1963 dubitet,
3177 1903 3235 1951 ut
3275 1892 3500 1966 proinde

188 1979 377 2036 lateris
420 1982 645 2039 vulnere
677 1983 1066 2054 proﬂuentibus
1092 2026 1107 2046 .
1163 1999 1260 2054 pro
1302 1984 1428 2056 styli
1485 1984 1786 2056 prophetici

187 2071 465 2142 idiomate,
513 2075 879 2147 symbolorum
927 2075 1100 2130 vicem
1153 2077 1668 2142 obtinuerint;cum
1724 2092 1788 2133 ea

186 2166 244 2222 in
298 2176 586 2240 utrumque
643 2169 782 2223 hunc
823 2169 1084 2226 Ecclesia!
1137 2170 1462 2241 baptismum
1509 2170 1788 2240 aptissime

181 2261 553 2327 conveniant;
602 2275 726 2315 cum
783 2261 918 2316 nihil
973 2263 1043 2317 sit
1089 2261 1233 2332 quod
1299 2263 1606 2318 dubitemus
1657 2263 1785 2334 quin

184 2358 478 2422 perpetuus
528 2361 755 2424 uterque
793 2353 1000 2408 futurus
1043 2353 1152 2408 sit:
1203 2353 1360 2425 plane
1390 2355 1660 2426 sequitur,
1714 2356 1786 2412 ita

180 2455 310 2499 esse
354 2443 636 2500 Dominum
680 2445 1117 2503 commodissime
1164 2447 1590 2519 intelligendum.
1640 2449 1785 2506 Prat-

179 2535 375 2591 sertim
414 2548 566 2592 sexto
595 2537 641 2592 si
681 2537 734 2593 id
765 2553 978 2610 quoque
1003 2539 1340 2607 observetur,
1391 2541 1444 2595 ni
1495 2542 1599 2596 huc
1629 2551 1786 2613 typos

182 2627 402 2686 Domini
429 2627 736 2686 referamus
767 2641 820 2686 ut
854 2635 1274 2703 prmnuntiarent
1302 2650 1461 2705 queui
1494 2635 1584 2690 ille
1614 2637 1787 2691 voluit

180 2718 443 2778 Ecclesia:
493 2732 692 2779 statum
743 2734 906 2796 atque
944 2728 1422 2795 constitutionem,
1457 2729 1591 2785 nihil
1638 2741 1786 2788 certe

177 2829 304 2872 esse
333 2831 440 2888 quo
469 2817 688 2874 aliunde
711 2828 925 2875 constet
967 2819 1226 2876 Ecclesiae
1253 2820 1593 2892 disciplinam
1621 2825 1690 2878 ab
1718 2839 1785 2880 eo

178 2924 310 2967 esse
336 2912 708 2969 constitutam.
751 2913 863 2970 Nec
915 2915 1060 2970 enim
1109 2915 1178 2971 de
1228 2931 1291 2972 ea
1335 2917 1553 2972 disertis
1604 2918 1785 2976 verbis

174 3016 212 3057 a
265 3002 494 3058 Domino
540 3005 738 3062 alicubi
783 3015 1001 3062 cautum
1048 3007 1298 3078 legimus.
1330 3009 1470 3077 Quid
1498 3010 1640 3080 quod
1671 3011 1786 3066 haec

176 3109 280 3166 per
299 3096 544 3168 symbola
571 3098 817 3154 tradendi
841 3099 1126 3156 tuethodus
1143 3101 1215 3156 ita
1241 3110 1325 3156 est
1351 3116 1380 3156 a
1408 3101 1636 3158 Domino
1655 3118 1781 3174 pro-

174 3185 328 3254 bata,
353 3201 411 3244 ut
440 3189 768 3246 multitudini
795 3193 997 3260 omnia,
1028 3193 1306 3264 discipulis
1336 3195 1496 3250 etiam
1527 3195 1784 3266 pleraque

1893 1988 2027 2043 nihil
2084 1989 2154 2042 sit
2192 1988 2334 2059 quod
2381 1988 2448 2043 de
2478 1996 2794 2056 argumento
2824 1996 3150 2042 metuamus.
3182 1985 3292 2042 Sed
3338 1986 3498 2042 aliam

1893 2081 1979 2137 hic
2019 2079 2463 2151 signiﬁcationem
2496 2080 2654 2150 hujus
2703 2079 2850 2134 vocis
2891 2080 3197 2150 intelligent
3241 2078 3498 2134 adversa-

1891 2175 1954 2230 rii
1994 2189 2153 2246 quam
2201 2190 2304 2245 qua
2335 2174 2536 2228 utimur
2558 2188 2680 2228 cum
2712 2173 2781 2228 de
2823 2180 3165 2229 sacramento
3206 2171 3495 2243 loquimur.

1890 2265 2188 2324 Ostendant
2259 2268 2423 2338 igitur
2497 2266 2659 2321 aliam
2720 2266 2772 2320 in
2829 2265 2970 2320 illius
3028 2264 3128 2320 aevi
3185 2261 3496 2320 auctoribus

1891 2377 2049 2433 quam
2133 2376 2252 2432 qua:
2323 2361 2390 2416 atl
2465 2361 2830 2432 expiationem
2905 2359 3496 2430 sanctiﬁcationemque

1893 2456 2145 2527 pertinet.
2195 2454 2274 2510 Eo
2323 2463 2472 2510 certe
2525 2455 2860 2525 spectabant,
2895 2453 2986 2525 qui
3017 2465 3127 2509 tum
3180 2452 3495 2509 obtinebant

1891 2549 2163 2622 baptismi,
2218 2557 2278 2603 ut
2322 2551 2534 2622 opinor,
2591 2564 2801 2615 omnes,
2844 2563 2952 2602 non
3001 2547 3278 2603 hominum
3332 2545 3493 2603 modo

1889 2644 2152 2714 quibusju
2175 2643 2560 2714 pharisteornm
2584 2643 2909 2698 autJoannis
2936 2643 3272 2712 disciplinam
3295 2640 3493 2697 adscri-

1891 2738 2168 2803 berentur,
2215 2738 2312 2796 sed
2354 2748 2410 2795 et
2453 2754 2706 2795 vasorum
2752 2754 2969 2810 quoque
3002 2739 3076 2793 illi
3107 2752 3490 2808 sacrorumque

1892 2833 2215 2890 utensilium.
2259 2833 2484 2901 Quando
2531 2834 2691 2904 igitur
2741 2845 2880 2888 notae
2933 2831 3340 2903 signiﬁcationis
3395 2845 3488 2886 vo-

1889 2941 2008 2983 cem
2041 2928 2298 2983 Dominus
2335 2927 2522 2983 tribuit
2550 2928 2835 2998 martyrio,
2871 2925 2923 2980 id
2947 2925 3097 2980 illutn
3126 2923 3363 2981 voluisse
3390 2939 3487 2980 ne-

1889 3037 2043 3078 cesse
2064 3030 2167 3089 est,
2199 3021 2338 3076 idem
2367 3022 2485 3076 fore
2514 3037 2542 3074 a
2576 3020 2859 3092 martyrio.
2891 3019 3033 3090 quod
3063 3034 3090 3072 a
3116 3018 3398 3088 haptismis
3424 3017 3486 3073 il-

1889 3113 1956 3168 lis
1987 3112 2400 3182 expectandum,
2426 3122 2482 3168 ut
2503 3112 2757 3167 nimirum
2789 3120 2895 3164 tam
2914 3111 3176 3181 sanguine
3201 3127 3230 3164 a
3247 3113 3361 3166 suis
3384 3112 3488 3165 im-

1890 3206 2212 3276 puritatibus
2224 3221 2384 3276 quam
2399 3220 2556 3276 aqua,
2573 3214 2927 3276 purgarentur
2942 3212 3028 3272 atq
3037 3218 3102 3258 ue
3113 3205 3482 3272 expiarentur.

174 3295 278 3351 De?
296 3280 540 3354 symbola
563 3283 876 3349 tradiderit;
905 3287 1216 3356 etquidem,
1243 3301 1340 3358 pro
1367 3297 1611 3342 veterum
1633 3287 1702 3343 de
1722 3303 1782 3345 se
1809 3287 1854 3351 C
1886 3295 2042 3364 Quod
2070 3299 2114 3352 si
2146 3297 2328 3353 dicant
2357 3297 2600 3368 nuspiam
2632 3295 2899 3352 indicasse
2928 3297 3211 3350 Dominum
3240 3295 3340 3352 hos
3359 3310 3483 3352 esse

170 3375 584 3446 prophetiarum
637 3377 778 3446 ﬁde,
820 3379 892 3433 ita
921 3388 1038 3434 erat
1087 3379 1400 3435 traditurus.
1448 3380 1599 3436 Tunc
1644 3396 1780 3437 vero

170 3473 414 3530 maxime
440 3472 638 3530 idonea
659 3484 776 3531 erat
801 3490 866 3532 ea
895 3476 1138 3532 tradendi
1157 3479 1294 3533 ratio
1321 3492 1444 3534 cum
1468 3494 1555 3533 res
1585 3477 1779 3534 futura:

169 3572 520 3629 traderentur
561 3573 758 3645 quibus
811 3573 1047 3630 nondum
1095 3582 1336 3630 maturus
1383 3583 1528 3630 esset
1561 3573 1776 3629 audito-

166 3681 294 3723 rum
341 3677 550 3738 captus.
592 3666 729 3723 Cum
796 3669 940 3724 enim
1015 3669 1139 3723 talia
1199 3667 1434 3723 traderet
1487 3667 1772 3732 Salvator,

163 3757 337 3814 etiam
366 3757 661 3830 discipulos
690 3775 784 3829 per
813 3759 1057 3832 symbola
1088 3760 1356 3826 instituit,
1389 3761 1568 3817 dedita
1609 3759 1773 3816 nimi-

163 3866 296 3907 rum
341 3865 524 3920 opera,
577 3869 646 3908 ne
694 3862 852 3909 antea
905 3855 1333 3925 intelligerentur
1367 3871 1525 3925 quam
1581 3871 1771 3911 eorum

163 3940 340 3998 ﬁdem
387 3953 609 4000 eventus
636 3945 1066 4017 comprobasset.
1097 3949 1258 4018 Atqui
1305 3947 1538 4017 Spiritus
1571 3948 1771 4018 baptis-

161 4051 329 4104 mus,
377 4052 496 4105 qua:
543 4037 760 4110 quidem
813 4041 1131 4095 sacramenti
1163 4055 1286 4110 pars
1315 4049 1428 4095 erat
1468 4043 1765 4111 prrecipua,

161 4143 281 4185 non
314 4139 490 4186 tamen
517 4139 644 4186 ante
674 4133 1129 4188 resurrectionem
1161 4141 1278 4187 erat
1303 4135 1727 4189 communicatos
1747 4175 1763 4201 ,

162 4230 230 4276 ut
275 4221 505 4292 proinde
545 4221 696 4278 illum
753 4239 967 4294 quoque
1001 4240 1106 4279 non
1147 4223 1366 4280 disertis
1404 4224 1584 4280 verbis
1609 4267 1624 4292 ,
1669 4227 1765 4282 sed

161 4330 326 4386 aqua:
368 4315 616 4388 symbolo
641 4359 656 4384 ,
699 4316 1020 4387 praediceret
1046 4316 1143 4389 (S.
1183 4316 1364 4381 Joan..
1399 4334 1491 4382 vn,
1525 4319 1614 4384 58,
1645 4318 1758 4391 39).

161 4408 324 4478 Quod
370 4409 418 4465 si
446 4408 772 4480 baptismum
819 4409 1092 4482 Spiritus,
1144 4417 1233 4482 qui
1265 4411 1330 4466 ad
1381 4413 1608 4482 gloriam
1642 4413 1763 4481 ejus

161 4511 454 4574 tantopere
507 4502 773 4572 iaciebat,
830 4504 1075 4560 obscuris
1155 4515 1331 4562 tamen
1388 4508 1762 4578 :enigntatibus

160 4595 553 4652 involvendum
602 4596 852 4666 duxerit,
898 4601 1064 4655 multo
1103 4610 1252 4656 certe
1303 4601 1498 4671 potiori
1550 4601 1759 4657 ratione

1886 3390 2093 3446 fructus
2146 3406 2174 3444 a
2228 3391 2490 3463 martyrio
2554 3389 2920 3460 expectandos
2949 3430 2966 3457 ,
2999 3388 3163 3445 iidem
3193 3387 3484 3444 observare

1885 3491 2132 3552 poterant
2183 3497 2250 3537 ne
2312 3481 2382 3537 de
2435 3481 2684 3554 baptismi
2741 3480 2958 3551 quidem
3026 3491 3366 3535 sacramento
3427 3479 3480 3534 id

1882 3589 2136 3644 umquam
2175 3573 2426 3629 docuisse
2454 3573 2816 3628 Salvatorem.
2872 3571 3030 3626 Nulla
3077 3583 3226 3627 certe
3275 3571 3479 3626 mentio

1881 3678 2221 3737 peccatorum
2261 3666 2648 3738 expiandorum
2683 3669 2734 3722 in
2760 3666 2878 3736 ejus
2903 3665 3044 3736 apud
3074 3666 3132 3721 S.
3167 3665 3474 3720 Matthteum

1879 3763 2240 3828 institutione,
2273 3763 2416 3818 nulla
2446 3763 2497 3816 in
2529 3761 2648 3832 ejus
2676 3777 2777 3817 usu
2821 3760 2963 3831 apud
3013 3761 3072 3817 S.
3098 3759 3383 3816 Joannem.
3414 3759 3481 3814 Et

1878 3864 2053 3912 tamen
2079 3856 2220 3911 hunc
2249 3854 2499 3925 baptismi
2527 3852 2932 3910 sacramentalis
2963 3853 3192 3908 fructum
3213 3867 3312 3907 nos
3350 3851 3476 3908 alibi

1874 3966 1939 4006 ex
1971 3949 2336 4018 apostolorum
2366 3947 2579 4018 scriptis
2623 3945 2988 4016 probavimus.
3025 3943 3181 4013 Quod
3237 3959 3366 4016 ergo
3404 3943 3476 3998 ita

1871 4042 2154 4098 docuerint
2207 4040 2456 4110 apostoli,
2505 4039 2558 4093 id
2598 4054 2666 4094 ex
2691 4046 2816 4094 nota
2840 4037 2951 4104 illa,
2980 4052 3142 4106 quam
3166 4035 3297 4101 dixi,
3348 4044 3474 4091 tunc

1873 4136 2134 4207 temporis
2155 4134 2546 4206 signiﬁcatione
2573 4133 2742 4200 vocis,
2767 4142 2820 4187 et
2851 4132 2928 4188 rei
2961 4131 3129 4202 ipsius
3159 4131 3299 4200 apud
3329 4129 3468 4197 illos,

1870 4247 1898 4285 a
1917 4231 2107 4302 quibus
2139 4231 2279 4284 illam
2306 4227 2616 4294 Christiani,
2641 4243 2737 4281 usu
2758 4227 2878 4282 illos
2898 4225 3182 4282 deduxisse
3213 4234 3294 4280 est
3343 4240 3473 4280 sane

1869 4323 2348 4386 verisimillimum,
2404 4321 2505 4376 nisi
2559 4320 2625 4374 ad
2654 4334 2845 4375 novam
2892 4320 3067 4389 potius
3104 4317 3470 4387 apostolorum

1869 4417 2248 4473 revelationem
2291 4415 2398 4481 hic,
2429 4415 2547 4470 sine
2574 4413 2680 4468 ulla
2705 4427 2930 4483 prorsus
2957 4411 3302 4476 necessitate,
3334 4424 3466 4464 con-

1869 4508 2175 4581 fugiendum
2234 4518 2422 4578 putent
2464 4505 2782 4562 adversarii.
2837 4504 2989 4573 Quod
3021 4504 3065 4558 si
3114 4502 3348 4573 apostoli
3399 4515 3468 4556 ex

1866 4611 1990 4658 nota
2045 4601 2134 4657 illa
2181 4601 2328 4656 vocis
2385 4599 2778 4671 signiﬁcatione
2833 4596 3150 4666 collegerint
3199 4594 3466 4662 baptismo

158 4689 518 4745 occultandas
543 4699 660 4746 erat
687 4691 962 4762 sanguinis
1014 4692 1090 4746 illi
1120 4703 1281 4762 atque
1329 4693 1569 4764 martyrii
1600 4709 1760 4764 quem

1883 4694 2242 4754 saeramenlali
2312 4694 2421 4748 vim
2493 4692 2638 4747 illam
2695 4699 3038 4760 peccatorum
3113 4685 3462 4756 expiatricem

158 4782 386 4838 modum
413 4793 636 4855 possent
664 4785 884 4840 omnino
909 4800 1126 4855 capere.
1172 4784 1282 4841 Nec
1334 4786 1478 4841 enim
1508 4784 1574 4840 ad
1622 4784 1763 4840 hunc

159 4875 340 4948 ipsum
373 4877 656 4933 Dominum
689 4893 755 4934 eo
781 4879 1061 4950 sanguinis
1091 4880 1360 4950 baptismo
1397 4879 1542 4950 fungi
1596 4893 1762 4950 opor-

159 4975 283 5025 tere
311 4969 696 5036 crediderant,
727 4971 780 5026 in
813 4971 1187 5027 inﬁdelitatem
1219 4970 1332 5026 fere
1364 4972 1561 5042 relapsi
1590 5012 1604 5036 ,
1633 4987 1758 5026 cum

155 5059 218 5120 id
244 5077 432 5119 verum
457 5107 472 5132 ,
503 5076 701 5135 praeter
722 5066 1151 5135 expectationem
1180 5079 1356 5130 suam,
1393 5079 1580 5119 revera
1607 5079 1759 5120 com—

157 5154 536 5230 perissent(S.
559 5156 713 5223 Luc.,
739 5173 899 5226 xxrv,
919 5157 1032 5232 21),
1060 5159 1277 5229 gravius
1307 5157 1528 5212 omnino
1548 5155 1756 5227 passuri

158 5246 480 5303 scandalum
507 5249 552 5304 si
585 5249 689 5304 sibi
719 5264 934 5321 quoque
956 5250 1204 5306 eumdem
1253 5250 1589 5306 subeundum
1619 5264 1757 5305 non-

159 5337 291 5396 dum
341 5341 540 5396 maturi
579 5341 919 5398 didicissent.
971 5343 1204 5399 Proinde
1249 5345 1494 5414 quamvis
1543 5357 1752 5408 eorum,

155 5447 283 5506 quae
311 5447 409 5488 sua
439 5448 599 5490 causa
621 5437 826 5506 passuri
853 5443 1008 5490 erant
1036 5435 1305 5506 discipuli,
1334 5435 1642 5492 meminerit
1668 5435 1760 5490 ali-

159 5526 378 5597 qu0ties
409 5525 666 5582 Dominus
686 5570 700 5595 ,
731 5543 799 5583 ne
826 5542 949 5583 cum
977 5529 1305 5593 evenissent,
1338 5544 1460 5584 eum
1490 5528 1710 5585 latuisse
1735 5569 1750 5594 ,

158 5629 254 5675 aut
283 5628 482 5691 praeter
510 5620 652 5675 illius
683 5621 963 5677 consilium
992 5623 1256 5688 evenisse,
1305 5623 1750 5692 suspicarentur;

160 5713 215 5770 id
244 5723 428 5770 tamen
455 5723 611 5770 caute
636 5715 948 5782 admodum,
978 5724 1032 5771 et
1084 5730 1181 5784 pro
1212 5715 1543 5770 inﬁrmormn
1596 5723 1755 5784 captu

159 5807 308 5876 fecit,
337 5821 406 5863 ne
422 5805 549 5863 dum
573 5817 631 5862 ut
655 5807 980 5879 baptismum
1005 5808 1300 5879 sanguinis,
1326 5809 1418 5881 qui
1443 5816 1616 5867 status
1638 5817 1757 5865 erat

165 5899 423 5970 patiendi,
455 5901 740 5973 perspicue
761 5911 1231 5961 commemoraret.

1865 4805 1986 4848 esse
2024 4786 2394 4850 tribuendam;
2443 4783 2629 4855 quidni
2658 4793 2712 4838 et
2745 4795 2844 4836 nos
2867 4821 2883 4846 ,
2914 4795 2986 4835 ex
3030 4778 3271 4850 ejusdem
3312 4778 3462 4834 vocis

1863 4884 2254 4957 signiﬁcatione
2299 4879 2481 4935 itidem
2518 4877 2858 4946 colligamus,
2895 4875 3193 4944 sanguineo
3247 4863 3463 4944 quoque

1862 4977 2128 5048 baptismo
2192 4973 2300 5028 vim
2353 4969 2598 5028 eamdem
2664 4965 3024 5040 purgatrieem
3081 4981 3203 5024 esse
3261 4966 3472 5036 pariter.

1864 5071 2198 5128 tribuendam
2223 5071 2246 5125 ?

1937 5164 1964 5236 §
2010 5165 2096 5219 l2.
2131 5161 2303 5219 —Ne
2345 5163 2468 5233 quis
2520 5170 2696 5216 autem
2750 5165 2901 5230 putet
2954 5156 3168 5212 unicum
3215 5160 3458 5208 nostrum

1861 5257 2168 5328 praesidium
2194 5255 2244 5309 in
2280 5253 2428 5310 vocis
2455 5255 2568 5324 ipsa
2615 5251 3008 5322 signiﬁcatione
3041 5263 3162 5303 esse
3189 5244 3457 5315 positum;

1860 5364 1992 5422 age,
2042 5349 2358 5414 videamus,
2414 5362 2594 5403 annon
2648 5361 2712 5402 ex
2771 5361 2830 5400 re
2881 5344 2995 5413 ipsa
3045 5345 3256 5395 constet
3311 5345 3459 5391 recte

1863 5442 1948 5498 hic
1986 5458 2013 5494 a
2046 5443 2318 5498 veteribus
2361 5450 2634 5512 acceptum
2671 5452 2790 5494 esse
2829 5430 3208 5492 Salvatorem?
3255 5428 3454 5486 Obser-

1858 5535 2087 5591 vandum
2136 5535 2314 5604 itaque
2365 5533 2546 5596 tertio,
2602 5529 3042 5585 verisitnillintatu
3078 5523 3271 5579 horum
3303 5521 3452 5577 loco-

1860 5645 1976 5684 rum
2027 5629 2386 5693 occasionem,
2423 5627 2474 5680 in
2530 5625 2727 5696 quibus
2757 5623 2824 5677 de
2868 5621 3130 5687 baptismo
3176 5615 3456 5688 sanguinis

1857 5724 1942 5792 agi
1986 5722 2334 5778 crediderunt
2371 5732 2582 5774 veteres
2614 5759 2629 5785 ,
2684 5716 2849 5769 fuisse
2904 5713 3241 5783 martyrium.
3277 5711 3452 5766 Alium

1859 5816 2008 5871 illum
2040 5816 2384 5886 baptismum,
2417 5827 2524 5884 quo
2549 5827 2608 5866 se
2651 5809 2787 5864 dixit
2839 5806 3099 5863 Dominus
3124 5805 3240 5862 fore
3273 5806 3450 5876 bapti-

1859 5905 2087 5963 zandum
2114 5946 2130 5973 ,
2181 5905 2250 5961 de
2296 5903 2545 5976 passione
2587 5901 2704 5970 ejus
2752 5900 2803 5956 in
2841 5914 3003 5957 cruce
3046 5897 3450 5968 intelligendum
