4018 6290
556 347 628 412 59
1552 352 1917 412 DODWELLI
1957 352 2412 414 DISSEBTATIO
2445 355 2866 417 CYPRIANICA
3789 367 3860 424 60

556 486 684 530 esse
713 485 872 528 nemo
898 469 1122 527 dubitet.
1155 469 1232 525 Ea
1261 475 1444 526 autem
1477 470 1590 542 ipsa
1621 473 1826 542 passio,
1862 486 1959 543 pro
2001 486 2152 528 more
2181 474 2234 534 Α
2259 471 2463 544 Nempe
2527 474 2668 530 inter
2715 474 2852 530 alios
2905 474 3115 532 Messias
3189 478 3406 546 titulos,
3460 479 3655 552 quibus
3707 481 3865 538 illum

558 569 721 625 etiam
763 565 1081 636 scriptorum
1127 578 1427 630 sacrorum,
1466 566 1782 636 martyrium
1829 564 2150 635 appellatur.

558 660 688 717 Inde
731 669 787 715 et
824 659 939 730 ipse
975 657 1234 713 Dominus
1264 661 1466 735 μάρτυς
1513 659 1540 715 ὁ
1584 662 1770 720 πιστὸς
1817 663 1902 715 καὶ
1933 660 2156 722 ἀληθινὸς

559 753 819 827 (Apocat.,-
847 765 884 818 t,
927 751 961 807 5
985 767 999 817 ;
1033 766 1112 815 m,
1145 748 1238 821 14)
1265 750 1461 806 dicitur
1485 758 1540 805 et
1562 761 1900 825 μαρτυρῆσαι
1923 753 2009 808 ἐπι
2029 763 2150 808 Πον-

556 850 670 906 τίου
688 846 904 903 Πιλάτου
924 849 1015 905 τὴν
1035 844 1192 903 καλὴν
1222 842 1487 919 ὁμολογίαν
1517 843 1559 916 (1
1585 842 1748 912 Tim.,
1780 860 1852 909 Vl,
1884 846 1998 915 15).
2025 845 2155 913 Qua:

556 941 720 996 verba
746 939 926 995 ornnia
952 939 1284 1010 martyrium,
1311 953 1411 1008 pro
1439 939 1706 1009 primaevae
1735 939 1991 994 Ecclesiae
2015 938 2153 994 idio-

557 1043 735 1101 mate,
764 1031 1065 1104 designant.
1093 1030 1302 1102 Nequid
1330 1040 1512 1086 autem
1541 1031 1627 1087 hic
1676 1032 1745 1086 ab
1771 1032 2150 1088 ecclesiasticis

557 1125 851 1185 conﬁctum
901 1124 1246 1189 arbitremur,
1281 1123 1443 1178 etiam
1471 1125 1644 1193 ipsam
1693 1124 1936 1196 martyrii
1967 1139 2151 1180 vocem

557 1217 950 1290 significatione
1003 1216 1369 1271 ecclesiastica
1425 1225 1683 1285 usurpant
1719 1231 1889 1271 sacra:
1940 1215 2152 1271 litterae.

557 1311 631 1368 Ita
648 1312 856 1386 μάρτυς
869 1307 1348 1380 Stephanus(Act.,
1368 1322 1496 1372 uti,
1513 1306 1629 1376 20),
1646 1319 1694 1363 et
1711 1310 1911 1383 μάρτυς
1928 1309 1954 1363 ὁ
1971 1309 2154 1370 πιστὸς

560 1405 794 1475 Aittipas
827 1405 1084 1474 (Apocal.,
1126 1419 1184 1472 tr,
1223 1404 1334 1475 l5),
1381 1419 1501 1474 quae
1525 1404 1713 1459 eadem
1745 1404 1974 1460 Domino
1999 1414 2154 1459 antea

559 1499 840 1565 tribuerat,
875 1507 932 1553 ut
980 1497 1234 1564 vidimus,
1270 1507 1458 1552 auctor
1480 1497 1907 1568 Apocalypseos,
1938 1513 2006 1552 ne
2034 1498 2154 1567 quis

557 1593 650 1649 hic
673 1593 899 1648 miretur
926 1591 1180 1663 martyris
1208 1605 1396 1647 vocem
1426 1591 1586 1646 etiam
1619 1591 1847 1645 Domino
1875 1588 2150 1655 tributam,

556 1694 721 1742 sensu
761 1684 1168 1751 ecclesiastico,
1223 1684 1556 1741 intellectam
1605 1697 1728 1740 esse
1771 1699 1802 1738 a
1857 1685 2151 1740 veteribus.

554 1780 632 1838 Ita
677 1789 826 1836 certe
871 1780 1107 1836 alienam
1153 1794 1262 1835 non
1314 1777 1664 1834 crediderunt
1692 1794 1720 1832 a
1758 1778 1985 1833 Domino
2013 1779 2153 1834 hanc

559 1874 722 1944 hujus
752 1874 899 1930 vocis
939 1873 1406 1944 signiﬁcationem,
1457 1883 1514 1929 ut
1541 1875 1815 1944 propriam
1845 1875 2009 1930 etiam
2038 1873 2150 1930 fere
2185 1876 2230 1936 Β

560 1969 793 2026 Domino
822 1967 1048 2024 fecerint
1103 1969 1204 2038 ipsi
1237 1977 1500 2040 martyres
1533 1968 1774 2022 nonnulli
1801 1968 1941 2039 apud
1987 1969 2158 2025 Euse-

561 2063 709 2118 bium
759 2060 1001 2135 (Euseb.,
1027 2059 1165 2116 Hist.
1213 2061 1377 2126 eccl.,
1438 2074 1494 2128 v,
1539 2059 1620 2131 2).
1652 2059 1802 2127 Quod
1857 2062 1900 2114 si
1950 2061 2158 2116 Domini

555 2154 737 2228 passio
786 2153 1126 2226 martyrium,
1195 2152 1496 2224 eademque
1525 2151 1596 2206 sit
1639 2151 1890 2222 baptismi
1946 2167 2160 2224 quoque

557 2247 782 2304 nomine
829 2245 1210 2317 insignienda,
1260 2244 1453 2316 ecquid
1497 2260 1695 2300 novum
1742 2245 2045 2302 alienumve
2079 2247 2161 2302 di-

559 2344 734 2399 cimus
785 2342 832 2397 si
889 2340 1054 2396 etiam
1093 2339 1166 2396 de
1218 2337 1545 2412 martyribus
1593 2338 1972 2395 ecclesiasticis
2020 2339 2160 2396 idem

559 2435 895 2492 afﬂrmemus
918 2434 942 2486 ?

632 2530 661 2603 §
691 2529 854 2586 i5.—
870 2526 977 2585 Sed
999 2535 1053 2584 et
1071 2527 1298 2583 aliorum
1320 2527 1562 2583 locorum
1589 2528 1926 2585 occasionem
1965 2529 2158 2586 eodem

562 2622 843 2680 collimare
890 2628 972 2677 est
1021 2636 1153 2677 sane
1207 2621 1676 2678 verisimillimum.
1727 2619 1859 2677 Cum
1900 2622 2164 2679 scriberet

560 2716 838 2790 apostolus
885 2716 944 2772 S.
995 2715 1267 2782 Joannes,
1314 2716 1426 2788 jam
1467 2717 1571 2772 orti
1620 2716 1870 2772 videntur
1921 2718 2158 2775 lmretici

561 2813 944 2871 valentinianis
1009 2811 1229 2884 quidem
1293 2811 1664 2882 antiquiores,
1725 2825 1913 2866 eorum
1978 2819 2160 2869 tamen

557 2919 812 2982 parentes
852 2918 1013 2979 atque
1053 2907 1308 2979 origines,
1362 2920 1463 2963 nec
1505 2906 1649 2962 enim
1701 2919 1919 2976 prorsus
1959 2921 2158 2961 novum

561 3014 682 3060 erat
731 3002 1222 3058 valentinianornm
1269 3000 1599 3067 institutum,
1651 2999 1745 3055 sed
1788 3000 2027 3062 priorum
2052 3000 2161 3056 hae-

555 3096 845 3151 reticorum
896 3095 1111 3149 inventa
1140 3094 1272 3164 πρὸς
1311 3090 1436 3148 ἴδιὸν
1481 3101 1802 3168 χαρακτῆρα
1835 3096 2156 3172 μεθήρμωσο,

553 3187 726 3260 inquit
779 3186 846 3244 de
894 3187 1177 3243 Valentino
1207 3185 1442 3242 lrenseus
1469 3185 1662 3258 (lren.,
1704 3186 1794 3240 lib.
1825 3202 1864 3254 ι,
1894 3203 1941 3241 c.
1975 3187 2033 3256 5)
2061 3202 2157 3243 cu-

2260 565 2594 637 designatum
2637 567 3008 624 intellexerant
3034 569 3087 624 in
3114 567 3430 642 Scripturis,
3460 582 3577 629 erat
3604 575 3688 630 vel
3717 590 3865 646 prae-

2259 657 2448 727 cipuus
2496 659 2583 714 ille
2624 662 2948 736 Ερχομένου.
2995 661 3068 715 Ita
3106 661 3368 720 habemus
3400 665 3451 720 in
3481 665 3537 722 S.
3570 665 3726 734 Luc.,
3764 682 3866 732 vn,

2261 750 2350 818 19,
2393 751 2464 807 20
2507 761 2564 808 et
2610 753 2758 808 alibi.
2811 753 2968 809 Illum
3009 754 3241 813 fortasse
3289 775 3320 815 e
3371 759 3730 816 celeberrimo
3770 762 3870 818 illo

2258 843 2400 912 loco,
2452 845 2614 912 Gen.,
2648 862 2798 913 ηις,
2832 847 2920 915 10,
2969 849 3052 904 vel
3080 849 3171 905 Ps.
3203 867 3253 906 ι..
3285 852 3339 918 5;
3372 867 3525 919 xcrv,
3558 853 3645 920 15;
3673 868 3866 920 xcrm,

2260 939 2334 1004 9,
2389 937 2739 1009 collegerint,
2798 939 2986 995 aliisve
3055 941 3319 997 similibus
3383 943 3672 1013 Scriptura:
3729 946 3870 1002 locis

2259 1029 2452 1100 quibus
2477 1029 2698 1087 Messias
2728 1041 2988 1087 venturus
3032 1032 3249 1089 dicitur.
3280 1036 3460 1102 Quare
3487 1051 3609 1090 cum
3639 1036 3872 1092 Messias

2259 1131 2521 1178 venturus
2539 1122 2924 1193 appellaretur,
2941 1125 3274 1181 tantumdem
3293 1128 3636 1199 valentsigna
3650 1129 3872 1186 Messias

2259 1226 2322 1270 ac
2348 1215 2500 1284 signa
2530 1212 2807 1271 adventus.
2841 1215 2915 1269 Ita
2947 1217 3015 1272 de
3046 1231 3175 1272 vero
3202 1217 3392 1274 Messia
3429 1217 3677 1289 discipuli
3709 1221 3870 1290 ejus;

2263 1303 2412 1370 Quod
2454 1307 2656 1377 signum
2713 1307 2958 1362 adventus
3007 1309 3114 1362 tui?
3164 1309 3252 1380 (S.
3301 1309 3515 1381 Matth.)
3549 1322 3603 1367 et
3630 1312 3699 1369 de
3726 1312 3872 1370 falso

2257 1396 2450 1454 Messia
2489 1399 2810 1467 Apostolus:
2841 1398 3000 1471 Cujus
3028 1410 3102 1456 est
3127 1401 3372 1457 adventus
3411 1405 3690 1458 secundum
3742 1422 3874 1477 ope-

2258 1494 2511 1548 rationem
2563 1492 2777 1549 Satanw
2820 1495 2873 1548 in
2920 1497 3059 1549 enini
3108 1497 3288 1551 virtute
3313 1507 3359 1551 et
3409 1499 3588 1569 signis,
3637 1509 3741 1556 etc.
3808 1499 3871 1574 (ll

2263 1585 2468 1651 Thess,
2503 1603 2564 1654 ιι,
2592 1587 2668 1654 9).
2703 1587 2906 1644 Venire
2958 1589 3138 1660 itaque
3172 1605 3269 1660 per
3311 1605 3504 1662 aquam
3552 1601 3608 1648 et
3650 1597 3877 1664 sangui-

2259 1693 2383 1734 nem
2428 1678 2568 1735 idern
2605 1681 2744 1736 valet
2789 1696 2852 1736 ac
2881 1697 2978 1752 per
3006 1698 3210 1754 aquam
3243 1691 3298 1739 et
3337 1685 3650 1756 sanguinem
3677 1701 3737 1743 se
3764 1701 3868 1742 ve-

2261 1787 2382 1828 rum
2409 1771 2656 1828 Messiam
2701 1776 3074 1845 comprobare.

2335 1863 2364 1936 ς
2393 1865 2556 1921 M.—-
2568 1865 2772 1938 Nempe
2792 1868 2880 1939 qui
2899 1879 3156 1926 venturus
3181 1878 3298 1927 erat
3317 1871 3367 1926 in
3381 1871 3637 1928 mundum
3659 1872 3703 1927 is
3721 1872 3872 1929 idem

2267 1971 2382 2016 erat
2408 1975 2437 2015 a
2464 1971 2615 2030 patre
2633 1962 2926 2018 mittendus
2942 1974 3103 2034 atque
3120 1964 3538 2022 sanetiticandus
3565 1965 3650 2039 (S.
3675 1967 3869 2035 Joan.,

2267 2068 2325 2120 κ,
2350 2053 2459 2125 56).
2488 2054 2565 2110 Ea
2594 2063 2772 2111 autem
2797 2057 3158 2113 sanctilicatio
3186 2060 3363 2129 qualis
3393 2059 3808 2130 intelligeretur,
3838 2076 3870 2116 e

2265 2153 2614 2208 sanctissimo
2641 2153 2950 2210 Judazorum
2994 2157 3195 2226 officio,
3253 2175 3465 2215 summo
3497 2161 3748 2217 nimirum
3774 2175 3869 2217 sa-

2267 2245 2532 2312 cerdotio,
2577 2248 2779 2319 optime
2818 2249 3158 2323 colligemus.
3188 2251 3247 2308 In
3283 2254 3429 2310 illius
3457 2254 3638 2326 itaque
3664 2257 3872 2312 sancti-

2267 2339 2520 2396 ticatione
2550 2349 2658 2396 tam
2701 2357 2894 2414 aquam
2926 2360 3086 2416 quam
3127 2347 3288 2402 etiam
3325 2351 3640 2420 sanguinem
3680 2350 3867 2407 locum

2268 2433 2523 2490 habuisse
2575 2443 2788 2492 constat
2819 2453 2832 2503 ;
2863 2454 3050 2508 aquam
3093 2441 3342 2510 equidem
3386 2441 3583 2510 Exod,
3612 2457 3759 2509 xxix,
3780 2444 3820 2498 4
3847 2460 3865 2510 ;

2267 2525 2416 2594 Lm,
2450 2543 2567 2596 vm,
2592 2529 2626 2584 6
2651 2546 2666 2595 ;
2696 2532 3000 2601 sanguinem
3038 2541 3218 2589 autem
3245 2534 3443 2604 Exod.,
3472 2551 3618 2605 χχιι,
3640 2537 3732 2603 20,
3763 2536 3864 2605 2i;

2271 2619 2412 2688 Leu,
2436 2636 2550 2690 vtu,
2570 2621 2770 2688 25,24.
2804 2621 2887 2678 Ad
2917 2623 3165 2681 Messiam
3195 2626 3337 2682 enim
3371 2636 3644 2698 tamquam
3675 2629 3867 2701 mysti-

2267 2726 2388 2767 cum
2437 2715 2737 2785 evangelici
2787 2715 3011 2772 foederis
3052 2717 3412 2784 sacerdotem,
3441 2721 3622 2775 retulit
3649 2720 3702 2774 in
3760 2720 3865 2777 hac

2267 2807 2382 2877 ipsa
2432 2822 2594 2863 causa
2648 2809 2940 2881 Apostolus
2985 2810 3156 2867 Judaei
3207 2813 3475 2884 pontificis
3523 2815 3860 2886 exemplum,

2266 2900 2410 2971 quod
2463 2902 2552 2957 ille
2587 2903 2749 2958 etiam
2779 2905 3033 2974 passione
3084 2919 3177 2960 sua
3223 2916 3367 2962 esset
3419 2907 3861 2965 sanctiticandus.

2265 2993 2568 3056 Τελειὼσιος
2597 3009 2730 3051 voce
2753 3012 2883 3052 usus
2913 3005 2996 3052 est
3025 2997 3302 3068 apostolus
3330 2997 3538 3070 (Hebr.,
3558 3015 3617 3067 ll,
3648 3000 3736 3068 10,
3767 3001 3860 3069 ll;

2264 3101 2318 3153 v,
2344 3087 2399 3153 8,
2428 3088 2506 3159 9),
2530 3091 2753 3161 mystica
2783 3091 3037 3147 nimirum
3069 3092 3177 3158 illa,
3209 3102 3263 3148 et
3288 3107 3456 3149 sacrae
3478 3095 3861 3166 mysteriorum

2267 3179 2602 3249 praefectura:
2636 3184 2870 3252 propria.
2903 3183 2977 3238 ita
3011 3193 3186 3239 tamen
3231 3185 3429 3240 Christi
3461 3186 3562 3241 hoc
3607 3187 3876 3244 sacerdo-

549 3283 764 3354 jusdam
818 3281 1016 3336 veteris
1067 3279 1336 3349 Opinionis
1383 3279 1590 3332 semina
1643 3287 1800 3333 natus
1847 3287 1968 3344 est,
2021 3287 2159 3335 teste
2187 3273 2231 3338 C
2271 3271 2402 3327 tium
2429 3287 2550 3328 cum
2578 3273 2889 3330 Judaeorum
2921 3277 3517 3335 sacerdotiocontendit
3543 3280 3856 3350 Apostolus,

554 3375 888 3434 Tertulliano
909 3373 1097 3447 (Tert.,
1127 3372 1244 3428 adv.
1277 3370 1497 3439 Valent.,
1524 3388 1570 3426 ο.
1594 3369 1674 3444 Δ).
1704 3369 1948 3443 Utigitur
1972 3370 2154 3428 Jesum

554 3485 585 3526 a
611 3468 827 3526 Christo
855 3467 1153 3524 diviserunt
1177 3465 1543 3531 valentiniani,
1577 3466 1643 3520 ad
1665 3465 2027 3543 antiquiorum
2054 3465 2156 3521 hce-

554 3563 848 3618 reticorum
899 3557 1204 3630 exemplum
1247 3556 1510 3629 Apostolo
1560 3571 1895 3624 coaevorum,
1927 3573 2155 3630 quorum

555 3653 842 3710 occasione
890 3660 1000 3706 tam
1046 3661 1128 3707 est
1177 3652 1232 3706 in
1281 3665 1348 3706 eo
1379 3652 1496 3720 ipso
1523 3660 1839 3722 argumento
1867 3651 2069 3707 multus
2101 3653 2154 3709 in

555 3747 728 3817 prima
757 3759 853 3801 sua
891 3743 1116 3814 epistola
1146 3743 1469 3815 Apostolus;
1505 3744 1576 3798 ita
1631 3752 1686 3800 et
1724 3745 1980 3816 martyris
2030 3759 2152 3801 cum

558 3842 749 3899 iisdem
779 3841 1166 3899 valentinianis
1210 3838 1430 3896 eosdem
1459 3841 1620 3895 etiam
1649 3839 2158 3910 Apostolo-coaavos

556 3937 840 3994 lmretlcos
893 3935 1177 3990 sustulisse
1221 3933 1501 4006 probabile
1555 3941 1658 3989 est.
1703 3933 1760 3989 In
1814 3933 1958 3988 illam
2009 3941 2156 3989 certe

556 4035 880 4092 sententiam
907 4032 1112 4104 optime
1137 4030 1480 4102 quadrabunt
1507 4027 1749 4098 Apostoli
1798 4035 2150 4099 argumenta,

557 4134 617 4182 ut
668 4135 792 4182 ante
848 4139 949 4180 nos
997 4131 1183 4180 noster
1236 4121 1544 4178 observavit
1575 4120 1966 4176 Hammondus.
2000 4112 2180 4176 Anti-5

557 4218 745 4276 christi
783 4227 936 4274 erant
980 4216 1035 4272 hi
1066 4215 1304 4273 haeretici
1333 4230 1450 4283 seu,
1484 4214 1625 4286 quod
1654 4213 1795 4285 apud
1838 4214 2155 4284 Apostolum

563 4313 890 4371 tantumdem
960 4311 1140 4380 valet,
1215 4310 1633 4382 pseudo-chriin
1669 4349 1684 4375 ,
1743 4308 1886 4380 quod
1954 4307 2155 4364 Christi

556 4408 757 4465 Judaeis
818 4407 1068 4478 promissi
1121 4413 1405 4476 personam
1455 4404 1556 4475 ipsi
1605 4404 1656 4458 in
1697 4415 1755 4457 se
1795 4402 2151 4472 susciperent.

555 4501 790 4557 Proinde
848 4499 976 4556 illud
1023 4499 1194 4554 innuit
1239 4497 1530 4569 Apostolus
1576 4496 1737 4551 totius
1764 4494 2042 4564 Evangelii
2072 4494 2154 4549 sui

552 4594 720 4650 fuisse
745 4593 1054 4659 consilium,
1083 4598 1141 4646 ut
1163 4589 1451 4646 crederent
1475 4587 1658 4644 Jesu‘m
1679 4587 1840 4643 fuisse
1863 4586 2031 4642 tilium
2059 4586 2153 4642 Dei

2265 3374 2343 3430 ut,
2374 3381 2496 3420 cum
2527 3367 2578 3422 in
2625 3369 2908 3439 utriusque
2951 3371 3359 3426 consecratione
3397 3372 3671 3442 sanguinis
3702 3387 3856 3427 usum

2264 3457 2564 3514 adhibitum
2598 3461 2899 3532 probasset,
2933 3465 3080 3518 ineo
3119 3465 3408 3519 eminuerit
3447 3463 3644 3520 Christi
3672 3480 3855 3522 sacer-

2263 3553 2469 3610 d0tium
2489 3557 2630 3627 quod
2654 3573 2753 3612 suo
2775 3556 3053 3614 dumtaxat
3073 3559 3335 3630 sanguine
3353 3569 3702 3616 consecratus
3727 3560 3859 3616 fuis-

2262 3656 2345 3706 set
2364 3647 2608 3704 Christus
2626 3663 2748 3704 cum
2766 3659 2990 3705 externo
3003 3650 3282 3706 dumtaxat
3304 3651 3570 3721 pecudum
3597 3653 3856 3724 sanguine

2263 3741 2348 3796 usi
2378 3750 2566 3796 essent
2595 3741 2648 3796 in
2679 3741 3018 3798 sacerdotum
3063 3758 3284 3799 suorum
3316 3747 3727 3803 consecratione
3764 3748 3860 3805 Ju-

2263 3834 2389 3902 daei,
2411 3833 2597 3904 Hebr.,
2627 3851 2702 3901 ut,
2731 3835 2824 3902 25,
2851 3835 2943 3892 26.
2973 3837 3116 3893 [dem
3148 3847 3203 3893 et
3228 3839 3357 3894 alibi
3379 3842 3577 3910 saepius
3605 3842 3854 3911 inculcat,

2262 3943 2383 3984 cum
2401 3943 2506 3984 non
2533 3936 2806 3984 taurorum
2825 3929 3191 3998 hircorumvc,
3212 3932 3306 3988 sed
3330 3948 3460 3989 vero
3480 3935 3859 4006 propriodum-

2264 4029 2430 4086 taxat,
2466 4021 2722 4092 sanguine
2751 4019 3025 4078 Christum
3048 4023 3209 4080 docet
3236 4025 3526 4081 initiatum.
3563 4027 3706 4098 Ergo
3732 4043 3857 4084 cum

2229 4187 2232 4189 Α
2264 4112 2468 4170 ιυάαείε
2491 4114 2544 4168 in
2567 4128 2633 4170 eo
2661 4124 2992 4172 convenerat
3017 4115 3332 4186 Apostolus,
3359 4117 3425 4173 ad
3453 4133 3680 4189 quorum
3711 4122 3860 4192 prin-

2263 4206 2404 4278 cipia
2435 4221 2590 4262 suam
2620 4206 2709 4264 hic
2736 4209 2941 4279 aptavit
2979 4213 3522 4282 argumentationem,
3554 4224 3611 4270 ut
3648 4217 3860 4286 pontiﬁ-

2263 4314 2380 4356 cem
2435 4299 2552 4357 fore
2597 4299 2874 4358 Christum
2919 4317 2951 4359 a
2981 4319 3195 4362 summo
3239 4307 3491 4364 nimirum
3541 4309 3854 4368 Judacorum

2265 4392 2519 4464 pontifice
2573 4395 2972 4467 adumbratam,
3027 4398 3100 4455 ita
3129 4401 3221 4471 qui
3253 4417 3412 4458 verus
3462 4402 3670 4459 futurus
3709 4416 3857 4463 esset

2261 4484 2508 4554 Messias,
2534 4489 2793 4558 sanguine
2837 4491 3038 4560 pariter
3061 4507 3126 4546 ac
3170 4508 3306 4564 aqua
3357 4502 3464 4550 tam
3517 4495 3692 4566 ipsum
3738 4495 3858 4556 fore

2261 4578 2600 4636 lustrandum
2629 4580 2760 4654 (vel,
2794 4591 2855 4638 ut
2891 4585 3204 4655 evangelica
3248 4601 3383 4644 voce
3426 4596 3660 4654 utamur,
3685 4589 3859 4661 bapti-

555 4687 758 4760 (luam,
791 4699 889 4754 xx,
923 4684 1054 4758 5|),
1111 4685 1292 4757 (quem
1337 4695 1530 4754 nempe
1575 4680 1786 4736 titulum
1819 4679 2026 4735 Messina
2053 4694 2152 4736 suo
2179 4677 2233 4739 D
2262 4674 2521 4744 zandum)
2576 4691 2740 4747 quam
2779 4675 2914 4734 alios
2962 4679 3154 4736 iisdem
3204 4696 3328 4738 esse
3385 4682 3743 4740 lustrandum.
3777 4684 3859 4742 De

558 4781 695 4836 ePs.
713 4795 772 4847 ιι,
797 4781 850 4847 Ἰ,
873 4777 1015 4835 illius
1045 4779 1227 4835 saeculi
1255 4777 1426 4834 Judaei
1453 4773 1813 4842 asserebant),
1842 4789 1947 4828 non
1969 4782 2153 4830 autem

553 4870 677 4927 illos
724 4871 1100 4926 haereticorum
1143 4871 1543 4942 antesignanos.
1568 4867 1746 4936 Quare
1793 4866 1934 4954 inter
1958 4875 2154 4923 caetera

553 4973 868 5036 argumenta
913 4966 1106 5036 quibus
1155 4965 1347 5020 falsum
1384 4964 1537 5018 illum
1579 4962 1647 5018 de
1674 4961 1892 5017 Christo
1923 4969 2153 5033 praetex-

555 5070 666 5115 tum
712 5057 911 5114 refellit
957 5058 1286 5128 Apostolus,
1319 5058 1411 5112 illo
1438 5071 1652 5127 quoque
1688 5070 1816 5111 usus
1839 5063 1921 5112 est
1947 5055 2014 5111 de
2039 5055 2154 5110 veri

553 5151 755 5209 Christi
798 5151 1031 5206 adventu
1081 5164 1176 5222 per
1204 5164 1399 5222 aquam
1428 5158 1484 5204 et
1525 5149 1862 5218 sanguinem.
1907 5147 2004 5203 Hic
2045 5155 2150 5214 est,

556 5247 727 5319 inquit
765 5245 833 5320 (Ι
880 5245 1066 5314 Joan.,
1115 5261 1167 5310 v,
1205 5245 1311 5317 6),
1359 5245 1448 5314 qui
1504 5243 1650 5300 venit
1695 5258 1791 5314 per
1851 5256 2044 5313 aquam
2100 5249 2156 5297 et

553 5341 869 5413 sanguinem
896 5338 1055 5396 Jesus
1083 5338 1352 5405 Christus;
1396 5352 1503 5392 non
1535 5337 1589 5393 in
1631 5351 1769 5407 aqua
1815 5335 2013 5402 solum,
2057 5332 2153 5389 sed

554 5436 609 5490 in
636 5440 773 5505 aqua
819 5441 874 5488 et
899 5431 1183 5503 sanguine.
1213 5431 1258 5486 Α
1298 5431 1465 5503 signis
1494 5429 1750 5486 nimirum
1792 5429 1904 5484 veri
1944 5427 2154 5484 Messias

556 5535 964 5598 argumentatus
991 5534 1075 5582 est
1101 5523 1170 5580 de
1195 5525 1388 5596 quibus
1414 5526 1553 5581 inter
1581 5523 1818 5590 Judaaos,
1843 5521 1926 5577 vel
1959 5521 2153 5577 saltem

555 5621 701 5678 illius
751 5622 854 5677 aevi
897 5620 1255 5686 christianos,
1296 5628 1642 5685 convenerat,
1705 5628 1811 5672 tam
1863 5626 1922 5672 ut
1966 5615 2150 5670 Jesum

555 5725 798 5772 nostrum
867 5729 1052 5770 verum
1115 5714 1360 5769 Messium
1415 5713 1824 5784 comprobaret,
1883 5719 2042 5781 Quam
2100 5718 2157 5764 ut

563 5805 1028 5876 pseudo-chrisma
1076 5807 1197 5862 illos
1243 5806 1323 5862 vel
1371 5821 1438 5862 eo
1468 5806 1586 5877 ipso
1636 5803 1888 5875 baptismi
1937 5803 2155 5861 nomine

558 5899 915 5972 improbaret.
959 5897 1140 5969 Venit,
1171 5899 1362 5969 inquit,
1396 5912 1493 5969 per
1518 5911 1712 5968 aquam
1739 5905 1792 5954 et
1817 5894 2155 5969 sanguinem.

2263 4784 2419 4842 aqua:
2449 4770 2718 4842 baptismo
2746 4773 2800 4829 id
2827 4773 2994 4832 fuisse
3011 4785 3286 4847 receptum
3304 4786 3516 4834 constat
3535 4795 3603 4835 ex
3625 4779 3738 4850 ipsa
3765 4778 3857 4836 illa

2259 4865 2650 4937 pharisazorum
2681 4869 3103 4942 interrogatione
3131 4888 3237 4943 qua
3270 4873 3555 4943 Joannem,
3575 4875 3692 4946 ipse
3705 4891 3774 4932 ne
3796 4890 3856 4932 se

2257 4974 2354 5030 pro
2370 4959 2562 5018 Messia
2581 4962 2897 5028 venditaret,
2921 4965 3306 5035 explorandum
3320 4979 3648 5025 censuerunt
3681 4987 3694 5024 :
3720 4969 3854 5036 Quid

2259 5069 2380 5126 ergo
2423 5055 2650 5128 baptisas
2685 5095 2700 5125 ,
2735 5058 2781 5112 si
2821 5067 2877 5111 tu
2925 5075 3028 5114 non
3063 5075 3116 5114 es
3169 5059 3400 5116 Christus
3453 5079 3615 5134 neque
3661 5061 3810 5120 Elius
3834 5099 3852 5132 ,

2261 5158 2421 5220 neque
2446 5150 2732 5222 propheta?
2762 5149 2848 5222 (S.
2876 5150 3061 5219 Joan.,
3097 5169 3134 5221 ι,
3169 5153 3288 5224 25).
3311 5154 3456 5211 Idem
3485 5154 3552 5211 de
3579 5156 3855 5228 sanguinis

2261 5244 2531 5315 baptismo
2555 5245 2784 5300 innuunt
2807 5246 2896 5302 illa
2929 5247 3143 5302 Domini
3165 5247 3232 5304 ad
3260 5249 3554 5320 discipulos
3577 5267 3596 5306 :
3637 5249 3682 5304 Ο
3709 5251 3854 5306 stulti

2261 5347 2306 5394 et
2360 5339 2495 5392 tardi
2548 5338 2701 5393 corde
2730 5340 2798 5392 ad
2827 5339 3134 5396 credendum
3183 5343 3238 5396 in
3295 5343 3528 5398 omnibus
3555 5359 3671 5414 qua:
3702 5343 3855 5399 locuti

2257 5441 2374 5487 sunt
2401 5433 2696 5504 prophetat!
2711 5433 2898 5491 Nonne
2913 5435 3020 5491 haec
3046 5437 3267 5508 oportuit
3281 5438 3388 5508 pati
3404 5436 3684 5506 Christum,
3710 5449 3760 5493 et
3785 5439 3854 5493 ita

2263 5527 2457 5583 intrare
2481 5529 2536 5583 in
2562 5530 2780 5602 gloriam
2806 5547 2953 5585 suam
2985 5530 3073 5604 (S.
3096 5530 3254 5601 Luc.,
3285 5547 3438 5601 xxrv,
3461 5532 3556 5599 25,
3585 5533 3680 5604 26)
3702 5533 3724 5587 ἲ
3746 5532 3856 5588 Hoc

2261 5620 2468 5676 scilicet
2498 5637 2567 5678 ex
2608 5623 2715 5678 illis
2767 5623 2984 5694 collegit
3028 5623 3321 5694 Scripturis
3365 5639 3594 5694 quarum
3639 5640 3854 5681 sensum

2263 5723 2449 5785 postea
2491 5714 2773 5786 discipulis
2818 5716 3104 5787 explicuit,
3153 5732 3276 5772 cum
3326 5731 3515 5774 eorum
3548 5717 3853 5774 intellectus

2260 5807 2565 5876 aperuisset
2596 5816 2652 5862 ut
2679 5808 2992 5879 Scripturas
3033 5808 3416 5880 intelligerent,
3446 5809 3552 5865 illis
3597 5808 3848 5865 nimirum

2259 5914 2381 5971 quce
2413 5901 2496 5959 vel
2532 5916 2597 5958 ex
2629 5900 2843 5959 illorum
2883 5901 3203 5961 saeculorum
3251 5902 3557 5973 concessis,
3581 5902 3669 5960 vel
3691 5903 3855 5961 certis
