4018 6284
192 389 267 448 6i
1229 390 1319 450 os
1358 386 1674 452 secumeo
1711 374 2104 456 MARTYRUM
2161 384 2522 458 sarustio.
3427 406 3502 465 ea

200 504 525 582 quibusdam
554 504 701 564 illius
719 506 904 563 saeculi
923 506 1240 577 ratiociniis,
1273 509 1342 566 de
1375 504 1567 567 Messia
1599 510 1799 568 intelli-
1824 511 1878 574 Α
1903 514 2286 586 sanguinisque
2330 516 2629 589 baptismos
2656 518 2797 575 ’esse
2823 517 3071 578 similiter
3098 510 3487 594 intelligendos.

200 599 395 674 gentle
450 607 647 666 erant,
710 610 938 672 quaeque
1019 601 1250 658 futuram
1317 614 1803 661 commemorarent

204 690 421 751 lossia
456 692 790 763 passionem,
819 693 1007 764 quales
1055 695 1335 766 proferunt
1376 698 1800 769 quamplurimas

203 800 320 845 non
344 783 478 842 Novi
503 785 666 841 modo
682 785 1010 843 Testamenti
1039 790 1353 860 scriptores,
1371 790 1465 847 sed
1493 798 1547 848 et
1572 807 1802 863 sequen-

205 882 346 937 tium
376 876 693 936 s‘aecniorum
713 887 894 951 patres
915 894 1145 953 quorum
1174 890 1360 939 ettant
1379 881 1539 940 hodie
1561 884 1801 955 disputa-

206 973 388 1030 tiones
432 964 694 1028 adversus
714 964 949 1042 Judzeos,
976 973 1238 1043 Justinus,
1267 973 1657 1047 Tertullianus,
1689 976 1798 1034 Eu-

203 1067 413 1136 sebius,
440 1076 550 1124 etc.

278 1160 309 1233 §
336 1156 425 1216 15.
442 1189 515 1203 --
533 1156 645 1216 llize
669 1168 799 1232 ergo
828 1161 1120 1233 Scriptu’rze
1149 1178 1292 1235 qure,
1320 1178 1419 1235 pro
1448 1164 1591 1220 illius
1617 1162 1801 1220 saeculi

198 1263 389 1327 captu,
420 1253 491 1311 de
509 1254 721 1312 MesSia:
739 1257 993 1327 passione
1019 1257 1305 1313 intellecta:
1335 1267 1483 1325 sunt,
1501 1260 1800 1331 argumenti

195 1349 376 1405 vicem
405 1348 656 1405 obtinere
682 1358 933 1420 poterant
952 1351 1091 1422 apud
1123 1350 1266 1418 illos,
1295 1352 1406 1422 qui,
1441 1361 1498 1407 ut
1519 1352 1587 1407 ab
1609 1352 1797 1408 ortho-

196 1442 364 1499 doxis
407 1442 787 1513 diserepabant
816 1443 869 1497 in
902 1459 967 1500 eo
993 1443 1137 1516 quod
1168 1443 1355 1501 Jesum
1380 1456 1501 1501 esse
1528 1440 1801 1501 Christum

197 1534 475 1606 negarint,
504 1534 580 1589 ita
607 1542 663 1589 et
692 1533 745 1590 in
776 1542 842 1590 eo
871 1536 1108 1592 vicissim
1138 1551 1168 1592 a
1208 1534 1433 1601 Judaais,
1466 1536 1609 1608 quod
1638 1534 1799 1593 Chri-

199 1634 349 1683 stum
380 1626 831 1698 qualemcumque
871 1627 1021 1685 illum
1053 1614 1353 1697 lihxisseut,
1384 1630 1596 1686 venisse
1624 1636 1801 1685 tamen

198 1719 556 1778 crediderint.
580 1720 654 1776 ita
678 1735 810 1793 ergo
828 1721 1009 1779 Iesum
1036 1723 1325 1795 Apostolus
1339 1718 1610 1779 Christum
1635 1723 1802 1781 fuisse

195 1812 588 1881 conﬁrmavit,
641 1813 785 1886 quod
840 1821 948 1870 tam
995 1815 1449 1886 persanguiner'n
1497 1828 1655 1886 quam
1701 1830 1802 1887 per

1906 604 1981 660 ita
2013 609 2192 678 itaque
2219 624 2284 665 ex
2311 608 2551 665 locorum
2584 612 2865 668 occasione
2894 608 2948 668 in
2974 614 3167 685 quibus
3193 629 3347 686 aqum
3373 631 3500 673 san-

1903 698 2186 771 guinisque
2211 701 2538 759 mentionem
2569 696 2753 760 retulit
2778 705 2882 761 huc
2895 704 3279 776 Tertulliauus,
3298 717 3352 765 et
3373 722 3498 767 cum

1904 788 2237 849 Tertulliano
2271 803 2426 850 vetus
2474 792 2564 850 illa
2609 795 2965 868 proculdubio
3012 800 3276 869 Ecclesia,
3301 802 3500 874 colligi-

1904 897 2045 953 mus,
2075 899 2184 941 non
2217 885 2381 942 alium
2414 888 2597 959 utique
2641 890 2956 961 Sanguinem
3004 906 3164 964 quam
3205 892 3500 965 baptisma-

1905 974 2010 1030 lem
2039 988 2160 1032 esse
2185 970 2614 1049 intelligenduin.
3364 1022 3374 1031 .

1978 1066 2203 1139 9η-
2234 1070 2301 1125 At
2329 1072 2625 1142 wqdivoce,
2656 1072 2886 1144 inquies,
2908 1068 3208 1133 communis
3228 1084 3346 1134 erat
3367 1076 3496 1152 bap-

1905 1159 2047 1217 tismi
2073 1160 2160 1216 illa
2190 1162 2328 1219 ratio
2357 1178 2530 1245 aqum,
2559 1165 2809 1238 sanguini
2839 1178 2999 1241 atque
3019 1164 3265 1242 Spiritui,
3295 1179 3352 1228 ut
3373 1184 3499 1245 pro-

1906 1252 2030 1310 inde
2053 1260 2157 1310 ndu
2182 1255 2252 1311 sit
2281 1242 2423 1328 quod
2456 1270 2521 1313 ex
2552 1261 2823 1316 communi
2850 1262 2949 1318 hac
2980 1262 3231 1334 baptismi
3277 1242 3491 1323 ratione

1903 1344 2200 1402 inferamus
2252 1351 2531 1420 sanguinei
2584 1352 2743 1423 atque
2789 1356 2945 1425 aquei
2997 1350 3246 1427 baptismi
3292 1358 3498 1418 fruetus

1904 1438 2121 1494 eosdem
2148 1442 2272 1496 esse
2302 1432 2684 1513 expectandos.
2712 1444 2766 1500 ld
2791 1446 2857 1502 ne
2886 1442 3115 1514 dicatur,
3147 1440 3498 1511 observamus

1904 1534 2163 1601 praeterea
2192 1540 2382 1603 quarto
2413 1533 2466 1589 iu
2512 1537 2630 1607 ipso
2661 1537 2751 1593 illo
2783 1537 3098 1595 initiationis
3142 1541 3495 1611 espiationisa

1907 1637 2012 1692 que
2042 1622 2171 1692 ritu,
2206 1625 2289 1680 cui
2323 1635 2665 1696 peccatorum
2699 1630 2843 1685 illam
2892 1634 3263 1704 purgationem
3294 1634 3498 1694 tribue-

1904 1715 2035 1772 bant
2060 1724 2293 1785 Veteres,
2326 1722 2431 1774 tam
2461 1716 2796 1793 frequentem
2830 1723 2999 1781 fuisse
3040 1726 3183 1798 apud
3226 1724 3346 1785 illos
3372 1744 3497 1786 sau-

1902 1809 2077 1880 guinis
2127 1820 2286 1882 quam
2332 1822 2709 1883 aquae,usum.
2741 1813 2798 1871 lii
2845 1818 3069 1888 utraque
3117 1818 3204 1874 ilia
3260 1827 3364 1885 tam
3403 1820 3500 1877 Ju-

196 1916 400 1978 aquam
427 1906 658 1974 venerit,
687 1905 742 1961 in
771 1920 837 1962 eo
866 1913 1061 1979 nempe
1091 1922 1299 1980 ponens
1319 1907 1601 1979 emphasin
1633 1915 1798 1979 atque
1826 1896 1875 1973 Β
1903 1900 2168 1969 deorum,
2201 1918 2362 1975 quam
2413 1903 2729 1972 Gentilium,
2770 1902 3073 1965 initiatione
3107 1910 3493 1968 sacriﬁciorum

199 2000 510 2072 argumenti
540 1999 675 2065 vim,
703 1999 849 2070 quod
868 2014 975 2056 non
999 1999 1054 2056 in
1081 2016 1217 2072 aqua
1248 2001 1423 2057 solum
1444 2001 1675 2067 venerit,
1700 2000 1796 2057 Sed

198 2093 260 2150 in
313 2100 454 2165 aqua
483 2099 540 2149 et
595 2093 890 2163 sanguine,
924 2092 1067 2164 quod
1118 2092 1372 2148 nimirum
1413 2092 1563 2149 illum
1607 2087 1675 2148 de
1704 2091 1798 2148 ad-

195 2194 366 2243 ventu
410 2185 468 2240 in
511 2194 648 2255 aqua
679 2194 997 2255 praetextum
1031 2196 1132 2242 nec
1162 2185 1557 2257 pseudochristi
1580 2183 1795 2257 quidem

196 2277 553 2350 abiecissent,
584 2278 900 2349 sanguinem
947 2276 1229 2333 dumtaxat
1258 2278 1398 2334 inter
1427 2278 1689 2334 adventus
1715 2280 1798 2334 sui

197 2372 353 2443 signa
384 2380 493 2427 non
526 2370 902 2426 adhibuissent
928 2370 1070 2441 (cum
1101 2386 1200 2426 nec
1228 2371 1329 2442 ipsi
1373 2370 1675 2426 antichristi
1699 2385 1797 2442 pa-

197 2465 397 2532 tiendi,
428 2472 525 2520 seu
578 2462 908 2535 exemplum,
942 2476 1037 2520 seu
1068 2464 1229 2520 etiam
1272 2464 1687 2531 institutionem,
1712 2464 1797 2520 di-

198 2558 428 2629 scipulis
455 2555 802 2628 edidissent),
825 2572 928 2628 qua
958 2557 1078 2630 ipsa
1122 2558 1332 2627 ratione
1381 2558 1502 2614 illos
1552 2558 1799 2630 probata

193 2652 400 2709 Christi
426 2658 549 2709 esse
602 2652 822 2708 nomine
852 2650 1237 2721 excludendos,
1286 2652 1377 2724 qui
1407 2660 1695 2725 utrumque
1725 2653 1800 2710 si-

194 2752 368 2817 gnum
399 2744 661 2802 adhibere
690 2744 962 2802 debuerit.

270 2830 483 2913 §l8.—
497 2838 607 2896 Nec
618 2839 726 2895 alio
742 2839 1084 2896 referendum
1100 2838 1352 2896 existimo
1368 2839 1533 2911 quod,
1550 2840 1603 2896 in
1620 2839 1798 2896 Evan-

193 2932 364 3005 gelio,
385 2932 598 3005 signum
630 2931 761 2988 illud
786 2932 856 2989 de
886 2947 1025 3002 aqua
1056 2940 1111 2988 et
1130 2933 1392 3005 Sanguine
1417 2948 1449 2988 e
1479 2930 1664 2989 lateris
1684 2934 1801 2990 vui-

193 3040 334 3081 nere
374 3025 429 3080 iu
469 3038 634 3081 cruce
666 3025 1009 3081 manantibus
1058 3032 1342 3096 tantopere
1371 3024 1797 3082 conﬁrmandum

192 3116 495 3174 crediderit
529 3117 840 3188 Apostolus,
874 3120 1028 3192 quasi
1075 3118 1141 3175 de
1187 3136 1254 3176 eo
1301 3118 1489 3175 fuisset
1532 3121 1798 3175 maximo-

190 3224 330 3282 pere
388 3208 710 3265 dubitatum.
770 3209 838 3265 Et
899 3212 986 3282 qui
1048 3211 1218 3278 vidit,
1277 3212 1494 3282 inquit,
1557 3212 1800 3268 testimo-

1901 2000 2053 2049 usum
2070 1994 2441 2052 intercessisse
2468 2002 2627 2053 nemo
2639 2000 2721 2054 est
2742 1998 2868 2069 quin
2893 1994 3498 2065 faciletcoucedatﬂota

1900 2094 1984 2142 est
2012 2086 2155 2158 apud
2193 2085 2409 2145 Judaaos
2447 2090 2607 2145 etiam
2663 2088 3010 2150 rabbinortIm
3060 2082 3148 2151 illa
3187 2099 3495 2159 observatio

1901 2192 2007 2248 qua
2066 2178 2167 2234 tria
2212 2179 2399 2236 dicunt
2452 2182 2506 2237 in
2543 2183 2928 2257 proselytismo
2980 2186 3101 2244 esse
3130 2186 3494 2264 observanda,

1901 2271 2405 2342 circumtisionem,
2482 2276 2804 2333 sacrificium
2853 2288 3013 2352 atque
3060 2281 3405 2354 baptismum.
3433 2282 3500 2344 Et

1903 2380 2032 2421 vero
2060 2366 2309 2424 sacrificii
2339 2367 2513 2425 vicem
2544 2372 2886 2442 sustinuisse,
2919 2390 2984 2431 ex
3006 2381 3247 2433 Veterum
3276 2382 3497 2438 senten-
3567 2423 3576 2429 ο

1905 2459 1997 2521 tia,
2029 2463 2347 2534 martyrium
2374 2463 2484 2534 jam
2512 2464 2881 2535 probavimus.
2910 2468 3082 2525 Porro
3118 2470 3313 2542 prmtcr
3334 2470 3500 2531 sacri-

1905 2553 2146 2609 liciorum
2165 2557 2503 2627 sanguinem,
2522 2572 2591 2615 ne
2611 2556 2663 2615 id
2678 2558 2892 2632 quidem
2909 2562 3024 2618 erat
3045 2574 3073 2618 a
3100 2566 3369 2622 communi
3397 2566 3498 2624 iiii-

1902 2646 2183 2703 tiationbm
2210 2662 2312 2705 usu
2336 2650 2570 2707 alienum
2594 2658 2651 2708 ut
2671 2652 2827 2709 suum
2855 2656 3069 2727 quoque
3091 2658 3405 2728 sanguinein
3429 2661 3497 2717 ad

1903 2741 1985 2796 sui
2014 2743 2376 2814 expiationem
2407 2744 2745 2804 adhiberent.
2791 2748 3007 2806 Clarum
3040 2741 3169 2809 illud
3211 2758 3294 2810 est
3320 2750 3372 2810 i'n
3393 2752 3497 2811 cir-

1905 2836 2237 2893 cumcisitme
2275 2836 2416 2909 apud
2451 2838 2668 2897 Judreos
2715 2840 3045 2915 exemplum.
3082 2834 3187 2903 Sed
3217 2840 3350 2902 etin
3380 2832 3496 2904 Bel-

1904 2928 2043 2985 lonae
2092 2930 2264 2987 initiis
2310 2932 2622 3005 sanguinem
2670 2938 2929 2993 emissum
2970 2952 3089 2995 esse
3132 2940 3390 2996 discimus
3428 2956 3493 2998 ex

1904 3020 2236 3078 Tertblliano
2286 3022 2600 3099 (ApologeL,
2647 3042 2696 3084 c.
2730 3026 2787 3102 δ)
2846 3047 2859 3084 ε
2904 3016 3097 3100 Hodie,
3149 3020 3341 3104 inquit,
3374 3032 3494 3092 istic

1903 3115 2139 3171 Belldna:
2186 3120 2428 3175 sacrattts
2482 3122 2699 3193 sanguis
2755 3121 2822 3179 de
2868 3120 3072 3181 femore
3124 3128 3392 3197 proscisso
3435 3130 3491 3187 in

1903 3209 2193 3280 palmulam
2225 3208 2484 3284 exceptus
2514 3216 2622 3269 suis
2652 3206 2807 3270 datur
2859 3217 3100 3287 signatis.
3134 3203 3386 3292 Ejusdem
3418 3222 3491 3279 ri-

193 3303 349 3357 nium
388 3302 683 3373 perhibuit,
715 3308 768 3358 et
792 3317 975 3358 verum
1029 3310 1113 3359 est
1166 3305 1508 3359 testimonium
1565 3306 1693 3377 ejus.
1732 3305 1796 3360 Et
1825 3308 1869 3372 C
1904 3310 1990 3359 tus
2044 3305 2407 3362 meminerunt
2445 3318 2499 3363 et
2524 3308 2656 3363 «alii.
2690 3298 2823 3364 Cum
2871 3310 3046 3366 tamen
3091 3314 3163 3367 ita
3208 3306 3407 3369 scribat
3438 3306 3491 3371 in

188 3396 287 3450 ille
312 3397 408 3452 scit
448 3397 571 3469 quia
599 3410 715 3452 vero
760 3398 917 3464 dicit,
944 3409 997 3452 tu
1043 3409 1090 3454 et
1136 3402 1222 3454 tios
1261 3400 1792 3473 credatis(S.Joan.,

194 3501 325 3555 xu,
351 3486 468 3562 55).
495 3487 559 3544 Ni
600 3490 830 3560 quaastio
858 3489 1049 3546 fuisset
1074 3491 1215 3547 inter
1234 3489 1459 3547 aemulos
1475 3489 1690 3559 Christi,
1710 3508 1795 3561 ea,

192 3595 304 3654 qua
334 3581 489 3648 dixi;
521 3582 934 3640 ratiocinatione
984 3583 1323 3639 terminauda
1346 3627 1361 3651 ,
1412 3584 1516 3640 alia
1557 3586 1798 3655 profecto

192 3677 415 3733 Domini
444 3676 702 3734 mirabula
721 3678 934 3736 abunde
954 3679 1073 3750 ejus
1090 3694 1120 3734 a
1153 3680 1300 3751 ‘patre
1325 3680 1635 3737 missionem
1659 3696 1793 3739 con-

195 3770 539 3827 ﬁrmassent.
571 3772 772 3828 Eorum
803 3780 983 3828 tamen
1022 3772 1404 3828 miraculorum
1426 3771 1591 3829 testes
1618 3773 1796 3832 nullos

192 3864 446 3934 protulit,
479 3863 678 3921 nedum
715 3872 862 3921 tanta
919 3865 1029 3931 illa,
1064 3878 1168 3937 qua
1210 3866 1295 3921 hic
1351 3880 1481 3921 usus
1509 3876 1611 3935 est,
1644 3882 1795 3925 assc—

189 3956 506 4014 veratione.
538 3957 677 4026 Quid
714 3957 857 4028 quod
884 3960 1049 4015 verba
1082 3959 1190 4027 illa,
1223 3964 1280 4014 ut
1305 3967 1491 4029 etvos,
1515 3961 1796 4032 emphasin

194 4050 497 4124 quamdam
537 4052 771 4108 habeant
799 4053 1073 4119 eximium,
1104 4053 1309 4123 reliqua
1346 4054 1597 4110 nimirum
1629 4054 1796 4111 mira-

190 4143 321 4201 cula
349 4144 645 4202 infidelium
667 4156 831 4203 causa
854 4145 1019 4202 fuisse
1049 4152 1157 4201 tam
1202 4147 1366 4216 edita,
1391 4156 1550 4219 quam
1582 4150 1797 4220 scriptis

190 4240 365 4296 etiam
391 4239 744 4311 consignata;
769 4240 875 4296 hoc
900 4244 1065 4295 unum
1089 4239 1209 4295 aliis
1226 4241 1445 4296 omnino
1471 4240 1795 4299 adversariis

192 4333 369 4390 fuisse
395 4331 723 4389 destinatum
756 4330 863 4388 illis
882 4333 1139 4389 nimirum
1168 4346 1398 4404 quorum
1423 4333 1591 4405 gratia
1620 4334 1795 4405 sci-ip-

202 4434 324 4482 tum
363 4424 554 4481 luisset
582 4425 951 4497 Evangelium,
974 4424 1413 4481 autichristorum
1474 4426 1793 4482 mutulorum

193 4517 589 4574 assertoribus.
626 4517 796 4574 Recte
826 4518 1007 4589 itaque
1030 4516 1171 4572 hanc
1201 4516 1476 4588 sanguinis
1503 4518 1707 4589 pariter
1731 4532 1795 4574 ac

190 4624 353 4684 aqua!
377 4624 411 4668 e
436 4610 639 4667 Christi
693 4611 863 4667 latere
907 4611 1254 4666 emissionem
1276 4652 1291 4676 ,
1320 4614 1481 4682 atque
1522 4611 1791 4682 duplicem

1901 3388 2200 3451 Commodo
2226 3404 2325 3452 suo
2350 3396 2711 3469 Lampridius,
2741 3421 2760 3453 ι
2790 3388 3023 3456 Bellona:
3047 3392 3344 3460 servientes
3370 3408 3494 3462 vere

1901 3490 2160 3543 exsecare
2192 3487 2470 3546 brachium
2502 3490 2758 3562 praecepit
2780 3535 2795 3559 ,
2834 3502 2853 3547 i
2886 3482 3089 3565 colligit
3142 3482 3492 3555 Casaimouus

1903 3579 2219 3651 plerumque
2263 3580 2384 3637 ilcta
2424 3576 2478 3638 et
2507 3580 2755 3639 simulata
2810 3588 3014 3641 tantum
3074 3578 3239 3644 fuisse
3267 3576 3489 3645 vulnera

1901 3671 2348 3729 Bellonariorti'm.
2374 3674 2452 3731 Eu
2478 3678 2744 3733 venerunt
2767 3672 2998 3735 fortasse
3020 3672 3356 3737 mollioribus
3377 3680 3490 3738 suis

1903 3766 2447 3836 interpretatiuuctilis
2505 3763 2719 3826 fanatici
2772 3770 3123 3829 recentiores.
3164 3762 3271 3831 Sed
3301 3780 3487 3832 verum

1902 3857 2071 3915 finisse
2119 3861 2394 3932 sanguinis
2434 3862 2779 3920 emissionem
2830 3868 2947 3936 qua:
3000 3848 3067 3921 ab
3096 3867 3490 3939 antiquioribus

1903 3950 2204 4007 introducta
2252 3960 2359 4019 est,
2393 3954 2448 4010 et
2485 3970 2670 4011 verum
2704 3954 2847 4013 illam
2876 3960 2995 4030 qua":
3045 3974 3073 4013 a
3108 3960 3363 4017 militibus
3388 3956 3490 4016 ob-

1900 4050 2113 4100 servata
2138 4054 2219 4101 est
2244 4045 2480 4105 Bellonae
2508 4048 2750 4117 initiatis,
2775 4056 2806 4107 e
2836 4050 3146 4124 supradicto
3172 4050 3490 4113 Tertulliani

1899 4134 2022 4192 locd
2049 4137 2355 4209 colligimus
2387 4151 2546 4212 atque
2576 4138 2804 4213 Vegetii,
2828 4140 3163 4216 aliorumque
3190 4142 3492 4217 plerorum—

1898 4238 2004 4300 que
2018 4222 2106 4300 'qul
2124 4230 2280 4301 hujus
2293 4232 2429 4288 ritus
2444 4232 2822 4293 meminerunt.
2840 4232 2907 4293 Et
2924 4250 3052 4294 vero
3070 4238 3490 4298 vetustissimum

1898 4319 2068 4378 fuisse
2092 4323 2242 4379 illum
2275 4325 2606 4385 lustrationis
2640 4332 2844 4388 morem
2878 4342 2974 4402 per
3019 4330 3294 4405 sanguinis
3333 4335 3492 4392 emis-

1898 4415 2105 4471 sionem
2125 4430 2156 4472 e
2181 4419 2593 4493 quanipiiirimis
2618 4416 3135 4497 constatscripiiirte
3156 4425 3290 4483 locis
3310 4426 3486 4497 :Lev.,

1897 4521 2014 4575 xix,
2045 4500 2115 4564 28
2140 4525 2155 4577 ;
2182 4509 2364 4578 Deut,
2393 4518 2502 4578 ttv,
2535 4511 2561 4569 l
2593 4529 2608 4581 ;
2637 4515 2660 4571 Ι
2692 4514 2842 4587 Beg.,
2880 4530 3031 4585 xvut,
3059 4510 3170 4585 ‘28;
3203 4514 3340 4585 leta,
3376 4524 3483 4585 kvr,

1896 4599 2050 4657 6.1m
2076 4610 2271 4674 nempe
2300 4604 2540 4675 Baalitm,
2561 4604 2630 4662 ita
2661 4606 2797 4681 Galli
2824 4609 3076 4681 (quorum
3106 4606 3247 4666 diem
3275 4622 3489 4666 Sacrum

192 4706 346 4762 hunc
387 4712 542 4776 aqua;
597 4704 975 4776 sanguinisque
1014 4704 1360 4776 baptismum,
1389 4703 1581 4761 Eodem
1611 4694 1872 4768 τειυιιιῙ)
1898 4708 1952 4749 ix
1976 4693 2088 4751 kal.
2140 4696 2297 4768 aprii.
2347 4712 2505 4769 quem
2558 4702 2614 4756 et
2640 4703 2913 4773 sanguinis
2942 4702 3084 4759 diem
3124 4692 3488 4776 appellabant,

192 4792 589 4855 Tertullianus.
616 4795 773 4864 Quod
799 4795 941 4852 enim
973 4796 1233 4851 adversus
1281 4794 1500 4852 eosdem
1545 4795 1797 4852 adversa-

189 4892 312 4947 rios
349 4890 657 4961 censcripta
699 4898 883 4946 essent
929 4889 997 4945 ab
1023 4890 1302 4960 Apostoio,
1335 4888 1460 4945 inde
1507 4903 1636 4947 sane
1665 4889 1798 4947 veri-

190 4982 376 5041 simile
400 4990 488 5039 est
541 4980 736 5038 eodem
764 4994 885 5037 esse
911 4980 1214 5037 referenda.
1250 4981 1319 5036 Et
1341 4983 1465 5052 quia
1492 4990 1614 5037 ‘cum
1642 4982 1795 5053 aqua:

192 5087 255 5135 et
322 5077 561 5148 Spiritus
636 5076 919 5148 baptismis
980 5077 1053 5132 ita
1118 5076 1336 5148 sanguis
1400 5075 1469 5131 ab
1536 5074 1795 5147 Apostol‘o

189 5172 239 5247 (l
266 5171 455 5240 lcum,
477 5186 534 5238 v,
561 5169 618 5243 8)
646 5169 943 5239 confertur,
972 5176 1030 5225 ut
1056 5170 1172 5240 ipse
1216 5168 1508 5224 ternarium
1535 5170 1656 5224 cum
1686 5168 1793 5226 illis

192 5280 484 5324 numerum
511 5265 994 5335 conﬁciat;plane
1043 5263 1285 5334 sequitur
1336 5262 1584 5334 baptismi
1631 5263 1793 5319 etiam

190 5360 465 5417 rationem
495 5357 742 5431 sanguini
768 5371 889 5413 cum
921 5362 1057 5426 aqua
1081 5355 1246 5412 fuisse
1265 5368 1629 5412 communem.
1657 5355 1793 5425 Quia

190 5453 360 5511 etiam
384 5466 453 5508 ex
479 5465 631 5524 aqum
653 5458 707 5507 et
730 5448 1009 5522 sanguinis
1027 5448 1316 5505 emissione
1342 5447 1416 5503 ita
1446 5446 1791 5504 antichristus

191 5545 398 5603 refutat
426 5544 482 5600 in
526 5542 818 5615 Evangelio
846 5550 906 5598 ut
933 5541 987 5597 in
1016 5540 1244 5612 epistola
1270 5540 1527 5595 refutarat
1571 5552 1671 5611 per
1692 5540 1791 5597 tida

192 5651 422 5697 ventum
472 5639 525 5693 in
556 5652 692 5708 aqua
731 5647 786 5693 et
824 5636 1088 5706 sanguine
1117 5653 1130 5690 :
1164 5635 1407 5705 sequitur
1435 5643 1715 5705 praeterea,
1745 5628 1788 5690 si

196 5735 253 5789 in
275 5730 508 5805 epistola
540 5747 638 5804 per
658 5732 972 5803 sanguinem
1000 5730 1293 5801 baptismus
1322 5729 1597 5800 sanguinis
1626 5729 1789 5786 inici:

195 5826 448 5899 ligendus
491 5826 591 5895 sit,
640 5825 695 5881 in
721 5824 1013 5880 emissione
1053 5823 1214 5879 etiam
1263 5821 1352 5878 ilia
1383 5836 1537 5893 aquae
1576 5828 1630 5878 et
1658 5837 1788 5878 san-

1900 4798 2168 4845 memttrat
2197 4791 2249 4846 iu
2282 4791 2346 4847 D.
2388 4790 2611 4848 Claudio
2646 4792 2950 4850 Trebellius
2979 4792 3175 4866 Pollio,
3207 4802 3489 4868 perperam

1898 4880 2044 4937 enim
2091 4894 2154 4940 ea
2184 4883 2249 4938 ad
2299 4883 2576 4941 Bellonam
2623 4886 2808 4944 retulit
2856 4868 3225 4957 Casaubouus,
3276 4896 3395 4963 qua:
3422 4890 3490 4948 ad

1895 4984 2143 5048 magnam
2176 4988 2401 5035 matrem
2432 4980 2549 5050 ipse
2574 4970 2753 5039 retulit
2775 4976 3124 5057 Tt'e‘thllids),
3151 4984 3223 5041 ita
3248 4983 3402 5040 Isiaci
3434 4993 3491 5041 et

1896 5071 2122 5145 Luperci
2147 5073 2326 5146 ﬂagris
2360 5078 2480 5132 sese
2520 5059 2864 5148 pectorumve
2886 5077 3224 5136 tunsiouibus
3253 5076 3391 5134 male
3420 5074 3488 5134 ad

1895 5169 2171 5240 sanguinis
2197 5169 2507 5227 missionem
2528 5172 2697 5243 ‘usqtie
2719 5166 3266 5231 mulctanies.Eddem
3285 5172 3489 5228 scilicet

1895 5262 2145 5332 exemplo
2192 5277 2299 5334 quo
2347 5280 2443 5320 sua
2474 5281 2685 5338 quoque
2732 5270 2853 5324 cum
2903 5264 3236 5323 daemonibus
3285 5256 3486 5323 nterim

1894 5355 2163 5413 γεηθῆοὼ
2189 5359 2349 5414 etiam
2372 5360 2634 5432 sanguine
2660 5356 2914 5418 dicuntur
2939 5356 3098 5417 iidtiic
3119 5356 3350 5416 sancire.

1965 5450 1995 5523 ᾗ
2023 5449 2188 5506 18ς-
2208 5446 2393 5524 Neque
2410 5464 2540 5509 vero
2562 5452 2835 5511 initiorum
2864 5446 3139 5511 dumiakat
3165 5450 3337 5508 ricam
3360 5462 3489 5526 sup-

1896 5541 2075 5614 plebat
2130 5538 2466 5616 baptismus,
2522 5544 2661 5618 pacti
2700 5546 2859 5602 etiam
2911 5546 3052 5601 illam
3093 5542 3388 5603 obtihehat.
3417 5538 3489 5604 At

1895 5635 2279 5707 paciscendum
2305 5642 2518 5710 quoque
2545 5638 2663 5694 mos
2690 5636 2804 5695 erat
2833 5648 2930 5694 suo
2958 5632 3192 5693 invicem
3222 5640 3484 5711 sanguine

1895 5728 2098 5786 ftedera
2144 5732 2373 5787 sancire.
2407 5731 2483 5787 ita
2528 5730 2993 5786 circunteisionem
3036 5732 3189 5786 suam
3220 5730 3486 5802 intelligeé

1894 5822 2023 5880 baut
2050 5824 2241 5880 Judaei.
2263 5822 2418 5881 Unde
2454 5824 2613 5880 etiam
2661 5823 2749 5895 qui
2776 5830 2933 5894 pacto
2977 5822 3214 5880 musaicd
3245 5830 3341 5895 per
3366 5822 3481 5879 sali-

178 5919 389 5992 guinis,
423 5930 546 5992 quae
596 5918 649 5977 in
694 5915 989 5989 Evangelia
1034 5922 1397 5987 memoratur,
1444 5924 1597 5988 aquae
1626 5916 1788 5977 etiam
1891 5912 2112 5990 guinem
2144 5917 2386 5977 initiatus
2407 5916 2904 5989 fuisset-,ettm,pru
2929 5917 3161 5989 receptis
3180 5914 3486 5974 iudiciorum
