4018 6296
549 358 622 415 65
1543 349 1909 410 DODWELLI
1949 346 2402 407 DISSERTATIO
2439 347 2853 412 CYPRIANICA
3787 353 3856 414 δι

549 477 813 546 moribus,
835 482 947 565 pm
986 481 1135 534 nam
1161 473 1489 547 appellatum
1516 473 1582 529 ad
1612 473 1810 541 Exod.,
1842 487 1915 539 tv,
1939 470 2031 539 26,
2055 469 2152 526 olt-
2181 468 2232 528 Α
2261 465 2396 565 irato
2448 467 2668 565 numine
2714 468 2903 538 patria:
2946 469 3223 528 calamitas
3253 485 3375 543 quae
3418 472 3714 530 multorum
3741 476 3860 530 exi-

555 564 852 629 servarunt
886 569 1069 626 Medus
1123 578 1286 641 atque
1327 568 1645 640 Gregorius,
1676 576 1730 622 et
1778 576 1902 622 ante
1958 565 2077 620 illos
2101 564 2150 618 in

554 662 756 721 Lexico
787 679 884 719 suo
921 661 1298 719 Sehindlerus.
1330 660 1475 718 Idem
1531 661 1582 715 in
1635 659 1912 731 gentilium
1941 671 2152 729 quoque

555 757 729 830 pactis
756 755 1006 824 obtinuit,
1038 771 1270 827 quorum
1307 754 1558 824 equidem
1583 752 1897 808 memoriam
1921 751 2153 820 aliquam

557 848 720 906 hodie
759 849 1077 917 retinemus,
1103 849 1518 921 antiquissimis.
1555 848 1630 904 De
1659 846 1826 903 Medis
1850 855 2012 916 atque
2052 843 2154 915 Ly-

556 941 642 998 dis
667 950 856 999 auctor
899 952 978 998 est
1031 943 1085 998 in
1129 943 1247 999 Clio
1292 941 1612 1010 Herodotus,
1657 939 1802 1017 ὅρκια
1832 938 1886 995 δὲ
1923 940 2152 994 ποιέεται

553 1042 728 1094 ταῦτα
750 1037 819 1093 τὰ
850 1034 998 1092 ἔθνεα
1043 1038 1266 1114 τάπερτε
1310 1037 1538 1098 Ελληνες·
1581 1039 1670 1092 καὶ
1713 1035 1843 1111 πρὸς
1881 1035 1973 1089 τού
2026 1050 2160 1084 τοισι

555 1133 712 1188 ἕπτάν
739 1133 861 1192 τοὺς
881 1131 1175 1208 βραχίονας
1204 1130 1572 1206 ἐπιτάμωνται.
1596 1151 1648 1192 ες
1670 1133 1760 1190 τήν
1781 1123 2084 1202 ὁμοχροιΐην
2104 1124 2161 1176 τὸ

558 1221 688 1298 αἷμα
727 1224 1070 1297 ἀναλείχουσι
1107 1225 1346 1285 ἀλλήλων.
1381 1226 1454 1280 De
1484 1223 1693 1295 Scythis
1714 1224 1764 1277 in
1795 1219 2116 1291 Melpomene
2143 1231 2161 1267 :

562 1313 714 1393 ὅρκια
756 1313 810 1369 δὲ
833 1321 1101 1371 ποιοῦνται
1122 1319 1304 1372 Σκύθαι
1326 1314 1422 1373 ὧδε
1440 1360 1454 1381 ,
1482 1319 1612 1394 πρὸς
1635 1315 1756 1375 τούς
1781 1308 1842 1368 ἂν
1869 1312 2158 1366 ποιέωνται·

561 1413 612 1470 ἃς
633 1408 817 1462 κύλικα
841 1408 1060 1482 μεγάλην
1090 1413 1362 1486 κεραμίνην
1389 1405 1518 1465 οἶνον
1541 1411 1840 1480 ἐγχέαντες,
1872 1400 2002 1478 αἷμα
2023 1427 2158 1475 συμ-

558 1503 810 1576 μίσγουσι
835 1509 934 1560 τῶν
969 1504 1037 1558 τὰ
1061 1500 1208 1580 ὅρκια
1238 1505 1580 1576 ταμνομένων.
1617 1502 1691 1557 De
1718 1502 1908 1558 iisdem
1946 1500 2162 1572 Scythis

559 1601 725 1664 atque
753 1591 924 1649 Medis
967 1593 1037 1648 ita
1078 1593 1294 1650 Solinus
1324 1611 1336 1648 :
1375 1613 1394 1647 ‹
1428 1595 1635 1649 Haustu
1679 1595 1852 1650 mutui
1883 1594 2161 1666 sanguinis

557 1683 736 1740 fcedus
769 1685 1038 1750 sanciunt,
1069 1701 1176 1742 non
1205 1701 1307 1742 suo
1339 1696 1542 1742 tantum
1567 1702 1739 1751 more,
1765 1685 1860 1742 sed
1883 1686 2158 1742 Medorum

559 1790 775 1848 quoque
811 1787 1063 1848 usurpata
1090 1778 1393 1848 disciplina.
1433 1797 1453 1831 ι
1491 1778 1799 1851 (Polyhist.,
1849 1793 1902 1836 c.
1934 1779 2052 1849 νο.)
2093 1779 2161 1835 Ει

2266 562 2400 616 tium
2427 562 2783 632 epidemicum
2812 565 3130 633 minaretur,
3176 566 3469 624 multorum
3503 567 3623 622 vitae
3651 581 3856 638 pauco-

2262 673 2380 712 rum
2435 666 2591 712 crant
2642 659 2902 731 sanguine
2947 660 3310 728 redimendae,
3351 663 3464 718 sive
3514 661 3558 718 is
3588 663 3856 725 sacriﬁcio

2262 759 2424 817 esset,
2450 751 2563 805 sive
2589 751 2696 807 alio
2724 752 2904 820 aliquo
2943 751 3102 809 modo
3129 753 3476 811 hauriendus.
3502 753 3632 811 Eam
3662 758 3855 832 ἀνθρω-

2270 846 2537 912 ποθυσίας,
2570 845 2710 917 apud
2737 846 3023 902 Placenicas
3052 846 3312 902 rationem
3336 845 3567 903 reddidit
3595 847 3726 921 (Ap.
3757 848 3857 902 Eu-

2263 936 2389 1000 seb.,
2409 934 2586 1010 Pra-p.
2611 955 2814 1010 evang.,
2834 940 2986 1008 ι,10;
3011 955 3082 1008 tv,
3105 937 3171 996 16
3191 956 3206 1000 :
3224 937 3512 1012 Porphyr.,
3527 940 3589 995 de
3603 940 3779 1008 Abst,
3803 957 3856 1008 tt,

2265 1027 2379 1100 56),
2401 1030 2540 1099 apud
2571 1030 2845 1087 Philonem
2876 1031 3138 1104 Byblium.
3169 1032 3378 1088 Pseudo
3407 1033 3712 1090 Sanchonia
3734 1033 3859 1090 thon

2262 1131 2471 1189 auctor,
2503 1133 2559 1176 ttt
2586 1122 2746 1194 vulgo
2772 1126 3030 1189 creditur,
3055 1127 3465 1184 vetustissimus.
3496 1127 3755 1185 Eamdem
3783 1129 3862 1186 di—

2262 1225 2390 1270 cunt
2423 1214 2684 1270 rationem
2717 1218 3022 1290 'mytltologi
3069 1236 3165 1276 cur
3208 1220 3448 1293 Phryrus
3496 1231 3552 1278 et
3582 1221 3739 1278 Helle
3769 1237 3859 1277 sa-

2263 1309 2470 1364 crificio
2493 1309 2916 1376 destinarentur,
2949 1328 3070 1369 cum
3101 1324 3256 1370 terra:
3287 1315 3541 1372 sterilitas
3575 1316 3676 1390 (ita
3705 1317 3861 1374 enim

2265 1401 2575 1457 Athamanti
2598 1407 2864 1474 persuasit
2894 1404 3011 1478 lno)
3035 1407 3225 1462 famem
3259 1408 3573 1463 minaretur.
3597 1408 3863 1464 Eamdem

2263 1507 2361 1548 cur
2388 1494 2582 1551 Leonis
2630 1494 2774 1564 ﬁliae,
2805 1512 2903 1552 cur
2951 1498 3316 1568 Andromeda,
3365 1514 3460 1556 cur
3484 1501 3678 1567 etiam,
3721 1499 3862 1572 apud

2264 1589 2596 1646 recentiores
2641 1590 2930 1656 Romanos,
2948 1589 3162 1648 Curtius
3189 1603 3243 1648 et
3269 1593 3380 1648 duo
3409 1593 3552 1649 Decii
3573 1607 3653 1659 se,
3677 1593 3866 1665 patria:

2264 1681 2546 1736 servanda:
2576 1683 2906 1754 augendaeve
2932 1685 3304 1755 gratia,exitio
3327 1686 3672 1744 devoverint.
3703 1687 3867 1743 Exer-

2265 1775 2404 1830 citus
2428 1777 2654 1832 salutem
2688 1777 2855 1832 voluit
2878 1780 3247 1849 Agamemnon
3279 1778 3556 1852 Iphigenia
3585 1780 3696 1835 ﬁlia
3721 1794 3819 1836 sua
3849 1799 3863 1844 ;

561 1882 694 1924 vero
717 1869 948 1925 aliorum
977 1869 1350 1940 barbarorum,
1374 1885 1602 1943 quorum
1626 1871 1742 1927 haec
1763 1879 1978 1942 recepta
2000 1870 2163 1927 fuerit
2189 1863 2239 1925 B
2270 1867 2439 1922 voluit
2459 1878 2514 1925 et
2540 1869 2694 1924 hoste
2734 1871 3030 1942 Polyxena,
3059 1871 3389 1928 immolanda
3428 1887 3666 1929 servare.
3704 1871 3866 1928 Multa

563 1963 920 2032 consuetudo,
945 1966 1311 2021 meminerunt
1340 1965 1580 2022 historici
1608 1965 1772 2021 etiam
1805 1965 2158 2022 recentiores.

564 2057 899 2129 Quamquam
914 2067 970 2115 et
987 2058 1042 2114 in
1063 2058 1170 2115 illis
1185 2073 1400 2130 quoque
1428 2059 1705 2116 hrutorum
1721 2059 2002 2115 sacriﬁciis
2020 2058 2162 2115 idem

565 2149 898 2208 intellexisse
915 2152 1150 2223 gentiles
1165 2151 1522 2209 ostenderunt
1549 2153 1718 2209 nostri
1737 2153 1998 2210 adversus
2023 2153 2162 2208 soei-

566 2243 777 2305 nianos.
811 2243 1089 2300 hominum
1119 2244 1289 2301 vicem
1321 2245 1558 2315 gessisse
1590 2245 1710 2301 illas
1739 2247 2016 2302 hrutorum
2051 2260 2164 2301 nta-

567 2338 835 2396 ctationes
862 2339 1057 2395 similia
1082 2339 1184 2396 sibi
1205 2338 1632 2412 imprecantium
1659 2339 1704 2396 si
1747 2339 1908 2394 ﬁdem
1943 2337 2167 2395 fefellis-

568 2443 716 2490 sent.
746 2432 889 2504 Ergo
918 2432 1007 2491 ille
1034 2447 1252 2504 quoque
1279 2432 1672 2490 sacriﬁciorum
1697 2434 1916 2506 sanguis
1944 2433 2166 2488 humani

574 2532 755 2580 tamen
781 2533 902 2581 erat
937 2526 1216 2597 sanguinis
1251 2526 1521 2591 vicarius,
1567 2525 1869 2597 eodemque
1897 2536 2014 2583 erat
2048 2527 2168 2582 loco

567 2618 872 2676 censendus
892 2634 957 2676 ac
987 2621 1034 2676 si
1064 2621 1226 2676 homo
1255 2621 1372 2692 ipse
1419 2621 1734 2692 sanguinem
1777 2621 2050 2693 proprium
2071 2637 2168 2692 op—

569 2713 933 2786 pignorasset.
960 2712 1206 2786 Cumque
1234 2715 1434 2786 duplex
1481 2725 1626 2772 esset
1655 2715 1795 2780 haec,
1844 2730 2002 2786 quam
2031 2715 2163 2780 dixi,

575 2813 687 2862 tam
713 2804 854 2876 apud
883 2805 1101 2864 Judteos
1124 2823 1284 2878 quam
1311 2807 1560 2878 gentiles,
1590 2823 1743 2879 aqua:
1764 2817 1924 2879 atque
1952 2808 2170 2878 sangui-

568 2897 674 2963 nis,
689 2905 1033 2968 peccatorum
1056 2899 1444 2969 expiandorum
1457 2900 1647 2971 gratia,
1665 2910 1881 2972 recepta
1900 2900 2167 2967 lustratio;

570 2990 749 3060 major
775 3001 953 3048 tamen
996 2992 1202 3050 credita
1250 3001 1368 3058 est,
1414 2993 1689 3064 sanguinis
1719 3035 1734 3058 ,
1784 3010 1942 3065 quam
1990 3010 2167 3066 aquae,

574 3082 836 3140 efficacia.
885 3084 1115 3142 Leviora
1157 3085 1300 3142 enim
1348 3095 1504 3142 erant
1533 3085 1624 3141 illa
1655 3101 1775 3158 quae
1805 3103 1958 3158 aquae
1984 3102 2171 3158 asper-

570 3178 725 3234 sione
768 3179 1030 3250 expianda
1075 3181 1450 3238 crederentur.
1489 3179 1751 3236 Graviora
1796 3195 2024 3252 quaeque
2050 3195 2170 3251 qua:

2268 1969 2395 2014 sunt
2446 1960 2636 2016 eodem
2686 1965 2982 2034 spectantia
3032 1965 3279 2037 exempla
3306 1981 3426 2037 qua:
3459 1965 3673 2036 plenam
3705 1966 3864 2024 ﬁdem

2267 2052 2467 2108 faciant
2505 2063 2764 2125 quantum
2806 2056 2858 2112 in
2907 2057 3160 2113 humanis
3209 2058 3525 2116 criminibus
3575 2061 3866 2133 expiandis

2268 2147 2506 2204 humano
2555 2150 2802 2220 sanguini
2835 2152 3139 2218 tribuerint,
3173 2164 3429 2224 quantum
3483 2154 3648 2211 etiam
3680 2155 3866 2228 aqueis

2268 2241 2417 2296 illum
2465 2243 2870 2301 lustrationibus
2899 2246 3249 2314 praetulerint.
3283 2246 3438 2318 Apud
3490 2245 3719 2304 Iudaeos
3750 2248 3862 2319 ipsa

2271 2337 2610 2392 circumcisio
2637 2339 2944 2410 sanguineae
2965 2340 3186 2396 omnino
3224 2342 3545 2409 expiationis
3572 2341 3717 2414 (sive
3744 2343 3864 2413 bap-

2274 2429 2492 2486 tismum
2535 2445 2658 2486 cum
2719 2432 2944 2487 Domino
2971 2434 3247 2504 appellare
3277 2433 3454 2505 malis)
3495 2434 3670 2490 vicem
3704 2435 3867 2490 susti—

2275 2523 2457 2590 nebat,
2511 2534 2564 2579 et
2595 2524 2810 2593 quidem
2864 2525 3102 2582 humano
3149 2526 3317 2597 ipsius
3368 2527 3560 2582 initiati
3605 2529 3866 2600 sanguine

2274 2616 2551 2674 faciendae.
2583 2616 2717 2673 Cum
2748 2619 2927 2690 itaque
2951 2619 3003 2674 id
3031 2636 3194 2675 unum
3222 2620 3288 2676 ad
3317 2620 3569 2691 baptismi
3603 2623 3867 2677 rationem

2273 2710 2490 2780 proprie
2519 2721 2728 2780 spectet
2757 2721 2816 2766 ut
2843 2713 2894 2766 in
2924 2727 2990 2768 eo
3021 2721 3237 2782 peccata
3265 2711 3532 2783 expianda
3563 2713 3674 2769 sint
3701 2731 3716 2780 ;
3748 2729 3864 2771 cum

2274 2805 2457 2872 etiam,
2493 2807 2544 2860 in
2585 2820 2648 2861 ea
2683 2807 3004 2876 expiationis
3047 2807 3277 2873 ratione,
3326 2807 3571 2878 exempla
3620 2807 3866 2863 habuerit

2276 2898 2533 2954 Dominus
2562 2907 2668 2954 tant
2698 2898 3029 2965 Judmorum,
3065 2915 3223 2969 quam
3279 2901 3578 2972 gentilium,
3609 2902 3704 2971 qui
3756 2915 3866 2956 san-

2272 2990 2421 3062 guitti
2455 2991 2772 3048 beneﬁcium
2800 2993 2955 3057 illud,
2991 2993 3190 3063 pariter
3219 3008 3282 3048 ac
3327 3009 3484 3064 aqua:
3527 2995 3863 3060 tribuissent,

2275 3083 2364 3153 qui
2397 3083 2632 3138 humano
2660 3085 2822 3139 etiam
2855 3085 3021 3156 ipsius
3052 3085 3242 3141 initiati
3271 3087 3535 3156 sanguini,
3563 3089 3658 3158 qui
3714 3086 3867 3156 majo-

2275 3191 2389 3230 rem
2433 3192 2646 3249 quoquc
2673 3176 2974 3232 efﬁcaciam
3005 3179 3312 3250 sanguineae
3341 3179 3642 3236 lustrationi
3670 3222 3686 3246 ,
3714 3195 3864 3251 quam

571 3272 782 3344 piacula
834 3273 952 3329 sive
1000 3271 1101 3346 ἄγη
1156 3273 1493 3328 habebantur
1518 3314 1534 3338 ,
1580 3273 1844 3343 sanguine
1896 3273 2171 3344 purganda
2199 3259 2244 3324 C
2280 3268 2364 3322 vel
2391 3284 2576 3340 aqueae
2626 3271 3027 3328 concessissent
3058 3291 3072 3327 :
3103 3272 3218 3328 Non
3263 3282 3380 3329 erat
3422 3288 3556 3329 sane
3581 3286 3866 3332 consenta-

571 3363 1126 3421 erant.Homicidium
1157 3365 1298 3422 inter
1320 3366 1527 3437 piacula
1555 3367 1912 3423 numerabant
1935 3378 2170 3436 veteres,

570 3457 715 3528 quod
755 3457 1010 3515 nimirum
1059 3459 1163 3530 ipsi
1211 3469 1370 3516 terrae
1415 3459 1682 3514 maculam
1736 3461 2171 3527 inureretnullo,

578 3561 941 3625 praterquam
970 3553 1274 3624 sanguinis,
1307 3553 1523 3608 lavacro
1549 3553 1853 3610 eluendam.
1892 3555 2022 3623 Ejus
2073 3571 2172 3623 au;
2206 3589 2216 3597 -

574 3654 706 3710 tem,
731 3646 777 3701 si
807 3655 969 3703 notus
1016 3645 1210 3702 fuisset
1257 3655 1468 3710 auctor,
1503 3648 1723 3718 proprio
1751 3647 1870 3718 ejus
1913 3651 2175 3721 sanguine

576 3737 848 3811 piaculum
872 3739 1162 3810 expiahant
1185 3756 1200 3806 ;
1227 3740 1311 3796 sin
1343 3740 1609 3808 latuisset,
1637 3756 1814 3798 vaccae
1836 3745 2094 3814 sanguine
2123 3745 2174 3799 in

580 3833 704 3891 loco
727 3833 1091 3891 immolandas.
1117 3833 1303 3905 Neque
1331 3850 1463 3891 vero
1489 3835 1666 3891 caedes
1695 3837 1833 3903 sola,
1873 3836 1971 3892 sed
1995 3847 2049 3892 et
2075 3837 2176 3892 im-

573 3927 782 4000 puritas
807 3925 894 3981 illa
913 3926 1100 3998 legalis
1125 3942 1156 3983 e
1179 3928 1500 3984 morticiniis
1527 3937 1780 3984 contactu
1806 3930 2175 3988 contrahenda

571 4035 754 4077 vaccae
774 4019 907 4076 rufa:
929 4020 1203 4077 cineribus
1229 4021 1503 4094 purganda
1526 4029 1658 4078 erat.
1682 4022 1987 4090 Quinetiam
2012 4025 2175 4080 totius

576 4116 763 4189 populi
785 4115 1061 4172 israelitici
1085 4125 1304 4187 peccata
1325 4117 1376 4172 in
1401 4117 1610 4172 hircum
1635 4118 1971 4174 emissarium
1999 4117 2174 4187 (Leu,

577 4209 696 4282 xw)
737 4209 1125 4281 imprecatione
1150 4209 1392 4280 conjecta
1421 4219 1546 4265 sunt
1563 4253 1577 4277 ,
1601 4210 1842 4281 ejusdem
1869 4219 1926 4266 ut
1949 4211 2176 4266 Rabbini

574 4303 766 4360 volunt
794 4346 812 4372 ,
858 4312 1034 4360 morte
1088 4302 1306 4359 luenda.
1335 4301 1446 4358 Nec
1497 4303 1601 4358 alia
1629 4302 1940 4360 Graecorum
1965 4316 2081 4361 erat
2107 4304 2175 4360 de

572 4401 688 4456 suis
716 4413 932 4472 quoque
961 4401 1262 4473 καθάρμασι
1291 4398 1579 4464 sententia,
1608 4406 1666 4452 ut
1692 4413 1760 4454 ex
1793 4399 2176 4470 Aristophanis

583 4491 877 4549 scholiaste
899 4490 1160 4548 discimus
1184 4493 1395 4562 (Arion,
1427 4492 1590 4547 schol.
1619 4492 1672 4548 in
1702 4479 1902 4564 Plan).
1935 4492 2178 4564 Tamque

574 4595 693 4644 erat
751 4586 1071 4644 universalis
1125 4586 1242 4642 hare
1301 4596 1645 4658 peccatorum
1688 4601 1787 4657 per
1861 4589 2174 4658 sanguinem

2279 3377 2439 3418 neum
2470 3372 2528 3416 ut
2557 3378 2716 3433 quam
2746 3364 2998 3434 expiandi
3030 3364 3289 3435 majorem
3317 3366 3370 3420 in
3401 3365 3668 3438 sanguine
3715 3381 3866 3438 quam

2276 3456 2330 3511 in
2358 3471 2494 3527 aqua
2521 3457 2772 3513 virtutem
2823 3459 2911 3514 alii
2943 3459 3084 3530 apud
3117 3476 3176 3516 se
3204 3460 3368 3517 fuisse
3395 3461 3782 3532 gloriarentur,
3808 3476 3866 3515 ea

2277 3551 2376 3605 soli
2407 3550 2684 3606 christiani
2733 3551 3173 3609 destituerentur.
3206 3553 3523 3611 Praesertim
3574 3570 3700 3612 cum
3731 3556 3781 3611 in
3809 3569 3866 3610 co

2278 3646 2507 3711 versari,
2543 3646 2655 3716 jam
2700 3646 2954 3716 diximus,
3010 3647 3315 3704 universam
3367 3649 3478 3704 fere
3512 3648 3649 3705 Novi
3683 3650 3866 3706 Testa-

2280 3742 2446 3798 menti
2475 3742 3014 3812 argumentationem.
3047 3752 3104 3798 ut
3134 3757 3486 3814 quaecumque
3516 3755 3726 3811 essent,
3762 3744 3866 3799 sive

2279 3837 2418 3909 apud
2445 3837 2680 3904 .ludteos,
2705 3838 2818 3893 sive
2848 3839 3099 3910 gentiles,
3129 3840 3405 3912 privilegia
3441 3840 3510 3896 de
3533 3840 3734 3912 quibus
3756 3839 3863 3910 glo—

2279 3931 2572 3996 riarentur,
2602 3944 2665 3985 ea
2695 3931 3008 3988 christianis
3054 3933 3248 4003 potiori
3297 3933 3764 4004 praestantioriqne
3790 3945 3869 3987 ra-

2281 4023 2427 4079 tione
2455 4025 2746 4080 convenire
2769 4025 3142 4096 probarentur.
3165 4025 3279 4080 Non
3310 4036 3426 4081 erat
3453 4034 3866 4081 consentaneum

2281 4126 2363 4183 ut,
2393 4132 2517 4173 eum
2553 4123 2604 4173 in
2652 4117 2842 4174 eadem
2891 4119 2992 4174 hac
3034 4127 3196 4174 cau‘sa
3228 4118 3476 4190 baptismi
3506 4135 3696 4175 vocem
3727 4117 3871 4173 adhi—

2279 4209 2474 4267 berent
2517 4218 2624 4265 tam
2673 4214 2791 4281 ipse
2821 4211 3082 4266 Dominus
3133 4227 3292 4282 quam
3353 4211 3482 4266 Novi
3539 4209 3865 4268 Testamenti

2282 4305 2598 4376 scriptores,
2630 4304 2791 4359 aliam
2822 4315 2998 4359 tamen
3027 4304 3477 4374 signiﬁcationem
3513 4306 3870 4376 intelligerent

2280 4413 2441 4469 quam
2470 4397 2722 4469 expiandi
2758 4399 2901 4453 illam
2946 4397 3184 4453 omnium
3235 4399 3574 4454 notissimam
3612 4397 3868 4469 receptis-

2281 4491 2599 4559 simamque.
2623 4490 2742 4546 Non
2765 4501 2882 4548 erat
2904 4499 3324 4548 consentaneum
3353 4501 3430 4558 ut,
3455 4492 3546 4562 qui
3572 4492 3644 4546 ita
3671 4489 3870 4547 sensis-

2280 4593 2422 4650 sent,
2453 4585 2614 4642 aliter
2663 4594 2841 4642 tamen
2885 4586 3232 4656 loquerentur
3261 4601 3419 4657 quam
3453 4596 3746 4658 martyrem
3777 4597 3868 4639 no—

581 4682 850 4754 purgatio,
880 4690 940 4738 ut
970 4682 1172 4738 nullam
1209 4656 1692 4752 hicexceptionem
1746 4656 1998 4737 adhibeat
2027 4683 2175 4753 Apo-
2200 4656 2256 4719 Ῑ)
2283 4687 2455 4734 strum
2484 4677 2594 4750 jam
2643 4679 2883 4734 locutum
2909 4656 3334 4745 observavimus,
3366 4689 3424 4732 ut
3468 4656 3718 4736 nimirum
3746 4693 3867 4735 san-

575 4773 750 4830 stOlus
781 4795 795 4832 :
822 4777 950 4832 Sine
992 4777 1279 4850 sanguinis,
1331 4777 1541 4848 inquit,
1574 4774 1822 4843 e/fusione
1851 4792 1953 4830 non
1983 4777 2043 4846 [it
2087 4793 2172 4831 re-

577 4869 754 4924 missio
781 4867 996 4942 (Habt,
1025 4887 1106 4938 tx,
1138 4871 1359 4944 22).!ta
1403 4881 1828 4927 consentaneum
1880 4878 2000 4925 erat
2049 4869 2173 4925 illo-

578 4977 701 5021 rum
752 4970 1053 5032 temporum
1112 4961 1474 5034 dogmatibus,
1504 4971 1564 5018 ut
1587 4977 1708 5018 eum
1754 4973 2036 5034 utramque
2067 4974 2174 5017 tam

576 5053 875 5128 sanguinis,
927 5069 1086 5126 quam
1135 5068 1290 5126 aqnze
1335 5055 1695 5125 expiationem
1759 5071 1856 5125 pro
1905 5054 2174 5126 baptismo

579 5149 866 5214 haberent,
901 5147 1161 5219 majorem
1203 5157 1380 5204 tamen
1407 5147 1689 5216 sanguinei
1710 5147 1983 5218 baptismi,
2012 5163 2172 5219 quam

579 5245 760 5317 aquei,
788 5243 1045 5300 virtutem
1069 5251 1447 5314 agnoscerent.

651 5339 680 5411 §
705 5337 794 5394 l9.
823 5365 895 5378 —-
923 5337 990 5392 Et
1012 5346 1069 5392 ut
1094 5336 1343 5408 sanguini
1373 5336 1425 5392 in
1450 5335 1552 5391 hoc
1579 5337 1904 5408 expiationis
1927 5339 2169 5410 negotio,

578 5442 762 5502 partes
789 5429 1158 5488 concedebant
1181 5430 1336 5486 facile
1365 5431 1682 5501 primarius;
1718 5431 1788 5486 ita
1813 5430 2030 5488 humani
2048 5448 2173 5487 san-

578 5523 776 5593 guinis,
803 5538 916 5594 prre
939 5523 1060 5580 aliis
1088 5523 1254 5578 etiam
1279 5523 1648 5593 sanguinibus,
1673 5523 1779 5578 vim
1812 5523 1969 5595 longe
1996 5524 2170 5579 maxi-

581 5629 727 5673 mam
769 5625 1123 5685 agnoverunt.
1167 5616 1294 5672 Inde
1346 5626 1523 5671 ortum
1574 5615 1728 5670 duxit
1780 5616 2030 5671 immanis
2057 5615 2171 5682 illa,

577 5729 700 5786 qua;
748 5713 890 5783 apud
930 5725 1142 5772 veteres
1172 5715 1416 5781 invaluit,
1449 5716 1869 5792 ἀνθρωποθυσία,
1899 5712 2043 5783 quod
2075 5712 2172 5767 de-

586 5806 800 5865 delictis
846 5805 1122 5864 hominum
1145 5808 1428 5881 expiandis
1455 5808 1724 5863 humanus
1752 5806 1974 5878 sanguis
2001 5805 2172 5876 aptis-

582 5901 752 5963 simus
775 5899 1067 5962 videretur.
1098 5906 1232 5967 Cum
1283 5908 1498 5982 gravior
1527 5901 1708 5974 aliqua
1754 5899 2067 5959 immineret
2105 5902 2177 5960 ab

2278 4771 2458 4842 guinei
2501 4771 2751 4842 baptismi
2791 4773 2896 4826 t’im
2939 4774 3100 4826 etiam
3145 4773 3490 4842 expiatricem
3537 4775 3694 4844 aquei
3739 4773 3866 4840 hap-

2279 4866 2423 4921 tismi
2472 4865 2549 4920 illi
2587 4864 2746 4936 longe
2775 4865 3177 4922 anteferendam
3214 4867 3609 4923 existimarent.
3643 4867 3866 4922 Tantum

2277 4957 2430 5014 abest
2462 4967 2522 5013 ut
2547 4958 2736 5013 duram
2777 4959 2932 5025 hanc,
2964 4967 3067 5014 eta
3095 4967 3558 5015 sacramentorum
3588 4959 3863 5030 dignitate,

2278 5061 2334 5109 et
2384 5051 2600 5107 Domini
2667 5061 2847 5107 mente
2898 5052 3128 5107 alienam
3175 5067 3400 5107 censere
3456 5051 3748 5109 debeamus
3796 5051 3866 5105 lo-

2278 5149 2480 5222 quendi
2527 5150 2817 5216 rationem,
2851 5159 2908 5206 ut
2965 5161 3150 5222 putant
3205 5152 3346 5208 illam
3407 5152 3635 5210 alienam
3687 5151 3864 5208 adver-

2277 5243 2427 5299 sarii.

2349 5334 2480 5407 §20.
2511 5367 2582 5377 ——
2603 5336 2677 5392 [ta
2699 5339 2875 5409 itaque
2893 5339 3251 5407 ostendimus,
3266 5354 3425 5411 quam
3446 5341 3531 5397 hic
3548 5344 3728 5398 omnia
3748 5349 3861 5413 apte

2281 5431 2424 5486 inter
2467 5446 2527 5486 se
2578 5448 2960 5505 congrueqne,
2995 5450 3094 5506 pro
3135 5435 3280 5491 illius
3309 5437 3481 5492 aetatis
3532 5437 3862 5509 dogmatibus

2277 5525 2604 5592 cohmreant,
2639 5531 2683 5582 si
2712 5529 2784 5582 ita
2807 5529 3089 5584 Dominum
3118 5530 3316 5601 ipsum,
3335 5532 3405 5586 ita
3435 5531 3554 5598 eius
3579 5531 3858 5604 apostolos,

2278 5621 2663 5692 intelligamus.
2731 5621 2861 5677 lude
2909 5624 3153 5694 sequitttr
3209 5639 3304 5694 pro
3365 5624 3468 5679 hoc
3523 5641 3646 5681 esse
3694 5623 3862 5696 potius

2279 5729 2443 5770 sensu
2498 5713 2985 5786 praejudicandum,
3013 5715 3099 5771 vel
3126 5757 3140 5782 ,
3170 5716 3214 5769 si
3245 5730 3429 5770 vocem
3482 5717 3730 5772 malimus
3760 5727 3862 5769 ter-

2283 5807 2591 5863 tullianeam
2620 5847 2634 5872 ,
2688 5805 3169 5878 prtescribendum,
3214 5807 3268 5861 ni
3314 5807 3457 5864 clara
3505 5817 3788 5864 occurrant
3811 5805 3859 5859 in

2280 5899 2459 5971 reipsa
2508 5906 2818 5970 argumenta
2865 5914 2966 5957 cur
3011 5899 3080 5955 sit
3121 5898 3279 5956 aliter
3307 5899 3670 5971 intelligenda.
3703 5895 3853 5967 Atqui
