4018 6300
227 385 306 448 65

1230 385 1324 447 DE
1364 385 1684 448 SECUNDO
1723 384 2108 449 MABTYRUM
2139 388 2498 451 BAPTISMO.
3447 391 3519 452 66

230 511 443 560 tantum
473 503 626 560 abest
659 513 712 559 ut
745 504 798 560 in
827 503 1003 574 reipsa
1043 504 1309 560 contraria
1342 504 1634 560 habeamus
1664 519 1821 575 argu-
1854 505 1906 564 A
1933 505 2032 561 bus
2055 507 2107 562 in
2139 508 2454 564 societatem
2501 506 2921 566 christianorum
2976 509 3245 581 politicam
3295 510 3518 568 ascribi-

229 605 414 652 menta
445 638 462 664 ,
496 607 554 651 ut
607 596 740 652 nihil
789 598 960 667 magis
1002 596 1162 652 faciat
1210 598 1274 653 ad
1324 606 1519 652 nostrae
1549 597 1829 652 sententia:

231 688 700 744 confirmationem
733 704 892 760 quam
940 691 987 745 si
1017 705 1130 745 rem
1161 689 1328 759 ipsam
1363 689 1597 758 penitius
1627 687 1831 746 exami-

236 795 452 838 nemus.
498 780 1048 838 Animadvertendum
1101 784 1280 851 itaque
1323 783 1512 852 quinto
1555 781 1622 835 ad
1653 781 1826 851 ipsum

237 871 492 946 baptismi
534 882 930 930 sacramentum
971 873 1244 945 pertinere
1267 916 1282 941 ,
1311 875 1659 944 sanguineum
1688 871 1828 926 hunc

234 965 589 1038 baptismum,
617 975 672 1022 et
708 965 923 1037 quidem
956 967 1025 1021 ita
1071 967 1340 1036 pertinere
1371 974 1424 1020 ut
1480 975 1684 1036 partem
1711 963 1830 1034 ejus

240 1059 567 1130 prmeipnam
623 1069 980 1115 consummet.
1031 1058 1143 1114 Hoc
1171 1058 1260 1114 ubi
1291 1057 1572 1128 probatum
1613 1057 1829 1114 dederi-

236 1166 378 1217 mus,
409 1165 568 1208 nemo
599 1152 723 1217 erit,
756 1151 967 1224 opinor,
1000 1152 1126 1224 quin
1158 1149 1310 1206 facile
1344 1152 1602 1207 concedat
1633 1151 1828 1220 praeci-

233 1259 402 1316 puum
454 1246 705 1320 baptismi
753 1248 979 1303 f'ructum
1014 1249 1080 1304 ab
1112 1263 1178 1303 eo
1207 1263 1332 1304 esse
1360 1247 1480 1318 jure
1528 1248 1830 1318 meritoque

234 1341 655 1411 expectandum.
711 1341 819 1397 Nec
873 1341 979 1396 alio
1029 1349 1258 1412 spectat,
1288 1351 1346 1396 ut
1393 1350 1555 1412 puto,
1591 1340 1828 1410 Apostoli

235 1433 330 1491 illa
385 1433 719 1502 comparatio
765 1448 868 1505 qua
907 1449 1119 1505 aquam,
1151 1435 1463 1506 sanguinem
1492 1443 1545 1490 et
1573 1435 1828 1505 Spiritum

234 1525 294 1580 in
318 1541 478 1580 unum
500 1526 572 1580 ita
595 1526 842 1594 contulit,
869 1535 944 1591 ut,
969 1525 1426 1597 quemadmodum
1453 1526 1628 1594 Pater,
1663 1527 1830 1583 Filius

233 1628 296 1674 et
329 1619 560 1690 Spiritus
603 1624 818 1676 sanctus
839 1635 1009 1676 unum
1055 1631 1200 1686 sunt,
1229 1620 1299 1675 ita
1332 1636 1490 1692 aqua,
1516 1619 1749 1690 Spiritus
1776 1630 1829 1677 et

231 1711 458 1783 sanguis
483 1711 592 1766 sint
637 1711 689 1766 in
737 1727 924 1772 unum.
958 1711 1099 1782 quod
1152 1727 1346 1782 nempe
1393 1729 1554 1770 unum
1585 1712 1831 1783 idemque

238 1811 497 1875 pra-stent
518 1817 707 1858 omnes
728 1818 848 1858 com
858 1803 1141 1873 pleantque
1157 1802 1416 1858 officium.
1437 1803 1514 1858 De
1529 1803 1829 1874 baptismali

1937 613 2076 666 mur,
2103 615 2162 654 ea
2191 599 2410 657 hederis
2439 615 2560 656 esse
2581 601 2862 658 solemnia.
2893 601 3026 672 Quis
3055 612 3234 659 autem
3264 602 3394 658 illud
3423 584 3522 658 (1ιῖ-

1934 687 2064 746 bitet
2097 691 2348 764 baptismi
2383 708 2505 748 esse
2554 679 2825 765 proprium
2873 695 3109 751 officium
3139 703 3197 751 ut
3244 711 3342 766 per
3368 695 3520 751 illum

1931 785 2103 840 sacris
2129 788 2544 843 christianorum
2575 788 2870 856 initiemur,
2898 790 3021 845 etin
3054 790 3325 861 prepriam
3347 789 3520 846 ascri-

1933 876 2125 933 bamur
2149 878 2568 936 christianorum
2596 881 2952 937 societatem?
2981 883 3242 938 Convenit
3263 892 3523 953 praeterea

1932 969 2076 1040 quod
2122 971 2212 1040 qui
2258 971 2534 1028 confertur
2565 972 2617 1027 in
2662 972 3080 1030 christianorum
3109 974 3379 1044 baptismo
3402 971 3524 1044 Spi-

1933 1062 2088 1125 ritus.
2122 1063 2167 1118 is
2195 1063 2437 1138 ἁρραϐὠν
2469 1064 2613 1136 (quae
2642 1073 2698 1120 et
2729 1066 2888 1121 arrha
2917 1075 3000 1122 est
3036 1065 3390 1136 scriptoribus
3430 1079 3523 1119 ro-

1934 1154 2131 1226 manis)
2165 1155 2214 1210 in
2239 1155 2390 1212 Novo
2413 1155 2761 1214 Testamento
2799 1159 3120 1229 appelletur.
3145 1158 3273 1214 Erat
3295 1158 3438 1214 enim
3468 1157 3522 1216 in

1929 1249 2050 1319 jure
2071 1264 2296 1307 romano
2320 1251 2480 1307 arrha
2510 1265 2784 1322 pactorum
2821 1253 3053 1324 propria,
3080 1252 3347 1324 praecipue
3372 1266 3510 1323 nup-

1936 1341 2165 1398 tialium.
2219 1343 2427 1415 Nempe
2467 1347 2746 1418 mysticam
2801 1361 2923 1401 cum
2970 1344 3212 1401 Ecclesia
3263 1345 3522 1401 unitatem

1935 1437 2316 1491 matrimonialt
2364 1436 2552 1491 unitati
2608 1437 2937 1508 respondere
2977 1453 3011 1490 v
3057 1436 3124 1491 ad
3179 1435 3318 1506 Eph.
3351 1435 3523 1492 innuit

1937 1530 2248 1600 Apostolus.
2278 1530 2500 1602 Propria
2557 1545 2718 1602 porro
2747 1531 2906 1586 arrha
2959 1539 3040 1586 est
3088 1529 3229 1586 illius
3268 1529 3524 1600 temporis

1935 1635 2042 1692 quo
2069 1622 2244 1693 primo
2292 1620 2468 1677 ftedus
2517 1621 2732 1677 inimus.
2775 1620 2906 1677 Inde
2949 1620 3192 1693 sequitur
3239 1628 3297 1676 ut
3324 1620 3395 1676 de
3422 1617 3528 1675 alia

1935 1713 2168 1784 Spiritus
2195 1715 2500 1780 collatione,
2533 1723 2888 1786 praeterquam
2933 1713 3260 1785 baptismali,
3295 1720 3528 1783 nequeat

1937 1804 2182 1876 intelligi.
2215 1806 2557 1862 Conveniunt
2583 1807 2817 1877 denique
2839 1815 2893 1862 et
2923 1805 3176 1874 baptismi
3203 1803 3308 1860 illm
3334 1804 3388 1860 in
3422 1803 3526 1859 Ec-

233 1910 373 1968 aqua
401 1906 458 1952 et
485 1896 690 1967 Spiritu
733 1897 1135 1968 intelligendum
1163 1897 1586 1965 observavimus,
1619 1907 1678 1953 ut
1704 1913 1828 1968 pro-
1857 1904 1904 1964 Β
1935 1897 2098 1953 clesia
2127 1897 2381 1968 primmva
2415 1898 2621 1965 formae,
2640 1897 2869 1956 Credis?
2894 1896 3094 1964 Credo,
3121 1897 3482 1952 Abrenuntias
3504 1899 3530 1952 ?

233 1989 366 2047 inde
384 1988 709 2060 baptismum
729 1989 877 2045 illum
897 1991 1343 2045 sacramentalem
1365 1991 1614 2061 supplere
1639 1991 1834 2047 debeat

233 2083 562 2155 sanguineus
593 2084 680 2140 hic
735 2084 1050 2154 baptismus.
1090 2083 1255 2152 quue
1299 2083 1472 2154 ipsum
1525 2084 1834 2140 observavit

233 2185 365 2233 ante
388 2191 488 2234 nos
511 2177 794 2248 Origenes,
815 2192 882 2232 ne
903 2177 1024 2248 quis
1041 2183 1278 2232 veterum
1296 2175 1635 2248 dogmatibus
1656 2178 1832 2231 minus

237 2279 660 2326 consentaneam
710 2270 1011 2340 suspicetur
1041 2278 1280 2324 nostram
1333 2268 1473 2324 hanc
1513 2269 1834 2338 interpreta-

238 2363 465 2421 tionem.
518 2363 705 2436 Neque
745 2379 879 2420 vero
903 2374 1104 2435 pugnat
1132 2362 1274 2434 quod
1303 2363 1656 2435 sanguineum
1693 2363 1836 2418 hunc

242 2457 576 2528 baptismum
626 2458 918 2513 secundum
946 2456 1270 2529 appellarint
1314 2455 1474 2512 iidem
1501 2464 1732 2511 veteres.
1757 2454 1834 2509 lta

239 2550 392 2605 enim
422 2548 756 2620 intelligendi
806 2557 952 2613 sunt,
993 2548 1156 2619 quod,
1206 2563 1326 2602 cum
1357 2546 1604 2602 renovari
1658 2545 1836 2602 denuo

240 2657 353 2697 non
382 2641 553 2712 possit
576 2641 988 2696 sacramentalis
1011 2640 1102 2695 ille
1133 2641 1454 2711 baptismus,
1489 2639 1542 2694 in
1571 2638 1831 2710 martyrio

241 2745 422 2792 tamen
467 2735 585 2805 ejus
630 2734 886 2791 beneficia
933 2734 1040 2789 sint
1078 2733 1146 2788 de
1175 2747 1333 2801 novo,
1364 2730 1620 2802 sine-ejus
1648 2740 1823 2785 tamen

239 2828 416 2898 ipsius
459 2828 809 2884 renovatione
863 2825 1216 2897 expectanda,
1248 2837 1302 2882 et
1345 2825 1488 2896 quod
1538 2840 1674 2879 nova
1701 2823 1826 2879 lide-

245 2921 380 2977 lium
408 2919 715 2976 adulterum
755 2929 988 2990 peccata,
1015 2935 1134 2990 qua:
1168 2919 1384 2989 quidem
1410 2918 1463 2973 in
1499 2932 1670 2988 aqueo
1706 2916 1839 2988 bap-

241 3017 412 3071 tismo
463 3014 689 3070 remissa
734 3029 839 3068 non
889 3021 1091 3078 essent,
1125 3010 1212 3065 hic
1238 3011 1393 3080 plene
1439 3012 1755 3082 penitusque
1785 3016 1841 3065 et

243 3123 351 3180 pro
405 3106 740 3178 baptismalis
795 3107 1130 3162 remissionis
1184 3105 1345 3161 modo
1373 3121 1729 3176 mensuraque
1756 3121 1842 3162 re-

245 3201 517 3257 mittatur.
570 3199 702 3268 Qua:
738 3213 860 3255 cum
891 3198 1126 3255 secunda
1166 3199 1235 3253 sit
1271 3199 1538 3266 remissio,
1574 3215 1679 3254 non
1738 3199 1844 3254 erit

247 3293 440 3363 utique
487 3291 681 3348 mirum
712 3293 758 3348 si
806 3291 1045 3350 secundo
1070 3291 1230 3348 etiam
1261 3290 1528 3363 baptismo
1558 3291 1839 3347 tribuenda

1941 1991 2296 2046 Abrenuntio.
2328 1989 2466 2047 Sunt
2492 1993 2634 2047 enim
2666 2000 2720 2047 et
2747 1990 2852 2046 illa:
2881 1990 2947 2046 ad
2976 2005 3322 2046 romanorum
3351 1998 3530 2061 pacto-

1942 2097 2064 2137 rum
2089 2081 2290 2138 formas
2329 2098 2621 2153 expressae,
2663 2097 2850 2138 rursus
2893 2084 3162 2153 prtecipue
3187 2082 3527 2154 nuptialium,

1953 2173 2102 2230 Das?
2152 2175 2230 2230 Do
2258 2191 2272 2243 ;
2305 2175 2595 2246 Spondes?
2639 2175 2908 2246 Spondeo.
2962 2175 3116 2232 Unde
3160 2175 3290 2232 illud
3340 2177 3533 2233 saltem

1954 2271 2260 2325 necessario
2286 2269 2574 2340 colligitur,
2591 2283 2690 2341 pro
2710 2277 2867 2341 pacto
2893 2270 3214 2339 baptismum
3242 2272 3534 2341 primanos

1941 2361 2132 2417 saltem
2163 2361 2418 2418 habuisse
2443 2362 2793 2419 christianos.

2019 2455 2048 2526 §
2079 2453 2168 2509 22.
2197 2485 2270 2496 --
2293 2455 2426 2511 llinc
2456 2457 2705 2526 sequitur
2732 2454 2972 2512 secundo
3001 2463 3060 2512 ut
3087 2456 3141 2512 in
3170 2456 3291 2514 aliis
3333 2456 3530 2528 pactis,

1947 2550 2020 2604 ita
2085 2559 2140 2605 et
2197 2551 2251 2604 in
2307 2560 2495 2605 nostro
2549 2561 2706 2619 pacto
2754 2564 2966 2621 quoque
3029 2550 3371 2621 baptismali,
3426 2551 3537 2607 duo

1945 2656 2069 2698 esse
2099 2657 2127 2696 a
2157 2657 2216 2698 se
2244 2642 2472 2698 invicem
2528 2641 2905 2714 distinguenda
2936 2641 3272 2698 diversarum
3303 2643 3538 2714 partium

1948 2735 2143 2800 officia,
2172 2736 2267 2792 Dei
2293 2734 2421 2802 alia,
2447 2737 2549 2791 alia
2592 2746 2800 2792 nostra.
2825 2735 2906 2792 Ad
2942 2737 3107 2792 Deum
3138 2747 3384 2808 spectant
3410 2753 3538 2808 pro-

1949 2828 2236 2884 missiones
2285 2830 2480 2901 quibus
2531 2839 2751 2885 cavetur
2806 2829 2875 2885 de
2931 2829 3251 2900 praestandis
3286 2829 3539 2901 baptismi

1953 2919 2250 2987 beneficiis,
2276 2929 2383 2976 tam
2407 2921 2512 2978 illae
2529 2937 2647 2992 qum
2673 2921 2743 2977 de
2764 2923 3018 2992 praesenti
3046 2921 3365 2992 praestanda:
3391 2933 3538 2992 sunt,

1953 3023 2295 3085 peccatorum
2353 3015 2590 3070 omnium
2619 3014 2891 3084 expiatio,
2939 3014 3174 3085 Spiritus
3217 3015 3390 3072 sancti
3437 3014 3539 3070 do-

1955 3108 2122 3173 natio,
2143 3109 2367 3178 mystica
2384 3121 2507 3162 cum
2526 3105 2741 3162 Christo
2760 3107 2909 3170 unio,
2931 3106 3122 3162 saltem
3142 3115 3388 3171 externa,
3408 3117 3538 3175 etc.,

1953 3214 2114 3271 quam
2148 3213 2266 3270 qua:
2297 3196 2364 3253 de
2413 3196 2605 3252 futuris
2657 3195 2982 3251 adhibentur
3007 3195 3169 3252 officii
3205 3195 3374 3252 nostri
3405 3211 3544 3266 prae-

1953 3293 2096 3348 miis.
2120 3292 2200 3349 Ad
2230 3306 2329 3346 nos
2351 3299 2595 3362 spectant
2615 3305 2736 3360 qua:
2764 3305 2795 3344 a
2821 3287 2978 3344 nobis
3001 3289 3237 3344 vicissim
3262 3288 3542 3360 sponden-

245 3386 519 3442 videatur.
551 3386 683 3449 Sed,
711 3386 876 3442 misso
923 3387 1162 3457 Apostoli
1203 3387 1544 3456 testimonio,
1575 3401 1674 3458 age
1726 3401 1840 3442 rem
1867 3375 1924 3443 (ι
1954 3394 2038 3441 tur
2081 3398 2180 3454 pro
2233 3391 2413 3440 nostra
2459 3381 2602 3453 pacti
2648 3379 2986 3450 baptismalis
3017 3389 3173 3451 parte
3214 3379 3542 3452 praestanda.

245 3479 452 3550 ipsam,
479 3495 546 3535 ex
580 3479 793 3550 propria
824 3478 981 3549 hujus
1021 3480 1430 3536 sacramentalis
1455 3478 1704 3551 baptismi
1746 3493 1845 3533 na-

247 3581 372 3628 tura
401 3572 750 3642 explicemus.
801 3555 805 3560 ί
1763 3642 1842 3656 ,,,,

329 3666 544 3736 §21.-—
563 3665 884 3723 Recolamus
912 3667 1092 3738 itaque
1123 3665 1374 3739 inprimis
1402 3679 1563 3723 omne
1591 3664 1694 3720 hoc
1719 3665 1850 3733 bap-

256 3761 410 3816 tismi
451 3761 719 3834 negotium
753 3773 969 3834 pactum
998 3775 1117 3819 esse
1145 3761 1409 3831 quoddam
1456 3760 1698 3818 fideliutn
1725 3773 1846 3815 cum

252 3854 398 3922 Deo,
430 3870 529 3912 nec
577 3856 797 3912 aliunde
825 3857 1027 3912 rectius
1053 3871 1211 3927 quam
1250 3871 1282 3911 e
1316 3853 1548 3926 receptis
1574 3863 1848 3924 pactorum

253 3949 501 4005 moribus
544 3950 942 4021 explicandum.
992 3949 1126 4005 Esse
1175 3951 1316 4004 enim
1365 3948 1643 4019 Evangelii
1681 3953 1852 4007 καινήν

248 4043 498 4103 διαθήκην
546 4044 615 4099 ab
655 4045 742 4099 illa
787 4043 994 4100 scilicet
1043 4043 1315 4098 diversam
1367 4058 1489 4113 quae
1541 4042 1852 4098 Judmorum

252 4137 438 4194 fuerat
465 4147 623 4208 atque
654 4139 787 4210 legis
818 4138 1068 4193 mosaicze
1093 4154 1107 4204 ;
1138 4151 1260 4192 esse
1290 4137 1450 4191 etiam
1478 4135 1580 4191 sub
1604 4136 1853 4204 Evange-

252 4229 336 4285 lio
369 4245 474 4285 non
509 4229 913 4285 Testamentum
946 4229 1127 4296 modo,
1153 4228 1244 4284 sed
1281 4237 1338 4284 et
1363 4237 1598 4298 pactum,
1628 4243 1856 4300 eamque

255 4320 530 4393 duplicem
579 4321 814 4384 διαθήκης
856 4319 1306 4393 significationem
1337 4320 1664 4390 evangelicis
1691 4321 1854 4376 etiam

261 4415 599 4488 temporibus
627 4417 938 4481 convenire;
967 4431 1090 4472 esse
1118 4415 1278 4471 etiam
1304 4414 1404 4470 sub
1429 4413 1656 4487 mystico
1683 4413 1855 4470 israe-

259 4511 468 4566 litismo
506 4510 693 4567 eadem
744 4511 966 4565 omnino
1007 4509 1146 4580 pacti
1199 4509 1458 4565 beneficia
1490 4524 1611 4578 qua:
1640 4506 1855 4578 propria

259 4603 396 4662 olim
440 4604 652 4661 fuerant
705 4603 1031 4660 israelitismi
1081 4602 1332 4658 litteralis
1362 4643 1376 4670 ,
1427 4611 1485 4658 ut
1533 4603 1689 4658 nobis
1719 4603 1858 4657 Deus

263 4713 518 4755 summus
570 4699 622 4752 in
657 4697 928 4769 proprium
976 4696 1274 4753 aseribatur
1325 4696 1513 4762 Deum,
1543 4709 1643 4751 nos
1668 4694 1745 4749 illi
1779 4693 1858 4748 vi-

1951 3477 2284 3547 Quamquam
2310 3476 2455 3532 enim
2489 3473 2877 3544 promissiones
2911 3473 3179 3530 fateamur
3207 3483 3358 3529 extra
3392 3481 3545 3544 pacta

1953 3570 2139 3638 factas,
2158 3570 2274 3628 sine
2301 3567 2524 3624 alterius
2552 3567 2719 3638 partis
2744 3565 3076 3638 obligatione
3100 3565 3234 3622 satis
3257 3565 3543 3621 commode

1953 3663 2176 3734 intelligi
2207 3675 2407 3733 posse;
2437 3671 2494 3714 at
2536 3674 2658 3731 qua:
2686 3659 2912 3714 alteram
2943 3658 3083 3728 pacti
3108 3651 3314 3729 partem
3343 3655 3548 3714 consti-

1958 3766 2137 3823 tuunt,
2167 3755 2273 3810 illa:
2319 3763 2502 3809 mutua
2545 3752 2766 3808 omnino
2805 3750 3085 3822 utriusque
3119 3750 3289 3820 partis
3328 3748 3551 3821 exigunt

1960 3849 2159 3907 officia.
2206 3847 2323 3918 lpsa
2375 3849 2478 3903 hoc
2529 3845 2667 3917 pacti
2719 3845 2857 3900 ratio
2914 3843 3225 3900 necessario
3272 3841 3546 3913 supponit.

1957 3946 2105 4001 Data:
2151 3944 2298 3999 enim
2339 3941 2591 4007 fortasse,
2624 3953 2730 3995 non
2775 3948 2924 3995 certe
2966 3946 3158 4008 pacttn,
3185 3936 3290 3992 illae
3321 3935 3552 4008 promis-

1957 4039 2140 4093 siones
2169 4035 2479 4092 dicerentur
2508 4046 2628 4104 qua:
2667 4031 2810 4087 nulla
2843 4039 3210 4104 supponerent
3239 4027 3416 4086 officia
3446 4026 3550 4084 sibi

1957 4144 2021 4185 ex
2049 4128 2270 4184 adversa
2301 4133 2454 4198 parte
2486 4123 2892 4195 reSpondentia.

2030 4220 2057 4291 §
2083 4219 2514 4289 23.—Sequitur
2544 4215 2701 4272 tertio
2721 4215 2810 4285 jus
2841 4213 2969 4270 illud
2998 4211 3170 4285 legale
3195 4227 3376 4279 omne,
3403 4209 3549 4284 quod

1958 4316 2102 4389 pacti
2133 4313 2398 4371 beneficio
2449 4310 2780 4376 obtinemus,
2812 4308 2879 4364 ad
2914 4307 3006 4363 Dei
3049 4307 3458 4379 promissiones,
3484 4320 3552 4360 cx

1959 4411 2123 4468 officii
2150 4409 2319 4465 nostri
2353 4406 2696 4479 praestatione
2724 4419 2846 4460 esse
2866 4401 3262 4459 deducendum.
3284 4400 3383 4456 Est
3408 4399 3550 4455 enim

1962 4507 2090 4564 illud
2115 4505 2354 4561 omnium
2409 4509 2686 4573 pactorum
2733 4512 3024 4556 commune
3055 4506 3112 4552 ut
3137 4511 3257 4567 quae
3286 4494 3554 4551 habentur

1963 4600 2016 4655 in
2045 4598 2153 4655 illis
2198 4593 2586 4668 promissiones
2616 4607 2696 4649 ea:
2742 4589 3126 4647 conditionata:
3158 4585 3551 4657 intelligantur,

1962 4707 2066 4749 nec
2107 4697 2265 4746 antea
2291 4687 2491 4744 debitae
2515 4701 2676 4757 quam
2726 4683 2980 4755 praestita:
3006 4680 3226 4744 fuerint,
3274 4694 3338 4734 ex
3385 4678 3554 4734 altera

258 4791 448 4848 cissim
477 4790 529 4845 in
556 4790 830 4862 proprium
879 4789 1213 4844 ascribamur
1250 4787 1548 4859 populum;
1579 4802 1677 4843 nec
1728 4787 1855 4844 illud
1878 4775 1936 4839 D
1962 4799 2134 4861 parte,
2178 4783 2596 4854 promissionum
2637 4777 3004 4835 conditiones.
3052 4773 3158 4831 Sed
3203 4773 3255 4828 in
3289 4771 3342 4829 id
3387 4787 3556 4844 genus

260 4883 453 4948 modo,
487 4883 582 4940 sed
626 4892 906 4939 externam
964 4898 1085 4939 esse
1138 4883 1278 4938 hanc
1324 4891 1563 4939 nostram
1593 4899 1714 4938 eum
1749 4883 1858 4938 Deo

256 4974 808 5041 conftederationem,
836 4975 906 5031 ita
929 4991 1124 5047 nempe
1150 4975 1574 5046 intelligendam,
1594 4985 1652 5030 ut
1675 4984 1855 5030 exter-

265 5085 400 5126 num
451 5069 669 5139 aliquod
724 5069 1021 5125 intercedat
1063 5069 1274 5124 unionis
1319 5069 1550 5139 politicte
1587 5068 1856 5124 vinculum

268 5172 387 5220 tam
410 5163 565 5220 nobis
596 5164 849 5229 invicem,
881 5179 1041 5235 quam
1069 5165 1181 5219 Deo
1218 5163 1378 5218 etiam
1407 5163 1685 5219 nobiscum
1712 5178 1860 5219 com-

263 5271 459 5326 mune,
489 5272 598 5328 quo
627 5272 726 5312 nos
752 5257 855 5328 ipsi
878 5256 1223 5327 profiteantur
1248 5257 1358 5312 Deo
1381 5255 1693 5320 foederatos,
1723 5256 1860 5311 etab

267 5349 393 5407 aliis
421 5349 587 5406 etiam
629 5348 874 5406 foederati
922 5364 1294 5420 agnoscamur,
1327 5349 1393 5405 ad
1423 5349 1669 5406 eumdem
1703 5350 1861 5421 plane

266 5441 494 5504 modum
521 5458 629 5516 quo
659 5453 714 5500 et
737 5441 900 5499 lsrael
923 5443 1216 5499 secundum
1234 5458 1452 5499 carnem
1477 5459 1576 5514 pro
1602 5441 1861 5499 foederato

273 5535 377 5594 Dei
410 5535 629 5606 populo,
659 5550 771 5608 prae
793 5534 1034 5593 universi
1066 5534 1213 5592 orbis
1242 5535 1517 5608 gentibus,
1543 5535 1670 5592 olim
1703 5543 1862 5606 pote-

268 5640 362 5691 rat
388 5631 606 5702 agnosci
650 5649 663 5685 :
698 5631 831 5700 haec,
875 5633 1113 5705 inquam,
1147 5634 1216 5688 ita
1248 5642 1372 5689 sunt
1416 5649 1480 5690 ex
1512 5632 1642 5689 Novi
1675 5632 1862 5689 Testa-

1961 4879 2136 4950 pactis
2162 4891 2306 4947 quae,
2337 4889 2404 4928 ex
2442 4871 2608 4927 altera
2641 4879 2813 4940 parte,
2841 4867 2956 4923 sola
2988 4864 3272 4921 includunt
3297 4863 3556 4920 beneficia

1961 4974 2081 5030 aliis
2111 4966 2439 5042 praestanda,
2469 4964 2618 5020 nulla
2665 4960 2905 5019 vicissim
2951 4959 3020 5016 ab
3072 4958 3194 5014 aliis
3223 4954 3551 5028 recipienda,

1960 5065 2138 5138 qualia
2169 5063 2277 5119 sint
2317 5069 2471 5132 pacta
2503 5071 2726 5115 necesse
2753 5062 2837 5111 est
2873 5067 2993 5125 quae
3023 5053 3133 5108 Deo
3169 5059 3294 5107 sunt
3321 5046 3551 5104 homini-

1961 5162 2172 5232 busque
2225 5155 2558 5219 communia,
2591 5165 2750 5209 nemo
2777 5157 2862 5207 est
2909 5147 3038 5219 quin
3069 5159 3279 5217 mquum
3323 5140 3556 5197 fateatur

1963 5253 2168 5309 nullum
2203 5265 2323 5306 esse
2349 5261 2513 5320 posse
2547 5246 2637 5318 jus
2663 5242 2730 5300 ad
2761 5239 3044 5307 beneﬁcia,
3081 5238 3135 5294 ni
3177 5232 3554 5306 praecesserint

1965 5344 2304 5401 conditiones
2333 5357 2397 5398 ex
2425 5340 2593 5395 altera
2625 5347 2774 5407 parte
2788 5329 3125 5405 praestanda»
3147 5325 3256 5383 Nos
3284 5334 3460 5380 tamen
3487 5321 3557 5380 de

1961 5439 2085 5512 jure
2111 5437 2267 5508 legali
2294 5435 2779 5506 imprmsentiarum
2800 5429 3028 5499 agimus,
3047 5436 3152 5478 non
3170 5419 3240 5475 de
3255 5419 3368 5475 sola
3391 5416 3556 5512 azquif

1965 5510 2097 5592 tate.
2123 5531 2189 5588 Et
2217 5539 2274 5584 ut
2302 5529 2527 5598 aequitas
2550 5525 2725 5595 aliqua
2764 5521 2994 5576 fortasse
3021 5528 3142 5570 esse
3171 5511 3360 5583 possit,
3385 5517 3444 5565 ut
3463 5510 3555 5580 qui

1964 5623 2332 5684 conditionem
2362 5619 2587 5691 implere
2604 5615 2858 5679 voluerit,
2887 5605 3210 5666 conditionis
3232 5603 3555 5661 beneficium

274 5694 450 5783 menti
480 5724 780 5781 ratiociniis
805 5694 1112 5794 manifesta,
1138 5734 1197 5782 ut
1240 5725 1436 5783 mirum
1461 5727 1532 5782 sit
1559 5741 1681 5784 esse
1703 5725 1866 5783 hodie
1968 5730 2375 5788 nonnumquam
2400 5713 2671 5782 impelle"
2703 5707 2829 5762 “cei
2864 5702 3009 5798 mam
3038 5697 3108 5756 de
3137 5697 3281 5798 “Et?
3311 5694 3552 5798 "0"?!“

271 5815 366 5887 qui
395 5815 464 5872 de
507 5827 690 5872 nostra
719 5818 1020 5876 assertione
1059 5819 1323 5876 dubitent.
1353 5819 1483 5876 llzec
1506 5823 1648 5876 enim
1671 5818 1716 5875 si
1739 5832 1865 5875 vera
1968 5809 2312 5886 impleverit,
2339 5822 2460 5863 cum
2504 5801 2653 5860 nulla
2679 5811 2776 5854 sua
2815 5793 2972 5866 culpa
3002 5788 3371 5887 aconditione
3391 5788 3554 5887 etiam

273 5879 634 5985 agnoscamus
656 5928 667 5963 :
691 5911 848 5983 plane
868 5913 1109 5986 sequitur
1124 5923 1348 5972 externa
1376 5930 1438 5973 ea
1461 5915 1721 5974 solemnia
1749 5915 1868 5994 qui-
1967 5879 2061 5968 de'
2079 5905 2221 5965 facto
2260 5896 2564 5978 praestanda
2596 5888 2920 5966 impeditur;
2947 5897 3003 5945 at
3025 5885 3192 5964 legali
3218 5881 3410 5960 saltent
3431 5879 3556 5954 jure
