3970 6302
475 340 543 410 6‘]
1466 339 1841 404 DODWELLI
1878 328 2334 407 DISSERTATIO
2372 338 2794 403 CYPRIANICA
3703 341 3786 413 68

476 481 666 529 carere
720 467 813 539 qui
872 463 1233 523 conditionem
1276 462 1345 520 de
1393 462 1536 519 facto
1578 480 1686 521 non
1734 462 2068 535 praestiterit,
2100 461 2149 527 A
2178 461 2300 518 bula
2327 462 2633 534 sponsoria,
2656 463 2832 535 ipsum
2848 461 3136 536 praeterea,
3160 473 3258 535 pro
3277 466 3464 519 mutuo
3480 462 3618 534 pacti
3630 463 3778 534 jure,

480 576 822 637 quocumque
855 559 1068 617 tandem
1113 572 1293 614 rerum
1326 567 1524 613 eventu
1572 556 1735 613 fuerit
1765 556 2073 626 impeditus,

482 664 567 711 cst
619 655 838 719 omnino
880 651 1258 709 certissimum.
1303 648 1362 705 In
1419 649 1525 707 illis
1575 648 1875 722 praesertim
1907 647 2078 719 pactis

482 745 656 803 adhuc
684 742 914 799 validius
942 742 1192 817 procedit
1217 750 1595 815 argumentum
1625 755 1856 812 quorum
1884 739 2075 799 condi-

484 842 658 899 tiones
698 853 804 905 non
851 845 980 897 sunt
1007 836 1350 897 conditiones
1390 836 1673 895 dumtaxat
1701 835 1769 895 ad
1799 834 2077 897 arbitrium

480 933 805 1009 imponentis
824 931 1117 1003 requisitte,
1137 930 1232 988 sed
1253 931 1413 993 etiam
1436 929 1818 1001 dispositiones
1837 944 1905 984 ex
1928 936 2080 999 parte

483 1026 711 1097 subjecti
742 1024 1090 1083 necessariae.
1123 1022 1258 1083 Cum
1291 1024 1469 1095 itaque
1512 1022 1717 1089 nullum
1748 1021 1907 1092 hujus
1936 1019 2080 1092 pacti

482 1119 750 1179 redundet
779 1119 835 1181 in
879 1119 1047 1179 Deum
1075 1117 1421 1185 beneﬁcium,
1455 1118 1698 1190 sequitur
1728 1129 2080 1188 quascumque

487 1216 629 1273 Deus
653 1230 683 1275 a
710 1213 867 1272 nobis
897 1214 1159 1293 postulat,
1188 1228 1252 1271 ea
1286 1211 1458 1270 nostri
1482 1226 1608 1269 esse
1633 1225 1793 1267 causa
1823 1223 2079 1267 necessa-

482 1310 584 1379 ria,
616 1318 674 1367 ut
723 1307 956 1380 proinde
985 1309 1039 1363 ni
1082 1306 1352 1379 postulata
1403 1315 1748 1377 praestemus,
1793 1305 1927 1374 ipsis
1954 1316 2079 1375 pro-

482 1405 796 1461 missionem
818 1401 1096 1459 beneficiis
1132 1399 1443 1459 obtinendis
1482 1400 1653 1472 inepti
1680 1398 1973 1458 reddamur
1998 1406 2081 1455 at-

485 1511 589 1567 que
618 1494 947 1565 indispositi.

559 1586 589 1661 ς
610 1587 983 1655 24.-ριωηο
1007 1586 1188 1659 itaque
1209 1593 1267 1647 ut
1286 1585 1649 1658 intelligamus
1678 1601 1796 1657 qua:
1823 1584 1978 1641 nobis
2005 1585 2081 1640 in-

486 1682 741 1740 cumbant
768 1682 819 1737 in
849 1680 955 1738 hoc
982 1681 1285 1755 baptismali
1317 1689 1472 1751 pacto
1501 1680 1842 1737 conditiones
1862 1694 1892 1737 a
1924 1677 2081 1737 nobis

486 1793 583 1849 pro
611 1785 793 1841 nostra
825 1776 963 1845 pacti
1005 1784 1159 1847 parte
1204 1772 1552 1846 praestandae,
1583 1771 1972 1829 attendendum
1999 1778 2080 1828 est

2181 554 2249 609 ad
2280 554 2585 625 prmstanda
2613 570 2675 610 ea
2705 570 2825 626 quae
2862 554 3126 628 symbolis
3156 565 3615 629 repraesentantur
3638 556 3783 613 obli-

2179 648 2383 718 gantia,
2411 662 2471 703 se
2489 662 2706 719 quoque
2735 656 2951 703 nostras
3003 647 3279 718 passiones
3310 663 3407 719 pro
3432 649 3547 715 suis
3569 648 3781 720 agnitu-

2182 753 2323 809 rum,
2354 748 2407 793 et
2439 754 2539 797 suo
2566 740 2781 806 merito,
2811 754 2909 801 sua
2956 739 3209 801 mercede
3239 748 3743 813 compensaturum.

2256 832 2284 903 §
2316 832 2409 887 26.
2440 863 2513 873 —-
2542 832 2607 889 Et
2634 847 2764 888 vero
2787 834 3211 903 accuratissime,
3239 848 3338 906 pro
3363 836 3573 895 Domini
3603 835 3785 897 nostri

2186 933 2371 981 mente
2393 934 2553 997 atque
2581 923 2862 998 principiis
2878 936 3190 998 conceptam
3211 925 3352 984 hanc
3375 943 3591 991 omnem
3610 926 3787 989 fuisse

2183 1022 2711 1092 argumentationem
2740 1021 2897 1083 facile
2922 1024 3198 1085 constabit
3222 1025 3269 1085 si
3298 1024 3512 1083 diversa
3536 1025 3786 1091 diversa-

2183 1128 2303 1169 rum
2348 1113 2752 1186 Scripturarum
2774 1125 2984 1172 asserta
3005 1116 3057 1172 in
3091 1131 3253 1173 unum
3282 1117 3600 1189 colligamus
3622 1118 3785 1195 quasi

2184 1205 2520 1263 fasciculum.
2548 1206 2950 1279 Repraesentari
3006 1210 3251 1281 inprimis
3281 1221 3522 1269 nostram
3564 1213 3620 1267 in
3648 1212 3786 1283 bapc

2184 1298 2344 1357 tismo
2370 1314 2492 1355 cum
2522 1299 2738 1357 Christo
2768 1302 3071 1372 passionem
3097 1312 3260 1375 atque
3285 1314 3541 1375 mortem,
3566 1320 3669 1369 nec
3690 1319 3788 1361 re-

2183 1392 2498 1462 praesentari
2515 1392 2696 1462 modo,
2714 1409 2897 1453 verum
2913 1396 3073 1452 etiam
3091 1396 3161 1453 ita
3178 1398 3641 1468 reprmsentarimt
3653 1413 3789 1463 cum

2183 1482 2382 1541 Christi
2414 1484 2665 1556 passione
2690 1496 2905 1545 nostras
2937 1489 3088 1545 uniat
3127 1489 3528 1562 quodammodo
3550 1501 3607 1555 et
3632 1508 3790 1557 com-

2183 1592 2374 1641 munes
2400 1579 2679 1655 utriusque
2708 1579 2891 1649 faciat,
2915 1592 3069 1641 sexto
3093 1584 3161 1640 ad
3191 1585 3464 1649 Romanos
3488 1588 3668 1659 capite
3685 1602 3789 1646 sa-

2184 1671 2255 1727 tis
2276 1682 2463 1744 apcrte
2484 1672 2643 1733 docet
2669 1676 2977 1747 Apostolus.
3010 1677 3183 1735 Unam
3207 1695 3329 1741 esse
3349 1690 3588 1741 nostram
3616 1682 3791 1741 Chri—

2186 1767 2365 1839 stique
2392 1770 2699 1839 passionem
2727 1785 2793 1825 ex
2826 1770 2931 1827 illis
2950 1772 3067 1841 ejus
3092 1773 3273 1831 verbis
3296 1784 3511 1835 constat
3539 1791 3554 1830 :
3585 1774 3787 1835 Hormi

483 1886 607 1941 qua:
635 1870 878 1943 symbolo
931 1869 1039 1929 sint
1067 1883 1106 1922 a‘
1125 1867 1293 1943 nobis,
1336 1868 1389 1922 in
1418 1867 1550 1939 ipsis
1581 1868 1721 1941 pacti
1751 1862 2084 1921 solemnibus
2112 1865 2162 1931 B
2189 1878 2366 1918 sumus
2394 1879 2511 1923 cum
2565 1864 2790 1932 Christo,
2820 1881 2871 1921 v.
2906 1866 2974 1934 8;
3014 1865 3168 1926 Vetus
3214 1870 3364 1927 homo
3415 1879 3587 1931 noster
3625 1872 3790 1928 simul

485 1942 815 2033 adhibenda,
837 1969 891 2017 et
916 1959 1043 2031 quid
1066 1960 1153 2015 illa
1177 1942 1442 2032 symbols,
1467 1974 1532 2015 ex
1564 1960 1684 2029 ipso
1718 1958 1809 2017 Dei
1835 1958 2082 2013 instituto

489 2055 809 2133 signiﬁcant,
842 2060 897 2111 et
924 2068 1023 2127 pro
1050 2051 1259 2123 legibus
1306 2050 1739 2122 signiﬁcationis,
1767 2050 2083 2123 symbolice:

486 2165 607 2221 qua:
633 2149 728 2205 illa
774 2148 965 2207 saltem
1018 2156 1178 2203 mtate
1205 2145 1478 2218 vigebant.
1507 2145 1638 2215 Quae
1664 2146 1810 2203 enim
1836 2145 2081 2214 symbola

487 2241 541 2303 in
572 2241 718 2314 pacti
746 2239 1086 2303 solemnibus
1115 2248 1444 2313 usurpentur
1473 2254 1536 2296 ea
1583 2256 1691 2307 non
1744 2239 2084 2313 signiﬁcandi

490 2336 769 2390 dumtaxat
797 2352 812 2401 ;
846 2334 942 2390 sed
969 2333 1244 2405 obligandi
1287 2335 1449 2401 etiam
1471 2336 1642 2406 gratia
1670 2335 1911 2397 instituta
1934 2343 2081 2399 sunt.

487 2427 559 2485 Ut
586 2429 733 2487 enim
759 2437 1106 2489 sacramenta
1126 2428 1329 2496 omnia,
1348 2429 1464 2485 sive
1489 2429 1767 2501 mysteria,
1797 2444 1895 2500 pro
1913 2429 2084 2485 sacris

487 2521 763 2579 hominum
786 2536 907 2581 cum
938 2521 1049 2576 Deo
1070 2520 1241 2593 pactis
1281 2519 1633 2590 intelligenda
1659 2527 1824 2590 sunt,
1857 2520 1928 2576 ita
1955 2528 2011 2577 et
2029 2519 2083 2576 id

484 2615 625 2675 sacri
655 2614 834 2673 omnis
873 2614 1183 2673 commercii
1210 2613 1503 2684 genuinum
1553 2623 1639 2670 est
1676 2622 1737 2669 ut
1779 2614 2083 2687 symbolice

484 2707 668 2779 potius
698 2720 858 2778 quam
892 2704 959 2761 ad
1010 2704 1242 2761 litteram
1270 2745 1286 2773 ,
1331 2703 1678 2775 intelligenda
1725 2704 1852 2777 sint,
1882 2718 1983 2760 nec
2010 2705 2082 2761 ita

488 2799 689 2871 verbis,
719 2814 881 2869 quam
912 2797 1099 2866 rebus,
1131 2812 1314 2854 rerum
1342 2805 1519 2857 tamen
1542 2798 1769 2853 aliarum
1796 2798 2079 2870 symbolis,

487 2891 663 2947 officia
692 2891 783 2947 illa
812 2899 1275 2963 repraesententur
1293 2906 1411 2962 quae
1432 2892 1663 2962 partium
1685 2891 1827 2948 inter
1848 2906 1911 2951 se
1932 2903 2081 2959 tran-

485 2986 771 3058 sigentium
800 2985 1065 3042 habentur
1090 2984 1429 3058 obligatoria.
1459 2984 1589 3055 Quae
1615 2987 1797 3057 itaque
1821 2985 2083 3060 symbolis

485 3079 894 3152 baptismalibus
910 3079 1358 3152 signiﬁcanturea
1371 3093 1474 3134 nos
1484 3078 1755 3151 spondere
1770 3094 1802 3134 a
1814 3079 1973 3145 nobis
1985 3078 2080 3137 de-

484 3171 609 3227 inde
633 3170 937 3245 prsestanda
957 3169 1154 3233 virtute
1168 3172 1308 3243 pacti
1323 3170 1664 3241 baptismatis
1680 3172 2077 3243 existimamur,

2185 1955 2464 2027 cruciﬁxus
2491 1969 2585 2027 est,
2627 1973 2684 2013 v.
2718 1958 2772 2017 ϋ.
2804 1956 3103 2032 Couseputti
3154 1977 3328 2023 sumus
3376 1981 3493 2023 cum
3536 1981 3616 2034 eo,
3646 1965 3787 2024 v.4.

2187 2050 2255 2106 Et
2277 2050 2494 2122 quidem
2528 2054 3010 2124 repraesentatione
3034 2054 3265 2127 quadam
3293 2056 3363 2114 ad
3406 2058 3588 2117 vivum
3614 2065 3789 2117 totam

2186 2144 2327 2202 hanc
2349 2146 2573 2219 transigi
2606 2148 2865 2205 unionem
2894 2149 2985 2205 illa
3006 2150 3204 2209 innunt
3227 2170 3241 2208 :
3264 2148 3619 2225 Complatuoti
3655 2154 3792 2227 facti

2185 2255 2359 2301 sumus
2407 2240 2731 2301 similitudini
2759 2243 2937 2304 mortis
2982 2245 3115 2315 ejus,
3155 2259 3211 2301 v.
3240 2246 3295 2302 5.
3325 2244 3436 2305 Nec
3480 2246 3590 2305 alio
3615 2262 3786 2321 quam

2186 2330 2441 2403 baptismi
2466 2331 2651 2393 ofﬁcio
2683 2351 2700 2390 :
2729 2334 2810 2393 An
2857 2336 3106 2407 ignoratis
3133 2339 3255 2409 quia
3278 2339 3583 2413 quicumque
3609 2341 3789 2412 bapti-

2185 2423 2288 2483 ιαιὶ
2316 2440 2492 2483 sumus
2516 2425 2571 2481 in
2598 2423 2807 2483 Christo
2829 2425 2977 2495 Iesu,
3004 2429 3059 2485 in
3102 2440 3266 2493 morte
3316 2432 3480 2503 ipsius
3532 2432 3789 2505 baptismi

2185 2528 2361 2575 sumus
2377 2518 2401 2572 ?
2418 2517 2713 2590 ϐοηθερυίιὶ
2735 2520 2871 2579 enim
2900 2539 3076 2579 sumus
3100 2540 3217 2583 cum
3243 2525 3335 2581 illo
3356 2543 3448 2598 per
3473 2527 3791 2599 baptismum

2186 2608 2240 2664 in
2284 2619 2516 2679 mortem,
2547 2627 2600 2666 v.
2630 2613 2684 2677 5,
2714 2613 2769 2669 4.
2816 2612 3000 2686 Neque
3052 2631 3181 2675 vero
3230 2619 3358 2677 unio
3385 2620 3501 2675 sola
3528 2630 3584 2677 et
3630 2636 3788 2679 mera

2187 2701 2307 2761 haec
2332 2701 2584 2763 habenda
2625 2714 2731 2771 est,
2759 2715 2814 2762 et
2837 2723 2958 2777 quae
2996 2716 3108 2765 tota
3137 2710 3189 2767 in
3217 2711 3495 2769 hominum
3516 2715 3788 2786 imagina-

2187 2798 2333 2856 tione
2360 2806 2519 2871 atque
2546 2800 2907 2865 aestimatione
2946 2806 3237 2862 constituta
3266 2816 3371 2863 est.
3394 2807 3526 2866 Eant
3546 2808 3788 2868 diximus

2185 2894 2411 2966 symboli
2438 2895 2710 2964 sponsorii
2749 2912 2872 2955 esse
2899 2906 3146 2955 naturam
3178 2908 3237 2956 ut
3266 2915 3371 2957 una
3404 2901 3601 2959 inierat
3630 2902 3787 2975 lega-

2184 2985 2289 3042 lem
2314 2986 2602 3057 quamdam
2629 2987 3017 3059 obligationem
3064 3006 3168 3061 qua
3201 3001 3384 3063 partes
3427 2994 3570 3052 inter
3593 3010 3654 3052 se
3680 3011 3789 3067 pag

2184 3076 2451 3135 ciscentes
2470 3088 2735 3150 praestare
2763 3079 2819 3137 id
2852 3089 3104 3157 tenentur
3122 3084 3267 3154 quod
3294 3087 3555 3158 symbolis
3575 3104 3790 3162 reprae-

2186 3172 2475 3228 sentarint.
2505 3172 2634 3231 Inde
2664 3173 2722 3229 ﬁt
2748 3184 2828 3242 ut,
2854 3176 2999 3246 quod
3020 3178 3136 3235 sola
3158 3179 3506 3239 similitudine
3529 3183 3645 3240 fieri
3669 3199 3788 3243 non

484 3279 593 3321 caa
618 3264 776 3323 nobis
804 3264 1047 3341 praestita
1067 3264 1157 3339 jus
1186 3263 1314 3319 inde
1335 3262 1491 3321 nobis
1516 3262 1716 3327 faciunt
1743 3274 1800 3318 ut
1818 3265 2080 3334 promissa
2107 3265 2152 3330 C
2186 3266 2378 3336 potuit,
2410 3264 2566 3323 nobis
2593 3276 2769 3327 tamen
2797 3282 2864 3323 ex
2910 3267 3012 3331 hac
3038 3269 3153 3340 ipsa
3179 3276 3655 3342 reprmsentatione
3689 3275 3790 3347 jus

483 3356 665 3415 divina
714 3355 961 3427 ejusdem
989 3352 1137 3431 pacti
1166 3354 1467 3427 evangelici
1494 3355 1695 3415 virtute
1723 3355 2077 3425 vindicamus,
2112 3373 2127 3382 ‘

480 3464 505 3519 ε.
554 3448 588 3521 §
618 3447 711 3507 25.
736 3477 809 3488 —
828 3447 1028 3518 Quinto
1052 3447 1109 3502 in
1136 3446 1396 3520 symbolis
1417 3446 1669 3519 baptismi
1702 3447 1875 3505 nostri
1900 3463 2082 3515 sacra-

484 3533 735 3592 mentalis
757 3531 1119 3600 solemnibus,
1149 3546 1256 3587 non
1285 3545 1439 3602 aqua:
1464 3530 1633 3587 solius
1658 3531 1956 3603 baptismus
1981 3533 2080 3595 de-

484 3635 722 3694 notatur,
748 3624 846 3689 sed
879 3626 1049 3700 etiam
1074 3622 1164 3681 ille
1193 3624 1495 3696 sanguinis,
1542 3640 1729 3683 verum
1762 3627 1833 3693 ita
1859 3625 2080 3683 denote-

484 3730 575 3776 tur
600 3727 658 3775 ut
672 3732 782 3774 uno
801 3717 1105 3789 eodemque
1127 3716 1397 3788 symbolo,
1416 3732 1524 3773 uno
1540 3715 1838 3789 eodemque
1857 3717 2081 3781 denote-

491 3825 576 3870 tnr
605 3814 897 3882 elemento,
923 3820 982 3869 ut
1009 3812 1236 3885 proinde
1260 3812 1329 3869 ad
1356 3828 1543 3881 unum,
1560 3822 1619 3873 ut
1642 3813 1901 3881 diximus,
1925 3830 2078 3875 eum-

482 3908 718 3983 demque
747 3906 1074 3978 baptismum
1102 3907 1373 3978 pertinere
1400 3906 1788 3979 intelligantur.
1817 3908 1888 3965 Ut
1912 3910 2077 3981 enim,

482 4018 607 4060 cum
632 4017 772 4077 aqua
823 4000 1133 4070 adhibetur,
1180 4008 1524 4072 peccatorum
1572 4000 1936 4058 desertioncm
1965 4003 2081 4073 pol-

2144 3400 2149 3419 ,
2185 3358 2455 3431 quoddam
2510 3358 2577 3420 ad
2627 3376 2743 3425 rem
2790 3362 2961 3432 ipsam
3011 3367 3293 3457 proveniat
3313 3410 3330 3437 ,
3370 3384 3478 3441 quo
3526 3373 3789 3431 unionem

2183 3452 2355 3523 ipsam
2405 3454 2672 3519 internum
2722 3464 2781 3513 et
2832 3452 3113 3529 mysticam
3158 3460 3428 3523 vindicare
3456 3480 3782 3538 possumus,

2183 3547 2406 3617 ejusque
2435 3547 2718 3605 beneﬁcia.
2748 3550 2827 3606 Eo
2874 3550 2994 3621 ipso
3025 3553 3288 3624 principio
3315 3557 3558 3615 nituntur
3604 3560 3659 3615 id
3686 3575 3792 3632 ge.

2182 3656 2285 3696 nus
2314 3641 2593 3709 ratiocinia
2626 3658 2641 3696 :
2672 3642 2736 3699 Si
2748 3644 2887 3703 enim
2913 3645 3250 3716 contplantati
3276 3652 3401 3721 [acti
3426 3667 3604 3708 sumus
3628 3654 3787 3709 simi-

2184 3733 2389 3792 litudini
2443 3735 2623 3791 mortis
2650 3735 2806 3805 ejus;
2852 3738 3006 3797 sintut
3060 3749 3107 3799 et
3158 3744 3544 3805 resurrectionis
3588 3745 3788 3804 erimus

2182 3841 2232 3882 v.
2267 3828 2300 3883 5
2331 3843 2346 3895 ;
2377 3828 2423 3883 si
2456 3839 2626 3887 autem
2656 3831 2844 3887 mortui
2886 3848 3065 3895 sumus
3108 3851 3224 3893 cum
3262 3834 3494 3905 Christo,
3520 3839 3788 3898 credimus

2178 3921 2301 3994 quia
2326 3922 2480 3985 simul
2501 3923 2655 3981 etiam
2683 3917 2907 3981 vivemus
2927 3943 3044 3983 sunt
3065 3925 3293 3997 Christo,
3317 3948 3371 3992 v.
3404 3933 3461 3989 ϐ.
3493 3932 3604 3990 Nec
3631 3934 3786 3993 enim

2183 4013 2252 4070 de
2273 4014 2377 4070 alia
2406 4026 2581 4075 morte
2608 4016 2696 4073 hic
2718 4018 2804 4089 agi
2842 4035 3004 4091 quam
3036 4023 3212 4094 typica
3242 4023 3343 4082 hac
3370 4035 3533 4098 atque
3548 4026 3787 4099 symbo-

489 4094 738 4159 licemur,
761 4091 1108 4163 futuramque
1133 4091 1259 4148 vita:
1279 4092 1691 4151 sanctimoniam
1710 4109 1828 4164 qua:
1856 4103 2081 4153 externo
2184 4108 2286 4166 ιίοε
2340 4109 2393 4167 in
2445 4110 2715 4181 baptismo
2760 4091 3146 4184 ,epmse,,,,;,
3173 4117 3283 4188 iam
3315 4091 3673 4179 οςιθδάίωξιε,
3697 4122 3780 4181 Ε.

484 4200 640 4258 aquae
685 4184 934 4287 symbolo
971 4184 1102 4239 satis
1131 4192 1271 4287 θρξε.
1293 4193 1748 4287 ι’ςνῐαξεεωίξιυνε
1778 4185 1849 4240 ila
1871 4202 1994 4287 ειξιη
2025 4187 2080 4242 in
2178 4209 2360 4257 morte
2403 4204 2700 4276 symbolica
2724 4208 3014 4265 constabat
3036 4209 3146 4280 jam
3173 4184 3458 4271 defunctos
3494 4230 3616 4273 esse
3637 4215 3785 4287 apud

483 4292 677 4348 aquam
700 4276 1078 4334 descendimus
1100 4276 1407 4378 etyicissitn
1435 4292 1501 4333 ex
1526 4276 1713 4378 eadem
1731 4280 2077 4351 emergimus,
2181 4309 2319 4365 quos
2342 4295 2411 4352 ita
2433 4308 2841 4369 argumentatur
2863 4276 3158 4373 Αροειὸιυε
3182 4306 3274 4378 qui
3301 4308 3494 4369 morus
3521 4276 3783 4367 ηίωῑιῖιιω

482 4369 683 4431 Christi
734 4377 990 4437 mortem,
1022 4367 1356 4440 sepulturam
1401 4370 1965 4443 resurrectionemque
1986 4389 2079 4430 re-

2184 4388 2443 4456 symbolis
2470 4367 2523 4445 in
2573 4390 2843 4463 baptismo
2896 4367 2977 4451 usi
3022 4367 3259 4454 fuerant.
3288 4367 3419 4458 inde
3444 4408 3784 4472 tamquame

480 4471 893 4537 praesentamtts,
922 4478 1129 4536 nosque
1156 4461 1318 4567 etiam
1359 4462 1695 4567 nspondemus
1733 4464 1925 4521 horum
1955 4481 2073 4567 οξξ-
2182 4481 2447 4554 principio
2476 4461 2689 4542 notoria
2728 4487 2964 4557 legitima
3010 4491 3338 4563 procedebat
3382 4461 3783 4567 argumentatio

481 4560 629 4616 nium
659 4558 968 4631 participeS,
994 4564 1210 4630 paratos
1226 4556 1494 4659 inii-mirum
1527 4568 1584 4615 ιιι
1612 4574 1964 4659 dumcumque
1992 4560 2080 4617 me
2184 4573 2231 4629 si
2252 4582 2307 4630 et
2330 4574 2460 4631 illud
2488 4556 2955 4651 subintelligamus
2975 4556 3217 4654 symbols
3234 4586 3372 4645 inter
3397 4556 3782 4659 paciscendum

479 4653 636 4711 nobis
662 4653 973 4722 immiserit,
994 4668 1055 4711 ea
1081 4666 1203 4716 nos,
1223 4650 1370 4708 illius
1386 4667 1545 4708 causa
1561 4653 1626 4709 ad
1652 4664 1881 4716 mortem
1913 4672 2080 4729 usque
2102 4665 2158 4728 1)
2186 4679 2438 4738 usurpata
2469 4684 2591 4726 esse
2635 4672 2796 4727 etiam
2826 4683 2882 4729 et
2922 4650 3037 4745 ipsa
3083 4650 3540 4748 sponsoria.-Nec
3563 4682 3687 4751 alia,
3720 4688 3788 4742 ut

482 4747 825 4805 toleraturos.
856 4746 1065 4803 Eodem
1095 4744 1366 4819 symbolo,
1397 4760 1500 4816 qua
1538 4744 1813 4803 Christum
1834 4750 2074 4820 respicit,

480 4838 833 4909 intelligimus
855 4838 1133 4895 Christum
1164 4839 1268 4895 sibi
1296 4840 1581 4912 passiones
1608 4852 1821 4898 nostras
1848 4843 2079 4914 imputa-

481 4940 684 4997 turum,
700 4940 755 4986 et
782 4945 946 5002 quam
972 4930 1280 4987 mercedem
1312 4931 1428 5002 ipse
1451 4945 1483 4986 a
1512 4931 1697 5001 Patre,
1714 4948 1811 5005 pro
1831 4948 1931 4991 suo
1955 4950 2075 4990 cum

480 5027 641 5089 Patre
679 5024 885 5082 foedere
912 5022 1171 5092 vindicat,
1199 5024 1387 5092 eadem
1428 5036 1641 5084 nostras
1686 5043 1900 5101 quoque
1950 5044 2077 5103 pas-

475 5120 665 5179 siones
690 5132 816 5175 esse
848 5124 1345 5179 remuneraturum.
1381 5116 1455 5173 Ita
1508 5120 1776 5187 constabit
1824 5135 1932 5192 quo
1954 5122 2076 5194 jure

477 5211 579 5270 sibi
630 5210 888 5284 baptismi
934 5225 1130 5277 nomen
1183 5210 1458 5268 vindicent
1504 5223 1706 5269 nostra:
1750 5214 2073 5289 passiones,

478 5324 599 5369 cum
631 5307 698 5367 ad
723 5307 897 5380 ipsam
932 5305 1188 5380 baptismi
1220 5308 1627 5373 sacramentalis
1653 5309 1915 5367 rationem
1946 5326 2072 5382 spe-

478 5409 622 5461 etent
637 5398 1141 5463 consummandam.
1158 5397 1614 5456 Constabitetiam
1641 5416 1747 5471 quo
1771 5416 1933 5472 porro
1952 5401 2074 5475 jure

479 5496 720 5567 ejusdem
750 5495 855 5553 sibi
909 5492 1187 5551 vindicent
1220 5492 1471 5564 baptismi
1503 5492 1785 5562 beneﬁcia,
1813 5510 1934 5561 cum
1968 5496 2074 5563 illis

458 5586 638 5645 setiam
692 5586 954 5657 symbolis
988 5595 1446 5658 repraesententur
1474 5600 1595 5657 qum
1626 5601 1655 5639 a
1684 5586 1798 5643 Deo
1830 5586 2071 5655 instituta

476 5690 624 5747 sunt,
656 5689 712 5739 et
736 5694 857 5753 qua:
883 5678 989 5737 hoc
1022 5680 1141 5755 ipso
1160 5679 1397 5737 consilio
1420 5680 1666 5736 instituta
1689 5690 1821 5747 sunt
1852 5691 1910 5761 ut
1944 5697 2072 5763 pas-

474 5777 655 5833 siones
679 5783 893 5832 nostras
912 5782 1307 5843 repraesentem
1332 5782 1494 5846 atque
1516 5774 1840 5846 spondeam,
1854 5785 1925 5845 et
1944 5792 2072 5850 quas

473 5869 568 5928 Dei
614 5867 781 5927 etiam
829 5865 1110 5929 nobiscum
1141 5866 1464 5939 paciscentis
1517 5877 1644 5931 sunt
1669 5884 1884 5944 quoque
1925 5884 2071 5946 εγω.

2180 4761 2455 4833 existimo,
2480 4762 2769 4836 hypotbesi
2810 4766 2941 4823 illud
2967 4769 3157 4825 nititur
3175 4772 3338 4828 etiam
3368 4773 3613 4845 ejusdem
3633 4775 3787 4845 Apo-

2179 4855 2325 4922 stoli,
2357 4857 2467 4913 alio
2494 4867 2669 4915 tamen
2718 4859 2772 4913 in
2803 4860 2923 4917 loco
2950 4863 3288 4921 ratiocinium
3315 4882 3329 4919 :
3356 4865 3550 4939 Igitur,
3578 4868 3623 4925 si
3654 4882 3788 4924 con-

2180 4948 2493 5019 surrexistis,
2522 4950 2715 5022 inquit,
2738 4968 2855 5008 cum
2879 4953 3105 5022 Christo,
3133 4973 3247 5028 qua:
3265 4975 3468 5015 sursum
3491 4967 3608 5019 sunt
3634 4974 3787 5029 quc-

2179 5041 2294 5111 rite,
2327 5050 2430 5098 etc.
2459 5040 2598 5113 (Col.
2624 5059 2702 5111 ttt,
2737 5045 2814 5116 1).
2840 5043 3157 5116 Mortiﬁcate
3185 5065 3304 5122 ergo
3330 5054 3555 5107 membra
3580 5060 3777 5121 uestra,

2179 5141 2284 5190 etc.
2315 5135 2392 5209 (ν.
2417 5134 2497 5208 5).
2519 5136 2673 5203 Quod
2697 5137 2818 5193 illos
2834 5138 2945 5208 jam
2972 5151 3239 5213 supponat
3254 5146 3677 5212 consurrexisse,
3700 5145 3777 5207 ad

2177 5225 2310 5283 illud
2336 5226 2526 5284 referri
2558 5243 2665 5284 non
2715 5241 2896 5301 potest
2924 5247 3083 5302 quam
3125 5233 3191 5289 ad
3223 5236 3579 5305 emersionesn
3618 5238 3783 5299 illam

2180 5336 2249 5377 ex
2303 5335 2440 5393 aqua
2467 5322 2773 5394 baptismali
2801 5341 2922 5397 quae
2966 5329 3384 5393 resurrectionis
3409 5343 3529 5395 erat
3548 5332 3778 5405 cymba.

2179 5414 2316 5482 lum,
2349 5423 2408 5477 ut
2426 5414 2693 5485 nimirum
2726 5419 2926 5483 torensi
2954 5431 3234 5492 pactorum
3255 5424 3513 5501 idiomate
3538 5434 3666 5485 tunc
3687 5441 3783 5493 ne.-

2176 5507 2480 5571 surrexisse
2533 5509 2974 5575 existimarentur
3002 5530 3127 5573 cum
3158 5530 3485 5588 usurparent
3529 5534 3780 5580 resurre-

2175 5598 2371 5655 ctionis
2417 5601 2744 5674 symbolum.
2782 5605 2912 5663 Inde
2939 5618 3084 5665 recte
3137 5609 3341 5683 colligit
3368 5611 3780 5675 Colossensium

2176 5689 2379 5761 ofﬁcia,
2410 5707 2473 5750 ea
2501 5695 2662 5753 modo
2700 5708 3074 5770 supponantur
3115 5716 3237 5773 quae
3276 5702 3387 5774 jam
3438 5705 3777 5767 ostendimus

2176 5788 2484 5847 necessario
2512 5804 2634 5848 esse
2681 5793 3053 5866 supponenda.
3087 5794 3220 5855 Cum
3267 5799 3412 5861 enim
3456 5801 3649 5859 mortis
3677 5800 3777 5862 illo

2174 5878 2439 5955 symbolo,
2468 5878 2816 5945 immersione
2857 5885 3135 5958 nimirum,
3156 5890 3491 5963 sponderent
3514 5908 3573 5953 se
3598 5908 3774 5953 mem-
