4018 6290
163 362 238 424 es
1164 366 1284 442 gon
1322 369 1645 434 secusne
1664 364 2051 435 murram
2089 362 2450 439 ntrrtsuo.
3392 384 3463 451 το

156 483 381 541 brorum
408 499 630 544 suorum
656 487 1122 547 mortiﬁcationem
1140 500 1461 559 curaturos;
1495 501 1550 549 et
1574 507 1758 548 resnr-
1783 490 1839 553 Α
1865 493 2095 562 probare
2115 511 2368 569 umquam
2395 504 2652 570 poterunt
2673 499 2762 571 qui
2790 499 2994 558 nullam
3022 501 3123 560 nisi
3150 519 3214 561 ex
3237 503 3455 567 disertis

159 578 422 635 rectionis
441 581 688 651 symbolo
715 581 768 638 id
783 598 999 655 quoque
1014 584 1451 656 spopondissent,
1470 584 1536 640 ad
1562 599 1762 640 novam

160 684 224 725 se
250 671 637 745 caelestemque
656 673 820 729 vitam
846 689 970 732 esse
991 685 1396 733 resurrecturos
1424 693 1437 729 :
1461 675 1587 732 inde
1606 690 1764 732 nemo

161 776 275 818 non
306 763 450 820 videt
471 779 631 836 quam
656 765 749 822 ille
790 767 962 824 solide
990 768 1387 841 prudenterque
1414 778 1763 841 argumente-

162 865 278 923 tur,
308 872 433 914 cum
457 873 488 915 e
511 868 670 930 pacto
696 862 1075 932 promissoque
1120 863 1240 920 illos
1283 864 1528 921 hortatur
1551 879 1621 921 ne
1647 864 1765 921 oili-

160 950 254 1006 cio
299 949 570 1017 deessent,
600 950 832 1010 ﬁdemve
862 953 1129 1011 fallerent.
1180 955 1412 1013 lnﬁrmae
1441 965 1619 1014 autem
1668 955 1764 1013 ad-

162 1041 387 1099 modum
415 1051 473 1099 et
496 1043 695 1114 jejunae
718 1045 899 1102 forent
920 1047 977 1103 id
1001 1063 1172 1119 genus
1196 1050 1433 1120 sequelze
1452 1050 1499 1105 si
1522 1065 1591 1106 ex
1618 1050 1763 1106 inani

160 1135 354 1192 mortis
380 1138 905 1212 resurrectionisque
933 1141 1185 1213 symbolo
1231 1143 1298 1199 ad
1330 1144 1613 1216 mysticam
1638 1144 1766 1202 illos

160 1238 398 1286 mortem
419 1233 982 1307 resurrectionemque
1006 1236 1336 1294 hortaretur.

240 1324 271 1395 ς
305 1322 559 1383 2‘1.—-lta
589 1326 843 1383 nimirum
860 1337 1075 1385 constat
1099 1329 1167 1386 de
1184 1328 1349 1399 facto,
1375 1344 1444 1385 ex
1469 1329 1585 1402 ipsa
1603 1330 1765 1402 aquei

161 1417 423 1491 baptismi
476 1422 811 1479 institutione
858 1422 1186 1494 baptismum
1223 1423 1500 1495 sanguinis
1551 1424 1765 1481 excludi

161 1527 277 1569 non
319 1529 501 1586 posse,
529 1531 632 1572 nec
663 1516 841 1573 etiam
870 1531 902 1572 e
938 1517 1078 1588 pacti
1106 1515 1438 1590 baptismalis
1480 1516 1763 1575 beneﬁcio.

162 1610 223 1669 Si
255 1627 420 1684 porro
452 1612 579 1670 {acti
608 1614 872 1671 rationem
900 1615 1216 1686 quaerimus,
1252 1632 1313 1674 ea
1358 1625 1461 1683 est,
1493 1615 1549 1672 ni
1576 1616 1754 1684 fallor,

164 1704 328 1762 altius
346 1722 378 1762 e
397 1705 610 1763 duobus
630 1708 928 1778 praesertim
950 1710 1224 1781 principiis
1243 1709 1557 1766 deducenda
1583 1728 1597 1765 ε
1622 1709 1766 1782 quod

165 1800 382 1857 scilicet
401 1801 605 1857 Christi
629 1816 776 1858 mors
794 1817 860 1858 ea
888 1803 958 1859 sit
978 1803 1149 1860 beatae
1178 1804 1592 1861 resurrectionis
1623 1819 1766 1860 mer-

1868 584 2268 656 Scripturarum
2300 591 2624 648 testimoniis
2643 593 3014 663 probationem
3046 595 3352 654 admittunt.

1941 679 2297 752 §28.—iiuic
2322 684 2500 754 itaque
2529 684 2736 742 caelesti
2756 695 2912 757 pacto
2937 689 3043 744 duo
3062 689 3153 745 illa
3178 692 3464 752 tribuenda

1868 785 2026 832 erant
2054 795 2068 832 :
2100 777 2274 848 primo
2302 788 2359 834 ut
2405 778 2527 850 jure
2553 780 2714 836 etiam
2744 780 2903 853 legali
2932 782 3149 841 Christo
3178 787 3460 856 praemium

1867 881 1966 937 pro
1993 867 2105 923 suis
2145 870 2351 925 meritis
2389 869 2712 937 deberetur;
2735 873 2975 929 secundo
3002 876 3163 932 etiam
3193 887 3251 933 ut
3276 877 3464 936 ﬁdeles

1868 959 2100 1014 universi
2131 976 2289 1015 unam
2320 961 2374 1017 in
2395 961 2512 1035 lege
2530 978 2654 1019 cum
2694 963 2912 1021 Christo
2937 980 3225 1039 personam
3264 972 3465 1027 consti-

1868 1057 2103 1106 tuerent.
2138 1049 2251 1107 Nec
2298 1054 2442 1107 enim
2494 1052 2562 1108 de
2605 1056 2813 1110 utrovis
2855 1054 3048 1112 horum
3098 1059 3379 1132 quicquam
3408 1061 3463 1119 in

1868 1143 2111 1200 terrestri
2156 1155 2315 1214 pacto
2350 1154 2566 1202 cautum
2595 1146 2846 1218 legimus.
2878 1148 3126 1206 Nondum
3183 1164 3361 1211 tamen
3392 1154 3463 1211 ad

1867 1236 2111 1309 singulos
2143 1237 2389 1295 homines
2433 1239 2709 1296 descendit
2736 1242 2844 1297 hoc
2888 1250 3125 1313 pactum,
3148 1254 3207 1300 ut
3234 1246 3465 1318 intelligi

1868 1330 2040 1400 possit
2071 1329 2288 1401 quinam
2332 1330 2400 1386 ad
2445 1330 2584 1388 hanc
2627 1333 2899 1403 politicam
2938 1333 3140 1390 Christi
3170 1351 3464 1406 personam

1868 1420 2115 1478 homines
2140 1422 2441 1492 pertineant
2460 1432 2518 1478 ut
2538 1424 2639 1479 sibi
2662 1426 2868 1496 possint
2889 1425 3037 1482 illius
3058 1427 3295 1484 caelestis
3320 1429 3464 1500 pacti

1868 1512 2130 1569 beneﬁcia
2160 1513 2455 1570 vindicare.
2489 1515 2723 1572 Proinde
2754 1525 2955 1586 praeter
2992 1517 3099 1574 hoc
3136 1518 3315 1575 Patris
3339 1535 3466 1577 cum

1869 1605 2083 1663 Christo
2108 1607 2331 1665 caeleste
2360 1618 2611 1680 paetum;
2642 1610 2789 1667 aliud
2816 1621 3077 1683 praeterea
3099 1615 3465 1674 necessarium

1869 1708 2004 1765 erat,
2044 1696 2245 1756 Christi
2289 1714 2415 1756 cum
2451 1701 2860 1771 hominibus,et
2907 1706 3127 1777 quidem
3179 1721 3277 1778 pro
3300 1717 3464 1779 captu

1869 1788 2106 1845 humano
2130 1800 2438 1857 externum.
2486 1795 2832 1867 externisque
2879 1797 3141 1870 symbolis
3177 1798 3464 1855 celebran-

166 1892 302 1949 cede
332 1891 645 1949 coronanda
671 1909 687 1960 ;
719 1893 865 1962 quod
914 1895 1078 1951 etiam
1130 1895 1265 1951 illud
1291 1896 1359 1951 sit
1396 1897 1450 1950 in
1481 1895 1766 1967 praecipuis

1876 1881 2094 1947 dum,ut
2116 1892 2332 1939 constet
2351 1886 2566 1956 quinam
2590 1886 2671 1942 illi
2694 1889 2805 1944 sint
2824 1889 2915 1960 qui
2943 1906 2971 1943 a
2995 1887 3212 1947 Christo
3235 1906 3335 1963 pro
3355 1894 3470 1948 suis

166 1985 420 2057 baptismi
448 1985 727 2043 beneﬁciis
746 1986 1140 2043 numerandum
1162 1996 1221 2043 ut
1240 1988 1494 2044 nimirum
1514 1988 1767 2058 baptismi

165 2078 368 2134 virtute
410 2078 542 2135 illud
567 2093 961 2151 consequamur
988 2091 1047 2137 ut
1067 2090 1254 2138 nostra
1284 2096 1497 2153 quoque
1526 2097 1672 2138 mors
1692 2083 1768 2138 sit

168 2170 388 2228 Christo
412 2172 748 2244 imputanda.
771 2172 927 2241 Quod
948 2172 1192 2242 Christo,
1221 2189 1289 2232 eo
1314 2174 1434 2246 ipso
1464 2174 1653 2231 mortis
1668 2189 1769 2231 no-

168 2265 340 2333 mine,
379 2280 444 2322 ea
473 2264 785 2335 deberetur,
812 2281 973 2338 quam
1023 2267 1153 2334 dixi,
1182 2266 1596 2324 resurrectionis
1624 2280 1769 2323 mer-

102 2362 111 2367 ’
167 2371 283 2424 ces,
318 2372 350 2413 e
374 2356 558 2414 Veteri
608 2374 822 2431 quoque
848 2358 1197 2417 Testamento
1244 2359 1357 2430 jam
1402 2359 1653 2431 superius
1677 2373 1772 2415 os-

171 2450 466 2508 tendimus.
492 2451 572 2505 Ex
602 2450 698 2507 illo
743 2452 995 2508 nimirum
1030 2452 1319 2525 antiquiori
1363 2461 1522 2524 pasto
1566 2467 1674 2524 quo
1700 2452 1771 2509 de

172 2553 292 2600 toto
307 2544 692 2615 redemptionis
717 2546 932 2616 negotio
957 2545 1447 2617 incarnationiqu
1470 2560 1593 2601 cum
1611 2544 1770 2603 Patre

171 2637 456 2707 transegit.
498 2635 660 2704 Quod
710 2637 858 2693 enim
892 2637 1093 2693 Christi
1120 2638 1471 2705 resurrectio,
1502 2654 1610 2692 non
1662 2647 1767 2693 tam

168 2727 409 2799 propriae
434 2728 549 2800 ejus
572 2737 628 2784 et
655 2729 849 2785 nativae
877 2729 1099 2796 Deitati,
1125 2745 1286 2801 quam
1310 2730 1457 2785 l’atri
1484 2729 1768 2798 tribuitur;

169 2819 320 2891 quod
349 2822 513 2876 etiam
556 2822 716 2876 Pater
756 2834 866 2876 non
894 2820 1092 2889 .Patris
1132 2828 1312 2877 tamen
1353 2821 1406 2876 in
1450 2820 1558 2878 hac
1606 2835 1771 2877 causa

167 2926 463 2985 personam
513 2913 707 2985 egerit,
748 2913 843 2970 sed
895 2913 1135 2983 iudicis;
1187 2928 1287 2971 nec
1332 2929 1449 2970 suae
1497 2915 1551 2970 in
1594 2914 1771 2972 ﬁlium

170 3018 403 3083 στοργῆς
428 3009 691 3064 rationem
713 3005 985 3076 habuerit,
1009 3007 1106 3064 sed
1124 3006 1329 3064 Christi
1359 3010 1540 3079 potius
1569 3008 1621 3063 in
1653 3023 1775 3079 pas-

169 3100 332 3157 sione
369 3098 549 3157 meriti
580 3119 597 3157 :
623 3100 766 3171 quod
797 3100 962 3157 etiam
988 3100 1241 3157 Christus
1270 3116 1379 3156 non
1407 3115 1507 3172 pro
1549 3115 1645 3156 sua
1682 3100 1773 3156 hic

166 3196 483 3269 aqualitate
527 3212 651 3252 cum
679 3195 860 3264 Patre,
906 3194 1001 3251 sed
1026 3195 1186 3266 plane
1212 3196 1369 3267 quasi
1406 3194 1672 3262 subditus,
1703 3194 1775 3250 sit

1868 1986 2250 2045 agnoscantur.
2286 1976 2399 2033 Hoc
2444 1987 2623 2034 autem
2662 1991 2878 2050 pactum
2908 1990 2967 2037 ut
3015 1983 3086 2038 ad
3131 1993 3471 2041 sacramenta

1869 2074 2077 2136 spectat
2116 2066 2167 2121 in
2196 2082 2420 2138 genere,
2455 2068 2527 2123 ita
2557 2070 2780 2141 propius
2814 2080 2872 2127 et
2912 2074 3184 2144 praecipue
3212 2074 3280 2131 ad
3333 2074 3470 2147 bap-

1872 2158 2087 2213 tismum
2110 2160 2255 2231 quod
2283 2161 2496 2217 unicum
2514 2161 2830 2219 initiationis
2848 2174 3252 2223 sacramentum
3278 2182 3471 2227 omnes

1869 2262 2188 2323 agnoscunt.
2218 2251 2367 2309 Illud:
2382 2255 2526 2310 enim
2545 2255 2759 2327 proprie
2774 2265 2989 2328 pactum
3012 2260 3339 2331 appellamus
3363 2277 3471 2334 quo

1867 2344 1957 2416 jus
1980 2347 2126 2417 pacti
2156 2346 2511 2420 ejusdemque
2522 2348 2787 2414 beneﬁcia
2814 2351 3045 2422 primum
3062 2355 3466 2426 consequimur,

1871 2454 1978 2497 non
2004 2455 2112 2512 quo
2132 2443 2415 2499 consecuti
2435 2442 2524 2514 jus
2570 2444 2710 2501 idem
2738 2460 3002 2518 augemus
3032 2454 3191 2519 atque
3216 2464 3470 2507 consum-

1871 2549 2101 2591 mamus.
2124 2535 2239 2605 Qua
2266 2536 2449 2609 itaque
2482 2538 2695 2595 ratione
2722 2540 2793 2595 ad
2819 2541 3074 2611 baptismi
3116 2557 3467 2602 consumma-

1872 2626 2073 2683 tionem
2096 2628 2429 2685 ostendimus
2452 2631 2727 2701 pertinere
2744 2634 3088 2706 martyrium,
3108 2635 3300 2693 eadem
3322 2646 3379 2693 et
3398 2636 3467 2694 ad

1871 2728 2085 2789 paetum
2136 2723 2511 2791 evangelicum
2568 2726 2814 2796 pectique
2865 2726 3121 2785 beneﬁcia
3192 2730 3467 2800 pertinere

1872 2812 2201 2881 censebitur,
2234 2830 2305 2870 ne
2328 2815 2454 2885 quis
2480 2816 2717 2872 nominis
2745 2817 2935 2884 solius,
2964 2833 3071 2875 non
3100 2819 3228 2877 item
3260 2823 3337 2878 rei
3370 2838 3471 2894 per

1873 2920 2070 2961 nomen
2087 2907 2423 2979 signiﬁcata},
2448 2909 2591 2965 hanc
2614 2910 2870 2982 baptismi
2888 2928 3011 2970 eum
3041 2916 3298 2988 martyrio
3312 2932 3468 2974 com-

1874 2996 2294 3053 municationem
2322 2998 2730 3071 interpretetur.

1950 3088 1979 3162 ς
2021 3087 2614 3147 29.-οὴδθτνειηάυιη
2641 3093 2783 3149 enim
2809 3104 2966 3153 serto
2984 3139 2999 3166 ,
3020 3113 3130 3156 non
3156 3114 3219 3157 ea
3252 3108 3464 3160 tantum

1874 3183 2111 3254 generali
2142 3184 2353 3241 ratione
2391 3183 2704 3242 adumbrari
2732 3187 2784 3242 in
2814 3187 3085 3259 baptismo
3120 3194 3469 3266 martyrium,

166 3288 619 3356 considerandus,
650 3297 706 3344 et
729 3287 1057 3345 obedientire
1076 3289 1276 3344 merito
1310 3288 1589 3359 premium
1612 3286 1771 3342 exal-

1877 3289 1979 3346 qua
2008 3282 2066 3330 et
2094 3275 2301 3347 reliqua
2334 3276 2512 3333 omnia
2554 3278 2808 3350 baptismi
2831 3279 3016 3337 ofﬁcia
3041 3283 3470 3356 adumbrantur;

168 3382 398 3438 tationis
423 3397 453 3436 a
483 3381 645 3437 Patre
660 3382 958 3453 reputarit;
986 3364 1164 3452 plane,
1190 3380 1429 3452 inquam,
1453 3380 1573 3436 haec
1590 3380 1769 3436 omnia

166 3481 410 3548 arguunt
429 3489 539 3531 non
567 3489 719 3531 suam
746 3473 857 3543 hic,
889 3472 984 3530 sed
1008 3488 1141 3529 vero
1164 3473 1417 3540 alienam,
1454 3480 1511 3528 et
1552 3472 1773 3544 quidem

166 3583 204 3623 a
228 3582 327 3624 sua
355 3568 514 3638 longe
541 3566 959 3623 diversissimam
995 3581 1025 3622 a
1057 3566 1272 3623 Christo
1317 3574 1622 3636 susceptam
1646 3579 1773 3622 esse

167 3675 485 3731 personam.
514 3660 582 3716 Et
600 3675 730 3716 vero
760 3660 875 3731 ipsa
898 3674 1168 3731 personae,
1184 3674 1347 3730 quam
1375 3659 1651 3727 sustinuit,
1676 3674 1773 3714 ra-

166 3757 255 3813 tio
284 3765 499 3828 pactum
525 3753 739 3826 aliquod
766 3756 988 3817 omnino
1008 3754 1273 3826 postuiat,
1298 3763 1353 3810 et
1379 3763 1623 3809 mutuum
1644 3767 1772 3809 cum

165 3848 340 3905 Patre
384 3861 730 3904 consensum.
760 3845 872 3905 Nec
892 3846 1040 3902 enim
1056 3844 1271 3901 Christi
1300 3845 1520 3901 nomine
1538 3860 1647 3900 una
1674 3843 1776 3901 ali-

165 3957 307 4012 qua,
328 3949 389 3996 ut
406 3940 610 3996 schola:
636 3940 952 4010 loquuntur,
976 3937 1250 3994 individua
1268 3952 1504 4010 persona
1523 3937 1765 4009 inteiligi»

166 4044 289 4100 tur,
321 4032 417 4088 sed
447 4032 660 4103 politiea
691 4040 747 4088 et
774 4030 988 4103 publica
1026 4046 1147 4101 quae
1182 4045 1285 4085 suo
1324 4031 1539 4086 ambitu
1579 4044 1774 4088 omnes

169 4127 421 4183 euntium
439 4125 756 4181 surculorum
780 4124 1136 4195 locorumque
1154 4124 1397 4179 omnium
1414 4122 1604 4179 ﬁdeles
1624 4138 1779 4179 cont-

168 4220 463 4290 plectatur.
502 4217 598 4273 iiis
624 4218 772 4274 enim
802 4217 1056 4273 omnibus
1076 4217 1377 4272 convenire
1397 4214 1777 4287 intelliguntur

170 4310 343 4382 hujus
367 4308 649 4366 beneﬁcia.
679 4310 934 4364 Poterant
952 4306 1183 4363 l‘oﬂasse
1196 4306 1401 4363 Christi
1420 4308 1609 4363 merita
1630 4321 1777 4376 pra:-

168 4405 346 4460 mium
367 4403 590 4473 aliquod
620 4417 687 4457 ex
716 4401 982 4473 aequitatis
1005 4401 1127 4471 iure
1146 4400 1252 4456 sibi
1274 4399 1589 4469 impetrare.
1610 4397 1774 4466 Quod

180 4511 319 4553 vero
344 4511 453 4551 non
480 4510 549 4552 ex
580 4509 736 4566 atquo
772 4495 1073 4560 dumtaxat,
1100 4491 1201 4548 sed
1232 4506 1328 4564 pro
1346 4492 1567 4564 iustitiae
1590 4490 1777 4548 debito

166 4589 310 4645 illud
342 4589 654 4654 vindicent;
681 4587 825 4657 quod
852 4601 964 4643 non
986 4587 1089 4643 sibi
1119 4586 1303 4653 modo,
1326 4585 1429 4643 sed
1458 4586 1571 4641 suis
1592 4583 1775 4641 omni-

1877 3367 1972 3447 se_d
2011 3368 2154 3441 quod
2196 3369 2373 3440 ipsum
2412 3371 2577 3442 aquei
2616 3372 2867 3443 baptismi
2895 3375 3202 3447 symbolum
3230 3377 3306 3435 ita
3339 3393 3472 3436 nos-

1877 3444 2043 3529 trum,
2072 3477 2234 3533 quem
2254 3462 2513 3531 diximus,
2535 3464 2893 3536 sanguineum
2916 3444 3243 3538 baptismum
3273 3486 3474 3542 reprae-

1876 3564 2076 3623 sentet,
2096 3564 2161 3611 ut
2178 3556 2337 3627 plane
2364 3556 2510 3611 nulla
2536 3557 2609 3614 sit
2628 3557 2787 3629 aquei
2818 3558 3073 3630 baptismi
3095 3559 3473 3630 elﬁcacia,nisi

1875 3646 1943 3701 ad
1980 3646 2336 3718 sanguineum
2375 3648 2703 3719 baptismum
2734 3647 3027 3706 referatur.
3052 3650 3166 3719 Qua
3195 3653 3337 3708 enim
3374 3653 3476 3708 im-

1875 3741 2077 3797 mersio
2110 3742 2169 3797 in
2198 3756 2395 3812 aquam
2416 3741 2545 3798 vitae
2573 3742 2822 3799 animalis
2842 3744 3316 3804 mortiﬁcationem
3333 3789 3348 3815 ,
3377 3747 3474 3804 de-

1876 3843 2045 3900 notat,
2073 3849 2177 3905 qua
2206 3833 2441 3890 emersio
2466 3848 2536 3891 ex
2561 3835 2752 3891 eadem
2783 3850 2938 3892 nom
2960 3838 3125 3894 etiam
3150 3839 3477 3911 spiritualis-

1876 3941 1982 3997 que
2007 3924 2127 3982 vita:
2148 3925 2523 3997 sponsionem,
2542 3941 2631 3993 ea.
2659 3942 2762 3999 qua
2786 3927 2926 3997 dixi,
2946 3931 3214 4000 sponsarii
3243 3933 3476 4005 symboli

1873 4017 2269 4089 signiﬁcatione
2292 4029 2685 4090 repraesentat:
2716 4020 2891 4078 fateor
2912 4022 3119 4080 nullum
3143 4039 3267 4083 esse
3300 4025 3477 4083 chris-

1873 4111 2039 4165 tiana:
2065 4111 2188 4166 vitae
2217 4111 2454 4169 ofﬁcium
2485 4113 2614 4184 quin
2642 4112 2714 4170 ad
2744 4113 2942 4171 horum
2970 4117 3291 4175 alterutrum
3320 4119 3474 4177 refe-

1875 4213 2048 4271 ratur,
2076 4220 2204 4260 cum
2233 4207 2479 4281 κάθαρσιν
2504 4206 2684 4263 omnia
2711 4216 2806 4263 aut
2832 4208 3091 4266 τελείωσιν
3120 4219 3385 4282 spectent,
3417 4219 3477 4269 ut

1877 4295 2162 4368 loquamur
2190 4313 2320 4354 cum
2354 4300 2745 4371 pythagoreis,
2789 4299 2907 4357 haec
2936 4301 3006 4358 ad
3043 4317 3235 4360 novant
3278 4305 3475 4377 mysti-

1874 4403 2106 4460 camque
2132 4390 2296 4445 vitam
2314 4432 2328 4456 ,
2355 4390 2423 4445 ad
2446 4406 2644 4448 novam
2664 4390 2757 4447 itla
2792 4393 3181 4467 mysticatnque
3204 4406 3432 4453 mortem
3450 4439 3469 4467 ,

1878 4480 2128 4537 similiter
2166 4480 2471 4538 referenda.
2502 4481 2616 4540 Nec
2655 4492 2832 4539 tamen
2871 4496 3155 4556 propterea
3185 4489 3307 4544 novi
3345 4488 3477 4559 bap.

1880 4573 2024 4631 tismi
2066 4575 2326 4633 beneﬁcia
2366 4576 2696 4648 quibuslibet
2734 4575 2861 4633 vitae
2900 4578 3211 4635 christiana
3236 4579 3469 4649 oﬁiciis,

168 4684 282 4741 bus
310 4683 441 4738 illud
470 4698 504 4737 a
530 4682 693 4738 Patre
712 4681 1003 4750 debeatur,
1036 4681 1154 4737 sine
1176 4689 1341 4752 pacto
1360 4694 1584 4751 prorsus
1608 4678 1774 4735 intel-
1795 4680 1855 4745 9
1872 4668 1975 4728 sed
2001 4684 2071 4726 ne
2092 4671 2350 4727 omnibus
2390 4670 2610 4742 quidem
2652 4672 2812 4726 simul
2844 4672 3125 4738 collectis,
3152 4672 3472 4730 asserimus.

168 4777 271 4849 ligi
302 4791 413 4832 non
450 4785 632 4847 potest
657 4791 765 4847 quo
792 4776 957 4831 Pater
980 4776 1145 4832 etiam
1170 4789 1422 4845 personae
1450 4774 1681 4846 politiore
1706 4772 1776 4828 ii-

174 4872 292 4928 lam
320 4871 763 4928 constitutionem
794 4876 1124 4941 acceptaret.
1155 4868 1284 4924 Erat
1308 4868 1460 4924 enim
1484 4867 1597 4923 hoc
1624 4874 1777 4922 anto-

170 4964 437 5022 cedenter
455 4962 522 5017 ad
549 4971 762 5035 pactum
786 4961 863 5017 ita
889 4960 1258 5027 arbitrarium,
1284 4968 1345 5015 ut
1370 4959 1517 5014 nulia
1536 4959 1771 5025 Patrem,

172 5058 234 5114 ni
263 5058 337 5112 ita
356 5057 719 5125 convenisset,
744 5054 827 5112 vel
848 5057 1074 5126 aequitas
1094 5054 1381 5126 obligaret,
1415 5062 1472 5108 ut
1496 5068 1595 5123 pro
1610 5050 1779 5108 01)τὶ-

170 5149 248 5207 sti
279 5149 491 5205 meritis
515 5148 821 5206 mercedem
846 5147 1095 5207 ﬁdelibus
1110 5147 1467 5219 persolveret,
1493 5160 1617 5203 cum
1640 5159 1779 5216 pra-

170 5244 370 5301 sertim
401 5252 455 5299 et
516 5244 617 5314 ipsi
662 5241 915 5309 Christo,
943 5242 999 5298 in
1052 5242 1271 5312 propria
1325 5240 1487 5297 etiam
1544 5251 1776 5309 peluem

176 5336 556 5409 persolvisset.
612 5334 682 5391 Et
731 5335 947 5407 quidem
999 5333 1292 5390 admodum
1352 5342 1778 5390 consentaneum

188 5440 309 5489 erat
339 5429 622 5502 platonicis
650 5428 797 5485 illius
826 5428 925 5484 avi
952 5427 1310 5501 dogmatibus,
1338 5437 1395 5482 ut
1443 5426 1569 5482 huic
1594 5427 1781 5498 αἰωνᾶῳ

176 5521 472 5594 Evangelii
521 5519 731 5597 διαθήκῃ
758 5563 773 5590 ,
811 5535 930 5592 quae
958 5529 1138 5576 tamen
1188 5528 1309 5576 erat
1350 5518 1647 5586 terrestris,
1674 5516 1782 5573 alia

180 5615 349 5673 etiam
380 5614 732 5685 responderet
778 5617 1082 5695 προαιὼνιος
1120 5614 1175 5669 in
1210 5613 1367 5669 cwiis
1415 5612 1568 5682 cujus
1596 5608 1783 5665 virtuti

160 5709 255 5782 _sit
282 5708 450 5766 etiam
502 5706 788 5764 tribuenda
824 5707 1106 5763 terrestris
1134 5704 1370 5774 διαθήκης
1404 5704 1674 5763 ισπῐωθὶθ.
1705 5702 1783 5759 Ita

1876 4760 2015 4818 Cum
2038 4763 2182 4820 enim
2207 4763 2336 4820 illud
2356 4762 2649 4819 dixerimus
2672 4764 3006 4835 principum
3030 4765 3279 4837 baptismi
3304 4766 3472 4826 fuisse

1872 4855 2161 4913 consilium
2204 4864 2263 4911 ut
2297 4854 2502 4912 Christi
2536 4854 2821 4912 morientis
2846 4857 3293 4932 resurgentium
3332 4864 3474 4919 ima-

1874 4951 2060 5019 ginem
2085 4948 2153 5004 ad
2180 4949 2359 5003 vivum
2378 4958 2862 5019 representemus,
2882 4949 3012 5007 inde
3037 4951 3199 5009 etiam
3220 4953 3476 5013 beneﬁcii

1882 5041 2218 5112 baptismalis
2243 5055 2394 5113 spem
2415 5057 2632 5099 omnem
2658 5041 2727 5098 ab
2754 5057 2822 5100 ea
2852 5043 2967 5114 ipsa
2986 5048 3474 5115 'reprmsentatione

1874 5148 2220 5191 arcessemus
2236 5151 2253 5202 ;
2270 5134 2521 5205 sequitur
2543 5134 2769 5206 proinde
2794 5146 2852 5193 ut
2868 5152 2975 5208 qua
2993 5138 3101 5195 vita
3121 5149 3282 5210 atque
3296 5146 3477 5197 morte

1883 5228 2159 5287 Christum
2184 5230 2593 5287 accuratissime
2625 5231 2980 5301 exprimimus
2995 5274 3011 5300 ,
3034 5234 3094 5289 in
3139 5233 3247 5289 illis
3266 5233 3477 5303 prima~

1872 5322 2019 5380 rium
2040 5322 2288 5395 baptismi
2310 5323 2593 5381 consilium
2604 5325 3050 5384 constituendum
3072 5328 3165 5394 sit,
3186 5326 3255 5382 ab
3282 5325 3477 5386 iisdem

1880 5420 2137 5494 baptismi
2170 5422 2341 5479 etiam
2378 5421 2640 5479 beneﬁcia
2664 5424 2779 5480 sint
2812 5425 3087 5497 praecipue
3118 5425 3478 5495 expectanda.

1889 5514 2052 5587 Atqui
2095 5530 2371 5588 corporeae
2390 5525 2553 5572 erant
2586 5515 2700 5572 illa;
2728 5515 2937 5572 Christi
2980 5526 3088 5571 tam
3128 5531 3277 5573 mors
3312 5532 3478 5591 quam

1886 5611 2237 5679 resurrectio,
2264 5608 2458 5682 quibus
2488 5624 2589 5665 nos
2616 5608 2932 5680 proﬁtemur
2956 5610 3010 5663 in
3040 5607 3313 5682 baptismo
3341 5626 3478 5670 con-

1888 5701 2122 5774 formes,
2158 5711 2213 5770 et
2254 5717 2480 5775 quorum
2504 5717 2609 5759 nos
2638 5701 2835 5759 bidem
2870 5709 3149 5775 portemus
3180 5704 3477 5776 imagines,

180 5800 474 5873 probatum
502 5798 754 5857 dedimus
804 5797 911 5856 hoe
938 5807 1174 5870 pactum,
1203 5797 1348 5871 quod
1374 5797 1502 5855 licet
1537 5802 1787 5854 asseram
1880 5804 1951 5853 ut
1978 5796 2041 5853 in
2067 5811 2345 5868 corpora
2364 5793 2785 5853 resurrectionis
2806 5808 2974 5852 causa
3006 5794 3062 5869 (’l
3096 5794 3245 5867 Con,
3272 5795 3366 5867 xv)
3393 5795 3477 5854 lo-

182 5896 353 5954 etiam
383 5894 738 5965 recentiores,
790 5894 1101 5967 neutiquam
1146 5903 1330 5957 tamen
1378 5893 1632 5966 probant,
1676 5904 1787 5951 nec
1887 5889 2069 5961 quitur
2092 5888 2258 5948 etiam
2281 5887 2596 5961 Apostolus.
2623 5884 2845 5960 Mystica
2880 5888 3031 5947 enim
3071 5889 3400 5949 resurrectio
3420 5888 3483 5953 si
