  <div class='ocr_page' id='page_1' title='image "/cluster/home/n/w/nwhite01/storage/ocr_20150623/5/umn.31951002477299b/045.png"; bbox 0 0 4018 6284; ppageno 0'>
   <div class='ocr_carea' id='block_1_1' title="bbox 583 328 3877 393">
    <p class='ocr_par' dir='ltr' id='par_1_1' title="bbox 583 328 3877 393">
     <span class='ocr_line' id='line_1_1' title="bbox 583 328 3877 393; baseline 0.002 -9"><span class='ocrx_word' id='word_1_1' title='bbox 583 328 648 384; x_wconf 76' lang='grc' dir='ltr'>Ἠ</span> <span class='ocrx_word' id='word_1_2' title='bbox 1549 328 1757 389; x_wconf 85' lang='lat' dir='ltr'><strong>DODW</strong></span> <span class='ocrx_word' id='word_1_3' title='bbox 1767 329 1920 390; x_wconf 86' lang='lat' dir='ltr'><strong>ELLI</strong></span> <span class='ocrx_word' id='word_1_4' title='bbox 1960 331 2418 393; x_wconf 74' lang='lat' dir='ltr'><strong>DISSERTATIO</strong></span> <span class='ocrx_word' id='word_1_5' title='bbox 2453 329 2874 390; x_wconf 75' lang='lat' dir='ltr'><strong>CYPRIANICA</strong></span> <span class='ocrx_word' id='word_1_6' title='bbox 3819 337 3877 390; x_wconf 72' lang='lat'><strong>7?.</strong></span> 
     </span>
    </p>
   </div>
   <div class='ocr_carea' id='block_1_2' title="bbox 583 443 3876 524">
    <p class='ocr_par' dir='ltr' id='par_1_2' title="bbox 583 443 3876 524">
     <span class='ocr_line' id='line_1_2' title="bbox 583 443 3876 524; baseline 0.001 -22"><span class='ocrx_word' id='word_1_7' title='bbox 583 447 697 504; x_wconf 90' lang='lat' dir='ltr'><strong>sola</strong></span> <span class='ocrx_word' id='word_1_8' title='bbox 720 446 773 503; x_wconf 92' lang='lat' dir='ltr'><strong>in</strong></span> <span class='ocrx_word' id='word_1_9' title='bbox 797 445 1066 518; x_wconf 90' lang='lat' dir='ltr'><strong>baptismo</strong></span> <span class='ocrx_word' id='word_1_10' title='bbox 1089 446 1470 518; x_wconf 85' lang='lat' dir='ltr'><strong>sponderetur,</strong></span> <span class='ocrx_word' id='word_1_11' title='bbox 1498 455 1610 505; x_wconf 90' lang='lat' dir='ltr'><strong>tota</strong></span> <span class='ocrx_word' id='word_1_12' title='bbox 1631 451 1718 506; x_wconf 89' lang='lat' dir='ltr'><strong>illa</strong></span> <span class='ocrx_word' id='word_1_13' title='bbox 1744 452 1986 522; x_wconf 80' lang='lat' dir='ltr'><strong>Apostoli</strong></span> <span class='ocrx_word' id='word_1_14' title='bbox 2014 468 2174 524; x_wconf 80' lang='lat' dir='ltr'><strong>argu-</strong></span> <span class='ocrx_word' id='word_1_15' title='bbox 2204 456 2254 514; x_wconf 79' lang='grc' dir='ltr'><strong>Α</strong></span> <span class='ocrx_word' id='word_1_16' title='bbox 2284 452 2426 506; x_wconf 90' lang='lat' dir='ltr'><strong>illius</strong></span> <span class='ocrx_word' id='word_1_17' title='bbox 2456 451 2594 520; x_wconf 88' lang='lat' dir='ltr'><strong>pacti</strong></span> <span class='ocrx_word' id='word_1_18' title='bbox 2627 449 2767 520; x_wconf 88' lang='lat' dir='ltr'><strong>lege,</strong></span> <span class='ocrx_word' id='word_1_19' title='bbox 2796 445 2889 503; x_wconf 90' lang='lat' dir='ltr'><strong>sed</strong></span> <span class='ocrx_word' id='word_1_20' title='bbox 2919 459 3049 502; x_wconf 87' lang='lat' dir='ltr'><strong>vero</strong></span> <span class='ocrx_word' id='word_1_21' title='bbox 3070 459 3137 502; x_wconf 77' lang='lat' dir='ltr'><strong>ex</strong></span> <span class='ocrx_word' id='word_1_22' title='bbox 3161 443 3408 516; x_wconf 86' lang='lat' dir='ltr'><strong>ejusdem</strong></span> <span class='ocrx_word' id='word_1_23' title='bbox 3433 445 3600 502; x_wconf 86' lang='lat' dir='ltr'><strong>etiam</strong></span> <span class='ocrx_word' id='word_1_24' title='bbox 3622 448 3876 519; x_wconf 67' lang='lat' dir='ltr'><strong>aequitate,</strong></span> 
     </span>
    </p>
   </div>
   <div class='ocr_carea' id='block_1_3' title="bbox 583 541 2183 614">
    <p class='ocr_par' dir='ltr' id='par_1_3' title="bbox 583 541 2183 614">
     <span class='ocr_line' id='line_1_3' title="bbox 583 541 2183 614; baseline 0.003 -16"><span class='ocrx_word' id='word_1_25' title='bbox 583 542 843 598; x_wconf 87' lang='lat' dir='ltr'><strong>mentatio</strong></span> <span class='ocrx_word' id='word_1_26' title='bbox 868 541 1196 597; x_wconf 82' lang='lat' dir='ltr'><strong>concideret.</strong></span> <span class='ocrx_word' id='word_1_27' title='bbox 1220 541 1319 598; x_wconf 87' lang='lat' dir='ltr'><strong>Est</strong></span> <span class='ocrx_word' id='word_1_28' title='bbox 1340 542 1554 614; x_wconf 82' lang='lat' dir='ltr'><strong>quidem</strong></span> <span class='ocrx_word' id='word_1_29' title='bbox 1585 546 2034 601; x_wconf 86' lang='lat' dir='ltr'><strong>verisimillimum</strong></span> <span class='ocrx_word' id='word_1_30' title='bbox 2056 546 2183 602; x_wconf 89' lang='lat' dir='ltr'><strong>inde</strong></span> 
     </span>
    </p>
   </div>
   <div class='ocr_carea' id='block_1_4' title="bbox 583 633 2182 708">
    <p class='ocr_par' dir='ltr' id='par_1_4' title="bbox 583 633 2182 708">
     <span class='ocr_line' id='line_1_4' title="bbox 583 633 2182 708; baseline 0.003 -19"><span class='ocrx_word' id='word_1_31' title='bbox 583 641 761 689; x_wconf 74' lang='lat' dir='ltr'><strong>ortum</strong></span> <span class='ocrx_word' id='word_1_32' title='bbox 789 648 911 689; x_wconf 90' lang='lat' dir='ltr'><strong>esse</strong></span> <span class='ocrx_word' id='word_1_33' title='bbox 942 633 1394 689; x_wconf 76' lang='lat' dir='ltr'><strong>resurrectionem</strong></span> <span class='ocrx_word' id='word_1_34' title='bbox 1429 637 1736 707; x_wconf 87' lang='lat' dir='ltr'><strong>negantium</strong></span> <span class='ocrx_word' id='word_1_35' title='bbox 1768 653 2008 694; x_wconf 88' lang='lat' dir='ltr'><strong>errorem</strong></span> <span class='ocrx_word' id='word_1_36' title='bbox 2040 637 2182 708; x_wconf 86' lang='lat' dir='ltr'><strong>quod</strong></span> 
     </span>
    </p>
   </div>
   <div class='ocr_carea' id='block_1_5' title="bbox 581 725 2181 799">
    <p class='ocr_par' dir='ltr' id='par_1_5' title="bbox 581 725 2181 799">
     <span class='ocr_line' id='line_1_5' title="bbox 581 725 2181 799; baseline 0.003 -18"><span class='ocrx_word' id='word_1_37' title='bbox 581 725 1032 781; x_wconf 76' lang='lat' dir='ltr'><strong>resurrectionem</strong></span> <span class='ocrx_word' id='word_1_38' title='bbox 1067 725 1215 782; x_wconf 87' lang='lat' dir='ltr'><strong>illam</strong></span> <span class='ocrx_word' id='word_1_39' title='bbox 1244 726 1494 796; x_wconf 87' lang='lat' dir='ltr'><strong>baptismi</strong></span> <span class='ocrx_word' id='word_1_40' title='bbox 1531 728 1886 799; x_wconf 87' lang='lat' dir='ltr'><strong>symbolicam</strong></span> <span class='ocrx_word' id='word_1_41' title='bbox 1916 730 1983 785; x_wconf 92' lang='lat' dir='ltr'><strong>de</strong></span> <span class='ocrx_word' id='word_1_42' title='bbox 2009 729 2181 785; x_wconf 90' lang='lat' dir='ltr'><strong>solius</strong></span> 
     </span>
    </p>
   </div>
   <div class='ocr_carea' id='block_1_6' title="bbox 579 819 2182 892">
    <p class='ocr_par' dir='ltr' id='par_1_6' title="bbox 579 819 2182 892">
     <span class='ocr_line' id='line_1_6' title="bbox 579 819 2182 892; baseline 0.002 -19"><span class='ocrx_word' id='word_1_43' title='bbox 579 819 774 874; x_wconf 68' lang='lat' dir='ltr'><strong>anima:</strong></span> <span class='ocrx_word' id='word_1_44' title='bbox 827 819 1056 892; x_wconf 87' lang='lat' dir='ltr'><strong>mystica</strong></span> <span class='ocrx_word' id='word_1_45' title='bbox 1103 820 1540 889; x_wconf 77' lang='lat' dir='ltr'><strong>resurrectione,</strong></span> <span class='ocrx_word' id='word_1_46' title='bbox 1593 837 1700 876; x_wconf 92' lang='lat' dir='ltr'><strong>non</strong></span> <span class='ocrx_word' id='word_1_47' title='bbox 1753 822 1881 877; x_wconf 86' lang='lat' dir='ltr'><strong>item</strong></span> <span class='ocrx_word' id='word_1_48' title='bbox 1937 822 2182 892; x_wconf 89' lang='lat' dir='ltr'><strong>corporis</strong></span> 
     </span>
    </p>
   </div>
   <div class='ocr_carea' id='block_1_7' title="bbox 578 912 2182 988">
    <p class='ocr_par' dir='ltr' id='par_1_7' title="bbox 578 912 2182 988">
     <span class='ocr_line' id='line_1_7' title="bbox 578 912 2182 988; baseline 0.002 -19"><span class='ocrx_word' id='word_1_49' title='bbox 578 913 965 984; x_wconf 75' lang='lat' dir='ltr'><strong>intelligerent.</strong></span> <span class='ocrx_word' id='word_1_50' title='bbox 1009 912 1141 970; x_wconf 91' lang='lat' dir='ltr'><strong>Cum</strong></span> <span class='ocrx_word' id='word_1_51' title='bbox 1181 923 1362 970; x_wconf 91' lang='lat' dir='ltr'><strong>autem</strong></span> <span class='ocrx_word' id='word_1_52' title='bbox 1405 930 1471 970; x_wconf 78' lang='lat' dir='ltr'><strong>ex</strong></span> <span class='ocrx_word' id='word_1_53' title='bbox 1520 914 1769 972; x_wconf 88' lang='lat' dir='ltr'><strong>universa</strong></span> <span class='ocrx_word' id='word_1_54' title='bbox 1813 917 1903 971; x_wconf 87' lang='lat' dir='ltr'><strong>illa</strong></span> <span class='ocrx_word' id='word_1_55' title='bbox 1952 917 2182 988; x_wconf 79' lang='lat' dir='ltr'><strong>apostoli</strong></span> 
     </span>
    </p>
   </div>
   <div class='ocr_carea' id='block_1_8' title="bbox 577 1005 2178 1079">
    <p class='ocr_par' dir='ltr' id='par_1_8' title="bbox 577 1005 2178 1079">
     <span class='ocr_line' id='line_1_8' title="bbox 577 1005 2178 1079; baseline 0.002 -19"><span class='ocrx_word' id='word_1_56' title='bbox 577 1005 944 1077; x_wconf 79' lang='lat' dir='ltr'><strong>disputatione</strong></span> <span class='ocrx_word' id='word_1_57' title='bbox 975 1006 1320 1064; x_wconf 85' lang='lat' dir='ltr'><strong>manifestum</strong></span> <span class='ocrx_word' id='word_1_58' title='bbox 1352 1007 1452 1074; x_wconf 90' lang='lat' dir='ltr'><strong>sit,</strong></span> <span class='ocrx_word' id='word_1_59' title='bbox 1486 1007 1618 1062; x_wconf 86' lang='lat' dir='ltr'><strong>illud</strong></span> <span class='ocrx_word' id='word_1_60' title='bbox 1649 1007 1816 1064; x_wconf 79' lang='lat' dir='ltr'><strong>fuisse</strong></span> <span class='ocrx_word' id='word_1_61' title='bbox 1851 1009 2178 1079; x_wconf 68' lang='lat' dir='ltr'><strong>praecipuum</strong></span> 
     </span>
    </p>
   </div>
   <div class='ocr_carea' id='block_1_9' title="bbox 575 1099 2179 1171">
    <p class='ocr_par' dir='ltr' id='par_1_9' title="bbox 575 1099 2179 1171">
     <span class='ocr_line' id='line_1_9' title="bbox 575 1099 2179 1171; baseline 0 -15"><span class='ocrx_word' id='word_1_62' title='bbox 575 1099 828 1170; x_wconf 80' lang='lat' dir='ltr'><strong>baptismi</strong></span> <span class='ocrx_word' id='word_1_63' title='bbox 857 1100 1145 1156; x_wconf 88' lang='lat' dir='ltr'><strong>consilium</strong></span> <span class='ocrx_word' id='word_1_64' title='bbox 1175 1109 1265 1168; x_wconf 91' lang='lat' dir='ltr'><strong>ut,</strong></span> <span class='ocrx_word' id='word_1_65' title='bbox 1296 1101 1363 1155; x_wconf 90' lang='lat' dir='ltr'><strong>de</strong></span> <span class='ocrx_word' id='word_1_66' title='bbox 1391 1116 1498 1170; x_wconf 92' lang='lat' dir='ltr'><strong>quo</strong></span> <span class='ocrx_word' id='word_1_67' title='bbox 1537 1101 1807 1171; x_wconf 65' lang='lat' dir='ltr'><strong>praecipue</strong></span> <span class='ocrx_word' id='word_1_68' title='bbox 1836 1101 1979 1156; x_wconf 91' lang='lat' dir='ltr'><strong>illius</strong></span> <span class='ocrx_word' id='word_1_69' title='bbox 2004 1101 2179 1156; x_wconf 68' lang='lat' dir='ltr'><strong>anatis</strong></span> 
     </span>
    </p>
   </div>
   <div class='ocr_carea' id='block_1_10' title="bbox 573 1192 2178 1265">
    <p class='ocr_par' dir='ltr' id='par_1_10' title="bbox 573 1192 2178 1265">
     <span class='ocr_line' id='line_1_10' title="bbox 573 1192 2178 1265; baseline 0 -16"><span class='ocrx_word' id='word_1_70' title='bbox 573 1192 710 1249; x_wconf 85' lang='lat' dir='ltr'><strong>ﬁdes</strong></span> <span class='ocrx_word' id='word_1_71' title='bbox 745 1192 1058 1261; x_wconf 87' lang='lat' dir='ltr'><strong>vacillaret,</strong></span> <span class='ocrx_word' id='word_1_72' title='bbox 1094 1193 1164 1250; x_wconf 92' lang='lat' dir='ltr'><strong>de</strong></span> <span class='ocrx_word' id='word_1_73' title='bbox 1188 1208 1256 1250; x_wconf 91' lang='lat' dir='ltr'><strong>eo</strong></span> <span class='ocrx_word' id='word_1_74' title='bbox 1287 1195 1768 1264; x_wconf 86' lang='lat' dir='ltr'><strong>interponerentur</strong></span> <span class='ocrx_word' id='word_1_75' title='bbox 1795 1193 2178 1265; x_wconf 64' lang='lat' dir='ltr'><strong>promissioucs</strong></span> 
     </span>
    </p>
   </div>
   <div class='ocr_carea' id='block_1_11' title="bbox 576 1284 2178 1357">
    <p class='ocr_par' dir='ltr' id='par_1_11' title="bbox 576 1284 2178 1357">
     <span class='ocr_line' id='line_1_11' title="bbox 576 1284 2178 1357; baseline 0.001 -17"><span class='ocrx_word' id='word_1_76' title='bbox 576 1284 630 1341; x_wconf 90' lang='lat' dir='ltr'><strong>in</strong></span> <span class='ocrx_word' id='word_1_77' title='bbox 664 1296 823 1356; x_wconf 87' lang='lat' dir='ltr'><strong>pacto</strong></span> <span class='ocrx_word' id='word_1_78' title='bbox 867 1285 1173 1355; x_wconf 87' lang='lat' dir='ltr'><strong>baptismali</strong></span> <span class='ocrx_word' id='word_1_79' title='bbox 1219 1286 1460 1343; x_wconf 92' lang='lat' dir='ltr'><strong>omnium</strong></span> <span class='ocrx_word' id='word_1_80' title='bbox 1505 1286 1856 1351; x_wconf 64' lang='lat' dir='ltr'><strong>certissimae;</strong></span> <span class='ocrx_word' id='word_1_81' title='bbox 1905 1287 2062 1357; x_wconf 86' lang='lat' dir='ltr'><strong>plane</strong></span> <span class='ocrx_word' id='word_1_82' title='bbox 2090 1302 2178 1342; x_wconf 89' lang='lat' dir='ltr'><strong>se—</strong></span> 
     </span>
    </p>
   </div>
   <div class='ocr_carea' id='block_1_12' title="bbox 575 1376 2174 1449">
    <p class='ocr_par' dir='ltr' id='par_1_12' title="bbox 575 1376 2174 1449">
     <span class='ocr_line' id='line_1_12' title="bbox 575 1376 2174 1449; baseline 0.002 -18"><span class='ocrx_word' id='word_1_83' title='bbox 575 1379 760 1449; x_wconf 87' lang='lat' dir='ltr'><strong>quitur</strong></span> <span class='ocrx_word' id='word_1_84' title='bbox 787 1376 992 1434; x_wconf 85' lang='lat' dir='ltr'><strong>Christi</strong></span> <span class='ocrx_word' id='word_1_85' title='bbox 1021 1379 1499 1446; x_wconf 81' lang='lat' dir='ltr'><strong>resurrectionem,</strong></span> <span class='ocrx_word' id='word_1_86' title='bbox 1532 1394 1638 1433; x_wconf 90' lang='lat' dir='ltr'><strong>non</strong></span> <span class='ocrx_word' id='word_1_87' title='bbox 1670 1378 1832 1432; x_wconf 88' lang='lat' dir='ltr'><strong>aliam</strong></span> <span class='ocrx_word' id='word_1_88' title='bbox 1859 1394 2020 1449; x_wconf 90' lang='lat' dir='ltr'><strong>quam</strong></span> <span class='ocrx_word' id='word_1_89' title='bbox 2051 1393 2174 1434; x_wconf 90' lang='lat' dir='ltr'><strong>cor-</strong></span> 
     </span>
    </p>
   </div>
   <div class='ocr_carea' id='block_1_13' title="bbox 577 1471 2178 1542">
    <p class='ocr_par' dir='ltr' id='par_1_13' title="bbox 577 1471 2178 1542">
     <span class='ocr_line' id='line_1_13' title="bbox 577 1471 2178 1542; baseline -0.002 -14"><span class='ocrx_word' id='word_1_90' title='bbox 577 1486 798 1541; x_wconf 90' lang='lat' dir='ltr'><strong>poream</strong></span> <span class='ocrx_word' id='word_1_91' title='bbox 827 1472 880 1526; x_wconf 91' lang='lat' dir='ltr'><strong>in</strong></span> <span class='ocrx_word' id='word_1_92' title='bbox 921 1472 1190 1542; x_wconf 88' lang='lat' dir='ltr'><strong>baptismo</strong></span> <span class='ocrx_word' id='word_1_93' title='bbox 1229 1471 1495 1534; x_wconf 79' lang='lat' dir='ltr'><strong>exhiberi,</strong></span> <span class='ocrx_word' id='word_1_94' title='bbox 1532 1471 1618 1526; x_wconf 91' lang='lat' dir='ltr'><strong>cui</strong></span> <span class='ocrx_word' id='word_1_95' title='bbox 1658 1479 1714 1526; x_wconf 90' lang='lat' dir='ltr'><strong>et</strong></span> <span class='ocrx_word' id='word_1_96' title='bbox 1745 1481 1924 1526; x_wconf 88' lang='lat' dir='ltr'><strong>nostra</strong></span> <span class='ocrx_word' id='word_1_97' title='bbox 1952 1485 2178 1540; x_wconf 88' lang='lat' dir='ltr'><strong>respon-</strong></span> 
     </span>
    </p>
   </div>
   <div class='ocr_carea' id='block_1_14' title="bbox 575 1562 2176 1636">
    <p class='ocr_par' dir='ltr' id='par_1_14' title="bbox 575 1562 2176 1636">
     <span class='ocr_line' id='line_1_14' title="bbox 575 1562 2176 1636; baseline -0.001 -16"><span class='ocrx_word' id='word_1_98' title='bbox 575 1565 699 1621; x_wconf 83' lang='lat' dir='ltr'><strong>deat</strong></span> <span class='ocrx_word' id='word_1_99' title='bbox 749 1565 1078 1621; x_wconf 90' lang='lat' dir='ltr'><strong>resurrectio</strong></span> <span class='ocrx_word' id='word_1_100' title='bbox 1121 1565 1393 1636; x_wconf 71' lang='lat' dir='ltr'><strong>prmcipue</strong></span> <span class='ocrx_word' id='word_1_101' title='bbox 1432 1579 1717 1634; x_wconf 89' lang='lat' dir='ltr'><strong>corporea.</strong></span> <span class='ocrx_word' id='word_1_102' title='bbox 1749 1563 1902 1631; x_wconf 84' lang='lat' dir='ltr'><strong>Quod</strong></span> <span class='ocrx_word' id='word_1_103' title='bbox 1943 1577 2073 1619; x_wconf 91' lang='lat' dir='ltr'><strong>vero</strong></span> <span class='ocrx_word' id='word_1_104' title='bbox 2108 1562 2176 1618; x_wconf 91' lang='lat' dir='ltr'><strong>ad</strong></span> 
     </span>
    </p>
   </div>
   <div class='ocr_carea' id='block_1_15' title="bbox 575 1659 2175 1732">
    <p class='ocr_par' dir='ltr' id='par_1_15' title="bbox 575 1659 2175 1732">
     <span class='ocr_line' id='line_1_15' title="bbox 575 1659 2175 1732; baseline -0.001 -16"><span class='ocrx_word' id='word_1_105' title='bbox 575 1669 808 1716; x_wconf 90' lang='lat' dir='ltr'><strong>mortem</strong></span> <span class='ocrx_word' id='word_1_106' title='bbox 843 1661 1410 1731; x_wconf 89' lang='lat' dir='ltr'><strong>resurrectionemque</strong></span> <span class='ocrx_word' id='word_1_107' title='bbox 1436 1660 1692 1732; x_wconf 89' lang='lat' dir='ltr'><strong>mysticas</strong></span> <span class='ocrx_word' id='word_1_108' title='bbox 1717 1659 1940 1727; x_wconf 87' lang='lat' dir='ltr'><strong>attinet,</strong></span> <span class='ocrx_word' id='word_1_109' title='bbox 1971 1670 2175 1714; x_wconf 86' lang='lat' dir='ltr'><strong>tantum</strong></span> 
     </span>
    </p>
   </div>
   <div class='ocr_carea' id='block_1_16' title="bbox 574 1752 2180 1834">
    <p class='ocr_par' dir='ltr' id='par_1_16' title="bbox 574 1752 2180 1834">
     <span class='ocr_line' id='line_1_16' title="bbox 574 1752 2180 1834; baseline -0.001 -24"><span class='ocrx_word' id='word_1_110' title='bbox 574 1753 729 1810; x_wconf 88' lang='lat' dir='ltr'><strong>abest</strong></span> <span class='ocrx_word' id='word_1_111' title='bbox 771 1763 829 1809; x_wconf 92' lang='lat' dir='ltr'><strong>ut</strong></span> <span class='ocrx_word' id='word_1_112' title='bbox 857 1770 952 1824; x_wconf 88' lang='lat' dir='ltr'><strong>per</strong></span> <span class='ocrx_word' id='word_1_113' title='bbox 994 1755 1114 1810; x_wconf 90' lang='lat' dir='ltr'><strong>illas</strong></span> <span class='ocrx_word' id='word_1_114' title='bbox 1144 1756 1412 1824; x_wconf 88' lang='lat' dir='ltr'><strong>possimus</strong></span> <span class='ocrx_word' id='word_1_115' title='bbox 1451 1752 1650 1809; x_wconf 86' lang='lat' dir='ltr'><strong>Christi</strong></span> <span class='ocrx_word' id='word_1_116' title='bbox 1688 1763 1852 1834; x_wconf 80' lang='grc' dir='ltr'><strong>φορεῖν</strong></span> <span class='ocrx_word' id='word_1_117' title='bbox 1883 1755 2080 1821; x_wconf 82' lang='grc' dir='ltr'><strong>εἰκόνα,</strong></span> <span class='ocrx_word' id='word_1_118' title='bbox 2123 1762 2180 1810; x_wconf 94' lang='lat' dir='ltr'><strong>ut</strong></span> 
     </span>
    </p>
   </div>
   <div class='ocr_carea' id='block_1_17' title="bbox 2288 539 3880 614">
    <p class='ocr_par' dir='ltr' id='par_1_17' title="bbox 2288 539 3880 614">
     <span class='ocr_line' id='line_1_17' title="bbox 2288 539 3880 614; baseline 0.001 -17"><span class='ocrx_word' id='word_1_119' title='bbox 2288 543 2548 600; x_wconf 85' lang='lat' dir='ltr'><strong>vindicari</strong></span> <span class='ocrx_word' id='word_1_120' title='bbox 2588 557 2748 614; x_wconf 87' lang='lat' dir='ltr'><strong>posse</strong></span> <span class='ocrx_word' id='word_1_121' title='bbox 2788 541 2839 596; x_wconf 93' lang='lat' dir='ltr'><strong>in</strong></span> <span class='ocrx_word' id='word_1_122' title='bbox 2869 540 3166 612; x_wconf 89' lang='lat' dir='ltr'><strong>sanguineo</strong></span> <span class='ocrx_word' id='word_1_123' title='bbox 3205 539 3484 609; x_wconf 89' lang='lat' dir='ltr'><strong>baptismo</strong></span> <span class='ocrx_word' id='word_1_124' title='bbox 3519 543 3704 596; x_wconf 87' lang='lat' dir='ltr'><strong>omnia</strong></span> <span class='ocrx_word' id='word_1_125' title='bbox 3732 543 3880 599; x_wconf 87' lang='lat' dir='ltr'><strong>bene-</strong></span> 
     </span>
    </p>
   </div>
   <div class='ocr_carea' id='block_1_18' title="bbox 2286 631 3881 706">
    <p class='ocr_par' dir='ltr' id='par_1_18' title="bbox 2286 631 3881 706">
     <span class='ocr_line' id='line_1_18' title="bbox 2286 631 3881 706; baseline -0.002 -14"><span class='ocrx_word' id='word_1_126' title='bbox 2286 638 2406 693; x_wconf 88' lang='lat' dir='ltr'><strong>ﬁcia</strong></span> <span class='ocrx_word' id='word_1_127' title='bbox 2431 653 2461 692; x_wconf 91' lang='lat' dir='ltr'><strong>a</strong></span> <span class='ocrx_word' id='word_1_128' title='bbox 2489 636 2707 692; x_wconf 85' lang='lat' dir='ltr'><strong>Christo</strong></span> <span class='ocrx_word' id='word_1_129' title='bbox 2737 650 2837 706; x_wconf 87' lang='lat' dir='ltr'><strong>pro</strong></span> <span class='ocrx_word' id='word_1_130' title='bbox 2875 648 2970 688; x_wconf 88' lang='lat' dir='ltr'><strong>sua</strong></span> <span class='ocrx_word' id='word_1_131' title='bbox 3015 632 3154 704; x_wconf 84' lang='lat' dir='ltr'><strong>pacti</strong></span> <span class='ocrx_word' id='word_1_132' title='bbox 3199 631 3543 702; x_wconf 88' lang='lat' dir='ltr'><strong>baptismalis</strong></span> <span class='ocrx_word' id='word_1_133' title='bbox 3579 642 3733 704; x_wconf 87' lang='lat' dir='ltr'><strong>parte</strong></span> <span class='ocrx_word' id='word_1_134' title='bbox 3763 649 3881 704; x_wconf 76' lang='lat' dir='ltr'><strong>prte-</strong></span> 
     </span>
    </p>
   </div>
   <div class='ocr_carea' id='block_1_19' title="bbox 2285 724 3880 798">
    <p class='ocr_par' dir='ltr' id='par_1_19' title="bbox 2285 724 3880 798">
     <span class='ocr_line' id='line_1_19' title="bbox 2285 724 3880 798; baseline -0.003 -13"><span class='ocrx_word' id='word_1_135' title='bbox 2285 730 2508 794; x_wconf 89' lang='lat' dir='ltr'><strong>standa,</strong></span> <span class='ocrx_word' id='word_1_136' title='bbox 2549 744 2617 784; x_wconf 92' lang='lat' dir='ltr'><strong>ne</strong></span> <span class='ocrx_word' id='word_1_137' title='bbox 2651 727 2780 798; x_wconf 86' lang='lat' dir='ltr'><strong>quid</strong></span> <span class='ocrx_word' id='word_1_138' title='bbox 2808 741 3096 796; x_wconf 89' lang='lat' dir='ltr'><strong>superesse</strong></span> <span class='ocrx_word' id='word_1_139' title='bbox 3124 724 3399 788; x_wconf 90' lang='lat' dir='ltr'><strong>videatur,</strong></span> <span class='ocrx_word' id='word_1_140' title='bbox 3449 741 3550 780; x_wconf 90' lang='lat' dir='ltr'><strong>cur</strong></span> <span class='ocrx_word' id='word_1_141' title='bbox 3591 725 3880 781; x_wconf 87' lang='lat' dir='ltr'><strong>dubitemus</strong></span> 
     </span>
    </p>
   </div>
   <div class='ocr_carea' id='block_1_20' title="bbox 2284 817 3878 890">
    <p class='ocr_par' dir='ltr' id='par_1_20' title="bbox 2284 817 3878 890">
     <span class='ocr_line' id='line_1_20' title="bbox 2284 817 3878 890; baseline -0.003 -12"><span class='ocrx_word' id='word_1_142' title='bbox 2284 831 2506 879; x_wconf 88' lang='lat' dir='ltr'><strong>rectene</strong></span> <span class='ocrx_word' id='word_1_143' title='bbox 2532 821 2648 876; x_wconf 84' lang='lat' dir='ltr'><strong>haec</strong></span> <span class='ocrx_word' id='word_1_144' title='bbox 2675 830 2731 876; x_wconf 91' lang='lat' dir='ltr'><strong>et</strong></span> <span class='ocrx_word' id='word_1_145' title='bbox 2756 835 2853 890; x_wconf 90' lang='lat' dir='ltr'><strong>pro</strong></span> <span class='ocrx_word' id='word_1_146' title='bbox 2873 817 3073 874; x_wconf 81' lang='lat' dir='ltr'><strong>Christi</strong></span> <span class='ocrx_word' id='word_1_147' title='bbox 3105 827 3284 874; x_wconf 90' lang='lat' dir='ltr'><strong>mente</strong></span> <span class='ocrx_word' id='word_1_148' title='bbox 3308 826 3528 873; x_wconf 87' lang='lat' dir='ltr'><strong>veteres</strong></span> <span class='ocrx_word' id='word_1_149' title='bbox 3557 817 3878 890; x_wconf 75' lang='lat' dir='ltr'><strong>collegerint.</strong></span> 
     </span>
    </p>
   </div>
   <div class='ocr_carea' id='block_1_21' title="bbox 2282 910 3880 985">
    <p class='ocr_par' dir='ltr' id='par_1_21' title="bbox 2282 910 3880 985">
     <span class='ocr_line' id='line_1_21' title="bbox 2282 910 3880 985; baseline -0.005 -13"><span class='ocrx_word' id='word_1_150' title='bbox 2282 916 2418 973; x_wconf 93' lang='lat' dir='ltr'><strong>Cum</strong></span> <span class='ocrx_word' id='word_1_151' title='bbox 2449 916 2591 971; x_wconf 91' lang='lat' dir='ltr'><strong>enim</strong></span> <span class='ocrx_word' id='word_1_152' title='bbox 2631 914 2742 985; x_wconf 89' lang='lat' dir='ltr'><strong>jam</strong></span> <span class='ocrx_word' id='word_1_153' title='bbox 2789 912 3192 969; x_wconf 87' lang='lat' dir='ltr'><strong>ostenderimus</strong></span> <span class='ocrx_word' id='word_1_154' title='bbox 3242 910 3624 966; x_wconf 88' lang='lat' dir='ltr'><strong>conditionem</strong></span> <span class='ocrx_word' id='word_1_155' title='bbox 3668 925 3697 963; x_wconf 91' lang='lat' dir='ltr'><strong>a</strong></span> <span class='ocrx_word' id='word_1_156' title='bbox 3743 910 3880 965; x_wconf 88' lang='lat' dir='ltr'><strong>nobis</strong></span> 
     </span>
    </p>
   </div>
   <div class='ocr_carea' id='block_1_22' title="bbox 2283 1002 3877 1082">
    <p class='ocr_par' dir='ltr' id='par_1_22' title="bbox 2283 1002 3877 1082">
     <span class='ocr_line' id='line_1_22' title="bbox 2283 1002 3877 1082; baseline -0.005 -16"><span class='ocrx_word' id='word_1_157' title='bbox 2283 1010 2669 1082; x_wconf 57' lang='lat' dir='ltr'><strong>prastaudam,</strong></span> <span class='ocrx_word' id='word_1_158' title='bbox 2699 1025 2802 1079; x_wconf 87' lang='lat' dir='ltr'><strong>qua</strong></span> <span class='ocrx_word' id='word_1_159' title='bbox 2825 1007 2914 1078; x_wconf 85' lang='lat' dir='ltr'><strong>jus</strong></span> <span class='ocrx_word' id='word_1_160' title='bbox 2937 1006 3070 1061; x_wconf 90' lang='lat' dir='ltr'><strong>illud</strong></span> <span class='ocrx_word' id='word_1_161' title='bbox 3097 1020 3500 1076; x_wconf 87' lang='lat' dir='ltr'><strong>consequamur</strong></span> <span class='ocrx_word' id='word_1_162' title='bbox 3527 1002 3598 1059; x_wconf 89' lang='lat' dir='ltr'><strong>ad</strong></span> <span class='ocrx_word' id='word_1_163' title='bbox 3628 1002 3877 1074; x_wconf 85' lang='lat' dir='ltr'><strong>promissa</strong></span> 
     </span>
    </p>
   </div>
   <div class='ocr_carea' id='block_1_23' title="bbox 2280 1095 3879 1170">
    <p class='ocr_par' dir='ltr' id='par_1_23' title="bbox 2280 1095 3879 1170">
     <span class='ocr_line' id='line_1_23' title="bbox 2280 1095 3879 1170; baseline -0.007 -10"><span class='ocrx_word' id='word_1_164' title='bbox 2280 1103 2480 1160; x_wconf 90' lang='lat' dir='ltr'><strong>Christi</strong></span> <span class='ocrx_word' id='word_1_165' title='bbox 2523 1102 2816 1167; x_wconf 88' lang='lat' dir='ltr'><strong>benelicia,</strong></span> <span class='ocrx_word' id='word_1_166' title='bbox 2866 1100 3004 1156; x_wconf 89' lang='lat' dir='ltr'><strong>hanc</strong></span> <span class='ocrx_word' id='word_1_167' title='bbox 3042 1100 3212 1170; x_wconf 90' lang='lat' dir='ltr'><strong>ipsam</strong></span> <span class='ocrx_word' id='word_1_168' title='bbox 3249 1113 3376 1155; x_wconf 83' lang='lat' dir='ltr'><strong>esse</strong></span> <span class='ocrx_word' id='word_1_169' title='bbox 3422 1097 3674 1168; x_wconf 90' lang='lat' dir='ltr'><strong>corporis</strong></span> <span class='ocrx_word' id='word_1_170' title='bbox 3725 1095 3879 1150; x_wconf 88' lang='lat' dir='ltr'><strong>nostri</strong></span> 
     </span>
    </p>
   </div>
   <div class='ocr_carea' id='block_1_24' title="bbox 2281 1190 3880 1270">
    <p class='ocr_par' dir='ltr' id='par_1_24' title="bbox 2281 1190 3880 1270">
     <span class='ocr_line' id='line_1_24' title="bbox 2281 1190 3880 1270; baseline -0.007 -15"><span class='ocrx_word' id='word_1_171' title='bbox 2281 1213 2380 1270; x_wconf 94' lang='lat' dir='ltr'><strong>pro</strong></span> <span class='ocrx_word' id='word_1_172' title='bbox 2419 1198 2635 1254; x_wconf 88' lang='lat' dir='ltr'><strong>Christo</strong></span> <span class='ocrx_word' id='word_1_173' title='bbox 2679 1196 3062 1261; x_wconf 90' lang='lat' dir='ltr'><strong>devotionem;</strong></span> <span class='ocrx_word' id='word_1_174' title='bbox 3103 1193 3249 1266; x_wconf 86' lang='lat' dir='ltr'><strong>quod</strong></span> <span class='ocrx_word' id='word_1_175' title='bbox 3296 1190 3656 1249; x_wconf 90' lang='lat' dir='ltr'><strong>nihilominus</strong></span> <span class='ocrx_word' id='word_1_176' title='bbox 3705 1203 3880 1246; x_wconf 87' lang='lat' dir='ltr'><strong>recens</strong></span> 
     </span>
    </p>
   </div>
   <div class='ocr_carea' id='block_1_25' title="bbox 2280 1283 3877 1362">
    <p class='ocr_par' dir='ltr' id='par_1_25' title="bbox 2280 1283 3877 1362">
     <span class='ocr_line' id='line_1_25' title="bbox 2280 1283 3877 1362; baseline -0.008 -16"><span class='ocrx_word' id='word_1_177' title='bbox 2280 1291 2564 1362; x_wconf 83' lang='lat' dir='ltr'><strong>haptizatis</strong></span> <span class='ocrx_word' id='word_1_178' title='bbox 2613 1291 2892 1346; x_wconf 90' lang='lat' dir='ltr'><strong>incruenta</strong></span> <span class='ocrx_word' id='word_1_179' title='bbox 2939 1297 3113 1344; x_wconf 90' lang='lat' dir='ltr'><strong>morte</strong></span> <span class='ocrx_word' id='word_1_180' title='bbox 3142 1287 3371 1342; x_wconf 88' lang='lat' dir='ltr'><strong>sublatis</strong></span> <span class='ocrx_word' id='word_1_181' title='bbox 3401 1283 3674 1341; x_wconf 84' lang='lat' dir='ltr'><strong>concedat</strong></span> <span class='ocrx_word' id='word_1_182' title='bbox 3715 1292 3877 1337; x_wconf 88' lang='lat' dir='ltr'><strong>tamen</strong></span> 
     </span>
    </p>
   </div>
   <div class='ocr_carea' id='block_1_26' title="bbox 2279 1377 3879 1456">
    <p class='ocr_par' dir='ltr' id='par_1_26' title="bbox 2279 1377 3879 1456">
     <span class='ocr_line' id='line_1_26' title="bbox 2279 1377 3879 1456; baseline -0.008 -15"><span class='ocrx_word' id='word_1_183' title='bbox 2279 1386 2528 1442; x_wconf 87' lang='lat' dir='ltr'><strong>Christus</strong></span> <span class='ocrx_word' id='word_1_184' title='bbox 2553 1385 2806 1456; x_wconf 88' lang='lat' dir='ltr'><strong>baptismi</strong></span> <span class='ocrx_word' id='word_1_185' title='bbox 2839 1382 3096 1440; x_wconf 89' lang='lat' dir='ltr'><strong>beneﬁcia</strong></span> <span class='ocrx_word' id='word_1_186' title='bbox 3118 1423 3134 1446; x_wconf 89' lang='lat'><strong>,</strong></span> <span class='ocrx_word' id='word_1_187' title='bbox 3164 1382 3303 1438; x_wconf 87' lang='lat' dir='ltr'><strong>ratio</strong></span> <span class='ocrx_word' id='word_1_188' title='bbox 3336 1396 3447 1436; x_wconf 92' lang='lat' dir='ltr'><strong>non</strong></span> <span class='ocrx_word' id='word_1_189' title='bbox 3476 1389 3562 1434; x_wconf 84' lang='lat' dir='ltr'><strong>est</strong></span> <span class='ocrx_word' id='word_1_190' title='bbox 3591 1377 3734 1449; x_wconf 90' lang='lat' dir='ltr'><strong>quod</strong></span> <span class='ocrx_word' id='word_1_191' title='bbox 3763 1389 3879 1430; x_wconf 86' lang='lat' dir='ltr'><strong>con-</strong></span> 
     </span>
    </p>
   </div>
   <div class='ocr_carea' id='block_1_27' title="bbox 2279 1469 3878 1549">
    <p class='ocr_par' dir='ltr' id='par_1_27' title="bbox 2279 1469 3878 1549">
     <span class='ocr_line' id='line_1_27' title="bbox 2279 1469 3878 1549; baseline -0.008 -12"><span class='ocrx_word' id='word_1_192' title='bbox 2279 1480 2542 1537; x_wconf 88' lang='lat' dir='ltr'><strong>ditionem</strong></span> <span class='ocrx_word' id='word_1_193' title='bbox 2587 1478 2735 1534; x_wconf 89' lang='lat' dir='ltr'><strong>illam</strong></span> <span class='ocrx_word' id='word_1_194' title='bbox 2787 1477 3140 1549; x_wconf 67' lang='lat' dir='ltr'><strong>praastiterint</strong></span> <span class='ocrx_word' id='word_1_195' title='bbox 3181 1479 3267 1533; x_wconf 93' lang='lat' dir='ltr'><strong>cui</strong></span> <span class='ocrx_word' id='word_1_196' title='bbox 3314 1475 3590 1532; x_wconf 90' lang='lat' dir='ltr'><strong>debentur</strong></span> <span class='ocrx_word' id='word_1_197' title='bbox 3637 1488 3706 1528; x_wconf 81' lang='lat' dir='ltr'><strong>ex</strong></span> <span class='ocrx_word' id='word_1_198' title='bbox 3754 1469 3878 1540; x_wconf 88' lang='lat' dir='ltr'><strong>pacti</strong></span> 
     </span>
    </p>
   </div>
   <div class='ocr_carea' id='block_1_28' title="bbox 2283 1561 3876 1644">
    <p class='ocr_par' dir='ltr' id='par_1_28' title="bbox 2283 1561 3876 1644">
     <span class='ocr_line' id='line_1_28' title="bbox 2283 1561 3876 1644; baseline -0.008 -16"><span class='ocrx_word' id='word_1_199' title='bbox 2283 1573 2540 1644; x_wconf 63' lang='lat' dir='ltr'><strong>aequitate</strong></span> <span class='ocrx_word' id='word_1_200' title='bbox 2585 1570 2826 1642; x_wconf 85' lang='lat' dir='ltr'><strong>ejusdem</strong></span> <span class='ocrx_word' id='word_1_201' title='bbox 2873 1571 3170 1638; x_wconf 89' lang='lat' dir='ltr'><strong>beneﬁcia,</strong></span> <span class='ocrx_word' id='word_1_202' title='bbox 3217 1570 3316 1627; x_wconf 89' lang='lat' dir='ltr'><strong>sed</strong></span> <span class='ocrx_word' id='word_1_203' title='bbox 3358 1567 3508 1641; x_wconf 88' lang='lat' dir='ltr'><strong>quod</strong></span> <span class='ocrx_word' id='word_1_204' title='bbox 3539 1569 3711 1638; x_wconf 90' lang='lat' dir='ltr'><strong>prima</strong></span> <span class='ocrx_word' id='word_1_205' title='bbox 3751 1561 3876 1635; x_wconf 88' lang='lat' dir='ltr'><strong>pacti</strong></span> 
     </span>
    </p>
   </div>
   <div class='ocr_carea' id='block_1_29' title="bbox 2280 1660 3877 1734">
    <p class='ocr_par' dir='ltr' id='par_1_29' title="bbox 2280 1660 3877 1734">
     <span class='ocr_line' id='line_1_29' title="bbox 2280 1660 3877 1734; baseline -0.007 -15"><span class='ocrx_word' id='word_1_206' title='bbox 2280 1663 2543 1720; x_wconf 89' lang='lat' dir='ltr'><strong>benelicia</strong></span> <span class='ocrx_word' id='word_1_207' title='bbox 2591 1663 2760 1734; x_wconf 81' lang='lat' dir='ltr'><strong>gratis</strong></span> <span class='ocrx_word' id='word_1_208' title='bbox 2805 1663 3177 1720; x_wconf 89' lang='lat' dir='ltr'><strong>concedantur</strong></span> <span class='ocrx_word' id='word_1_209' title='bbox 3226 1672 3283 1720; x_wconf 94' lang='lat' dir='ltr'><strong>et</strong></span> <span class='ocrx_word' id='word_1_210' title='bbox 3326 1663 3450 1718; x_wconf 90' lang='lat' dir='ltr'><strong>sine</strong></span> <span class='ocrx_word' id='word_1_211' title='bbox 3499 1660 3611 1716; x_wconf 93' lang='lat' dir='ltr'><strong>ulla</strong></span> <span class='ocrx_word' id='word_1_212' title='bbox 3671 1670 3877 1730; x_wconf 88' lang='lat' dir='ltr'><strong>prorsus</strong></span> 
     </span>
    </p>
   </div>
   <div class='ocr_carea' id='block_1_30' title="bbox 2281 1747 3878 1830">
    <p class='ocr_par' dir='ltr' id='par_1_30' title="bbox 2281 1747 3878 1830">
     <span class='ocr_line' id='line_1_30' title="bbox 2281 1747 3878 1830; baseline -0.007 -16"><span class='ocrx_word' id='word_1_213' title='bbox 2281 1758 2626 1825; x_wconf 90' lang='lat' dir='ltr'><strong>conditione,</strong></span> <span class='ocrx_word' id='word_1_214' title='bbox 2657 1760 2957 1830; x_wconf 69' lang='lat' dir='ltr'><strong>praesertim</strong></span> <span class='ocrx_word' id='word_1_215' title='bbox 2989 1758 3096 1813; x_wconf 92' lang='lat' dir='ltr'><strong>illis</strong></span> <span class='ocrx_word' id='word_1_216' title='bbox 3126 1759 3219 1829; x_wconf 88' lang='lat' dir='ltr'><strong>qui</strong></span> <span class='ocrx_word' id='word_1_217' title='bbox 3254 1757 3498 1815; x_wconf 90' lang='lat' dir='ltr'><strong>nondum</strong></span> <span class='ocrx_word' id='word_1_218' title='bbox 3530 1750 3728 1810; x_wconf 84' lang='lat' dir='ltr'><strong>actuali</strong></span> <span class='ocrx_word' id='word_1_219' title='bbox 3753 1747 3878 1806; x_wconf 85' lang='lat' dir='ltr'><strong>obli-</strong></span> 
     </span>
    </p>
   </div>
   <div class='ocr_carea' id='block_1_31' title="bbox 574 1840 3876 1922">
    <p class='ocr_par' dir='ltr' id='par_1_31' title="bbox 574 1840 3876 1922">
     <span class='ocr_line' id='line_1_31' title="bbox 574 1840 3876 1922; baseline -0.004 -18"><span class='ocrx_word' id='word_1_220' title='bbox 574 1863 644 1904; x_wconf 88' lang='lat' dir='ltr'><strong>ne</strong></span> <span class='ocrx_word' id='word_1_221' title='bbox 673 1863 799 1904; x_wconf 87' lang='lat' dir='ltr'><strong>vere</strong></span> <span class='ocrx_word' id='word_1_222' title='bbox 828 1847 1042 1919; x_wconf 87' lang='lat' dir='ltr'><strong>quidem</strong></span> <span class='ocrx_word' id='word_1_223' title='bbox 1075 1846 1324 1903; x_wconf 88' lang='lat' dir='ltr'><strong>Christus</strong></span> <span class='ocrx_word' id='word_1_224' title='bbox 1361 1862 1429 1902; x_wconf 92' lang='lat' dir='ltr'><strong>eo</strong></span> <span class='ocrx_word' id='word_1_225' title='bbox 1458 1862 1620 1902; x_wconf 89' lang='lat' dir='ltr'><strong>sensu</strong></span> <span class='ocrx_word' id='word_1_226' title='bbox 1643 1849 1714 1902; x_wconf 88' lang='lat' dir='ltr'><strong>sit</strong></span> <span class='ocrx_word' id='word_1_227' title='bbox 1741 1863 1995 1918; x_wconf 88' lang='lat' dir='ltr'><strong>umquam</strong></span> <span class='ocrx_word' id='word_1_228' title='bbox 2025 1863 2174 1901; x_wconf 78' lang='lat' dir='ltr'><strong>tuor-</strong></span> <span class='ocrx_word' id='word_1_229' title='bbox 2204 1853 2253 1914; x_wconf 88' lang='lat' dir='ltr'><strong>B</strong></span> <span class='ocrx_word' id='word_1_230' title='bbox 2279 1851 2481 1922; x_wconf 88' lang='lat' dir='ltr'><strong>gationi</strong></span> <span class='ocrx_word' id='word_1_231' title='bbox 2520 1858 2613 1904; x_wconf 90' lang='lat' dir='ltr'><strong>aut</strong></span> <span class='ocrx_word' id='word_1_232' title='bbox 2655 1850 2956 1906; x_wconf 87' lang='lat' dir='ltr'><strong>conditioni</strong></span> <span class='ocrx_word' id='word_1_233' title='bbox 2997 1849 3066 1906; x_wconf 91' lang='lat' dir='ltr'><strong>de</strong></span> <span class='ocrx_word' id='word_1_234' title='bbox 3107 1851 3252 1906; x_wconf 74' lang='lat' dir='ltr'><strong>iacto</strong></span> <span class='ocrx_word' id='word_1_235' title='bbox 3297 1847 3626 1920; x_wconf 69' lang='lat' dir='ltr'><strong>praestanda:</strong></span> <span class='ocrx_word' id='word_1_236' title='bbox 3665 1840 3876 1899; x_wconf 78' lang='lat' dir='ltr'><strong>obnoxii</strong></span> 
     </span>
    </p>
   </div>
   <div class='ocr_carea' id='block_1_32' title="bbox 575 1940 2178 2010">
    <p class='ocr_par' dir='ltr' id='par_1_32' title="bbox 575 1940 2178 2010">
     <span class='ocr_line' id='line_1_32' title="bbox 575 1940 2178 2010; baseline -0.001 -14"><span class='ocrx_word' id='word_1_237' title='bbox 575 1949 701 1996; x_wconf 86' lang='lat' dir='ltr'><strong>tuus</strong></span> <span class='ocrx_word' id='word_1_238' title='bbox 741 1949 834 1995; x_wconf 91' lang='lat' dir='ltr'><strong>aut</strong></span> <span class='ocrx_word' id='word_1_239' title='bbox 877 1941 1258 1996; x_wconf 81' lang='lat' dir='ltr'><strong>resurrexcrit.</strong></span> <span class='ocrx_word' id='word_1_240' title='bbox 1301 1940 1433 1995; x_wconf 82' lang='lat' dir='ltr'><strong>Mori</strong></span> <span class='ocrx_word' id='word_1_241' title='bbox 1473 1940 1564 1996; x_wconf 91' lang='lat' dir='ltr'><strong>ille</strong></span> <span class='ocrx_word' id='word_1_242' title='bbox 1605 1949 1828 2010; x_wconf 84' lang='lat' dir='ltr'><strong>peccato</strong></span> <span class='ocrx_word' id='word_1_243' title='bbox 1867 1955 1974 1995; x_wconf 90' lang='lat' dir='ltr'><strong>non</strong></span> <span class='ocrx_word' id='word_1_244' title='bbox 2004 1941 2178 2010; x_wconf 90' lang='lat' dir='ltr'><strong>potuit</strong></span> 
     </span>
    </p>
   </div>
   <div class='ocr_carea' id='block_1_33' title="bbox 575 2032 2176 2104">
    <p class='ocr_par' dir='ltr' id='par_1_33' title="bbox 575 2032 2176 2104">
     <span class='ocr_line' id='line_1_33' title="bbox 575 2032 2176 2104; baseline 0 -16"><span class='ocrx_word' id='word_1_245' title='bbox 575 2032 665 2104; x_wconf 90' lang='lat' dir='ltr'><strong>qui</strong></span> <span class='ocrx_word' id='word_1_246' title='bbox 697 2049 966 2103; x_wconf 84' lang='lat' dir='ltr'><strong>nunquam</strong></span> <span class='ocrx_word' id='word_1_247' title='bbox 994 2033 1046 2090; x_wconf 93' lang='lat' dir='ltr'><strong>ei</strong></span> <span class='ocrx_word' id='word_1_248' title='bbox 1073 2034 1302 2089; x_wconf 77' lang='lat' dir='ltr'><strong>vixerat.</strong></span> <span class='ocrx_word' id='word_1_249' title='bbox 1320 2032 1643 2088; x_wconf 83' lang='lat' dir='ltr'><strong>Mortilicare</strong></span> <span class='ocrx_word' id='word_1_250' title='bbox 1662 2049 1878 2088; x_wconf 91' lang='lat' dir='ltr'><strong>carnem</strong></span> <span class='ocrx_word' id='word_1_251' title='bbox 1903 2049 2008 2088; x_wconf 92' lang='lat' dir='ltr'><strong>non</strong></span> <span class='ocrx_word' id='word_1_252' title='bbox 2039 2047 2176 2103; x_wconf 90' lang='lat' dir='ltr'><strong>opus</strong></span> 
     </span>
    </p>
   </div>
   <div class='ocr_carea' id='block_1_34' title="bbox 575 2127 2174 2199">
    <p class='ocr_par' dir='ltr' id='par_1_34' title="bbox 575 2127 2174 2199">
     <span class='ocr_line' id='line_1_34' title="bbox 575 2127 2174 2199; baseline -0.001 -16"><span class='ocrx_word' id='word_1_253' title='bbox 575 2127 870 2198; x_wconf 86' lang='lat' dir='ltr'><strong>babuitqui</strong></span> <span class='ocrx_word' id='word_1_254' title='bbox 901 2129 1100 2184; x_wconf 91' lang='lat' dir='ltr'><strong>nullam</strong></span> <span class='ocrx_word' id='word_1_255' title='bbox 1127 2142 1380 2199; x_wconf 85' lang='lat' dir='ltr'><strong>umquam</strong></span> <span class='ocrx_word' id='word_1_256' title='bbox 1409 2127 1579 2183; x_wconf 89' lang='lat' dir='ltr'><strong>sensit</strong></span> <span class='ocrx_word' id='word_1_257' title='bbox 1597 2128 1774 2182; x_wconf 91' lang='lat' dir='ltr'><strong>carnis</strong></span> <span class='ocrx_word' id='word_1_258' title='bbox 1801 2127 2174 2184; x_wconf 89' lang='lat' dir='ltr'><strong>rebellionem.</strong></span> 
     </span>
    </p>
   </div>
   <div class='ocr_carea' id='block_1_35' title="bbox 576 2221 2175 2292">
    <p class='ocr_par' dir='ltr' id='par_1_35' title="bbox 576 2221 2175 2292">
     <span class='ocr_line' id='line_1_35' title="bbox 576 2221 2175 2292; baseline -0.001 -15"><span class='ocrx_word' id='word_1_259' title='bbox 576 2221 687 2277; x_wconf 86' lang='lat' dir='ltr'><strong>Nec</strong></span> <span class='ocrx_word' id='word_1_260' title='bbox 729 2222 1028 2277; x_wconf 80' lang='lat' dir='ltr'><strong>resurrexit</strong></span> <span class='ocrx_word' id='word_1_261' title='bbox 1065 2221 1157 2278; x_wconf 91' lang='lat' dir='ltr'><strong>ille</strong></span> <span class='ocrx_word' id='word_1_262' title='bbox 1195 2222 1262 2276; x_wconf 89' lang='lat' dir='ltr'><strong>ad</strong></span> <span class='ocrx_word' id='word_1_263' title='bbox 1302 2237 1494 2278; x_wconf 90' lang='lat' dir='ltr'><strong>novam</strong></span> <span class='ocrx_word' id='word_1_264' title='bbox 1537 2222 1977 2292; x_wconf 88' lang='lat' dir='ltr'><strong>spiritualemqne</strong></span> <span class='ocrx_word' id='word_1_265' title='bbox 2013 2221 2175 2277; x_wconf 89' lang='lat' dir='ltr'><strong>vitam</strong></span> 
     </span>
    </p>
   </div>
   <div class='ocr_carea' id='block_1_36' title="bbox 577 2314 2179 2388">
    <p class='ocr_par' dir='ltr' id='par_1_36' title="bbox 577 2314 2179 2388">
     <span class='ocr_line' id='line_1_36' title="bbox 577 2314 2179 2388; baseline -0.001 -17"><span class='ocrx_word' id='word_1_266' title='bbox 577 2317 668 2388; x_wconf 88' lang='lat' dir='ltr'><strong>qui</strong></span> <span class='ocrx_word' id='word_1_267' title='bbox 699 2327 1057 2386; x_wconf 62' lang='lat' dir='ltr'><strong>praeterquam</strong></span> <span class='ocrx_word' id='word_1_268' title='bbox 1095 2315 1429 2385; x_wconf 88' lang='lat' dir='ltr'><strong>spiritualem</strong></span> <span class='ocrx_word' id='word_1_269' title='bbox 1457 2315 1620 2370; x_wconf 90' lang='lat' dir='ltr'><strong>vitam</strong></span> <span class='ocrx_word' id='word_1_270' title='bbox 1651 2315 1812 2369; x_wconf 88' lang='lat' dir='ltr'><strong>aliam</strong></span> <span class='ocrx_word' id='word_1_271' title='bbox 1844 2314 2045 2370; x_wconf 89' lang='lat' dir='ltr'><strong>nullam</strong></span> <span class='ocrx_word' id='word_1_272' title='bbox 2077 2330 2179 2369; x_wconf 86' lang='lat' dir='ltr'><strong>ull-</strong></span> 
     </span>
    </p>
   </div>
   <div class='ocr_carea' id='block_1_37' title="bbox 577 2407 2178 2481">
    <p class='ocr_par' dir='ltr' id='par_1_37' title="bbox 577 2407 2178 2481">
     <span class='ocr_line' id='line_1_37' title="bbox 577 2407 2178 2481; baseline 0.001 -19"><span class='ocrx_word' id='word_1_273' title='bbox 577 2423 735 2479; x_wconf 90' lang='lat' dir='ltr'><strong>quam</strong></span> <span class='ocrx_word' id='word_1_274' title='bbox 775 2407 1022 2462; x_wconf 84' lang='lat' dir='ltr'><strong>duxerat.</strong></span> <span class='ocrx_word' id='word_1_275' title='bbox 1053 2407 1271 2481; x_wconf 81' lang='lat' dir='ltr'><strong>Mystica</strong></span> <span class='ocrx_word' id='word_1_276' title='bbox 1299 2423 1428 2478; x_wconf 88' lang='lat' dir='ltr'><strong>ergo</strong></span> <span class='ocrx_word' id='word_1_277' title='bbox 1472 2424 1616 2463; x_wconf 91' lang='lat' dir='ltr'><strong>mors</strong></span> <span class='ocrx_word' id='word_1_278' title='bbox 1659 2417 1822 2478; x_wconf 89' lang='lat' dir='ltr'><strong>atque</strong></span> <span class='ocrx_word' id='word_1_279' title='bbox 1852 2409 2178 2464; x_wconf 87' lang='lat' dir='ltr'><strong>resurrectio</strong></span> 
     </span>
    </p>
   </div>
   <div class='ocr_carea' id='block_1_38' title="bbox 579 2499 2178 2572">
    <p class='ocr_par' dir='ltr' id='par_1_38' title="bbox 579 2499 2178 2572">
     <span class='ocr_line' id='line_1_38' title="bbox 579 2499 2178 2572; baseline 0.001 -17"><span class='ocrx_word' id='word_1_280' title='bbox 579 2499 928 2563; x_wconf 79' lang='lat' dir='ltr'><strong>secundarias</strong></span> <span class='ocrx_word' id='word_1_281' title='bbox 951 2499 1118 2556; x_wconf 79' lang='lat' dir='ltr'><strong>fuisse</strong></span> <span class='ocrx_word' id='word_1_282' title='bbox 1136 2511 1372 2571; x_wconf 89' lang='lat' dir='ltr'><strong>oportet,</strong></span> <span class='ocrx_word' id='word_1_283' title='bbox 1399 2518 1504 2556; x_wconf 91' lang='lat' dir='ltr'><strong>non</strong></span> <span class='ocrx_word' id='word_1_284' title='bbox 1537 2501 1804 2571; x_wconf 71' lang='lat' dir='ltr'><strong>primaria:</strong></span> <span class='ocrx_word' id='word_1_285' title='bbox 1826 2501 1878 2555; x_wconf 92' lang='lat' dir='ltr'><strong>in</strong></span> <span class='ocrx_word' id='word_1_286' title='bbox 1911 2501 2178 2572; x_wconf 89' lang='lat' dir='ltr'><strong>baptismo</strong></span> 
     </span>
    </p>
   </div>
   <div class='ocr_carea' id='block_1_39' title="bbox 577 2593 2176 2664">
    <p class='ocr_par' dir='ltr' id='par_1_39' title="bbox 577 2593 2176 2664">
     <span class='ocr_line' id='line_1_39' title="bbox 577 2593 2176 2664; baseline -0.001 -15"><span class='ocrx_word' id='word_1_287' title='bbox 577 2594 1096 2663; x_wconf 69' lang='lat' dir='ltr'><strong>repraesentationis,</strong></span> <span class='ocrx_word' id='word_1_288' title='bbox 1112 2603 1376 2664; x_wconf 90' lang='lat' dir='ltr'><strong>quatenus</strong></span> <span class='ocrx_word' id='word_1_289' title='bbox 1402 2604 1456 2649; x_wconf 92' lang='lat' dir='ltr'><strong>et</strong></span> <span class='ocrx_word' id='word_1_290' title='bbox 1485 2595 1612 2661; x_wconf 72' lang='lat' dir='ltr'><strong>illae,</strong></span> <span class='ocrx_word' id='word_1_291' title='bbox 1631 2610 1952 2664; x_wconf 87' lang='lat' dir='ltr'><strong>quamquam</strong></span> <span class='ocrx_word' id='word_1_292' title='bbox 1978 2593 2176 2649; x_wconf 91' lang='lat' dir='ltr'><strong>nullam</strong></span> 
     </span>
    </p>
   </div>
   <div class='ocr_carea' id='block_1_40' title="bbox 579 2684 2180 2760">
    <p class='ocr_par' dir='ltr' id='par_1_40' title="bbox 579 2684 2180 2760">
     <span class='ocr_line' id='line_1_40' title="bbox 579 2684 2180 2760; baseline 0.001 -19"><span class='ocrx_word' id='word_1_293' title='bbox 579 2700 702 2741; x_wconf 90' lang='lat' dir='ltr'><strong>cum</strong></span> <span class='ocrx_word' id='word_1_294' title='bbox 731 2684 950 2743; x_wconf 87' lang='lat' dir='ltr'><strong>Christo</strong></span> <span class='ocrx_word' id='word_1_295' title='bbox 969 2687 1404 2743; x_wconf 84' lang='lat' dir='ltr'><strong>conformitatem</strong></span> <span class='ocrx_word' id='word_1_296' title='bbox 1433 2687 1564 2760; x_wconf 67' lang='lat' dir='ltr'><strong>ipsae</strong></span> <span class='ocrx_word' id='word_1_297' title='bbox 1590 2686 1866 2752; x_wconf 88' lang='lat' dir='ltr'><strong>denotent,</strong></span> <span class='ocrx_word' id='word_1_298' title='bbox 1891 2687 2180 2757; x_wconf 86' lang='lat' dir='ltr'><strong>disponant</strong></span> 
     </span>
    </p>
   </div>
   <div class='ocr_carea' id='block_1_41' title="bbox 579 2777 2179 2835">
    <p class='ocr_par' dir='ltr' id='par_1_41' title="bbox 579 2777 2179 2835">
     <span class='ocr_line' id='line_1_41' title="bbox 579 2777 2179 2835; baseline 0.001 -1"><span class='ocrx_word' id='word_1_299' title='bbox 579 2777 772 2834; x_wconf 81' lang='lat' dir='ltr'><strong>saltem</strong></span> <span class='ocrx_word' id='word_1_300' title='bbox 813 2778 883 2834; x_wconf 91' lang='lat' dir='ltr'><strong>ad</strong></span> <span class='ocrx_word' id='word_1_301' title='bbox 921 2778 1070 2834; x_wconf 89' lang='lat' dir='ltr'><strong>illam</strong></span> <span class='ocrx_word' id='word_1_302' title='bbox 1116 2780 1416 2834; x_wconf 91' lang='lat' dir='ltr'><strong>animarum</strong></span> <span class='ocrx_word' id='word_1_303' title='bbox 1455 2788 1760 2835; x_wconf 89' lang='lat' dir='ltr'><strong>nostrarum</strong></span> <span class='ocrx_word' id='word_1_304' title='bbox 1801 2795 1920 2835; x_wconf 91' lang='lat' dir='ltr'><strong>cum</strong></span> <span class='ocrx_word' id='word_1_305' title='bbox 1961 2779 2179 2835; x_wconf 90' lang='lat' dir='ltr'><strong>Christo</strong></span> 
     </span>
    </p>
   </div>
   <div class='ocr_carea' id='block_1_42' title="bbox 580 2870 2180 2943">
    <p class='ocr_par' dir='ltr' id='par_1_42' title="bbox 580 2870 2180 2943">
     <span class='ocr_line' id='line_1_42' title="bbox 580 2870 2180 2943; baseline 0.001 -16"><span class='ocrx_word' id='word_1_306' title='bbox 580 2870 1043 2938; x_wconf 89' lang='lat' dir='ltr'><strong>conl&#39;ormitatem,</strong></span> <span class='ocrx_word' id='word_1_307' title='bbox 1093 2887 1254 2943; x_wconf 87' lang='lat' dir='ltr'><strong>quam</strong></span> <span class='ocrx_word' id='word_1_308' title='bbox 1287 2881 1342 2928; x_wconf 92' lang='lat' dir='ltr'><strong>ct</strong></span> <span class='ocrx_word' id='word_1_309' title='bbox 1383 2872 1556 2943; x_wconf 86' lang='lat' dir='ltr'><strong>ipsam</strong></span> <span class='ocrx_word' id='word_1_310' title='bbox 1589 2871 1808 2928; x_wconf 89' lang='lat' dir='ltr'><strong>Christo</strong></span> <span class='ocrx_word' id='word_1_311' title='bbox 1849 2871 2021 2928; x_wconf 81' lang='lat' dir='ltr'><strong>fateor</strong></span> <span class='ocrx_word' id='word_1_312' title='bbox 2056 2886 2180 2928; x_wconf 85' lang='lat' dir='ltr'><strong>esse</strong></span> 
     </span>
    </p>
   </div>
   <div class='ocr_carea' id='block_1_43' title="bbox 580 2962 962 3036">
    <p class='ocr_par' dir='ltr' id='par_1_43' title="bbox 580 2962 962 3036">
     <span class='ocr_line' id='line_1_43' title="bbox 580 2962 962 3036; baseline 0.01 -20"><span class='ocrx_word' id='word_1_313' title='bbox 580 2962 962 3036; x_wconf 82' lang='lat' dir='ltr'><strong>gratissimam.</strong></span> 
     </span>
    </p>
   </div>
   <div class='ocr_carea' id='block_1_44' title="bbox 658 3055 2179 3130">
    <p class='ocr_par' dir='ltr' id='par_1_44' title="bbox 658 3055 2179 3130">
     <span class='ocr_line' id='line_1_44' title="bbox 658 3055 2179 3130; baseline 0.001 -17"><span class='ocrx_word' id='word_1_314' title='bbox 658 3056 685 3127; x_wconf 65' lang='grc' dir='ltr'><strong>ἓ</strong></span> <span class='ocrx_word' id='word_1_315' title='bbox 726 3057 818 3114; x_wconf 79' lang='lat'><strong>30.</strong></span> <span class='ocrx_word' id='word_1_316' title='bbox 844 3055 1061 3113; x_wconf 89' lang='lat' dir='ltr'><strong>-—Cum</strong></span> <span class='ocrx_word' id='word_1_317' title='bbox 1086 3057 1266 3130; x_wconf 88' lang='lat' dir='ltr'><strong>itaque</strong></span> <span class='ocrx_word' id='word_1_318' title='bbox 1292 3059 1483 3115; x_wconf 90' lang='lat' dir='ltr'><strong>mortis</strong></span> <span class='ocrx_word' id='word_1_319' title='bbox 1515 3058 1630 3115; x_wconf 86' lang='lat' dir='ltr'><strong>haec</strong></span> <span class='ocrx_word' id='word_1_320' title='bbox 1659 3060 2179 3130; x_wconf 88' lang='lat' dir='ltr'><strong>resurrectionisque</strong></span> 
     </span>
    </p>
   </div>
   <div class='ocr_carea' id='block_1_45' title="bbox 581 3148 2180 3224">
    <p class='ocr_par' dir='ltr' id='par_1_45' title="bbox 581 3148 2180 3224">
     <span class='ocr_line' id='line_1_45' title="bbox 581 3148 2180 3224; baseline 0 -18"><span class='ocrx_word' id='word_1_321' title='bbox 581 3148 637 3206; x_wconf 90' lang='lat' dir='ltr'><strong>in</strong></span> <span class='ocrx_word' id='word_1_322' title='bbox 674 3149 944 3220; x_wconf 87' lang='lat' dir='ltr'><strong>baptismo</strong></span> <span class='ocrx_word' id='word_1_323' title='bbox 991 3151 1400 3222; x_wconf 67' lang='lat' dir='ltr'><strong>repraesentatio</strong></span> <span class='ocrx_word' id='word_1_324' title='bbox 1429 3151 1498 3208; x_wconf 91' lang='lat' dir='ltr'><strong>ad</strong></span> <span class='ocrx_word' id='word_1_325' title='bbox 1527 3167 1756 3224; x_wconf 89' lang='lat' dir='ltr'><strong>corpora</strong></span> <span class='ocrx_word' id='word_1_326' title='bbox 1795 3162 1977 3208; x_wconf 88' lang='lat' dir='ltr'><strong>nostra</strong></span> <span class='ocrx_word' id='word_1_327' title='bbox 2007 3153 2180 3222; x_wconf 91' lang='lat' dir='ltr'><strong>primo</strong></span> 
     </span>
    </p>
   </div>
   <div class='ocr_carea' id='block_1_46' title="bbox 2278 1939 3874 2016">
    <p class='ocr_par' dir='ltr' id='par_1_46' title="bbox 2278 1939 3874 2016">
     <span class='ocr_line' id='line_1_46' title="bbox 2278 1939 3874 2016; baseline -0.007 -16"><span class='ocrx_word' id='word_1_328' title='bbox 2278 1953 2482 2010; x_wconf 89' lang='lat' dir='ltr'><strong>essent,</strong></span> <span class='ocrx_word' id='word_1_329' title='bbox 2532 1955 2754 2015; x_wconf 87' lang='lat' dir='ltr'><strong>propter</strong></span> <span class='ocrx_word' id='word_1_330' title='bbox 2797 1945 3208 2016; x_wconf 89' lang='lat' dir='ltr'><strong>incapacitatem</strong></span> <span class='ocrx_word' id='word_1_331' title='bbox 3255 1943 3512 2016; x_wconf 86' lang='lat' dir='ltr'><strong>subjecti.</strong></span> <span class='ocrx_word' id='word_1_332' title='bbox 3568 1939 3874 1997; x_wconf 82' lang='lat' dir='ltr'><strong>Adultorum</strong></span> 
     </span>
    </p>
   </div>
   <div class='ocr_carea' id='block_1_47' title="bbox 2279 2040 3878 2110">
    <p class='ocr_par' dir='ltr' id='par_1_47' title="bbox 2279 2040 3878 2110">
     <span class='ocr_line' id='line_1_47' title="bbox 2279 2040 3878 2110; baseline -0.008 -12"><span class='ocrx_word' id='word_1_333' title='bbox 2279 2043 2383 2098; x_wconf 89' lang='lat' dir='ltr'><strong>alia</strong></span> <span class='ocrx_word' id='word_1_334' title='bbox 2411 2053 2495 2098; x_wconf 90' lang='lat' dir='ltr'><strong>est</strong></span> <span class='ocrx_word' id='word_1_335' title='bbox 2525 2041 2748 2098; x_wconf 91' lang='lat' dir='ltr'><strong>omnino</strong></span> <span class='ocrx_word' id='word_1_336' title='bbox 2778 2043 2939 2098; x_wconf 91' lang='lat' dir='ltr'><strong>ratio.</strong></span> <span class='ocrx_word' id='word_1_337' title='bbox 2967 2042 3139 2110; x_wconf 89' lang='lat' dir='ltr'><strong>Quam</strong></span> <span class='ocrx_word' id='word_1_338' title='bbox 3170 2042 3315 2099; x_wconf 87' lang='lat' dir='ltr'><strong>enim</strong></span> <span class='ocrx_word' id='word_1_339' title='bbox 3345 2040 3721 2099; x_wconf 91' lang='lat' dir='ltr'><strong>conditionem</strong></span> <span class='ocrx_word' id='word_1_340' title='bbox 3749 2046 3878 2088; x_wconf 86' lang='lat' dir='ltr'><strong>non-</strong></span> 
     </span>
    </p>
   </div>
   <div class='ocr_carea' id='block_1_48' title="bbox 2279 2133 3872 2207">
    <p class='ocr_par' dir='ltr' id='par_1_48' title="bbox 2279 2133 3872 2207">
     <span class='ocr_line' id='line_1_48' title="bbox 2279 2133 3872 2207; baseline -0.003 -16"><span class='ocrx_word' id='word_1_341' title='bbox 2279 2136 2406 2191; x_wconf 92' lang='lat' dir='ltr'><strong>dum</strong></span> <span class='ocrx_word' id='word_1_342' title='bbox 2444 2145 2704 2207; x_wconf 73' lang='lat' dir='ltr'><strong>prtestare</strong></span> <span class='ocrx_word' id='word_1_343' title='bbox 2732 2143 2994 2206; x_wconf 90' lang='lat' dir='ltr'><strong>possunt,</strong></span> <span class='ocrx_word' id='word_1_344' title='bbox 3027 2151 3148 2192; x_wconf 89' lang='lat' dir='ltr'><strong>eam</strong></span> <span class='ocrx_word' id='word_1_345' title='bbox 3176 2135 3318 2191; x_wconf 91' lang='lat' dir='ltr'><strong>velle</strong></span> <span class='ocrx_word' id='word_1_346' title='bbox 3356 2133 3556 2190; x_wconf 87' lang='lat' dir='ltr'><strong>saltem</strong></span> <span class='ocrx_word' id='word_1_347' title='bbox 3603 2133 3872 2202; x_wconf 56' lang='lat' dir='ltr'><strong>poterant,</strong></span> 
     </span>
    </p>
   </div>
   <div class='ocr_carea' id='block_1_49' title="bbox 2281 2226 3870 2300">
    <p class='ocr_par' dir='ltr' id='par_1_49' title="bbox 2281 2226 3870 2300">
     <span class='ocr_line' id='line_1_49' title="bbox 2281 2226 3870 2300; baseline -0.011 -15"><span class='ocrx_word' id='word_1_348' title='bbox 2281 2239 2340 2285; x_wconf 92' lang='lat' dir='ltr'><strong>ut</strong></span> <span class='ocrx_word' id='word_1_349' title='bbox 2361 2229 2481 2284; x_wconf 82' lang='lat' dir='ltr'><strong>facti</strong></span> <span class='ocrx_word' id='word_1_350' title='bbox 2515 2229 2634 2284; x_wconf 89' lang='lat' dir='ltr'><strong>loco</strong></span> <span class='ocrx_word' id='word_1_351' title='bbox 2654 2227 2797 2300; x_wconf 88' lang='lat' dir='ltr'><strong>apud</strong></span> <span class='ocrx_word' id='word_1_352' title='bbox 2825 2229 2994 2284; x_wconf 90' lang='lat' dir='ltr'><strong>Deum</strong></span> <span class='ocrx_word' id='word_1_353' title='bbox 3018 2227 3282 2284; x_wconf 86' lang='lat' dir='ltr'><strong>habeatur</strong></span> <span class='ocrx_word' id='word_1_354' title='bbox 3307 2226 3440 2284; x_wconf 90' lang='lat' dir='ltr'><strong>illud</strong></span> <span class='ocrx_word' id='word_1_355' title='bbox 3466 2227 3642 2297; x_wconf 91' lang='lat' dir='ltr'><strong>ipsum</strong></span> <span class='ocrx_word' id='word_1_356' title='bbox 3679 2226 3870 2273; x_wconf 91' lang='lat' dir='ltr'><strong>votum.</strong></span> 
     </span>
    </p>
   </div>
   <div class='ocr_carea' id='block_1_50' title="bbox 2282 2307 3874 2385">
    <p class='ocr_par' dir='ltr' id='par_1_50' title="bbox 2282 2307 3874 2385">
     <span class='ocr_line' id='line_1_50' title="bbox 2282 2307 3874 2385; baseline -0.008 -6"><span class='ocrx_word' id='word_1_357' title='bbox 2282 2322 2423 2379; x_wconf 89' lang='lat' dir='ltr'><strong>Sunt</strong></span> <span class='ocrx_word' id='word_1_358' title='bbox 2451 2331 2632 2378; x_wconf 90' lang='lat' dir='ltr'><strong>autem</strong></span> <span class='ocrx_word' id='word_1_359' title='bbox 2662 2323 2802 2378; x_wconf 90' lang='lat' dir='ltr'><strong>inter</strong></span> <span class='ocrx_word' id='word_1_360' title='bbox 2824 2336 2884 2378; x_wconf 90' lang='lat' dir='ltr'><strong>se</strong></span> <span class='ocrx_word' id='word_1_361' title='bbox 2909 2321 3200 2377; x_wconf 89' lang='lat' dir='ltr'><strong>admodum</strong></span> <span class='ocrx_word' id='word_1_362' title='bbox 3228 2320 3464 2377; x_wconf 69' lang='lat' dir='ltr'><strong>diversa:</strong></span> <span class='ocrx_word' id='word_1_363' title='bbox 3492 2317 3599 2374; x_wconf 73' lang='lat' dir='ltr'><strong>illa:</strong></span> <span class='ocrx_word' id='word_1_364' title='bbox 3619 2307 3874 2385; x_wconf 65' lang='lat' dir='ltr'><strong>atquitatis</strong></span> 
     </span>
    </p>
   </div>
   <div class='ocr_carea' id='block_1_51' title="bbox 2281 2406 3871 2486">
    <p class='ocr_par' dir='ltr' id='par_1_51' title="bbox 2281 2406 3871 2486">
     <span class='ocr_line' id='line_1_51' title="bbox 2281 2406 3871 2486; baseline -0.008 -16"><span class='ocrx_word' id='word_1_365' title='bbox 2281 2415 2522 2471; x_wconf 90' lang='lat' dir='ltr'><strong>rationes</strong></span> <span class='ocrx_word' id='word_1_366' title='bbox 2561 2430 2663 2486; x_wconf 85' lang='lat' dir='ltr'><strong>qua</strong></span> <span class='ocrx_word' id='word_1_367' title='bbox 2693 2414 2816 2486; x_wconf 88' lang='lat' dir='ltr'><strong>quis</strong></span> <span class='ocrx_word' id='word_1_368' title='bbox 2845 2426 3134 2472; x_wconf 66' lang='lat' dir='ltr'><strong>exetmatur</strong></span> <span class='ocrx_word' id='word_1_369' title='bbox 3163 2431 3194 2471; x_wconf 89' lang='lat' dir='ltr'><strong>a</strong></span> <span class='ocrx_word' id='word_1_370' title='bbox 3228 2412 3536 2485; x_wconf 64' lang='lat' dir='ltr'><strong>praestanda</strong></span> <span class='ocrx_word' id='word_1_371' title='bbox 3577 2406 3721 2482; x_wconf 86' lang='lat' dir='ltr'><strong>pacti</strong></span> <span class='ocrx_word' id='word_1_372' title='bbox 3753 2418 3871 2460; x_wconf 90' lang='lat' dir='ltr'><strong>con-</strong></span> 
     </span>
    </p>
   </div>
   <div class='ocr_carea' id='block_1_52' title="bbox 2282 2503 3873 2579">
    <p class='ocr_par' dir='ltr' id='par_1_52' title="bbox 2282 2503 3873 2579">
     <span class='ocr_line' id='line_1_52' title="bbox 2282 2503 3873 2579; baseline -0.01 -15"><span class='ocrx_word' id='word_1_373' title='bbox 2282 2508 2518 2572; x_wconf 91' lang='lat' dir='ltr'><strong>ditione,</strong></span> <span class='ocrx_word' id='word_1_374' title='bbox 2546 2516 2602 2563; x_wconf 89' lang='lat' dir='ltr'><strong>et</strong></span> <span class='ocrx_word' id='word_1_375' title='bbox 2630 2523 2737 2578; x_wconf 90' lang='lat' dir='ltr'><strong>qua</strong></span> <span class='ocrx_word' id='word_1_376' title='bbox 2764 2509 2889 2578; x_wconf 90' lang='lat' dir='ltr'><strong>quis</strong></span> <span class='ocrx_word' id='word_1_377' title='bbox 2917 2506 3164 2564; x_wconf 88' lang='lat' dir='ltr'><strong>eamdem</strong></span> <span class='ocrx_word' id='word_1_378' title='bbox 3206 2508 3340 2579; x_wconf 90' lang='lat' dir='ltr'><strong>legis</strong></span> <span class='ocrx_word' id='word_1_379' title='bbox 3361 2503 3730 2564; x_wconf 89' lang='lat' dir='ltr'><strong>conditionem</strong></span> <span class='ocrx_word' id='word_1_380' title='bbox 3760 2510 3873 2552; x_wconf 83' lang='lat' dir='ltr'><strong>cen-</strong></span> 
     </span>
    </p>
   </div>
   <div class='ocr_carea' id='block_1_53' title="bbox 2282 2598 3872 2673">
    <p class='ocr_par' dir='ltr' id='par_1_53' title="bbox 2282 2598 3872 2673">
     <span class='ocr_line' id='line_1_53' title="bbox 2282 2598 3872 2673; baseline 0.003 -15"><span class='ocrx_word' id='word_1_381' title='bbox 2282 2613 2434 2658; x_wconf 93' lang='lat' dir='ltr'><strong>setur</strong></span> <span class='ocrx_word' id='word_1_382' title='bbox 2461 2602 2775 2673; x_wconf 89' lang='lat' dir='ltr'><strong>implevisse</strong></span> <span class='ocrx_word' id='word_1_383' title='bbox 2795 2643 2811 2669; x_wconf 91' lang='lat'><strong>,</strong></span> <span class='ocrx_word' id='word_1_384' title='bbox 2839 2603 2884 2658; x_wconf 89' lang='lat' dir='ltr'><strong>si</strong></span> <span class='ocrx_word' id='word_1_385' title='bbox 2915 2603 3095 2659; x_wconf 91' lang='lat' dir='ltr'><strong>minus</strong></span> <span class='ocrx_word' id='word_1_386' title='bbox 3133 2603 3199 2658; x_wconf 89' lang='lat' dir='ltr'><strong>ad</strong></span> <span class='ocrx_word' id='word_1_387' title='bbox 3229 2602 3466 2659; x_wconf 90' lang='lat' dir='ltr'><strong>litteram</strong></span> <span class='ocrx_word' id='word_1_388' title='bbox 3499 2598 3666 2671; x_wconf 80' lang='lat' dir='ltr'><strong>legis,</strong></span> <span class='ocrx_word' id='word_1_389' title='bbox 3695 2602 3749 2648; x_wconf 71' lang='lat' dir='ltr'><strong>al</strong></span> <span class='ocrx_word' id='word_1_390' title='bbox 3783 2602 3872 2662; x_wconf 72' lang='grc' dir='ltr'><strong>Ρτο</strong></span> 
     </span>
    </p>
   </div>
   <div class='ocr_carea' id='block_1_54' title="bbox 2283 2688 3870 2768">
    <p class='ocr_par' dir='ltr' id='par_1_54' title="bbox 2283 2688 3870 2768">
     <span class='ocr_line' id='line_1_54' title="bbox 2283 2688 3870 2768; baseline -0.008 -19"><span class='ocrx_word' id='word_1_391' title='bbox 2283 2695 2615 2766; x_wconf 87' lang='lat' dir='ltr'><strong>legislatoris</strong></span> <span class='ocrx_word' id='word_1_392' title='bbox 2665 2696 2956 2763; x_wconf 89' lang='lat' dir='ltr'><strong>sententia,</strong></span> <span class='ocrx_word' id='word_1_393' title='bbox 3004 2697 3051 2752; x_wconf 90' lang='lat' dir='ltr'><strong>si</strong></span> <span class='ocrx_word' id='word_1_394' title='bbox 3105 2711 3294 2768; x_wconf 68' lang='lat' dir='ltr'><strong>aequus</strong></span> <span class='ocrx_word' id='word_1_395' title='bbox 3346 2695 3512 2752; x_wconf 91' lang='lat' dir='ltr'><strong>modo</strong></span> <span class='ocrx_word' id='word_1_396' title='bbox 3567 2688 3870 2747; x_wconf 86' lang='lat' dir='ltr'><strong>adhibeatur</strong></span> 
     </span>
    </p>
   </div>
   <div class='ocr_carea' id='block_1_55' title="bbox 2283 2777 3872 2864">
    <p class='ocr_par' dir='ltr' id='par_1_55' title="bbox 2283 2777 3872 2864">
     <span class='ocr_line' id='line_1_55' title="bbox 2283 2777 3872 2864; baseline -0.006 -20"><span class='ocrx_word' id='word_1_397' title='bbox 2283 2789 2419 2861; x_wconf 90' lang='lat' dir='ltr'><strong>legis</strong></span> <span class='ocrx_word' id='word_1_398' title='bbox 2441 2789 2729 2861; x_wconf 88' lang='lat' dir='ltr'><strong>interpres.</strong></span> <span class='ocrx_word' id='word_1_399' title='bbox 2760 2791 2837 2847; x_wconf 88' lang='lat' dir='ltr'><strong>Ita</strong></span> <span class='ocrx_word' id='word_1_400' title='bbox 2873 2791 3040 2862; x_wconf 80' lang='lat' dir='ltr'><strong>igitur</strong></span> <span class='ocrx_word' id='word_1_401' title='bbox 3074 2791 3393 2864; x_wconf 83' lang='lat' dir='ltr'><strong>martyrium</strong></span> <span class='ocrx_word' id='word_1_402' title='bbox 3424 2792 3478 2847; x_wconf 91' lang='lat' dir='ltr'><strong>in</strong></span> <span class='ocrx_word' id='word_1_403' title='bbox 3510 2796 3638 2844; x_wconf 89' lang='lat' dir='ltr'><strong>voto</strong></span> <span class='ocrx_word' id='word_1_404' title='bbox 3666 2797 3784 2840; x_wconf 91' lang='lat' dir='ltr'><strong>cum</strong></span> <span class='ocrx_word' id='word_1_405' title='bbox 3812 2777 3872 2831; x_wconf 73' lang='lat' dir='ltr'><strong>sit</strong></span> 
     </span>
    </p>
   </div>
   <div class='ocr_carea' id='block_1_56' title="bbox 2283 2873 3870 2957">
    <p class='ocr_par' dir='ltr' id='par_1_56' title="bbox 2283 2873 3870 2957">
     <span class='ocr_line' id='line_1_56' title="bbox 2283 2873 3870 2957; baseline -0.009 -19"><span class='ocrx_word' id='word_1_406' title='bbox 2283 2897 2381 2954; x_wconf 93' lang='lat' dir='ltr'><strong>pro</strong></span> <span class='ocrx_word' id='word_1_407' title='bbox 2415 2883 2549 2955; x_wconf 82' lang='lat' dir='ltr'><strong>legis</strong></span> <span class='ocrx_word' id='word_1_408' title='bbox 2577 2883 2752 2941; x_wconf 91' lang='lat' dir='ltr'><strong>littera</strong></span> <span class='ocrx_word' id='word_1_409' title='bbox 2775 2885 2955 2957; x_wconf 90' lang='lat' dir='ltr'><strong>reipsa</strong></span> <span class='ocrx_word' id='word_1_410' title='bbox 2985 2885 3168 2954; x_wconf 84' lang='lat' dir='ltr'><strong>aliud,</strong></span> <span class='ocrx_word' id='word_1_411' title='bbox 3197 2886 3338 2942; x_wconf 90' lang='lat' dir='ltr'><strong>idem</strong></span> <span class='ocrx_word' id='word_1_412' title='bbox 3365 2896 3548 2942; x_wconf 88' lang='lat' dir='ltr'><strong>tamen</strong></span> <span class='ocrx_word' id='word_1_413' title='bbox 3577 2873 3870 2937; x_wconf 86' lang='lat' dir='ltr'><strong>censebitur</strong></span> 
     </span>
    </p>
   </div>
   <div class='ocr_carea' id='block_1_57' title="bbox 2282 2963 3869 3050">
    <p class='ocr_par' dir='ltr' id='par_1_57' title="bbox 2282 2963 3869 3050">
     <span class='ocr_line' id='line_1_57' title="bbox 2282 2963 3869 3050; baseline -0.004 -18"><span class='ocrx_word' id='word_1_414' title='bbox 2282 2993 2404 3033; x_wconf 89' lang='lat' dir='ltr'><strong>cum</strong></span> <span class='ocrx_word' id='word_1_415' title='bbox 2456 2979 2716 3050; x_wconf 87' lang='lat' dir='ltr'><strong>martyrio</strong></span> <span class='ocrx_word' id='word_1_416' title='bbox 2752 2979 2821 3035; x_wconf 90' lang='lat' dir='ltr'><strong>de</strong></span> <span class='ocrx_word' id='word_1_417' title='bbox 2875 2979 3019 3035; x_wconf 83' lang='lat' dir='ltr'><strong>facto</strong></span> <span class='ocrx_word' id='word_1_418' title='bbox 3066 2993 3165 3049; x_wconf 91' lang='lat' dir='ltr'><strong>pro</strong></span> <span class='ocrx_word' id='word_1_419' title='bbox 3213 2973 3680 3049; x_wconf 88' lang='lat' dir='ltr'><strong>interpretationis</strong></span> <span class='ocrx_word' id='word_1_420' title='bbox 3715 2963 3869 3038; x_wconf 73' lang='grc' dir='ltr'><strong>ωψιὶ-</strong></span> 
     </span>
    </p>
   </div>
   <div class='ocr_carea' id='block_1_58' title="bbox 2281 3062 3871 3142">
    <p class='ocr_par' dir='ltr' id='par_1_58' title="bbox 2281 3062 3871 3142">
     <span class='ocr_line' id='line_1_58' title="bbox 2281 3062 3871 3142; baseline -0.007 -16"><span class='ocrx_word' id='word_1_421' title='bbox 2281 3079 2410 3126; x_wconf 89' lang='lat' dir='ltr'><strong>tate.</strong></span> <span class='ocrx_word' id='word_1_422' title='bbox 2435 3069 2510 3125; x_wconf 83' lang='lat' dir='ltr'><strong>ita</strong></span> <span class='ocrx_word' id='word_1_423' title='bbox 2535 3071 2630 3126; x_wconf 86' lang='lat' dir='ltr'><strong>ﬁet</strong></span> <span class='ocrx_word' id='word_1_424' title='bbox 2659 3082 2716 3126; x_wconf 93' lang='lat' dir='ltr'><strong>ut</strong></span> <span class='ocrx_word' id='word_1_425' title='bbox 2744 3072 2924 3128; x_wconf 90' lang='lat' dir='ltr'><strong>omnia</strong></span> <span class='ocrx_word' id='word_1_426' title='bbox 2956 3071 3210 3142; x_wconf 88' lang='lat' dir='ltr'><strong>baptismi</strong></span> <span class='ocrx_word' id='word_1_427' title='bbox 3237 3071 3501 3129; x_wconf 87' lang='lat' dir='ltr'><strong>beneﬁcia</strong></span> <span class='ocrx_word' id='word_1_428' title='bbox 3529 3068 3630 3126; x_wconf 88' lang='lat' dir='ltr'><strong>soli</strong></span> <span class='ocrx_word' id='word_1_429' title='bbox 3653 3062 3871 3122; x_wconf 86' lang='lat' dir='ltr'><strong>debean-</strong></span> 
     </span>
    </p>
   </div>
   <div class='ocr_carea' id='block_1_59' title="bbox 2284 3149 3869 3237">
    <p class='ocr_par' dir='ltr' id='par_1_59' title="bbox 2284 3149 3869 3237">
     <span class='ocr_line' id='line_1_59' title="bbox 2284 3149 3869 3237; baseline -0.006 -19"><span class='ocrx_word' id='word_1_430' title='bbox 2284 3171 2371 3219; x_wconf 90' lang='lat' dir='ltr'><strong>tur</strong></span> <span class='ocrx_word' id='word_1_431' title='bbox 2422 3165 2716 3237; x_wconf 85' lang='lat' dir='ltr'><strong>martyrio,</strong></span> <span class='ocrx_word' id='word_1_432' title='bbox 2775 3165 2969 3221; x_wconf 87' lang='lat' dir='ltr'><strong>saltem</strong></span> <span class='ocrx_word' id='word_1_433' title='bbox 3027 3165 3080 3220; x_wconf 95' lang='lat' dir='ltr'><strong>in</strong></span> <span class='ocrx_word' id='word_1_434' title='bbox 3132 3175 3280 3220; x_wconf 85' lang='lat' dir='ltr'><strong>voto.</strong></span> <span class='ocrx_word' id='word_1_435' title='bbox 3330 3165 3488 3234; x_wconf 86' lang='lat' dir='ltr'><strong>Quod</strong></span> <span class='ocrx_word' id='word_1_436' title='bbox 3532 3162 3579 3218; x_wconf 90' lang='lat' dir='ltr'><strong>si</strong></span> <span class='ocrx_word' id='word_1_437' title='bbox 3625 3159 3784 3216; x_wconf 89' lang='lat' dir='ltr'><strong>etiam</strong></span> <span class='ocrx_word' id='word_1_438' title='bbox 3824 3149 3869 3204; x_wconf 92' lang='lat' dir='ltr'><strong>in</strong></span> 
     </span>
    </p>
   </div>
   <div class='ocr_carea' id='block_1_60' title="bbox 578 3241 3868 3330">
    <p class='ocr_par' dir='ltr' id='par_1_60' title="bbox 578 3241 3868 3330">
     <span class='ocr_line' id='line_1_60' title="bbox 578 3241 3868 3330; baseline -0.001 -32"><span class='ocrx_word' id='word_1_439' title='bbox 578 3241 862 3298; x_wconf 79' lang='lat' dir='ltr'><strong>referenda</strong></span> <span class='ocrx_word' id='word_1_440' title='bbox 910 3257 1034 3298; x_wconf 91' lang='lat' dir='ltr'><strong>esse</strong></span> <span class='ocrx_word' id='word_1_441' title='bbox 1082 3243 1538 3312; x_wconf 89' lang='lat' dir='ltr'><strong>probaverimus:</strong></span> <span class='ocrx_word' id='word_1_442' title='bbox 1571 3245 1818 3313; x_wconf 86' lang='lat' dir='ltr'><strong>sequitur</strong></span> <span class='ocrx_word' id='word_1_443' title='bbox 1867 3242 2177 3314; x_wconf 87' lang='lat' dir='ltr'><strong>primarimu</strong></span> <span class='ocrx_word' id='word_1_444' title='bbox 2205 3250 2251 3315; x_wconf 72' lang='grc' dir='ltr'><strong>ί]</strong></span> <span class='ocrx_word' id='word_1_445' title='bbox 2285 3255 2567 3328; x_wconf 64' lang='grc' dir='ltr'><strong>ωριίωιίε</strong></span> <span class='ocrx_word' id='word_1_446' title='bbox 2613 3273 2719 3313; x_wconf 73' lang='lat' dir='ltr'><strong>non</strong></span> <span class='ocrx_word' id='word_1_447' title='bbox 2750 3257 3110 3330; x_wconf 57' lang='lat' dir='ltr'><strong>manyribus’</strong></span> <span class='ocrx_word' id='word_1_448' title='bbox 3158 3258 3257 3314; x_wconf 73' lang='grc' dir='ltr'>εοιί</span> <span class='ocrx_word' id='word_1_449' title='bbox 3300 3267 3479 3315; x_wconf 53' lang='lat' dir='ltr'><strong>tamen</strong></span> <span class='ocrx_word' id='word_1_450' title='bbox 3529 3249 3783 3324; x_wconf 57' lang='lat' dir='ltr'><strong>martyrio</strong></span> <span class='ocrx_word' id='word_1_451' title='bbox 3824 3244 3868 3298; x_wconf 93' lang='lat' dir='ltr'><strong>in</strong></span> 
     </span>
    </p>
   </div>
   <div class='ocr_carea' id='block_1_61' title="bbox 580 3334 2182 3406">
    <p class='ocr_par' dir='ltr' id='par_1_61' title="bbox 580 3334 2182 3406">
     <span class='ocr_line' id='line_1_61' title="bbox 580 3334 2182 3406; baseline 0 -16"><span class='ocrx_word' id='word_1_452' title='bbox 580 3334 836 3405; x_wconf 84' lang='lat' dir='ltr'><strong>baptismi</strong></span> <span class='ocrx_word' id='word_1_453' title='bbox 879 3335 1164 3390; x_wconf 88' lang='lat' dir='ltr'><strong>consilium</strong></span> <span class='ocrx_word' id='word_1_454' title='bbox 1207 3350 1330 3392; x_wconf 88' lang='lat' dir='ltr'><strong>esse</strong></span> <span class='ocrx_word' id='word_1_455' title='bbox 1370 3346 1430 3390; x_wconf 92' lang='lat' dir='ltr'><strong>ut</strong></span> <span class='ocrx_word' id='word_1_456' title='bbox 1469 3351 1696 3406; x_wconf 90' lang='lat' dir='ltr'><strong>corpora</strong></span> <span class='ocrx_word' id='word_1_457' title='bbox 1743 3347 1928 3391; x_wconf 91' lang='lat' dir='ltr'><strong>nostra</strong></span> <span class='ocrx_word' id='word_1_458' title='bbox 1965 3335 2182 3391; x_wconf 87' lang='lat' dir='ltr'><strong>Christo</strong></span> 
     </span>
    </p>
   </div>
   <div class='ocr_carea' id='block_1_62' title="bbox 580 3429 2182 3500">
    <p class='ocr_par' dir='ltr' id='par_1_62' title="bbox 580 3429 2182 3500">
     <span class='ocr_line' id='line_1_62' title="bbox 580 3429 2182 3500; baseline -0.001 -14"><span class='ocrx_word' id='word_1_459' title='bbox 580 3429 978 3494; x_wconf 88' lang='lat' dir='ltr'><strong>devoveamus,</strong></span> <span class='ocrx_word' id='word_1_460' title='bbox 1019 3443 1224 3499; x_wconf 91' lang='lat' dir='ltr'><strong>nosque</strong></span> <span class='ocrx_word' id='word_1_461' title='bbox 1275 3439 1558 3500; x_wconf 91' lang='lat' dir='ltr'><strong>promptos</strong></span> <span class='ocrx_word' id='word_1_462' title='bbox 1598 3429 1966 3499; x_wconf 89' lang='lat' dir='ltr'><strong>spondeamus</strong></span> <span class='ocrx_word' id='word_1_463' title='bbox 2022 3444 2182 3496; x_wconf 81' lang='lat' dir='ltr'><strong>para-</strong></span> 
     </span>
    </p>
   </div>
   <div class='ocr_carea' id='block_1_63' title="bbox 583 3521 2182 3594">
    <p class='ocr_par' dir='ltr' id='par_1_63' title="bbox 583 3521 2182 3594">
     <span class='ocr_line' id='line_1_63' title="bbox 583 3521 2182 3594; baseline -0.001 -15"><span class='ocrx_word' id='word_1_464' title='bbox 583 3532 776 3594; x_wconf 91' lang='lat' dir='ltr'><strong>tosque</strong></span> <span class='ocrx_word' id='word_1_465' title='bbox 797 3534 853 3578; x_wconf 93' lang='lat' dir='ltr'><strong>ut</strong></span> <span class='ocrx_word' id='word_1_466' title='bbox 877 3521 1076 3578; x_wconf 88' lang='lat' dir='ltr'><strong>Christi</strong></span> <span class='ocrx_word' id='word_1_467' title='bbox 1096 3537 1258 3577; x_wconf 89' lang='lat' dir='ltr'><strong>causa</strong></span> <span class='ocrx_word' id='word_1_468' title='bbox 1278 3530 1508 3578; x_wconf 89' lang='lat' dir='ltr'><strong>mortem</strong></span> <span class='ocrx_word' id='word_1_469' title='bbox 1532 3531 1872 3593; x_wconf 89' lang='lat' dir='ltr'><strong>oppetamus,</strong></span> <span class='ocrx_word' id='word_1_470' title='bbox 1897 3537 2182 3592; x_wconf 88' lang='lat' dir='ltr'><strong>corporum</strong></span> 
     </span>
    </p>
   </div>
   <div class='ocr_carea' id='block_1_64' title="bbox 582 3616 2183 3689">
    <p class='ocr_par' dir='ltr' id='par_1_64' title="bbox 582 3616 2183 3689">
     <span class='ocr_line' id='line_1_64' title="bbox 582 3616 2183 3689; baseline 0.001 -16"><span class='ocrx_word' id='word_1_471' title='bbox 582 3618 854 3674; x_wconf 83' lang='lat' dir='ltr'><strong>videlicet.</strong></span> <span class='ocrx_word' id='word_1_472' title='bbox 877 3616 1007 3672; x_wconf 90' lang='lat' dir='ltr'><strong>Inde</strong></span> <span class='ocrx_word' id='word_1_473' title='bbox 1018 3617 1347 3687; x_wconf 87' lang='lat' dir='ltr'><strong>reliquorum</strong></span> <span class='ocrx_word' id='word_1_474' title='bbox 1366 3617 1615 3688; x_wconf 83' lang='lat' dir='ltr'><strong>baptismi</strong></span> <span class='ocrx_word' id='word_1_475' title='bbox 1637 3618 2183 3689; x_wconf 73' lang='lat' dir='ltr'><strong>beneﬁciorumispem</strong></span> 
     </span>
    </p>
   </div>
   <div class='ocr_carea' id='block_1_65' title="bbox 582 3709 2187 3781">
    <p class='ocr_par' dir='ltr' id='par_1_65' title="bbox 582 3709 2187 3781">
     <span class='ocr_line' id='line_1_65' title="bbox 582 3709 2187 3781; baseline 0.001 -15"><span class='ocrx_word' id='word_1_476' title='bbox 582 3709 918 3779; x_wconf 88' lang='lat' dir='ltr'><strong>concipimus</strong></span> <span class='ocrx_word' id='word_1_477' title='bbox 956 3709 1360 3781; x_wconf 89' lang='lat' dir='ltr'><strong>accipimusque</strong></span> <span class='ocrx_word' id='word_1_478' title='bbox 1401 3712 1641 3766; x_wconf 91' lang='lat' dir='ltr'><strong>omnium</strong></span> <span class='ocrx_word' id='word_1_479' title='bbox 1673 3713 2046 3768; x_wconf 81' lang='lat' dir='ltr'><strong>certissimam.</strong></span> <span class='ocrx_word' id='word_1_480' title='bbox 2083 3713 2187 3768; x_wconf 93' lang='lat' dir='ltr'><strong>lm-</strong></span> 
     </span>
    </p>
   </div>
   <div class='ocr_carea' id='block_1_66' title="bbox 584 3801 2184 3875">
    <p class='ocr_par' dir='ltr' id='par_1_66' title="bbox 584 3801 2184 3875">
     <span class='ocr_line' id='line_1_66' title="bbox 584 3801 2184 3875; baseline 0.001 -17"><span class='ocrx_word' id='word_1_481' title='bbox 584 3802 777 3875; x_wconf 91' lang='lat' dir='ltr'><strong>primis</strong></span> <span class='ocrx_word' id='word_1_482' title='bbox 803 3801 873 3859; x_wconf 88' lang='lat' dir='ltr'><strong>de</strong></span> <span class='ocrx_word' id='word_1_483' title='bbox 901 3801 1056 3858; x_wconf 89' lang='lat' dir='ltr'><strong>beata</strong></span> <span class='ocrx_word' id='word_1_484' title='bbox 1085 3802 1486 3859; x_wconf 88' lang='lat' dir='ltr'><strong>resurrectione</strong></span> <span class='ocrx_word' id='word_1_485' title='bbox 1511 3806 1758 3875; x_wconf 91' lang='lat' dir='ltr'><strong>corporis</strong></span> <span class='ocrx_word' id='word_1_486' title='bbox 1789 3805 2038 3860; x_wconf 90' lang='lat' dir='ltr'><strong>nimirum</strong></span> <span class='ocrx_word' id='word_1_487' title='bbox 2062 3805 2150 3860; x_wconf 89' lang='lat' dir='ltr'><strong>illa</strong></span> <span class='ocrx_word' id='word_1_488' title='bbox 2169 3845 2184 3872; x_wconf 95' lang='lat'><strong>,</strong></span> 
     </span>
    </p>
   </div>
   <div class='ocr_carea' id='block_1_67' title="bbox 587 3896 2184 3970">
    <p class='ocr_par' dir='ltr' id='par_1_67' title="bbox 587 3896 2184 3970">
     <span class='ocr_line' id='line_1_67' title="bbox 587 3896 2184 3970; baseline 0.003 -19"><span class='ocrx_word' id='word_1_489' title='bbox 587 3913 710 3968; x_wconf 74' lang='lat' dir='ltr'><strong>qua:</strong></span> <span class='ocrx_word' id='word_1_490' title='bbox 749 3897 995 3967; x_wconf 83' lang='lat' dir='ltr'><strong>corporis</strong></span> <span class='ocrx_word' id='word_1_491' title='bbox 1039 3896 1381 3968; x_wconf 90' lang='lat' dir='ltr'><strong>passionibus</strong></span> <span class='ocrx_word' id='word_1_492' title='bbox 1425 3897 1831 3955; x_wconf 84' lang='lat' dir='ltr'><strong>accuratissime</strong></span> <span class='ocrx_word' id='word_1_493' title='bbox 1871 3898 2184 3970; x_wconf 89' lang='lat' dir='ltr'><strong>respondet.</strong></span> 
     </span>
    </p>
   </div>
   <div class='ocr_carea' id='block_1_68' title="bbox 586 3991 2188 4064">
    <p class='ocr_par' dir='ltr' id='par_1_68' title="bbox 586 3991 2188 4064">
     <span class='ocr_line' id='line_1_68' title="bbox 586 3991 2188 4064; baseline 0.001 -18"><span class='ocrx_word' id='word_1_494' title='bbox 586 3991 826 4062; x_wconf 79' lang='lat' dir='ltr'><strong>Quaeque</strong></span> <span class='ocrx_word' id='word_1_495' title='bbox 857 4000 913 4046; x_wconf 94' lang='lat' dir='ltr'><strong>ut</strong></span> <span class='ocrx_word' id='word_1_496' title='bbox 953 3991 1224 4062; x_wconf 65' lang='lat' dir='ltr'><strong>praecipua</strong></span> <span class='ocrx_word' id='word_1_497' title='bbox 1263 4001 1394 4048; x_wconf 63' lang='lat' dir='ltr'><strong>erat»</strong></span> <span class='ocrx_word' id='word_1_498' title='bbox 1422 3992 1694 4064; x_wconf 88' lang='lat' dir='ltr'><strong>plerisque</strong></span> <span class='ocrx_word' id='word_1_499' title='bbox 1722 3993 1858 4049; x_wconf 89' lang='lat' dir='ltr'><strong>ratio</strong></span> <span class='ocrx_word' id='word_1_500' title='bbox 1879 3995 2188 4049; x_wconf 83' lang='lat' dir='ltr'><strong>christiani-</strong></span> 
     </span>
    </p>
   </div>
   <div class='ocr_carea' id='block_1_69' title="bbox 587 4086 2189 4155">
    <p class='ocr_par' dir='ltr' id='par_1_69' title="bbox 587 4086 2189 4155">
     <span class='ocr_line' id='line_1_69' title="bbox 587 4086 2189 4155; baseline 0.001 -15"><span class='ocrx_word' id='word_1_501' title='bbox 587 4086 747 4155; x_wconf 87' lang='lat' dir='ltr'><strong>tatis,</strong></span> <span class='ocrx_word' id='word_1_502' title='bbox 787 4100 851 4141; x_wconf 88' lang='lat' dir='ltr'><strong>ea</strong></span> <span class='ocrx_word' id='word_1_503' title='bbox 890 4087 1190 4155; x_wconf 64' lang='lat' dir='ltr'><strong>praesertim</strong></span> <span class='ocrx_word' id='word_1_504' title='bbox 1234 4096 1423 4153; x_wconf 65' lang='lat' dir='ltr'><strong>aetate,</strong></span> <span class='ocrx_word' id='word_1_505' title='bbox 1456 4086 1816 4155; x_wconf 68' lang='lat' dir='ltr'><strong>recipiendae,</strong></span> <span class='ocrx_word' id='word_1_506' title='bbox 1863 4087 1934 4143; x_wconf 89' lang='lat' dir='ltr'><strong>ita</strong></span> <span class='ocrx_word' id='word_1_507' title='bbox 1979 4087 2189 4144; x_wconf 89' lang='lat' dir='ltr'><strong>creditu</strong></span> 
     </span>
    </p>
   </div>
   <div class='ocr_carea' id='block_1_70' title="bbox 586 4178 2187 4251">
    <p class='ocr_par' dir='ltr' id='par_1_70' title="bbox 586 4178 2187 4251">
     <span class='ocr_line' id='line_1_70' title="bbox 586 4178 2187 4251; baseline 0 -15"><span class='ocrx_word' id='word_1_508' title='bbox 586 4188 706 4236; x_wconf 87' lang='lat' dir='ltr'><strong>erat</strong></span> <span class='ocrx_word' id='word_1_509' title='bbox 733 4179 972 4236; x_wconf 88' lang='lat' dir='ltr'><strong>omnium</strong></span> <span class='ocrx_word' id='word_1_510' title='bbox 1005 4178 1350 4247; x_wconf 78' lang='lat' dir='ltr'><strong>difﬁcillima,</strong></span> <span class='ocrx_word' id='word_1_511' title='bbox 1393 4190 1451 4234; x_wconf 89' lang='lat' dir='ltr'><strong>ut</strong></span> <span class='ocrx_word' id='word_1_512' title='bbox 1492 4179 1717 4251; x_wconf 90' lang='lat' dir='ltr'><strong>proinde</strong></span> <span class='ocrx_word' id='word_1_513' title='bbox 1760 4190 2187 4236; x_wconf 89' lang='lat' dir='ltr'><strong>consentaneum</strong></span> 
     </span>
    </p>
   </div>
   <div class='ocr_carea' id='block_1_71' title="bbox 586 4271 2188 4344">
    <p class='ocr_par' dir='ltr' id='par_1_71' title="bbox 586 4271 2188 4344">
     <span class='ocr_line' id='line_1_71' title="bbox 586 4271 2188 4344; baseline 0.002 -18"><span class='ocrx_word' id='word_1_514' title='bbox 586 4282 733 4328; x_wconf 87' lang='lat' dir='ltr'><strong>esset</strong></span> <span class='ocrx_word' id='word_1_515' title='bbox 782 4287 901 4328; x_wconf 90' lang='lat' dir='ltr'><strong>eam</strong></span> <span class='ocrx_word' id='word_1_516' title='bbox 949 4271 1321 4328; x_wconf 85' lang='lat' dir='ltr'><strong>commendari</strong></span> <span class='ocrx_word' id='word_1_517' title='bbox 1361 4273 1694 4344; x_wconf 89' lang='lat' dir='ltr'><strong>argumentis</strong></span> <span class='ocrx_word' id='word_1_518' title='bbox 1731 4274 1950 4330; x_wconf 91' lang='lat' dir='ltr'><strong>omnino</strong></span> <span class='ocrx_word' id='word_1_519' title='bbox 1998 4275 2188 4330; x_wconf 84' lang='lat' dir='ltr'><strong>certis-</strong></span> 
     </span>
    </p>
   </div>
   <div class='ocr_carea' id='block_1_72' title="bbox 588 4364 2190 4438">
    <p class='ocr_par' dir='ltr' id='par_1_72' title="bbox 588 4364 2190 4438">
     <span class='ocr_line' id='line_1_72' title="bbox 588 4364 2190 4438; baseline -0.001 -14"><span class='ocrx_word' id='word_1_520' title='bbox 588 4364 766 4424; x_wconf 84' lang='lat' dir='ltr'><strong>simis.</strong></span> <span class='ocrx_word' id='word_1_521' title='bbox 790 4365 925 4422; x_wconf 90' lang='lat' dir='ltr'><strong>Tum</strong></span> <span class='ocrx_word' id='word_1_522' title='bbox 957 4374 1013 4423; x_wconf 91' lang='lat' dir='ltr'><strong>et</strong></span> <span class='ocrx_word' id='word_1_523' title='bbox 1041 4367 1322 4436; x_wconf 84' lang='lat' dir='ltr'><strong>mysﬁcam</strong></span> <span class='ocrx_word' id='word_1_524' title='bbox 1345 4381 1560 4438; x_wconf 89' lang='lat' dir='ltr'><strong>quoque</strong></span> <span class='ocrx_word' id='word_1_525' title='bbox 1582 4366 1722 4421; x_wconf 90' lang='lat' dir='ltr'><strong>illam</strong></span> <span class='ocrx_word' id='word_1_526' title='bbox 1751 4377 1982 4423; x_wconf 87' lang='lat' dir='ltr'><strong>mortem</strong></span> <span class='ocrx_word' id='word_1_527' title='bbox 2011 4383 2190 4424; x_wconf 89' lang='lat' dir='ltr'><strong>resur-</strong></span> 
     </span>
    </p>
   </div>
   <div class='ocr_carea' id='block_1_73' title="bbox 583 4461 2192 4533">
    <p class='ocr_par' dir='ltr' id='par_1_73' title="bbox 583 4461 2192 4533">
     <span class='ocr_line' id='line_1_73' title="bbox 583 4461 2192 4533; baseline 0 -16"><span class='ocrx_word' id='word_1_528' title='bbox 583 4461 997 4533; x_wconf 86' lang='lat' dir='ltr'><strong>rectionemque</strong></span> <span class='ocrx_word' id='word_1_529' title='bbox 1042 4461 1392 4532; x_wconf 87' lang='lat' dir='ltr'><strong>pollicemur,</strong></span> <span class='ocrx_word' id='word_1_530' title='bbox 1443 4476 1565 4532; x_wconf 71' lang='lat' dir='ltr'><strong>qua:</strong></span> <span class='ocrx_word' id='word_1_531' title='bbox 1611 4461 1926 4518; x_wconf 88' lang='lat' dir='ltr'><strong>secundaria</strong></span> <span class='ocrx_word' id='word_1_532' title='bbox 1974 4461 2192 4517; x_wconf 85' lang='lat' dir='ltr'><strong>immer-</strong></span> 
     </span>
    </p>
   </div>
   <div class='ocr_carea' id='block_1_74' title="bbox 584 4553 2190 4625">
    <p class='ocr_par' dir='ltr' id='par_1_74' title="bbox 584 4553 2190 4625">
     <span class='ocr_line' id='line_1_74' title="bbox 584 4553 2190 4625; baseline 0 -15"><span class='ocrx_word' id='word_1_533' title='bbox 584 4554 755 4616; x_wconf 81' lang='lat' dir='ltr'><strong>sionis</strong></span> <span class='ocrx_word' id='word_1_534' title='bbox 773 4566 976 4611; x_wconf 85' lang='lat' dir='ltr'><strong>nostrae</strong></span> <span class='ocrx_word' id='word_1_535' title='bbox 991 4553 1423 4624; x_wconf 87' lang='lat' dir='ltr'><strong>emersionisque</strong></span> <span class='ocrx_word' id='word_1_536' title='bbox 1441 4553 1496 4609; x_wconf 91' lang='lat' dir='ltr'><strong>in</strong></span> <span class='ocrx_word' id='word_1_537' title='bbox 1516 4553 1783 4625; x_wconf 89' lang='lat' dir='ltr'><strong>baptismo</strong></span> <span class='ocrx_word' id='word_1_538' title='bbox 1801 4553 2190 4625; x_wconf 87' lang='lat' dir='ltr'><strong>signiﬁcatione</strong></span> 
     </span>
    </p>
   </div>
   <div class='ocr_carea' id='block_1_75' title="bbox 587 4647 971 4704">
    <p class='ocr_par' dir='ltr' id='par_1_75' title="bbox 587 4647 971 4704">
     <span class='ocr_line' id='line_1_75' title="bbox 587 4647 971 4704; baseline -0.01 0"><span class='ocrx_word' id='word_1_539' title='bbox 587 4647 914 4704; x_wconf 87' lang='lat' dir='ltr'><strong>denotantur</strong></span> <span class='ocrx_word' id='word_1_540' title='bbox 955 4665 971 4700; x_wconf 89' lang='lat'><strong>:</strong></span> 
     </span>
    </p>
   </div>
   <div class='ocr_carea' id='block_1_76' title="bbox 587 4741 2189 4814">
    <p class='ocr_par' dir='ltr' id='par_1_76' title="bbox 587 4741 2189 4814">
     <span class='ocr_line' id='line_1_76' title="bbox 587 4741 2189 4814; baseline 0.002 -19"><span class='ocrx_word' id='word_1_541' title='bbox 587 4741 791 4797; x_wconf 87' lang='lat' dir='ltr'><strong>Christi</strong></span> <span class='ocrx_word' id='word_1_542' title='bbox 831 4742 994 4798; x_wconf 86' lang='lat' dir='ltr'><strong>etiam</strong></span> <span class='ocrx_word' id='word_1_543' title='bbox 1043 4751 1200 4813; x_wconf 88' lang='lat' dir='ltr'><strong>parte</strong></span> <span class='ocrx_word' id='word_1_544' title='bbox 1241 4741 1587 4809; x_wconf 88' lang='lat' dir='ltr'><strong>adhibentur,</strong></span> <span class='ocrx_word' id='word_1_545' title='bbox 1638 4741 1686 4798; x_wconf 92' lang='lat' dir='ltr'><strong>is</strong></span> <span class='ocrx_word' id='word_1_546' title='bbox 1729 4757 1830 4797; x_wconf 91' lang='lat' dir='ltr'><strong>una</strong></span> <span class='ocrx_word' id='word_1_547' title='bbox 1863 4743 2092 4814; x_wconf 90' lang='lat' dir='ltr'><strong>spondet</strong></span> <span class='ocrx_word' id='word_1_548' title='bbox 2118 4759 2189 4800; x_wconf 91' lang='lat' dir='ltr'><strong>ne</strong></span> 
     </span>
    </p>
   </div>
   <div class='ocr_carea' id='block_1_77' title="bbox 590 4836 2192 4908">
    <p class='ocr_par' dir='ltr' id='par_1_77' title="bbox 590 4836 2192 4908">
     <span class='ocr_line' id='line_1_77' title="bbox 590 4836 2192 4908; baseline 0.002 -17"><span class='ocrx_word' id='word_1_549' title='bbox 590 4851 743 4892; x_wconf 87' lang='lat' dir='ltr'><strong>suam</strong></span> <span class='ocrx_word' id='word_1_550' title='bbox 783 4837 1000 4906; x_wconf 86' lang='lat' dir='ltr'><strong>quidem</strong></span> <span class='ocrx_word' id='word_1_551' title='bbox 1046 4853 1266 4908; x_wconf 87' lang='lat' dir='ltr'><strong>operam</strong></span> <span class='ocrx_word' id='word_1_552' title='bbox 1309 4838 1468 4894; x_wconf 85' lang='lat' dir='ltr'><strong>nobis</strong></span> <span class='ocrx_word' id='word_1_553' title='bbox 1505 4836 1830 4894; x_wconf 86' lang='lat' dir='ltr'><strong>defuturam.</strong></span> <span class='ocrx_word' id='word_1_554' title='bbox 1871 4837 1947 4894; x_wconf 91' lang='lat' dir='ltr'><strong>lta</strong></span> <span class='ocrx_word' id='word_1_555' title='bbox 1978 4847 2192 4894; x_wconf 87' lang='lat' dir='ltr'><strong>constat</strong></span> 
     </span>
    </p>
   </div>
   <div class='ocr_carea' id='block_1_78' title="bbox 589 4929 2188 5002">
    <p class='ocr_par' dir='ltr' id='par_1_78' title="bbox 589 4929 2188 5002">
     <span class='ocr_line' id='line_1_78' title="bbox 589 4929 2188 5002; baseline 0.002 -16"><span class='ocrx_word' id='word_1_556' title='bbox 589 4929 910 5002; x_wconf 86' lang='lat' dir='ltr'><strong>martyrium</strong></span> <span class='ocrx_word' id='word_1_557' title='bbox 955 4929 1009 4985; x_wconf 89' lang='lat' dir='ltr'><strong>in</strong></span> <span class='ocrx_word' id='word_1_558' title='bbox 1057 4929 1308 5002; x_wconf 85' lang='lat' dir='ltr'><strong>primaria</strong></span> <span class='ocrx_word' id='word_1_559' title='bbox 1341 4929 1592 5001; x_wconf 91' lang='lat' dir='ltr'><strong>baptismi</strong></span> <span class='ocrx_word' id='word_1_560' title='bbox 1633 4931 2024 5002; x_wconf 88' lang='lat' dir='ltr'><strong>signiﬁcatione</strong></span> <span class='ocrx_word' id='word_1_561' title='bbox 2058 4947 2188 4988; x_wconf 91' lang='lat' dir='ltr'><strong>con-</strong></span> 
     </span>
    </p>
   </div>
   <div class='ocr_carea' id='block_1_79' title="bbox 591 5019 2187 5094">
    <p class='ocr_par' dir='ltr' id='par_1_79' title="bbox 591 5019 2187 5094">
     <span class='ocr_line' id='line_1_79' title="bbox 591 5019 2187 5094; baseline 0 -14"><span class='ocrx_word' id='word_1_562' title='bbox 591 5021 774 5080; x_wconf 87' lang='lat' dir='ltr'><strong>tineri.</strong></span> <span class='ocrx_word' id='word_1_563' title='bbox 803 5020 1030 5078; x_wconf 84' lang='lat' dir='ltr'><strong>Constat</strong></span> <span class='ocrx_word' id='word_1_564' title='bbox 1057 5019 1255 5077; x_wconf 90' lang='lat' dir='ltr'><strong>deinde</strong></span> <span class='ocrx_word' id='word_1_565' title='bbox 1282 5021 1354 5077; x_wconf 87' lang='lat' dir='ltr'><strong>ita</strong></span> <span class='ocrx_word' id='word_1_566' title='bbox 1386 5038 1415 5075; x_wconf 87' lang='lat' dir='ltr'><strong>a</strong></span> <span class='ocrx_word' id='word_1_567' title='bbox 1452 5022 1608 5077; x_wconf 91' lang='lat' dir='ltr'><strong>nobis</strong></span> <span class='ocrx_word' id='word_1_568' title='bbox 1650 5023 2020 5094; x_wconf 80' lang='lat' dir='ltr'><strong>interpositam</strong></span> <span class='ocrx_word' id='word_1_569' title='bbox 2051 5023 2187 5080; x_wconf 88' lang='lat' dir='ltr'><strong>hanc</strong></span> 
     </span>
    </p>
   </div>
   <div class='ocr_carea' id='block_1_80' title="bbox 589 5116 2189 5190">
    <p class='ocr_par' dir='ltr' id='par_1_80' title="bbox 589 5116 2189 5190">
     <span class='ocr_line' id='line_1_80' title="bbox 589 5116 2189 5190; baseline 0.001 -16"><span class='ocrx_word' id='word_1_570' title='bbox 589 5116 838 5190; x_wconf 85' lang='lat' dir='ltr'><strong>martyrii</strong></span> <span class='ocrx_word' id='word_1_571' title='bbox 875 5116 1249 5188; x_wconf 90' lang='lat' dir='ltr'><strong>sponsionem,</strong></span> <span class='ocrx_word' id='word_1_572' title='bbox 1277 5125 1336 5171; x_wconf 92' lang='lat' dir='ltr'><strong>ut</strong></span> <span class='ocrx_word' id='word_1_573' title='bbox 1359 5116 1430 5172; x_wconf 89' lang='lat' dir='ltr'><strong>sit</strong></span> <span class='ocrx_word' id='word_1_574' title='bbox 1458 5117 1696 5174; x_wconf 91' lang='lat' dir='ltr'><strong>conditio</strong></span> <span class='ocrx_word' id='word_1_575' title='bbox 1721 5134 1786 5174; x_wconf 82' lang='lat' dir='ltr'><strong>ex</strong></span> <span class='ocrx_word' id='word_1_576' title='bbox 1823 5129 2005 5175; x_wconf 88' lang='lat' dir='ltr'><strong>nostra</strong></span> <span class='ocrx_word' id='word_1_577' title='bbox 2039 5129 2189 5190; x_wconf 91' lang='lat' dir='ltr'><strong>parte</strong></span> 
     </span>
    </p>
   </div>
   <div class='ocr_carea' id='block_1_81' title="bbox 595 5207 2188 5282">
    <p class='ocr_par' dir='ltr' id='par_1_81' title="bbox 595 5207 2188 5282">
     <span class='ocr_line' id='line_1_81' title="bbox 595 5207 2188 5282; baseline -0.001 -15"><span class='ocrx_word' id='word_1_578' title='bbox 595 5209 899 5282; x_wconf 68' lang='lat' dir='ltr'><strong>pratstanda</strong></span> <span class='ocrx_word' id='word_1_579' title='bbox 933 5207 1075 5264; x_wconf 91' lang='lat' dir='ltr'><strong>unde</strong></span> <span class='ocrx_word' id='word_1_580' title='bbox 1101 5207 1369 5280; x_wconf 87' lang='lat' dir='ltr'><strong>pendeant</strong></span> <span class='ocrx_word' id='word_1_581' title='bbox 1389 5208 1595 5279; x_wconf 85' lang='lat' dir='ltr'><strong>reliqua</strong></span> <span class='ocrx_word' id='word_1_582' title='bbox 1623 5209 1873 5282; x_wconf 88' lang='lat' dir='ltr'><strong>baptismi</strong></span> <span class='ocrx_word' id='word_1_583' title='bbox 1901 5210 2188 5268; x_wconf 88' lang='lat' dir='ltr'><strong>beneﬁcia.</strong></span> 
     </span>
    </p>
   </div>
   <div class='ocr_carea' id='block_1_82' title="bbox 589 5301 2190 5378">
    <p class='ocr_par' dir='ltr' id='par_1_82' title="bbox 589 5301 2190 5378">
     <span class='ocr_line' id='line_1_82' title="bbox 589 5301 2190 5378; baseline 0.002 -17"><span class='ocrx_word' id='word_1_584' title='bbox 589 5305 666 5361; x_wconf 85' lang='lat' dir='ltr'><strong>Ita</strong></span> <span class='ocrx_word' id='word_1_585' title='bbox 691 5304 938 5377; x_wconf 90' lang='lat' dir='ltr'><strong>sequitur</strong></span> <span class='ocrx_word' id='word_1_586' title='bbox 965 5317 1031 5359; x_wconf 80' lang='lat' dir='ltr'><strong>ex</strong></span> <span class='ocrx_word' id='word_1_587' title='bbox 1062 5301 1202 5374; x_wconf 89' lang='lat' dir='ltr'><strong>pacti</strong></span> <span class='ocrx_word' id='word_1_588' title='bbox 1231 5301 1390 5372; x_wconf 76' lang='lat' dir='ltr'><strong>hujus</strong></span> <span class='ocrx_word' id='word_1_589' title='bbox 1427 5303 1548 5374; x_wconf 89' lang='lat' dir='ltr'><strong>jure</strong></span> <span class='ocrx_word' id='word_1_590' title='bbox 1569 5346 1585 5370; x_wconf 87' lang='lat'><strong>,</strong></span> <span class='ocrx_word' id='word_1_591' title='bbox 1627 5304 1888 5378; x_wconf 87' lang='lat' dir='ltr'><strong>martyrio</strong></span> <span class='ocrx_word' id='word_1_592' title='bbox 1912 5306 2106 5363; x_wconf 89' lang='lat' dir='ltr'><strong>saltem</strong></span> <span class='ocrx_word' id='word_1_593' title='bbox 2131 5306 2190 5364; x_wconf 87' lang='lat' dir='ltr'><strong>in</strong></span> 
     </span>
    </p>
   </div>
   <div class='ocr_carea' id='block_1_83' title="bbox 589 5397 2189 5472">
    <p class='ocr_par' dir='ltr' id='par_1_83' title="bbox 589 5397 2189 5472">
     <span class='ocr_line' id='line_1_83' title="bbox 589 5397 2189 5472; baseline 0.002 -19"><span class='ocrx_word' id='word_1_594' title='bbox 589 5408 718 5456; x_wconf 83' lang='lat' dir='ltr'><strong>voto</strong></span> <span class='ocrx_word' id='word_1_595' title='bbox 765 5397 953 5457; x_wconf 90' lang='lat' dir='ltr'><strong>deberi</strong></span> <span class='ocrx_word' id='word_1_596' title='bbox 1001 5400 1183 5454; x_wconf 93' lang='lat' dir='ltr'><strong>omnia</strong></span> <span class='ocrx_word' id='word_1_597' title='bbox 1225 5397 1477 5467; x_wconf 89' lang='lat' dir='ltr'><strong>baptismi</strong></span> <span class='ocrx_word' id='word_1_598' title='bbox 1517 5398 1802 5456; x_wconf 88' lang='lat' dir='ltr'><strong>beneﬁcia.</strong></span> <span class='ocrx_word' id='word_1_599' title='bbox 1836 5397 2091 5472; x_wconf 88' lang='lat' dir='ltr'><strong>Sequitur</strong></span> <span class='ocrx_word' id='word_1_600' title='bbox 2118 5401 2189 5456; x_wconf 87' lang='lat' dir='ltr'><strong>ita</strong></span> 
     </span>
    </p>
   </div>
   <div class='ocr_carea' id='block_1_84' title="bbox 590 5493 2190 5568">
    <p class='ocr_par' dir='ltr' id='par_1_84' title="bbox 590 5493 2190 5568">
     <span class='ocr_line' id='line_1_84' title="bbox 590 5493 2190 5568; baseline 0.002 -20"><span class='ocrx_word' id='word_1_601' title='bbox 590 5494 658 5548; x_wconf 86' lang='lat' dir='ltr'><strong>ad</strong></span> <span class='ocrx_word' id='word_1_602' title='bbox 684 5493 937 5564; x_wconf 86' lang='lat' dir='ltr'><strong>baptismi</strong></span> <span class='ocrx_word' id='word_1_603' title='bbox 966 5493 1487 5550; x_wconf 90' lang='lat' dir='ltr'><strong>consummationem</strong></span> <span class='ocrx_word' id='word_1_604' title='bbox 1513 5506 1764 5565; x_wconf 88' lang='lat' dir='ltr'><strong>spectare</strong></span> <span class='ocrx_word' id='word_1_605' title='bbox 1789 5497 2103 5568; x_wconf 88' lang='lat' dir='ltr'><strong>martyrium</strong></span> <span class='ocrx_word' id='word_1_606' title='bbox 2128 5503 2190 5552; x_wconf 92' lang='lat' dir='ltr'><strong>ut</strong></span> 
     </span>
    </p>
   </div>
   <div class='ocr_carea' id='block_1_85' title="bbox 588 5586 2190 5658">
    <p class='ocr_par' dir='ltr' id='par_1_85' title="bbox 588 5586 2190 5658">
     <span class='ocr_line' id='line_1_85' title="bbox 588 5586 2190 5658; baseline 0.001 -17"><span class='ocrx_word' id='word_1_607' title='bbox 588 5586 906 5658; x_wconf 87' lang='lat' dir='ltr'><strong>martyrium</strong></span> <span class='ocrx_word' id='word_1_608' title='bbox 946 5586 1016 5642; x_wconf 90' lang='lat' dir='ltr'><strong>de</strong></span> <span class='ocrx_word' id='word_1_609' title='bbox 1058 5586 1200 5642; x_wconf 81' lang='lat' dir='ltr'><strong>iacto</strong></span> <span class='ocrx_word' id='word_1_610' title='bbox 1244 5587 1543 5658; x_wconf 67' lang='lat' dir='ltr'><strong>praestitum</strong></span> <span class='ocrx_word' id='word_1_611' title='bbox 1592 5596 1800 5656; x_wconf 79' lang='lat' dir='ltr'><strong>Spectat</strong></span> <span class='ocrx_word' id='word_1_612' title='bbox 1828 5586 1896 5643; x_wconf 89' lang='lat' dir='ltr'><strong>ad</strong></span> <span class='ocrx_word' id='word_1_613' title='bbox 1935 5603 2190 5643; x_wconf 87' lang='lat' dir='ltr'><strong>consum-</strong></span> 
     </span>
    </p>
   </div>
   <div class='ocr_carea' id='block_1_86' title="bbox 591 5677 1727 5752">
    <p class='ocr_par' dir='ltr' id='par_1_86' title="bbox 591 5677 1727 5752">
     <span class='ocr_line' id='line_1_86' title="bbox 591 5677 1727 5752; baseline -0.001 -17"><span class='ocrx_word' id='word_1_614' title='bbox 591 5677 886 5735; x_wconf 89' lang='lat' dir='ltr'><strong>mationem</strong></span> <span class='ocrx_word' id='word_1_615' title='bbox 917 5679 1159 5752; x_wconf 88' lang='lat' dir='ltr'><strong>martyrii</strong></span> <span class='ocrx_word' id='word_1_616' title='bbox 1185 5678 1468 5735; x_wconf 80' lang='lat' dir='ltr'><strong>dumtaxat</strong></span> <span class='ocrx_word' id='word_1_617' title='bbox 1495 5679 1550 5733; x_wconf 89' lang='lat' dir='ltr'><strong>in</strong></span> <span class='ocrx_word' id='word_1_618' title='bbox 1578 5687 1727 5734; x_wconf 85' lang='lat' dir='ltr'><strong>voto.</strong></span> 
     </span>
    </p>
   </div>
   <div class='ocr_carea' id='block_1_87' title="bbox 590 5767 2192 5845">
    <p class='ocr_par' dir='ltr' id='par_1_87' title="bbox 590 5767 2192 5845">
     <span class='ocr_line' id='line_1_87' title="bbox 590 5767 2192 5845; baseline 0.004 -21"><span class='ocrx_word' id='word_1_619' title='bbox 590 5779 604 5824; x_wconf 61' lang='grc' dir='ltr'>ε</span> <span class='ocrx_word' id='word_1_620' title='bbox 666 5769 694 5840; x_wconf 83' lang='lat'>§</span> <span class='ocrx_word' id='word_1_621' title='bbox 717 5769 780 5827; x_wconf 79' lang='grc'><strong>51</strong></span> <span class='ocrx_word' id='word_1_622' title='bbox 793 5767 972 5827; x_wconf 79' lang='lat' dir='ltr'><strong>.—-Ne</strong></span> <span class='ocrx_word' id='word_1_623' title='bbox 995 5785 1125 5827; x_wconf 90' lang='lat' dir='ltr'><strong>vero</strong></span> <span class='ocrx_word' id='word_1_624' title='bbox 1154 5770 1353 5828; x_wconf 89' lang='lat' dir='ltr'><strong>nimius</strong></span> <span class='ocrx_word' id='word_1_625' title='bbox 1378 5769 1564 5826; x_wconf 81' lang='lat' dir='ltr'><strong>videar</strong></span> <span class='ocrx_word' id='word_1_626' title='bbox 1592 5769 1646 5824; x_wconf 93' lang='lat' dir='ltr'><strong>in</strong></span> <span class='ocrx_word' id='word_1_627' title='bbox 1675 5771 1963 5843; x_wconf 88' lang='lat' dir='ltr'><strong>captandis</strong></span> <span class='ocrx_word' id='word_1_628' title='bbox 1991 5772 2192 5845; x_wconf 89' lang='lat' dir='ltr'><strong>baptis-</strong></span> 
     </span>
    </p>
   </div>
   <div class='ocr_carea' id='block_1_88' title="bbox 513 5845 2192 5940">
    <p class='ocr_par' dir='ltr' id='par_1_88' title="bbox 513 5845 2192 5940">
     <span class='ocr_line' id='line_1_88' title="bbox 513 5845 2192 5940; baseline 0.004 -19"><span class='ocrx_word' id='word_1_629' title='bbox 513 5899 526 5921; x_wconf 88' lang='lat'><strong>.</strong></span> <span class='ocrx_word' id='word_1_630' title='bbox 593 5867 750 5930; x_wconf 83' lang='lat' dir='ltr'><strong>malis</strong></span> <span class='ocrx_word' id='word_1_631' title='bbox 791 5845 952 5940; x_wconf 44' lang='lat' dir='ltr'><strong>pacti.</strong></span> <span class='ocrx_word' id='word_1_632' title='bbox 973 5864 1249 5937; x_wconf 85' lang='lat' dir='ltr'><strong>minutiis,</strong></span> <span class='ocrx_word' id='word_1_633' title='bbox 1282 5865 1478 5936; x_wconf 82' lang='lat' dir='ltr'><strong>colligo</strong></span> <span class='ocrx_word' id='word_1_634' title='bbox 1518 5864 1746 5936; x_wconf 87' lang='lat' dir='ltr'><strong>septimo</strong></span> <span class='ocrx_word' id='word_1_635' title='bbox 1777 5882 1883 5925; x_wconf 87' lang='lat' dir='ltr'><strong>non</strong></span> <span class='ocrx_word' id='word_1_636' title='bbox 1927 5867 2088 5928; x_wconf 90' lang='lat' dir='ltr'><strong>modo</strong></span> <span class='ocrx_word' id='word_1_637' title='bbox 2127 5885 2192 5927; x_wconf 83' lang='lat' dir='ltr'><strong>ex</strong></span> 
     </span>
    </p>
   </div>
   <div class='ocr_carea' id='block_1_89' title="bbox 510 6055 582 6100">
    <p class='ocr_par' dir='ltr' id='par_1_89' title="bbox 510 6055 582 6100">
     <span class='ocr_line' id='line_1_89' title="bbox 510 6055 582 6100; baseline 0 0"><span class='ocrx_word' id='word_1_638' title='bbox 510 6055 582 6100; x_wconf 47' lang='grc' dir='ltr'><strong>λς,</strong></span> 
     </span>
    </p>
   </div>
   <div class='ocr_carea' id='block_1_90' title="bbox 2288 3341 3870 3423">
    <p class='ocr_par' dir='ltr' id='par_1_90' title="bbox 2288 3341 3870 3423">
     <span class='ocr_line' id='line_1_90' title="bbox 2288 3341 3870 3423; baseline 0.003 -18"><span class='ocrx_word' id='word_1_639' title='bbox 2288 3358 2417 3406; x_wconf 90' lang='lat' dir='ltr'><strong>voto</strong></span> <span class='ocrx_word' id='word_1_640' title='bbox 2443 3349 2708 3406; x_wconf 90' lang='lat' dir='ltr'><strong>debeatur</strong></span> <span class='ocrx_word' id='word_1_641' title='bbox 2723 3353 2811 3422; x_wconf 91' lang='lat' dir='ltr'><strong>jus</strong></span> <span class='ocrx_word' id='word_1_642' title='bbox 2843 3351 2975 3406; x_wconf 88' lang='lat' dir='ltr'><strong>illud</strong></span> <span class='ocrx_word' id='word_1_643' title='bbox 3007 3366 3169 3408; x_wconf 92' lang='lat' dir='ltr'><strong>omne</strong></span> <span class='ocrx_word' id='word_1_644' title='bbox 3197 3352 3342 3423; x_wconf 90' lang='lat' dir='ltr'><strong>quod</strong></span> <span class='ocrx_word' id='word_1_645' title='bbox 3363 3347 3645 3408; x_wconf 88' lang='lat' dir='ltr'><strong>consecuti</strong></span> <span class='ocrx_word' id='word_1_646' title='bbox 3675 3344 3725 3397; x_wconf 92' lang='lat' dir='ltr'><strong>in</strong></span> <span class='ocrx_word' id='word_1_647' title='bbox 3750 3341 3870 3408; x_wconf 83' lang='lat' dir='ltr'><strong>baP‘</strong></span> 
     </span>
    </p>
   </div>
   <div class='ocr_carea' id='block_1_91' title="bbox 2291 3434 3870 3516">
    <p class='ocr_par' dir='ltr' id='par_1_91' title="bbox 2291 3434 3870 3516">
     <span class='ocr_line' id='line_1_91' title="bbox 2291 3434 3870 3516; baseline -0.008 -15"><span class='ocrx_word' id='word_1_648' title='bbox 2291 3445 2451 3501; x_wconf 93' lang='lat' dir='ltr'><strong>tismo</strong></span> <span class='ocrx_word' id='word_1_649' title='bbox 2491 3452 2616 3499; x_wconf 90' lang='lat' dir='ltr'><strong>sunt</strong></span> <span class='ocrx_word' id='word_1_650' title='bbox 2641 3443 2710 3499; x_wconf 91' lang='lat' dir='ltr'><strong>ad</strong></span> <span class='ocrx_word' id='word_1_651' title='bbox 2742 3443 3000 3515; x_wconf 86' lang='lat' dir='ltr'><strong>baptismi</strong></span> <span class='ocrx_word' id='word_1_652' title='bbox 3045 3445 3344 3511; x_wconf 90' lang='lat' dir='ltr'><strong>beneﬁcia;</strong></span> <span class='ocrx_word' id='word_1_653' title='bbox 3376 3445 3499 3516; x_wconf 90' lang='lat' dir='ltr'><strong>quis</strong></span> <span class='ocrx_word' id='word_1_654' title='bbox 3539 3449 3624 3499; x_wconf 89' lang='lat' dir='ltr'><strong>est</strong></span> <span class='ocrx_word' id='word_1_655' title='bbox 3660 3434 3747 3508; x_wconf 91' lang='lat' dir='ltr'><strong>qui</strong></span> <span class='ocrx_word' id='word_1_656' title='bbox 3775 3441 3870 3487; x_wconf 84' lang='lat' dir='ltr'><strong>non</strong></span> 
     </span>
    </p>
   </div>
   <div class='ocr_carea' id='block_1_92' title="bbox 2288 3519 3870 3608">
    <p class='ocr_par' dir='ltr' id='par_1_92' title="bbox 2288 3519 3870 3608">
     <span class='ocr_line' id='line_1_92' title="bbox 2288 3519 3870 3608; baseline -0.008 -16"><span class='ocrx_word' id='word_1_657' title='bbox 2288 3537 2468 3594; x_wconf 88' lang='lat' dir='ltr'><strong>videat</strong></span> <span class='ocrx_word' id='word_1_658' title='bbox 2525 3537 2724 3608; x_wconf 89' lang='lat' dir='ltr'><strong>potiori</strong></span> <span class='ocrx_word' id='word_1_659' title='bbox 2779 3537 2991 3592; x_wconf 90' lang='lat' dir='ltr'><strong>ratione</strong></span> <span class='ocrx_word' id='word_1_660' title='bbox 3051 3537 3388 3594; x_wconf 89' lang='lat' dir='ltr'><strong>tribuendum</strong></span> <span class='ocrx_word' id='word_1_661' title='bbox 3453 3551 3575 3595; x_wconf 84' lang='lat' dir='ltr'><strong>esse</strong></span> <span class='ocrx_word' id='word_1_662' title='bbox 3631 3519 3870 3596; x_wconf 80' lang='lat' dir='ltr'><strong>martyrio</strong></span> 
     </span>
    </p>
   </div>
   <div class='ocr_carea' id='block_1_93' title="bbox 2288 3624 3893 3709">
    <p class='ocr_par' dir='ltr' id='par_1_93' title="bbox 2288 3624 3893 3709">
     <span class='ocr_line' id='line_1_93' title="bbox 2288 3624 3893 3709; baseline -0.013 -22"><span class='ocrx_word' id='word_1_663' title='bbox 2288 3630 2525 3687; x_wconf 85' lang='lat' dir='ltr'><strong>actuali?</strong></span> <span class='ocrx_word' id='word_1_664' title='bbox 2556 3630 2654 3686; x_wconf 87' lang='lat' dir='ltr'><strong>Est</strong></span> <span class='ocrx_word' id='word_1_665' title='bbox 2679 3630 2821 3686; x_wconf 91' lang='lat' dir='ltr'><strong>enim</strong></span> <span class='ocrx_word' id='word_1_666' title='bbox 2847 3629 2965 3686; x_wconf 71' lang='lat' dir='ltr'><strong>lucc</strong></span> <span class='ocrx_word' id='word_1_667' title='bbox 2991 3630 3125 3702; x_wconf 87' lang='lat' dir='ltr'><strong>legis</strong></span> <span class='ocrx_word' id='word_1_668' title='bbox 3152 3632 3263 3701; x_wconf 89' lang='lat' dir='ltr'><strong>ipsa</strong></span> <span class='ocrx_word' id='word_1_669' title='bbox 3291 3629 3554 3697; x_wconf 91' lang='lat' dir='ltr'><strong>conditio,</strong></span> <span class='ocrx_word' id='word_1_670' title='bbox 3579 3639 3685 3681; x_wconf 90' lang='lat' dir='ltr'><strong>non</strong></span> <span class='ocrx_word' id='word_1_671' title='bbox 3708 3624 3868 3674; x_wconf 89' lang='lat' dir='ltr'><strong>autem</strong></span> <span class='ocrx_word' id='word_1_672' title='bbox 3890 3706 3893 3709; x_wconf 19' lang='grc' dir='ltr'><strong>Ι</strong></span> 
     </span>
    </p>
   </div>
   <div class='ocr_carea' id='block_1_94' title="bbox 2289 3717 3870 3797">
    <p class='ocr_par' dir='ltr' id='par_1_94' title="bbox 2289 3717 3870 3797">
     <span class='ocr_line' id='line_1_94' title="bbox 2289 3717 3870 3797; baseline 0 -17"><span class='ocrx_word' id='word_1_673' title='bbox 2289 3724 2433 3780; x_wconf 90' lang='lat' dir='ltr'><strong>aliud</strong></span> <span class='ocrx_word' id='word_1_674' title='bbox 2459 3725 2587 3796; x_wconf 90' lang='lat' dir='ltr'><strong>quid</strong></span> <span class='ocrx_word' id='word_1_675' title='bbox 2615 3725 2760 3795; x_wconf 88' lang='lat' dir='ltr'><strong>quod</strong></span> <span class='ocrx_word' id='word_1_676' title='bbox 2798 3740 2954 3797; x_wconf 64' lang='lat' dir='ltr'><strong>teque</strong></span> <span class='ocrx_word' id='word_1_677' title='bbox 2993 3733 3153 3797; x_wconf 85' lang='lat' dir='ltr'><strong>egeat</strong></span> <span class='ocrx_word' id='word_1_678' title='bbox 3190 3724 3323 3796; x_wconf 89' lang='lat' dir='ltr'><strong>legis</strong></span> <span class='ocrx_word' id='word_1_679' title='bbox 3356 3726 3655 3795; x_wconf 82' lang='lat' dir='ltr'><strong>interprete</strong></span> <span class='ocrx_word' id='word_1_680' title='bbox 3694 3722 3751 3769; x_wconf 80' lang='grc' dir='ltr'><strong>ιιι</strong></span> <span class='ocrx_word' id='word_1_681' title='bbox 3786 3717 3870 3780; x_wconf 66' lang='lat' dir='ltr'><strong>Pro</strong></span> 
     </span>
    </p>
   </div>
   <div class='ocr_carea' id='block_1_95' title="bbox 2291 3811 3870 3890">
    <p class='ocr_par' dir='ltr' id='par_1_95' title="bbox 2291 3811 3870 3890">
     <span class='ocr_line' id='line_1_95' title="bbox 2291 3811 3870 3890; baseline 0.003 -17"><span class='ocrx_word' id='word_1_682' title='bbox 2291 3819 2404 3888; x_wconf 91' lang='lat' dir='ltr'><strong>ipsa</strong></span> <span class='ocrx_word' id='word_1_683' title='bbox 2426 3817 2736 3873; x_wconf 89' lang='lat' dir='ltr'><strong>conditione</strong></span> <span class='ocrx_word' id='word_1_684' title='bbox 2756 3827 3066 3875; x_wconf 89' lang='lat' dir='ltr'><strong>censeatur.</strong></span> <span class='ocrx_word' id='word_1_685' title='bbox 3088 3818 3427 3889; x_wconf 88' lang='lat' dir='ltr'><strong>Quamquam</strong></span> <span class='ocrx_word' id='word_1_686' title='bbox 3448 3811 3870 3890; x_wconf 53' lang='grc' dir='ltr'><strong>ἰείιυιοιιιιείιυείίῖ1</strong></span> 
     </span>
    </p>
   </div>
   <div class='ocr_carea' id='block_1_96' title="bbox 2291 3889 3871 3981">
    <p class='ocr_par' dir='ltr' id='par_1_96' title="bbox 2291 3889 3871 3981">
     <span class='ocr_line' id='line_1_96' title="bbox 2291 3889 3871 3981; baseline -0.008 -17"><span class='ocrx_word' id='word_1_687' title='bbox 2291 3908 2509 3966; x_wconf 89' lang='lat' dir='ltr'><strong>aliunde</strong></span> <span class='ocrx_word' id='word_1_688' title='bbox 2551 3919 2856 3977; x_wconf 88' lang='lat' dir='ltr'><strong>constaret,</strong></span> <span class='ocrx_word' id='word_1_689' title='bbox 2895 3909 3114 3966; x_wconf 91' lang='lat' dir='ltr'><strong>disertis</strong></span> <span class='ocrx_word' id='word_1_690' title='bbox 3158 3889 3489 3981; x_wconf 64' lang='lat' dir='ltr'><strong>evangelicae</strong></span> <span class='ocrx_word' id='word_1_691' title='bbox 3535 3904 3668 3978; x_wconf 87' lang='lat' dir='ltr'><strong>legis</strong></span> <span class='ocrx_word' id='word_1_692' title='bbox 3711 3889 3871 3952; x_wconf 75' lang='lat' dir='ltr'><strong>verbis</strong></span> 
     </span>
    </p>
   </div>
   <div class='ocr_carea' id='block_1_97' title="bbox 2291 3981 3872 4075">
    <p class='ocr_par' dir='ltr' id='par_1_97' title="bbox 2291 3981 3872 4075">
     <span class='ocr_line' id='line_1_97' title="bbox 2291 3981 3872 4075; baseline -0.009 -17"><span class='ocrx_word' id='word_1_693' title='bbox 2291 4003 2554 4075; x_wconf 86' lang='lat' dir='ltr'><strong>martyrio</strong></span> <span class='ocrx_word' id='word_1_694' title='bbox 2586 4002 2775 4058; x_wconf 84' lang='lat' dir='ltr'><strong>deberi</strong></span> <span class='ocrx_word' id='word_1_695' title='bbox 2816 4003 3068 4074; x_wconf 89' lang='lat' dir='ltr'><strong>baptismi</strong></span> <span class='ocrx_word' id='word_1_696' title='bbox 3109 4002 3408 4068; x_wconf 88' lang='lat' dir='ltr'><strong>beneﬁcia;</strong></span> <span class='ocrx_word' id='word_1_697' title='bbox 3441 4002 3497 4059; x_wconf 92' lang='lat' dir='ltr'><strong>id</strong></span> <span class='ocrx_word' id='word_1_698' title='bbox 3529 4010 3705 4056; x_wconf 86' lang='lat' dir='ltr'><strong>tamen</strong></span> <span class='ocrx_word' id='word_1_699' title='bbox 3734 3981 3872 4045; x_wconf 71' lang='lat' dir='ltr'><strong>facile</strong></span> 
     </span>
    </p>
   </div>
   <div class='ocr_carea' id='block_1_98' title="bbox 2291 4094 3738 4168">
    <p class='ocr_par' dir='ltr' id='par_1_98' title="bbox 2291 4094 3738 4168">
     <span class='ocr_line' id='line_1_98' title="bbox 2291 4094 3738 4168; baseline -0.006 -17"><span class='ocrx_word' id='word_1_700' title='bbox 2291 4111 2359 4151; x_wconf 82' lang='lat' dir='ltr'><strong>ex</strong></span> <span class='ocrx_word' id='word_1_701' title='bbox 2381 4097 2493 4167; x_wconf 91' lang='lat' dir='ltr'><strong>ipsa</strong></span> <span class='ocrx_word' id='word_1_702' title='bbox 2521 4095 2764 4166; x_wconf 88' lang='lat' dir='ltr'><strong>ejusdem</strong></span> <span class='ocrx_word' id='word_1_703' title='bbox 2794 4094 3064 4152; x_wconf 89' lang='lat' dir='ltr'><strong>ratiocinii</strong></span> <span class='ocrx_word' id='word_1_704' title='bbox 3092 4097 3312 4168; x_wconf 90' lang='lat' dir='ltr'><strong>sequela</strong></span> <span class='ocrx_word' id='word_1_705' title='bbox 3337 4095 3738 4168; x_wconf 89' lang='lat' dir='ltr'><strong>colligeremus.</strong></span> 
     </span>
    </p>
   </div>
   <div class='ocr_carea' id='block_1_99' title="bbox 2365 4185 3868 4262">
    <p class='ocr_par' dir='ltr' id='par_1_99' title="bbox 2365 4185 3868 4262">
     <span class='ocr_line' id='line_1_99' title="bbox 2365 4185 3868 4262; baseline -0.01 -15"><span class='ocrx_word' id='word_1_706' title='bbox 2365 4189 2393 4262; x_wconf 84' lang='lat'>§</span> <span class='ocrx_word' id='word_1_707' title='bbox 2432 4189 2723 4247; x_wconf 77' lang='lat' dir='ltr'><strong>52.—Est</strong></span> <span class='ocrx_word' id='word_1_708' title='bbox 2749 4191 2894 4246; x_wconf 91' lang='lat' dir='ltr'><strong>enim</strong></span> <span class='ocrx_word' id='word_1_709' title='bbox 2926 4205 2992 4246; x_wconf 89' lang='lat' dir='ltr'><strong>ea</strong></span> <span class='ocrx_word' id='word_1_710' title='bbox 3038 4190 3092 4246; x_wconf 91' lang='lat' dir='ltr'><strong>in</strong></span> <span class='ocrx_word' id='word_1_711' title='bbox 3121 4190 3299 4258; x_wconf 91' lang='lat' dir='ltr'><strong>omni,</strong></span> <span class='ocrx_word' id='word_1_712' title='bbox 3352 4190 3591 4246; x_wconf 87' lang='lat' dir='ltr'><strong>humana</strong></span> <span class='ocrx_word' id='word_1_713' title='bbox 3639 4185 3868 4254; x_wconf 69' lang='lat' dir='ltr'><strong>quoque,</strong></span> 
     </span>
    </p>
   </div>
   <div class='ocr_carea' id='block_1_100' title="bbox 2291 4265 3872 4355">
    <p class='ocr_par' dir='ltr' id='par_1_100' title="bbox 2291 4265 3872 4355">
     <span class='ocr_line' id='line_1_100' title="bbox 2291 4265 3872 4355; baseline -0.013 -18"><span class='ocrx_word' id='word_1_714' title='bbox 2291 4281 2677 4353; x_wconf 88' lang='lat' dir='ltr'><strong>legumlatione</strong></span> <span class='ocrx_word' id='word_1_715' title='bbox 2695 4282 2920 4353; x_wconf 87' lang='lat' dir='ltr'><strong>probata</strong></span> <span class='ocrx_word' id='word_1_716' title='bbox 2940 4281 3336 4355; x_wconf 89' lang='lat' dir='ltr'><strong>argumentatio</strong></span> <span class='ocrx_word' id='word_1_717' title='bbox 3352 4298 3453 4353; x_wconf 86' lang='lat' dir='ltr'><strong>qua</strong></span> <span class='ocrx_word' id='word_1_718' title='bbox 3475 4283 3652 4352; x_wconf 86' lang='lat' dir='ltr'><strong>legum</strong></span> <span class='ocrx_word' id='word_1_719' title='bbox 3677 4265 3872 4328; x_wconf 85' lang='lat' dir='ltr'><strong>casibus</strong></span> 
     </span>
    </p>
   </div>
   <div class='ocr_carea' id='block_1_101' title="bbox 2293 4369 3873 4450">
    <p class='ocr_par' dir='ltr' id='par_1_101' title="bbox 2293 4369 3873 4450">
     <span class='ocr_line' id='line_1_101' title="bbox 2293 4369 3873 4450; baseline -0.009 -18"><span class='ocrx_word' id='word_1_720' title='bbox 2293 4375 2512 4432; x_wconf 87' lang='lat' dir='ltr'><strong>omissis</strong></span> <span class='ocrx_word' id='word_1_721' title='bbox 2532 4391 2562 4432; x_wconf 91' lang='lat' dir='ltr'><strong>e</strong></span> <span class='ocrx_word' id='word_1_722' title='bbox 2586 4376 2856 4433; x_wconf 89' lang='lat' dir='ltr'><strong>ratiocinii</strong></span> <span class='ocrx_word' id='word_1_723' title='bbox 2885 4376 3115 4449; x_wconf 89' lang='lat' dir='ltr'><strong>paritate</strong></span> <span class='ocrx_word' id='word_1_724' title='bbox 3145 4377 3528 4450; x_wconf 88' lang='lat' dir='ltr'><strong>prospicimus.</strong></span> <span class='ocrx_word' id='word_1_725' title='bbox 3557 4373 3668 4431; x_wconf 90' lang='lat' dir='ltr'><strong>Illis</strong></span> <span class='ocrx_word' id='word_1_726' title='bbox 3695 4369 3873 4430; x_wconf 78' lang='lat' dir='ltr'><strong>nempe</strong></span> 
     </span>
    </p>
   </div>
   <div class='ocr_carea' id='block_1_102' title="bbox 2289 4458 3871 4544">
    <p class='ocr_par' dir='ltr' id='par_1_102' title="bbox 2289 4458 3871 4544">
     <span class='ocr_line' id='line_1_102' title="bbox 2289 4458 3871 4544; baseline -0.003 -19"><span class='ocrx_word' id='word_1_727' title='bbox 2289 4469 2596 4527; x_wconf 88' lang='lat' dir='ltr'><strong>canonibus</strong></span> <span class='ocrx_word' id='word_1_728' title='bbox 2624 4471 2970 4542; x_wconf 87' lang='lat' dir='ltr'><strong>generalibus</strong></span> <span class='ocrx_word' id='word_1_729' title='bbox 2995 4473 3243 4542; x_wconf 91' lang='lat' dir='ltr'><strong>oriunda,</strong></span> <span class='ocrx_word' id='word_1_730' title='bbox 3269 4473 3411 4544; x_wconf 90' lang='lat' dir='ltr'><strong>quod</strong></span> <span class='ocrx_word' id='word_1_731' title='bbox 3440 4471 3620 4529; x_wconf 88' lang='lat' dir='ltr'><strong>causis</strong></span> <span class='ocrx_word' id='word_1_732' title='bbox 3638 4458 3871 4524; x_wconf 73' lang='lat' dir='ltr'><strong>omnibus</strong></span> 
     </span>
    </p>
   </div>
   <div class='ocr_carea' id='block_1_103' title="bbox 2294 4557 3871 4639">
    <p class='ocr_par' dir='ltr' id='par_1_103' title="bbox 2294 4557 3871 4639">
     <span class='ocr_line' id='line_1_103' title="bbox 2294 4557 3871 4639; baseline -0.011 -21"><span class='ocrx_word' id='word_1_733' title='bbox 2294 4562 2604 4618; x_wconf 89' lang='lat' dir='ltr'><strong>consultum</strong></span> <span class='ocrx_word' id='word_1_734' title='bbox 2649 4574 2914 4635; x_wconf 89' lang='lat' dir='ltr'><strong>cuperent</strong></span> <span class='ocrx_word' id='word_1_735' title='bbox 2960 4565 3373 4636; x_wconf 87' lang='lat' dir='ltr'><strong>legumlatores;</strong></span> <span class='ocrx_word' id='word_1_736' title='bbox 3430 4563 3575 4639; x_wconf 92' lang='lat' dir='ltr'><strong>quod</strong></span> <span class='ocrx_word' id='word_1_737' title='bbox 3624 4557 3871 4616; x_wconf 87' lang='lat' dir='ltr'><strong>rationem</strong></span> 
     </span>
    </p>
   </div>
   <div class='ocr_carea' id='block_1_104' title="bbox 1018 4646 3870 4730">
    <p class='ocr_par' dir='ltr' id='par_1_104' title="bbox 1018 4646 3870 4730">
     <span class='ocr_line' id='line_1_104' title="bbox 1018 4646 3870 4730; baseline 0.005 -26"><span class='ocrx_word' id='word_1_738' title='bbox 1018 4657 1074 4704; x_wconf 90' lang='lat' dir='ltr'><strong>et</strong></span> <span class='ocrx_word' id='word_1_739' title='bbox 1118 4657 1385 4718; x_wconf 91' lang='lat' dir='ltr'><strong>quatenus</strong></span> <span class='ocrx_word' id='word_1_740' title='bbox 1432 4646 1546 4702; x_wconf 69' lang='lat' dir='ltr'><strong>haec</strong></span> <span class='ocrx_word' id='word_1_741' title='bbox 1572 4646 1761 4704; x_wconf 91' lang='lat' dir='ltr'><strong>eadem</strong></span> <span class='ocrx_word' id='word_1_742' title='bbox 1800 4649 2040 4719; x_wconf 85' lang='lat' dir='ltr'><strong>symbola</strong></span> <span class='ocrx_word' id='word_1_743' title='bbox 2090 4649 2264 4720; x_wconf 91' lang='lat' dir='ltr'><strong>proD</strong></span> <span class='ocrx_word' id='word_1_744' title='bbox 2293 4653 2490 4726; x_wconf 89' lang='lat' dir='ltr'><strong>ubique</strong></span> <span class='ocrx_word' id='word_1_745' title='bbox 2536 4654 2728 4712; x_wconf 90' lang='lat' dir='ltr'><strong>ducem</strong></span> <span class='ocrx_word' id='word_1_746' title='bbox 2778 4659 2932 4728; x_wconf 87' lang='lat' dir='ltr'><strong>sequi</strong></span> <span class='ocrx_word' id='word_1_747' title='bbox 2977 4658 3211 4726; x_wconf 87' lang='lat' dir='ltr'><strong>vellent;</strong></span> <span class='ocrx_word' id='word_1_748' title='bbox 3259 4658 3402 4730; x_wconf 91' lang='lat' dir='ltr'><strong>quod</strong></span> <span class='ocrx_word' id='word_1_749' title='bbox 3452 4656 3682 4727; x_wconf 80' lang='lat' dir='ltr'><strong>denique</strong></span> <span class='ocrx_word' id='word_1_750' title='bbox 3723 4651 3870 4718; x_wconf 65' lang='lat' dir='ltr'><strong>quam</strong></span> 
     </span>
    </p>
   </div>
   <div class='ocr_carea' id='block_1_105' title="bbox 2295 4735 3874 4823">
    <p class='ocr_par' dir='ltr' id='par_1_105' title="bbox 2295 4735 3874 4823">
     <span class='ocr_line' id='line_1_105' title="bbox 2295 4735 3874 4823; baseline -0.008 -20"><span class='ocrx_word' id='word_1_751' title='bbox 2295 4747 2558 4805; x_wconf 88' lang='lat' dir='ltr'><strong>rationem</strong></span> <span class='ocrx_word' id='word_1_752' title='bbox 2600 4749 2653 4805; x_wconf 92' lang='lat' dir='ltr'><strong>in</strong></span> <span class='ocrx_word' id='word_1_753' title='bbox 2696 4766 2798 4806; x_wconf 90' lang='lat' dir='ltr'><strong>una</strong></span> <span class='ocrx_word' id='word_1_754' title='bbox 2845 4765 3005 4808; x_wconf 90' lang='lat' dir='ltr'><strong>causa</strong></span> <span class='ocrx_word' id='word_1_755' title='bbox 3046 4752 3399 4823; x_wconf 89' lang='lat' dir='ltr'><strong>probassent,</strong></span> <span class='ocrx_word' id='word_1_756' title='bbox 3441 4749 3683 4808; x_wconf 90' lang='lat' dir='ltr'><strong>eamdem</strong></span> <span class='ocrx_word' id='word_1_757' title='bbox 3705 4735 3874 4798; x_wconf 70' lang='lat' dir='ltr'><strong>essent</strong></span> 
     </span>
    </p>
   </div>
   <div class='ocr_carea' id='block_1_106' title="bbox 2296 4836 3871 4915">
    <p class='ocr_par' dir='ltr' id='par_1_106' title="bbox 2296 4836 3871 4915">
     <span class='ocr_line' id='line_1_106' title="bbox 2296 4836 3871 4915; baseline 0.002 -19"><span class='ocrx_word' id='word_1_758' title='bbox 2296 4851 2353 4897; x_wconf 94' lang='lat' dir='ltr'><strong>et</strong></span> <span class='ocrx_word' id='word_1_759' title='bbox 2379 4843 2430 4897; x_wconf 92' lang='lat' dir='ltr'><strong>in</strong></span> <span class='ocrx_word' id='word_1_760' title='bbox 2462 4841 2584 4898; x_wconf 90' lang='lat' dir='ltr'><strong>aliis</strong></span> <span class='ocrx_word' id='word_1_761' title='bbox 2610 4842 2861 4900; x_wconf 86' lang='lat' dir='ltr'><strong>similiter</strong></span> <span class='ocrx_word' id='word_1_762' title='bbox 2889 4843 3182 4915; x_wconf 89' lang='lat' dir='ltr'><strong>probaturi.</strong></span> <span class='ocrx_word' id='word_1_763' title='bbox 3227 4844 3358 4901; x_wconf 90' lang='lat' dir='ltr'><strong>lude</strong></span> <span class='ocrx_word' id='word_1_764' title='bbox 3392 4839 3655 4912; x_wconf 88' lang='lat' dir='ltr'><strong>contingit</strong></span> <span class='ocrx_word' id='word_1_765' title='bbox 3685 4841 3740 4891; x_wconf 79' lang='lat' dir='ltr'><strong>ut</strong></span> <span class='ocrx_word' id='word_1_766' title='bbox 3764 4836 3871 4915; x_wconf 63' lang='grc' dir='ltr'><strong>(Ιυῖθ</strong></span> 
     </span>
    </p>
   </div>
   <div class='ocr_carea' id='block_1_107' title="bbox 2297 4914 3871 5009">
    <p class='ocr_par' dir='ltr' id='par_1_107' title="bbox 2297 4914 3871 5009">
     <span class='ocr_line' id='line_1_107' title="bbox 2297 4914 3871 5009; baseline -0.003 -20"><span class='ocrx_word' id='word_1_767' title='bbox 2297 4933 2370 4989; x_wconf 88' lang='lat' dir='ltr'><strong>ita</strong></span> <span class='ocrx_word' id='word_1_768' title='bbox 2419 4934 2711 4991; x_wconf 89' lang='lat' dir='ltr'><strong>constituta</strong></span> <span class='ocrx_word' id='word_1_769' title='bbox 2759 4914 2991 5005; x_wconf 80' lang='lat' dir='ltr'><strong>fuerint,</strong></span> <span class='ocrx_word' id='word_1_770' title='bbox 3040 4952 3148 4992; x_wconf 92' lang='lat' dir='ltr'><strong>non</strong></span> <span class='ocrx_word' id='word_1_771' title='bbox 3198 4951 3298 5008; x_wconf 90' lang='lat' dir='ltr'><strong>pro</strong></span> <span class='ocrx_word' id='word_1_772' title='bbox 3342 4935 3682 5009; x_wconf 90' lang='lat' dir='ltr'><strong>prudentium</strong></span> <span class='ocrx_word' id='word_1_773' title='bbox 3726 4914 3871 4980; x_wconf 73' lang='lat' dir='ltr'><strong>modo</strong></span> 
     </span>
    </p>
   </div>
   <div class='ocr_carea' id='block_1_108' title="bbox 2297 5017 3869 5102">
    <p class='ocr_par' dir='ltr' id='par_1_108' title="bbox 2297 5017 3869 5102">
     <span class='ocr_line' id='line_1_108' title="bbox 2297 5017 3869 5102; baseline -0.008 -17"><span class='ocrx_word' id='word_1_774' title='bbox 2297 5028 2541 5085; x_wconf 89' lang='lat' dir='ltr'><strong>consiliis</strong></span> <span class='ocrx_word' id='word_1_775' title='bbox 2571 5029 2892 5098; x_wconf 89' lang='lat' dir='ltr'><strong>habeantur,</strong></span> <span class='ocrx_word' id='word_1_776' title='bbox 2928 5029 3022 5087; x_wconf 83' lang='lat' dir='ltr'><strong>sed</strong></span> <span class='ocrx_word' id='word_1_777' title='bbox 3053 5030 3231 5102; x_wconf 88' lang='lat' dir='ltr'><strong>legqu</strong></span> <span class='ocrx_word' id='word_1_778' title='bbox 3258 5032 3420 5087; x_wconf 90' lang='lat' dir='ltr'><strong>etiam</strong></span> <span class='ocrx_word' id='word_1_779' title='bbox 3451 5031 3557 5086; x_wconf 91' lang='lat' dir='ltr'><strong>vim</strong></span> <span class='ocrx_word' id='word_1_780' title='bbox 3589 5017 3869 5102; x_wconf 62' lang='lat' dir='ltr'><strong>obtineant-</strong></span> 
     </span>
    </p>
   </div>
   <div class='ocr_carea' id='block_1_109' title="bbox 2296 5101 3871 5206">
    <p class='ocr_par' dir='ltr' id='par_1_109' title="bbox 2296 5101 3871 5206">
     <span class='ocr_line' id='line_1_109' title="bbox 2296 5101 3871 5206; baseline -0.001 -29"><span class='ocrx_word' id='word_1_781' title='bbox 2296 5121 2428 5180; x_wconf 88' lang='lat' dir='ltr'><strong>Inde</strong></span> <span class='ocrx_word' id='word_1_782' title='bbox 2455 5123 2720 5194; x_wconf 91' lang='lat' dir='ltr'><strong>sequitur,</strong></span> <span class='ocrx_word' id='word_1_783' title='bbox 2749 5111 2905 5178; x_wconf 88' lang='lat' dir='ltr'><strong>si’vel</strong></span> <span class='ocrx_word' id='word_1_784' title='bbox 2933 5139 3032 5195; x_wconf 86' lang='lat' dir='ltr'><strong>pro</strong></span> <span class='ocrx_word' id='word_1_785' title='bbox 3054 5101 3235 5195; x_wconf 80' lang='lat' dir='ltr'><strong>legum</strong></span> <span class='ocrx_word' id='word_1_786' title='bbox 3267 5123 3618 5180; x_wconf 89' lang='lat' dir='ltr'><strong>humanarum</strong></span> <span class='ocrx_word' id='word_1_787' title='bbox 3641 5101 3871 5206; x_wconf 41' lang='lat' dir='ltr'><strong>exempl.&quot;</strong></span> 
     </span>
    </p>
   </div>
   <div class='ocr_carea' id='block_1_110' title="bbox 2289 5204 3873 5294">
    <p class='ocr_par' dir='ltr' id='par_1_110' title="bbox 2289 5204 3873 5294">
     <span class='ocr_line' id='line_1_110' title="bbox 2289 5204 3873 5294; baseline -0.013 -21"><span class='ocrx_word' id='word_1_788' title='bbox 2289 5215 2472 5273; x_wconf 85' lang='lat' dir='ltr'><strong>divina</strong></span> <span class='ocrx_word' id='word_1_789' title='bbox 2530 5217 2693 5272; x_wconf 89' lang='lat' dir='ltr'><strong>etiam</strong></span> <span class='ocrx_word' id='word_1_790' title='bbox 2742 5217 3012 5288; x_wconf 87' lang='lat' dir='ltr'><strong>legislatio</strong></span> <span class='ocrx_word' id='word_1_791' title='bbox 3059 5229 3208 5276; x_wconf 88' lang='lat' dir='ltr'><strong>esset</strong></span> <span class='ocrx_word' id='word_1_792' title='bbox 3253 5215 3613 5280; x_wconf 90' lang='lat' dir='ltr'><strong>instituenda,</strong></span> <span class='ocrx_word' id='word_1_793' title='bbox 3666 5204 3873 5294; x_wconf 60' lang='lat' dir='ltr'><strong>rationis</strong></span> 
     </span>
    </p>
   </div>
   <div class='ocr_carea' id='block_1_111' title="bbox 2296 5299 3870 5384">
    <p class='ocr_par' dir='ltr' id='par_1_111' title="bbox 2296 5299 3870 5384">
     <span class='ocr_line' id='line_1_111' title="bbox 2296 5299 3870 5384; baseline -0.001 -21"><span class='ocrx_word' id='word_1_794' title='bbox 2296 5309 2582 5380; x_wconf 88' lang='lat' dir='ltr'><strong>paritatem</strong></span> <span class='ocrx_word' id='word_1_795' title='bbox 2611 5325 2710 5380; x_wconf 91' lang='lat' dir='ltr'><strong>pro</strong></span> <span class='ocrx_word' id='word_1_796' title='bbox 2743 5309 2928 5366; x_wconf 88' lang='lat' dir='ltr'><strong>divina</strong></span> <span class='ocrx_word' id='word_1_797' title='bbox 2967 5325 3089 5368; x_wconf 91' lang='lat' dir='ltr'><strong>esse</strong></span> <span class='ocrx_word' id='word_1_798' title='bbox 3124 5312 3245 5384; x_wconf 89' lang='lat' dir='ltr'><strong>lege</strong></span> <span class='ocrx_word' id='word_1_799' title='bbox 3275 5307 3700 5382; x_wconf 83' lang='lat' dir='ltr'><strong>intelligendam.</strong></span> <span class='ocrx_word' id='word_1_800' title='bbox 3723 5299 3870 5361; x_wconf 76' lang='grc' dir='ltr'><strong>Αῑίῐυί</strong></span> 
     </span>
    </p>
   </div>
   <div class='ocr_carea' id='block_1_112' title="bbox 2296 5389 3872 5473">
    <p class='ocr_par' dir='ltr' id='par_1_112' title="bbox 2296 5389 3872 5473">
     <span class='ocr_line' id='line_1_112' title="bbox 2296 5389 3872 5473; baseline -0.013 -14"><span class='ocrx_word' id='word_1_801' title='bbox 2296 5403 2470 5473; x_wconf 89' lang='lat' dir='ltr'><strong>major</strong></span> <span class='ocrx_word' id='word_1_802' title='bbox 2495 5412 2643 5460; x_wconf 89' lang='lat' dir='ltr'><strong>certe</strong></span> <span class='ocrx_word' id='word_1_803' title='bbox 2665 5413 2749 5461; x_wconf 91' lang='lat' dir='ltr'><strong>est</strong></span> <span class='ocrx_word' id='word_1_804' title='bbox 2774 5406 2912 5461; x_wconf 90' lang='lat' dir='ltr'><strong>ratio</strong></span> <span class='ocrx_word' id='word_1_805' title='bbox 2937 5420 3033 5462; x_wconf 89' lang='lat' dir='ltr'><strong>cur</strong></span> <span class='ocrx_word' id='word_1_806' title='bbox 3057 5406 3239 5462; x_wconf 88' lang='lat' dir='ltr'><strong>valere</strong></span> <span class='ocrx_word' id='word_1_807' title='bbox 3265 5406 3318 5461; x_wconf 93' lang='lat' dir='ltr'><strong>in</strong></span> <span class='ocrx_word' id='word_1_808' title='bbox 3347 5406 3524 5462; x_wconf 87' lang='lat' dir='ltr'><strong>divina</strong></span> <span class='ocrx_word' id='word_1_809' title='bbox 3554 5389 3872 5472; x_wconf 79' lang='lat' dir='ltr'><strong>legislatione</strong></span> 
     </span>
    </p>
   </div>
   <div class='ocr_carea' id='block_1_113' title="bbox 2295 5486 3872 5572">
    <p class='ocr_par' dir='ltr' id='par_1_113' title="bbox 2295 5486 3872 5572">
     <span class='ocr_line' id='line_1_113' title="bbox 2295 5486 3872 5572; baseline -0.01 -18"><span class='ocrx_word' id='word_1_810' title='bbox 2295 5497 2494 5554; x_wconf 90' lang='lat' dir='ltr'><strong>debeat</strong></span> <span class='ocrx_word' id='word_1_811' title='bbox 2521 5497 2639 5554; x_wconf 71' lang='lat' dir='ltr'><strong>haec</strong></span> <span class='ocrx_word' id='word_1_812' title='bbox 2660 5500 3056 5572; x_wconf 89' lang='lat' dir='ltr'><strong>argumentatio</strong></span> <span class='ocrx_word' id='word_1_813' title='bbox 3075 5515 3232 5571; x_wconf 86' lang='lat' dir='ltr'><strong>quam</strong></span> <span class='ocrx_word' id='word_1_814' title='bbox 3259 5500 3312 5555; x_wconf 93' lang='lat' dir='ltr'><strong>in</strong></span> <span class='ocrx_word' id='word_1_815' title='bbox 3336 5499 3588 5554; x_wconf 86' lang='lat' dir='ltr'><strong>humana.</strong></span> <span class='ocrx_word' id='word_1_816' title='bbox 3611 5486 3872 5548; x_wconf 79' lang='lat' dir='ltr'><strong>Fallunwl&#39;</strong></span> 
     </span>
    </p>
   </div>
   <div class='ocr_carea' id='block_1_114' title="bbox 2296 5585 3872 5660">
    <p class='ocr_par' dir='ltr' id='par_1_114' title="bbox 2296 5585 3872 5660">
     <span class='ocr_line' id='line_1_114' title="bbox 2296 5585 3872 5660; baseline -0.011 -12"><span class='ocrx_word' id='word_1_817' title='bbox 2296 5591 2440 5648; x_wconf 89' lang='lat' dir='ltr'><strong>enim</strong></span> <span class='ocrx_word' id='word_1_818' title='bbox 2472 5591 2525 5647; x_wconf 92' lang='lat' dir='ltr'><strong>in</strong></span> <span class='ocrx_word' id='word_1_819' title='bbox 2558 5593 2669 5648; x_wconf 89' lang='lat' dir='ltr'><strong>suis</strong></span> <span class='ocrx_word' id='word_1_820' title='bbox 2713 5594 3014 5650; x_wconf 89' lang='lat' dir='ltr'><strong>ratiociniis</strong></span> <span class='ocrx_word' id='word_1_821' title='bbox 3059 5594 3280 5649; x_wconf 84' lang='lat' dir='ltr'><strong>humani</strong></span> <span class='ocrx_word' id='word_1_822' title='bbox 3309 5595 3470 5649; x_wconf 89' lang='lat' dir='ltr'><strong>etiam</strong></span> <span class='ocrx_word' id='word_1_823' title='bbox 3521 5585 3872 5660; x_wconf 78' lang='lat' dir='ltr'><strong>lcgislatoreS.</strong></span> 
     </span>
    </p>
   </div>
   <div class='ocr_carea' id='block_1_115' title="bbox 2297 5664 3879 5758">
    <p class='ocr_par' dir='ltr' id='par_1_115' title="bbox 2297 5664 3879 5758">
     <span class='ocr_line' id='line_1_115' title="bbox 2297 5664 3879 5758; baseline -0.004 -18"><span class='ocrx_word' id='word_1_824' title='bbox 2297 5699 2400 5742; x_wconf 89' lang='lat' dir='ltr'><strong>nec</strong></span> <span class='ocrx_word' id='word_1_825' title='bbox 2436 5685 2686 5757; x_wconf 89' lang='lat' dir='ltr'><strong>sequelas</strong></span> <span class='ocrx_word' id='word_1_826' title='bbox 2710 5701 2904 5743; x_wconf 91' lang='lat' dir='ltr'><strong>omnes</strong></span> <span class='ocrx_word' id='word_1_827' title='bbox 2932 5686 3270 5758; x_wconf 82' lang='lat' dir='ltr'><strong>praevident,</strong></span> <span class='ocrx_word' id='word_1_828' title='bbox 3311 5686 3472 5742; x_wconf 88' lang='lat' dir='ltr'><strong>etiam</strong></span> <span class='ocrx_word' id='word_1_829' title='bbox 3506 5679 3790 5753; x_wconf 78' lang='lat' dir='ltr'><strong>legitimas;</strong></span> <span class='ocrx_word' id='word_1_830' title='bbox 3823 5664 3879 5715; x_wconf 72' lang='grc' dir='ltr'><strong><em>ἠ</em></strong></span> 
     </span>
    </p>
   </div>
   <div class='ocr_carea' id='block_1_116' title="bbox 2297 5767 3874 5852">
    <p class='ocr_par' dir='ltr' id='par_1_116' title="bbox 2297 5767 3874 5852">
     <span class='ocr_line' id='line_1_116' title="bbox 2297 5767 3874 5852; baseline -0.012 -18"><span class='ocrx_word' id='word_1_831' title='bbox 2297 5776 2529 5849; x_wconf 90' lang='lat' dir='ltr'><strong>proinde</strong></span> <span class='ocrx_word' id='word_1_832' title='bbox 2577 5779 2739 5836; x_wconf 87' lang='lat' dir='ltr'><strong>etiam</strong></span> <span class='ocrx_word' id='word_1_833' title='bbox 2785 5795 2908 5837; x_wconf 93' lang='lat' dir='ltr'><strong>cum</strong></span> <span class='ocrx_word' id='word_1_834' title='bbox 2949 5787 3099 5836; x_wconf 88' lang='lat' dir='ltr'><strong>recte</strong></span> <span class='ocrx_word' id='word_1_835' title='bbox 3140 5790 3583 5852; x_wconf 77' lang='lat' dir='ltr'><strong>argumentamur</strong></span> <span class='ocrx_word' id='word_1_836' title='bbox 3611 5786 3673 5829; x_wconf 87' lang='lat' dir='ltr'><strong>ex</strong></span> <span class='ocrx_word' id='word_1_837' title='bbox 3699 5767 3874 5824; x_wconf 84' lang='lat' dir='ltr'><strong>eorum</strong></span> 
     </span>
    </p>
   </div>
   <div class='ocr_carea' id='block_1_117' title="bbox 2300 5858 3871 5944">
    <p class='ocr_par' dir='ltr' id='par_1_117' title="bbox 2300 5858 3871 5944">
     <span class='ocr_line' id='line_1_117' title="bbox 2300 5858 3871 5944; baseline -0.01 -18"><span class='ocrx_word' id='word_1_838' title='bbox 2300 5868 2614 5944; x_wconf 85' lang='lat' dir='ltr'><strong>principiis,</strong></span> <span class='ocrx_word' id='word_1_839' title='bbox 2663 5871 2842 5931; x_wconf 89' lang='lat' dir='ltr'><strong>adhuc</strong></span> <span class='ocrx_word' id='word_1_840' title='bbox 2891 5880 3072 5931; x_wconf 86' lang='lat' dir='ltr'><strong>tamen</strong></span> <span class='ocrx_word' id='word_1_841' title='bbox 3129 5871 3377 5936; x_wconf 84' lang='lat' dir='ltr'><strong>dubitare</strong></span> <span class='ocrx_word' id='word_1_842' title='bbox 3430 5872 3590 5930; x_wconf 82' lang='lat' dir='ltr'><strong>liceat</strong></span> <span class='ocrx_word' id='word_1_843' title='bbox 3618 5858 3871 5943; x_wconf 68' lang='lat' dir='ltr'><strong>essentne</strong></span> 
     </span>
    </p>
   </div>
  </div>
