4018 6280
167 342 242 405 '15
1163 339 1253 396 DE
1290 336 1610 399 SECUNDO
1645 336 2038 395 MARTYRUM
2074 336 2439 395 BAPTISMO.
3391 338 3460 395 74

167 472 340 521 tamen
381 456 458 513 illi
505 462 719 513 nostras
763 453 1009 525 sequelas
1053 453 1347 525 probaturi.
1398 454 1539 509 Dens
1569 461 1747 508 tamen
1775 450 1828 513 A
1855 450 2148 521 plenariatn
2195 448 2462 520 baptismo
2491 446 2860 516 concedimus,
2893 461 3014 506 eam
3058 461 3160 506 nec
3198 450 3460 521 martyrio

166 570 264 613 nec
288 553 339 608 in
371 547 645 619 principiis
676 545 1017 613 hallucinari,
1051 561 1152 601 nec
1180 546 1233 601 in
1267 546 1522 616 sequelis,
1558 554 1755 615 potest.

166 649 241 707 Ita
266 655 470 705 certum
491 642 598 700 erit
617 658 778 714 quam
803 642 1071 699 rationem
1097 642 1150 696 in
1178 655 1281 696 una
1309 654 1467 695 causa
1496 639 1757 709 probarit,

166 743 221 801 in
248 740 365 797 aliis
397 737 561 795 etiam
588 751 712 793 esse
750 737 1080 808 agniturum.
1109 734 1331 791 Certum
1373 734 1509 799 erit,
1541 734 1586 789 si
1618 749 1758 788 mar-

167 834 289 909 tyrii
334 845 491 889 causa
542 839 689 886 tanta
735 827 996 885 beneficia
1050 827 1102 882 in
1154 827 1424 897 baptismo
1459 825 1754 892 concedat,

166 926 266 998 ipsi
320 922 573 995 martyrio
623 921 787 993 longe
838 920 1033 989 potiori
1081 919 1294 975 ratione
1347 931 1757 974 concessurum.

167 1022 379 1079 Certum
404 1019 449 1074 si
482 1016 727 1090 martyrii
782 1016 868 1072 vel
906 1023 1095 1070 votum
1145 1021 1293 1069 tanta
1330 1022 1509 1069 tamen
1555 1020 1611 1067 et
1651 1021 1760 1067 tam

163 1116 372 1188 copiosa
399 1110 653 1169 mercede
685 1116 1027 1180 eompenset,
1058 1108 1192 1163 nihil
1222 1121 1346 1163 esse
1370 1105 1513 1177 quod
1546 1114 1757 1161 metua-

163 1222 279 1265 mus
302 1204 481 1261 soluto
506 1211 634 1260 voto
656 1201 902 1277 eamdem
931 1199 1240 1256 mercedem
1266 1213 1387 1254 esse
1407 1207 1750 1270 negaturum.

160 1299 373 1357 Certum
413 1296 647 1368 denique
669 1293 929 1367 proinde,
957 1293 1004 1348 si
1031 1293 1245 1364 plenam
1271 1292 1621 1360 numerisque
1650 1289 1762 1344 suis

162 1393 411 1453 omnibus
437 1390 742 1447 absolutam
776 1396 1119 1461 peccatorum
1152 1385 1527 1442 remissionem
1567 1397 1762 1438 conse-

158 1494 390 1560 quantur
432 1481 726 1555 baptizati,
778 1482 894 1539 lore
932 1480 1153 1538 omnino
1193 1487 1254 1534 ut
1292 1476 1537 1535 eamdem
1568 1488 1764 1531 conse-

160 1586 389 1653 quantur
416 1587 705 1649 martyres.
1645 1560 1654 1584 ‘

233 1669 601 1744 §55.—Addo
617 1669 763 1725 enim
781 1675 974 1725 octavo
996 1681 1103 1722 non
1126 1671 1195 1721 ita
1212 1677 1335 1721 esse
1356 1660 1763 1733 intelligendum

161 1764 261 1822 hoc
305 1778 597 1821 commune
642 1761 895 1833 baptismi
936 1760 1026 1831 jus
1073 1768 1238 1829 atque
1281 1757 1563 1827 martyrii,
1606 1764 1664 1810 ut
1708 1754 1763 1808 in

1864 543 2163 615 negandam
2186 542 2578 599 existimemus.

1938 634 1967 705 §
1993 636 2159 691 5L—
2177 634 2316 703 Quid
2344 634 2487 706 quod
2519 634 2647 690 illud
2680 636 2865 701 etiam,
2902 650 2998 705 pro
3025 635 3256 706 receptis
3284 645 3467 707 pacto—

1862 742 1982 781 rum
2006 726 2268 795 moribus,
2297 741 2489 784 omnes
2512 744 2724 799 :equum
2753 740 3046 800 agnoscant
3067 772 3080 795 ,
3116 738 3175 784 ut
3202 729 3467 800 siquando

1863 818 2208 888 stipulatione
2270 821 2502 890 primum
2558 820 2871 890 interposita
2929 822 3201 877 nonnulla:
3258 822 3471 893 prtemii

1864 911 2119 982 primitiae
2171 912 2476 982 stipulatori
2522 912 2575 966 in
2628 928 2819 967 manus
2864 914 3174 978 tradantur;
3221 922 3277 968 at
3317 923 3470 971 certe

1864 1002 2027 1061 fidem
2076 1006 2443 1075 stipulationis
2496 1005 2814 1073 liberatam,
2869 1012 3277 1078 prazstitatnque
3328 1008 3470 1078 pacti

1864 1099 2231 1155 conditionem
2277 1108 2490 1155 maneat
2531 1100 2735 1170 pratmii
2768 1100 3078 1171 plenitudo,
3108 1116 3174 1157 eo
3197 1102 3471 1172 copiosior

1865 1206 1974 1263 quo
2014 1202 2068 1248 et
2109 1193 2215 1247 illa:
2262 1192 2463 1248 fuerint
2505 1194 2822 1264 ampliores.
2878 1194 3106 1251 Arrham
3160 1196 3376 1252 tradunt
3414 1196 3470 1253 in

1865 1298 2057 1339 manus
2087 1293 2237 1355 pacta
2273 1284 2531 1355 nuptialia
2554 1325 2568 1349 ,
2600 1295 2657 1341 at
2686 1286 2923 1340 nondum
2965 1286 3147 1342 dotem
3196 1288 3297 1342 nisi
3340 1303 3471 1344 con-

1866 1387 2134 1433 summato
2169 1378 2535 1434 matrimonio.
2568 1378 2714 1434 Idem
2743 1389 2798 1435 et
2829 1379 2881 1434 in
2925 1380 3044 1435 aliis
3084 1395 3202 1449 qua:
3233 1379 3299 1434 ad
3332 1380 3472 1436 bona

1865 1471 2261 1543 passionesque
2301 1480 2549 1543 spectant
2589 1472 2760 1541 pactis
2787 1473 2928 1528 solet
2971 1472 3234 1527 obtinere.
3270 1472 3471 1528 Verum

1870 1565 1972 1623 hoc
2002 1565 2053 1620 in
2085 1567 2191 1621 illis
2212 1568 2484 1637 prmcipue
2503 1566 2677 1636 pactis
2700 1566 2879 1621 elucet
2898 1582 3016 1636 qua:
3046 1567 3283 1622 nondum
3313 1566 3471 1621 adul-

1869 1665 2048 1712 torum
2077 1658 2291 1712 nomine
2330 1656 2656 1727 stipulantnr
2692 1665 2916 1712 tutores.
2950 1657 3209 1714 Inchoato
3238 1658 3471 1730 quodam

1864 1748 1992 1819 jttre
2019 1749 2186 1804 veStit
2212 1748 2326 1819 ipsa
2354 1748 2443 1803 illa
2475 1747 2723 1804 inchoata
2752 1750 3050 1819 stipulatio.
3088 1750 3265 1807 Donec
3291 1760 3472 1809 tamen

160 1860 422 1934 baptismo
460 1860 810 1917 remittantur
852 1866 1069 1928 peccata
1110 1855 1309 1910 virtute
1351 1851 1573 1922 quidem
1620 1848 1767 1903 illius
1796 1851 1844 1911 Β
1869 1840 2038 1895 adulti
2067 1841 2299 1903 fuerint.
2326 1849 2382 1897 et
2408 1840 2475 1896 ad
2517 1855 2688 1896 annos
2723 1842 3093 1898 conditionum
3136 1846 3472 1913 pra-standa-

163 1956 216 2014 in
241 1965 365 2011 voto
392 1953 641 2026 martyrii
675 1950 822 2024 quod
872 1951 1188 2021 proﬁtemur
1231 1948 1285 2002 in
1314 1945 1583 2015 baptisnto
1603 1983 1618 2005 ,
1648 1940 1763 1996 sola

162 2058 335 2105 tamen
378 2046 468 2101 illa
500 2061 620 2118 qua:
666 2044 993 2115 baptismum
1027 2038 1444 2111 praecesserint,
1474 2051 1584 2090 non
1635 2033 1764 2089 item

165 2156 227 2199 ea
258 2139 543 2211 quaeinter
576 2138 900 2210 baptismum
932 2134 1169 2190 admissa
1199 2131 1402 2188 fuerint
1426 2137 1587 2198 atque
1617 2140 1764 2180 mar-

166 2235 378 2309 tyrium.
408 2233 585 2289 Aliter
625 2240 836 2288 veteres
876 2229 980 2285 hoc
1024 2229 1187 2285 etiam
1229 2228 1348 2297 ipso
1391 2222 1539 2297 paria
1586 2221 1767 2276 facere

164 2337 494 2384 censuerunt
538 2340 661 2380 cum
708 2323 978 2394 baptisuto
1019 2319 1372 2391 martyrium,
1418 2314 1563 2387 quod
1608 2323 1666 2368 ut
1713 2313 1766 2367 in

161 2417 432 2489 baptismo
471 2424 694 2488 peccata
734 2415 918 2471 omnia
952 2410 1322 2478 remittuntur,
1365 2409 1540 2478 ipsum
1571 2418 1768 2476 nempe

160 2508 493 2582 baptismum
544 2506 942 2580 praecedentia,
999 2520 1106 2559 non
1157 2500 1422 2572 originale
1468 2499 1766 2565 duntaxat,

159 2603 520 2660 verumetiatn
559 2600 825 2667 actualia,
866 2599 1009 2655 idem
1053 2598 1124 2653 sit
1165 2597 1231 2652 de
1268 2595 1527 2667 martyrio
1553 2606 1768 2665 quoque

160 2697 541 2763 sentiendum,
589 2695 778 2752 delere
817 2694 1025 2751 scilicet
1064 2693 1333 2749 universae
1373 2691 1498 2746 vitae
1535 2688 1765 2761 ﬂagitia,

160 2789 291 2848 nihil
317 2799 374 2847 ut
400 2797 677 2862 praeterea
703 2788 942 2860 supersit
968 2785 1317 2858 expiandum.
1352 2783 1521 2840 Recte
1548 2782 1767 2854 quidem

159 2883 238 2941 illi
277 2900 309 2940 e
355 2883 653 2957 principiis
697 2880 859 2937 modo
903 2880 1205 2950 explicatis.
1254 2877 1310 2933 Si
1356 2876 1501 2932 enim
1549 2883 1772 2944 propter

160 2976 285 3034 illud
311 2975 571 3047 martyrii
597 2985 779 3031 votum
802 2972 1132 3030 concedatur
1156 2978 1498 3042 peccatorum
1543 2977 1767 3036 praeter-

160 3069 350 3128 itorum
399 3072 572 3142 plena
624 3068 991 3139 indulgentia;
1033 3080 1217 3137 parem
1262 3064 1444 3134 utique
1479 3060 1769 3131 indulgen-

160 3166 282 3223 tiam
311 3166 523 3237 potius,
559 3172 617 3219 ut
651 3162 785 3230 dixi,
817 3160 1246 3233 expectabimus,
1279 3156 1470 3214 eodem
1498 3165 1627 3211 voto
1655 3154 1769 3225 jam

1868 1950 1985 1990 rum
2010 1949 2237 2006 capaces
2259 1934 2521 2005 provecti,
2552 1945 2872 2005 pactumque
2899 1950 2998 1991 suo
3018 1953 3234 2009 quoque
3255 1940 3472 2009 proprio

1866 2029 2086 2083 nomine
2115 2026 2619 2093 consummandum,
2655 2027 2891 2081 nondum
2944 2029 3104 2095 pleno
3139 2029 3260 2100 jurc
3307 2045 3471 2103 atque

1866 2131 2242 2175 consummato
2278 2135 2397 2190 quae
2423 2118 2534 2189 jam
2564 2121 2840 2176 consecuti
2871 2130 3000 2177 sunt
3030 2124 3309 2192 possidere
3337 2142 3469 2183 cen-

1868 2223 2079 2280 sentur,
2111 2213 2308 2270 nedum
2340 2223 2396 2268 ut
2422 2213 2510 2283 jus
2542 2214 2775 2269 habeant
2807 2224 2914 2269 tam
2955 2217 3168 2272 lirmum
3199 2218 3265 2274 ad
3293 2218 3467 2277 lutura

1869 2309 2012 2379 pacti
2060 2307 2303 2379 prmmia.
2357 2308 2624 2373 Quorsum
2670 2307 2801 2362 illud
2850 2309 2903 2363 ni
2962 2310 3153 2380 majori
3201 2311 3253 2366 in
3301 2314 3473 2382 pretio

1870 2398 2201 2455 haberentur
2224 2398 2563 2455 conditiones
2579 2397 2689 2468 jam
2722 2400 2994 2467 praestitm,
3022 2416 3183 2472 quam
3210 2412 3473 2474 suscepta:

1869 2491 2132 2549 duntaxat
2174 2500 2229 2547 et
2269 2490 2375 2546 lide
2411 2500 2907 2562 quantumcumque
2935 2492 3087 2548 ﬁrma
3117 2495 3472 2565 praestandus?

1870 2589 1948 2644 Ita
1985 2588 2150 2658 igitur
2180 2585 2546 2643 consummati
2581 2585 2633 2639 in
2675 2587 2936 2657 martyrio
2983 2587 3231 2658 baptismi
3274 2590 3478 2658 plenio-

1871 2698 1986 2739 rem
2018 2681 2136 2739 fore
2163 2696 2323 2753 quam
2357 2678 2593 2736 inchoati
2627 2678 3014 2750 indulgentiam
3049 2689 3475 2739 consentaneum

1870 2788 1975 2834 εει.
2020 2775 2090 2833 Ut
2132 2773 2396 2847 proinde,
2448 2773 2493 2828 si
2546 2781 2765 2843 peccata
2813 2775 3083 2843 pratterita
3129 2775 3376 2831 cluantur
3422 2776 3476 2832 in

1870 2870 2139 2944 baptismo
2184 2885 2392 2942 aqueo,
2426 2870 2561 2925 nihil
2601 2871 2672 2927 sit
2697 2886 2793 2926 cur
2831 2870 3140 2928 dubitemus
3166 2872 3280 2928 fore
3311 2873 3474 2929 etiam

1873 2963 2104 3020 eluenda
2138 2964 2191 3018 in
2216 2964 2484 3033 baptismo
2512 2964 2829 3033 sanguineo.

1947 3057 1976 3129 §
2000 3056 2320 3126 55.—Quod
2344 3057 2488 3112 enim
2512 3059 2688 3127 spatio
2716 3057 2976 3127 temporis
3003 3058 3321 3128 interposito
3344 3060 3475 3130 bap-

1873 3151 2090 3206 tismum
2115 3166 2344 3222 aqueum
2377 3160 2635 3221 sequatur
2659 3151 3012 3220 sanguineus.
3044 3167 3152 3206 non
3178 3163 3260 3207 est
3286 3154 3471 3223 utique

158 3258 352 3316 soluto.
384 3260 471 3314 At
515 3271 614 3329 par
655 3255 747 3311 illa
792 3254 1121 3326 indulgentia
1162 3267 1283 3308 esse
1325 3249 1511 3322 nequit
1543 3249 1589 3304 si
1632 3261 1770 3319 quo-
1797 3241 1843 3305 C
1876 3243 2021 3315 quod
2042 3259 2071 3296 a
2094 3242 2345 3315 baptismi
2374 3250 2563 3297 natura
2585 3242 2819 3297 alienant
2841 3256 3181 3299 censeamus.
3203 3244 3470 3313 Distinxit,

160 3365 387 3422 cumque
407 3349 639 3406 tandem
667 3356 912 3418 tempore
932 3354 1214 3418 susceptus
1226 3343 1528 3414 baptisntus
1553 3348 1772 3412 peccata

161 3450 336 3501 tamen
366 3442 652 3515 praeterita
683 3440 933 3496 universa
975 3439 1188 3505 deleat,
1230 3451 1334 3493 nec
1374 3445 1551 3490 tamen
1581 3432 1687 3487 alia
1718 3431 1773 3486 in

164 3535 421 3609 martyrio
473 3535 761 3593 deleantur
802 3548 964 3605 quam
1009 3547 1130 3603 qua:
1171 3530 1494 3601 baptismum
1537 3539 1771 3598 praeces-

165 3632 370 3699 serint,
402 3640 561 3687 tanto
602 3630 787 3700 utique
814 3627 1098 3684 intervallo
1133 3641 1163 3680 a
1199 3640 1259 3682 se
1289 3623 1573 3693 dissitum,
1603 3622 1690 3678 cui
1720 3630 1776 3678 et

172 3724 462 3781 intervallo
512 3734 861 3796 peccatorum
918 3721 1158 3777 nondum
1212 3719 1563 3776 retnissorum
1618 3718 1773 3788 copia

164 3820 479 3878 necessario
499 3817 866 3890 responderit.
897 3817 1003 3873 Pro
1028 3815 1167 3888 pacti
1198 3822 1348 3871 certe
1367 3813 1642 3884 aequitate,
1666 3826 1773 3883 quo

166 3912 339 3984 magis
363 3911 710 3968 conditiones
753 3920 1076 3982 praestamus
1106 3923 1204 3980 pro
1244 3916 1425 3963 nostra
1454 3906 1594 3977 pacti
1621 3912 1774 3976 parte

165 4004 543 4076 praestandas,
582 4020 648 4061 eo
691 4004 1044 4074 consequitur
1078 4001 1447 4071 accrescitque
1489 3999 1644 4054 nobis
1683 3997 1773 4068 jus

166 4098 233 4155 ad
279 4099 592 4157 mercedem
647 4112 678 4153 a
733 4097 842 4154 Deo
899 4096 1257 4169 praestandam
1302 4093 1561 4160 validius;
1607 4106 1675 4148 eo
1720 4099 1776 4147 et

166 4190 407 4251 vicissim
435 4195 614 4263 major
639 4190 744 4248 erit
783 4189 952 4262 ipsius
996 4189 1093 4246 Dei
1130 4188 1196 4245 ad
1240 4186 1578 4250 mercedem,
1611 4198 1771 4256 quam

166 4287 438 4358 pollicitus
496 4296 614 4353 est,
671 4284 1072 4357 prmsmndam,
1130 4283 1425 4355 obligatio;
1486 4296 1554 4337 eo
1607 4280 1771 4337 etiam

164 4377 408 4438 favorem
436 4382 532 4437 Dei
566 4395 880 4452 possumus,
908 4394 1009 4452 pro
1038 4377 1177 4449 pacti
1200 4376 1430 4443 ratione,
1455 4373 1771 4445 ampliorem

165 4475 325 4533 nobis
345 4476 668 4533 vendicare.
691 4476 830 4544 Quin
857 4486 932 4541 et,
962 4472 1124 4528 missa
1149 4470 1290 4543 pacti
1315 4468 1771 4533 consideratione,

163 4566 409 4627 favorem
434 4566 669 4635 Saltem,
700 4583 861 4640 quem
890 4566 1035 4633 dixi,
1070 4564 1171 4621 Dei
1210 4563 1362 4619 illum
1405 4570 1556 4617 tanto
1583 4558 1773 4631 majori

1877 3344 1936 3391 ut
1966 3335 2218 3401 vidimus,
2250 3333 2545 3405 Apostolus
2575 3344 2683 3389 tres
2719 3333 2970 3406 baptismi
3004 3345 3213 3406 partes,
3242 3353 3470 3408 aquam,

1875 3427 2135 3498 Spiritum
2176 3436 2234 3482 et
2280 3426 2620 3497 sanguinem.
2672 3425 2782 3483 Nec
2838 3437 3018 3484 tanien
3065 3429 3159 3499 qui
3208 3429 3474 3498 baptismo

1874 3534 2049 3591 aqueo
2095 3519 2479 3584 lustrarentur,
2527 3533 2744 3589 semper
2794 3530 2970 3575 tamen
3021 3537 3126 3576 uno
3174 3521 3474 3594 eodemque

1875 3622 2121 3684 tempore
2167 3610 2416 3682 spiritum
2468 3612 2630 3667 etiam
2685 3611 3023 3682 accipiebant
3074 3614 3467 3684 baptismaletn,

1876 3714 1935 3761 ut
1972 3705 2101 3761 alibi
2146 3704 2511 3775 probavimus.
2542 3703 2791 3774 Apostoli
2833 3720 3007 3776 aqueo
3036 3705 3338 3777 baptismo,
3378 3723 3472 3764 su-

1873 3798 2098 3868 perstite
2147 3796 2326 3852 adhuc
2376 3794 2607 3851 Domino
2656 3795 2859 3866 perfusi
2910 3807 3067 3867 sunt,
3124 3815 3246 3855 cum
3294 3810 3473 3857 tamen

1873 3888 2132 3959 Spiritum
2181 3902 2374 3955 nemo,
2416 3888 2518 3942 nisi
2568 3897 2690 3958 post
2727 3888 2970 3959 ejusdem
3020 3892 3473 3950 resurrectionem

1873 3981 2168 4052 acciperet.
2206 3979 2579 4036 Samaritanos
2618 3995 2753 4051 aqua
2785 3982 3022 4052 expiavit
3049 3983 3327 4055 Philippus
3355 3986 3474 4043 dia-

1873 4089 2073 4141 conus;
2093 4073 2356 4145 Spiritum
2380 4086 2540 4128 nemo
2563 4083 2773 4143 poterat
2790 4075 2979 4131 iisdem
3003 4080 3250 4135 conferre
3280 4094 3475 4150 praeter

1873 4167 2168 4240 apostolos.
2206 4166 2345 4235 Quid
2393 4165 2574 4236 igitur,
2605 4182 2830 4237 aquccne
2873 4168 2972 4223 soli
3020 4169 3318 4227 tribuemus
3363 4175 3471 4230 vim

1874 4262 2023 4318 illam
2078 4269 2422 4331 peccatorum
2487 4258 2889 4328 praeteritorum
2940 4260 3342 4330 espiatricem?
3395 4265 3469 4322 lta

1875 4352 2031 4409 ﬁeret
2083 4360 2143 4406 ut
2192 4365 2329 4406 nova
2385 4363 2522 4419 opus
2572 4359 2717 4405 esset
2768 4351 3073 4421 expiatione
3130 4366 3473 4422 peccatorum

1874 4460 2105 4517 aquettm
2153 4442 2477 4514 baptismum
2532 4450 2971 4497 consecutorum.
3030 4442 3181 4500 Sicut
3233 4447 3376 4502 enim
3415 4450 3471 4505 in

1872 4537 2151 4611 gentilium
2172 4534 2444 4609 mysteriis
2469 4532 2735 4589 elementa
2757 4537 3039 4611 καθαρτικὰ
3058 4536 3193 4591 viam
3212 4540 3467 4598 τελειώσει

163 4674 285 4717 cum
325 4660 530 4718 ﬁducia
577 4624 866 4734 ροξεδηιυε
912 4624 1232 4730 θιρὲςιηη,
1280 4662 1482 4726 quanto
1530 4624 1768 4709 ηοεηῖυη,
1795 4636 2067 4702 Dparare
2090 4624 2697 4734 credelianturnnequid
2719 4638 3026 4696 superesset
3046 4627 3316 4697 impurum
3343 4648 3467 4688 cum

164 4767 357 4813 versus
410 4756 585 4812 Deum
641 4753 1071 4811 benevolentiam
1140 4749 1464 4805 luculentius
1521 4752 1771 4802 teatatum

164 4845 415 4904 iacimus.
449 4846 558 4916 Qui
591 4853 771 4902 autem
810 4843 1126 4915 sanguinem
1165 4855 1323 4898 suum
1367 4855 1465 4910 pro
1504 4839 1614 4894 Deo
1640 4850 1770 4907 pro-

162 4935 399 5007 lhderit,
432 4938 582 4994 hunc
609 4953 769 4995 nemo
797 4937 1006 4994 dubitet
1048 4935 1206 5005 longe
1253 4941 1401 4989 certe
1439 4930 1771 4986 testatiorem

163 5030 364 5091 fecisse
416 5049 574 5090 suam
624 5046 816 5090 versus
866 5031 1033 5086 Deum
1085 5023 1550 5089 benevolentiam,
1608 5038 1768 5093 quam

162 5125 258 5196 qui
290 5135 549 5198 prompto
589 5126 751 5182 luerit
804 5123 1065 5181 duntaxat
1116 5118 1473 5191 expeditaque
1524 5113 1591 5170 ad
1649 5129 1772 5183 pro-

165 5214 507 5273 l'undendum
529 5217 731 5273 animo.
765 5216 979 5273 Etcum
1016 5213 1203 5285 gratia:
1227 5209 1446 5282 speciali
1476 5207 1773 5264 tribuamus

164 5310 214 5367 si
241 5311 366 5382 quis
417 5326 523 5383 pro
570 5311 714 5367 facto
764 5310 1097 5367 voluntatem
1148 5306 1311 5362 fuerit
1352 5305 1771 5372 interpretatus,

165 5402 385 5475 signum
421 5412 515 5459 est
551 5404 790 5476 profecto
816 5403 1013 5458 factum
1044 5400 1220 5472 ipsum
1251 5397 1317 5453 ad
1343 5395 1567 5468 justitite
1607 5392 1774 5450 ratio-

166 5509 293 5554 nem
331 5495 564 5568 prapius
610 5496 902 5562 accedere,
949 5496 1105 5565 longe
1149 5499 1297 5549 certe
1338 5489 1515 5545 adhuc
1556 5486 1776 5560 pr0pitts

168 5588 443 5662 siquando
484 5591 626 5661 pacti
662 5590 822 5647 etiam
867 5586 1232 5645 consideratio
1260 5581 1647 5640 intercesserit.
1676 5577 1776 5633 Est

167 5679 352 5755 itaque
393 5692 606 5738 natura:
646 5683 818 5754 pacti,
851 5689 935 5737 est
977 5689 1032 5736 et
1079 5686 1242 5735 rectte
1287 5674 1514 5737 rationi,
1557 5684 1776 5743 prorsus

165 5783 641 5843 consentaneum,
691 5782 751 5831 ut
786 5787 948 5846 quam
999 5778 1346 5844 peccatorum
1390 5760 1775 5838 indulgentiam

696 5952 972 6020 ΡΑΤιιοι..
1017 5950 1094 6016 ν.

1873 4724 2144 4783 sanctiora
2197 4719 2520 4777 commercia
2573 4718 2876 4783 ambirent;
2930 4720 3000 4772 ita
3060 4719 3281 4790 Spiritui
3338 4740 3468 4795 pro-

1875 4818 2131 4877 culdubio
2170 4811 2499 4871 inserviebat
2527 4825 2697 4882 aquea
2725 4809 2813 4865 illa
2845 4811 3092 4869 lustratio
3124 4829 3298 4885 nequa
3326 4822 3467 4878 vasis

1872 4915 2156 4988 impuritas
2181 4911 2426 4967 obstaret
2466 4922 2573 4979 quo
2616 4898 2795 4963 mimis
2842 4917 3027 4979 posset
3070 4926 3167 4979 pro
3210 4911 3468 4985 dignitate

1874 5026 1970 5068 sua
2022 5005 2215 5076 recipi.
2264 5002 2496 5058 Prorsus
2548 5000 2731 5070 itaque
2778 5000 3011 5056 alienum
3062 5012 3179 5058 erat
3230 5014 3298 5062 an
3349 5007 3465 5079 9qu

1873 5102 2159 5160 sanctitate
2187 5106 2245 5153 ut
2283 5096 2405 5168 quis
2450 5093 2602 5149 illum
2634 5092 2876 5163 impurus
2915 5094 3203 5163 acciperet.
3233 5096 3463 5154 Proinde

1870 5190 2237 5254 necessarium
2277 5196 2395 5244 erat
2435 5194 2495 5241 ut
2539 5185 2654 5255 ipse
2687 5183 2918 5252 Spiritus
2957 5184 3126 5241 vicem
3157 5202 3307 5257 aquze
3333 5203 3464 5261 ευρ-

1832 5356 1845 5364 η
1871 5289 2048 5362 pleret
2092 5298 2191 5357 pro
2241 5286 2583 5352 peccatorum
2632 5276 2938 5347 expiatione
2986 5278 3250 5348 baptismo
3292 5295 3465 5349 aquco

1875 5378 2262 5439 recentiorum.
2287 5370 2441 5442 Quod
2464 5372 2508 5426 si
2536 5368 2757 5440 Spiritui
2782 5369 2890 5423 vim
2916 5368 3059 5423 illam
3082 5368 3460 5442 concedamus,

1876 5487 1986 5529 non
2023 5468 2129 5526 erit
2172 5465 2353 5537 utique
2384 5478 2481 5519 cur
2509 5476 2539 5515 a
2566 5460 2825 5531 sanguine
2851 5460 3083 5515 alienum
3122 5473 3463 5523 censeamus.

1880 5566 1985 5621 Pro
2012 5560 2154 5634 pacti
2179 5557 2391 5614 ratione
2420 5569 2449 5608 a
2476 5552 2735 5624 sanguine
2767 5552 2942 5621 potius
2969 5552 3298 5619 etipcctanda
3327 5568 3465 5627 erat,

1877 5656 2023 5732 quod
2074 5654 2164 5711 ille
2220 5650 2287 5706 ad
2336 5646 2575 5704 officium
2649 5655 2888 5700 nostrum
2951 5642 3467 5722 diSpositionemqtte

1877 5756 2087 5823 spectat
2114 5758 2343 5819 quorum
2374 5739 2547 5811 major
2577 5737 2764 5793 haberi
2792 5735 2932 5792 solet
2959 5734 3012 5791 in
3047 5748 3321 5807 pactorum
3346 5741 3469 5811 jure

1876 5843 2015 5903 ratio
2058 5855 2218 5914 quam
2244 5836 2507 5894 donorum
2561 5828 2658 5888 Dei
2696 5827 3073 5905 gratuitorum.
3102 5829 3269 5890 Favet
3309 5847 3470 5906 porro

3001 5926 3041 5995 3
