3970 6320
460 308 533 369 75
1410 300 1780 365 DODWELLI
1822 297 2273 363 DISSEBTATIO
2312 299 2729 365 CYPBIANICA

3704 301 3817 363 76

454 423 599 500 quod
636 438 736 497 pro
775 423 918 479 illius
942 420 1044 479 :evi
1076 420 1416 494 dogmatibus
1447 419 1734 492 platonicis
1776 418 1833 491 (e
1862 417 2056 489 quibus
2086 417 2137 478 Α
2163 415 2412 487 habetur,
2444 426 2871 473 consentaneum
2908 420 2994 472 est
3029 413 3081 472 id
3110 414 3318 474 idcirco
3344 415 3462 474 ﬁeri
3493 422 3551 473 ut
3573 425 3627 474 et
3647 416 3811 488 jura

459 517 638 574 omnis
666 517 784 573 htec
828 515 1093 586 theologia
1139 512 1435 586 symbolice
1479 512 1701 568 omnino
1745 510 2057 582 explicanda

461 611 568 680 eSt)
617 625 738 666 cum
766 625 792 663 a
824 608 1123 682 prototypis
1172 606 1349 663 omnis
1393 605 1483 662 illa
1531 604 1902 678 symbolorum
1945 602 2060 659 sive

462 706 824 777 antityporum
851 703 1022 757 virtus
1044 700 1358 757 deducenda
1397 698 1743 764 crederetur;
1779 697 1850 753 ita
1880 704 2060 752 tamen

461 798 830 873 symbolorum
859 795 1155 852 efﬁcaciam
1188 792 1561 865 explicabant,
1597 800 1654 847 ut
1682 790 1899 863 quidem
1945 790 2061 862 ipsa

464 906 562 964 per
590 906 650 949 se
677 890 811 946 nihil
838 889 904 945 ad
933 889 1181 946 cﬁ‘ectum
1213 886 1557 953 conferrent,
1592 883 1892 940 indicarent
1926 881 2063 937 dun-

462 994 607 1042 taxat
631 984 721 1040 cui
746 992 1162 1056 prototyporum
1190 981 1280 1037 illa
1315 979 1493 1035 nativa
1520 977 1693 1034 virtus
1718 985 1866 1034 esset
1886 975 2062 1048 appli-

463 1077 668 1146 canda,
713 1077 783 1134 ita
825 1086 884 1133 ut
921 1078 989 1133 ab
1030 1077 1160 1150 ipsis
1204 1075 1509 1149 prototypis
1535 1074 1714 1130 omnis
1742 1072 1834 1128 illa
1858 1073 2062 1141 virtus,

461 1191 559 1232 seu
587 1171 843 1230 naturalis
875 1170 968 1227 illa
996 1179 1163 1238 esset,
1193 1183 1289 1225 seu
1312 1167 1451 1239 juris
1481 1167 1642 1223 etiam
1679 1166 1887 1237 legalis,
1920 1172 2066 1221 esset

461 1264 817 1341 expectanda.
849 1264 917 1320 Et
944 1278 1068 1319 cum
1101 1278 1255 1335 requa
1286 1276 1409 1318 esse
1446 1260 1641 1316 debeat
1676 1259 2063 1331 paciscentium

463 1360 702 1419 conditio
751 1373 856 1431 qua
897 1357 1036 1429 juris
1086 1356 1180 1411 illo
1217 1354 1619 1427 conjunguntur
1655 1353 1797 1409 inter
1827 1368 1886 1410 se
1915 1368 2066 1409 com-

464 1453 703 1519 mercio;
728 1464 1023 1523 congruum
1048 1446 1292 1521 profecto
1311 1455 1395 1502 est
1419 1457 1654 1518 utquam
1677 1445 1781 1501 vim
1806 1444 2065 1518 symbolis

469 1545 668 1603 divinis
725 1558 824 1616 pro
872 1542 966 1598 Dei
1021 1539 1353 1611 obligatione
1401 1538 1771 1605 concedimus,
1816 1537 2063 1594 eamdem

468 1639 664 1696 nostris
694 1652 794 1710 pro
822 1643 1008 1691 nostra
1040 1631 1367 1704 obligatione
1393 1630 1631 1687 vicissim
1663 1628 2059 1699 concedamus;

468 1743 521 1791 et
550 1746 659 1805 quo
682 1732 824 1803 pacti
851 1727 975 1800 jure
1006 1727 1147 1783 Deus
1173 1725 1549 1795 delinquentes
1579 1719 1748 1778 aflicit
1775 1721 2059 1793 supplicio,

2164 511 2446 583 utriusque
2486 510 2767 583 sanguinis
2800 508 2931 567 fiant
2975 508 3209 566 invicem
3248 509 3579 565 communia.
3626 508 3810 565 Nihil

2164 612 2343 659 autem
2376 612 2459 659 est
2487 602 2631 677 quod
2659 601 2970 657 dubitemus
2993 600 3223 672 quodvis
3243 600 3444 659 Christi
3470 600 3812 674 symbolum

2164 712 2193 752 a
2216 713 2346 753 vero
2384 706 2563 753 tamen
2597 695 2841 768 ejusdem
2865 704 3031 768 atque
3059 695 3305 767 originali
3336 695 3600 768 sanguine
3616 709 3815 766 supe-

2164 794 2293 851 rari.
2324 792 2530 849 Eodem
2565 802 2743 849 tamen
2770 790 3072 847 rediturum
3101 789 3339 846 diximus
3355 806 3453 848 seu
3481 798 3815 862 martyrum

2164 885 2481 956 sanguinem
2516 900 2613 956 pro
2640 899 2741 940 suo
2766 883 3018 941 Christus
3045 884 3358 955 agnoverit;
3380 897 3478 939 seu
3505 898 3600 955 per
3628 898 3815 956 mys-

2167 976 2328 1037 ticam
2362 978 2644 1049 utriusque
2663 976 2943 1048 sanguinis
2965 976 3221 1033 unionem
3250 976 3451 1048 proprii
3473 976 3635 1035 etiam
3657 990 3817 1031 san-

2166 1070 2343 1142 guinis
2376 1070 2628 1126 virtutem
2665 1085 2762 1142 per
2785 1068 3103 1140 martyrium
3136 1068 3476 1140 applicuerit.
3509 1068 3604 1125 llla
3634 1077 3818 1125 certe

2167 1166 2282 1235 ipsa
2316 1165 2402 1220 vel
2461 1165 2757 1238 applicatio
2801 1173 2952 1221 tanto
3004 1164 3282 1222 efﬁcacior
3310 1181 3434 1222 esse
3464 1165 3649 1222 debuit
3675 1179 3817 1238 quo

2166 1255 2370 1315 Christi
2410 1260 2726 1331 sanguinem
2774 1260 2996 1332 propius
3045 1259 3282 1333 attingit,
3336 1260 3621 1332 magisque
3657 1259 3817 1318 viva

2167 1356 2657 1428 reprresentatione
2686 1354 2927 1411 exhibet.

2238 1447 2660 1521 §57.—-Estqne
2686 1447 2867 1504 adhuc
2894 1463 2961 1504 eo
2994 1448 3162 1519 magis
3189 1455 3612 1504 consentaneum
3635 1455 3818 1505 recte

2165 1550 2403 1608 veteres,
2425 1551 2479 1597 et
2504 1557 2602 1613 pro
2626 1556 2806 1598 causa:
2828 1542 3081 1613 aequitate
3102 1542 3188 1596 hic
3209 1555 3330 1598 esse
3353 1547 3813 1612 argumentatos,

2169 1634 2326 1704 Quod
2358 1633 2448 1692 10°
2492 1651 2603 1692 non
2640 1635 2973 1707 quibuslibet
3001 1634 3243 1690 ﬁdelium
3285 1648 3379 1691 seu
3417 1633 3812 1705 passionibus,

2170 1744 2268 1785 seu
2314 1730 2582 1789 mortibus
2628 1740 2835 1787 tantam
2866 1731 3119 1786 virtutem
3148 1728 3499 1801 assignarint,
3544 1726 3641 1787 sed
3680 1728 3817 1785 illis

463 1825 658 1884 οοάθῐη
697 1824 821 1896 iure
851 1830 1097 1877 ‘encalm‘
1125 1818 1193 1874 ad
1224 1815 1530 1873 mercedem
1563 1814 1668 1870 “iis
1689 1856 1705 1884 ν
1749 1814 1840 1887 (illi
1873 1813 2063 1870 condi'
2092 1823 2141 1884 B
2169 1825 2433 1883 duntaxat
2461 1826 2658 1899 quibus
2685 1828 2753 1884 ad
2783 1826 2987 1885 Christi
3014 1828 3202 1884 mortis
3223 1827 3534 1898 exemplum
3561 1829 3817 1898 propius

462 1922 664 1976 tionem
708 1914 1092 1988 praestiterint,
1123 1910 1549 1968 retribuendam.
1585 1907 1641 1963 Si
1692 1908 1874 1979 itaque
1918 1920 2067 1961 mar-

460 2014 584 2088 tyrii
606 2011 691 2068 vel
718 2007 1004 2082 professio,
1025 2005 1264 2079 martyrii
1292 2003 1536 2060 absentis
1560 2001 1762 2057 virtute
1786 2000 2063 2057 remissio-

463 2120 589 2163 nem
638 2110 980 2176 peccatorum
1012 2104 1261 2170 praestet,
1295 2094 1544 2152 eamdem
1582 2103 1733 2150 certe
1758 2091 2066 2148 necessario

462 2208 695 2274 Oportet,
738 2199 935 2269 ipsum,
964 2194 1180 2267 quando
1207 2192 1383 2261 adest,
1424 2199 1683 2263 praestare
1721 2186 2063 2259 martyrium.

465 2291 839 2362 Convenitque
866 2287 1295 2355 accuratissime,
1327 2284 1473 2358 quod
1503 2283 1753 2356 superius
1781 2281 1885 2336 huc
1917 2288 2066 2335 retu-

464 2388 662 2452 limus,
702 2400 824 2441 cum
863 2382 1032 2439 stolas
1058 2394 1185 2437 suas
1228 2386 1497 2451 martyres
1538 2377 1590 2432 in
1628 2374 1764 2446 Agni
1807 2373 2068 2445 sanguine

465 2482 666 2539 lavisse
697 2486 1002 2534 narrantur.
1044 2472 1157 2529 Nec
1194 2472 1340 2528 enim
1382 2470 1432 2526 id
1470 2469 1537 2525 de
1577 2466 1826 2541 baptismi
1850 2467 2068 2521 lavacro

466 2577 541 2632 ita
568 2571 851 2631 commode
880 2577 1089 2642 poterat
1120 2564 1363 2635 intelligi,
1393 2562 1534 2635 quod
1563 2561 1800 2615 omnium
1831 2557 2065 2614 fidelium

467 2682 755 2726 commune
776 2665 969 2727 fuerat,
996 2662 1089 2718 sed
1113 2660 1182 2716 de
1210 2659 1426 2714 lavacro
1460 2654 1776 2728 patientium
1810 2650 2065 2725 proprio;

467 2779 570 2821 nec
607 2763 677 2819 de
702 2761 913 2817 illorum
942 2755 1202 2812 duntaxat
1237 2759 1577 2823 peccatorum
1604 2746 1910 2817 expiatione
1949 2756 2069 2813 qua:

465 2866 670 2915 tantam
695 2854 843 2911 illam
864 2848 1262 2907 tribulationem
1286 2848 1709 2907 antecesserant,
1727 2838 1779 2893 in
1798 2835 2069 2907 baptismo

465 2952 673 3009 scilicet
695 2961 869 3019 aqueo
888 2944 1121 3015 expiata,
1146 2938 1239 2996 sed
1262 2937 1472 2993 illorum
1495 2946 1707 3006 quoque
1727 2945 1847 3003 quae
1872 2928 1925 2983 in
1955 2926 2071 2999 ipsa

466 3044 562 3100 illa
589 3038 940 3098 tribulatione
968 3042 1152 3091 essent
1171 3027 1458 3103 expianda.

539 3135 568 3208 ς
594 3130 948 3203 56,—Neque
969 3142 1101 3185 vero
1118 3126 1222 3181 erit
1247 3120 1390 3197 quod
1416 3120 1672 3176 miremur
1693 3123 1896 3172 tantam
1920 3120 2070 3208 vetet

2169 1920 2552 1989 accessissent,
2578 1937 2700 1977 cum
2720 1938 2916 1994 nempe
2936 1922 3149 1994 publica
3169 1922 3431 1980 Ecclesia
3452 1922 3813 1995 fratrumque

2169 2026 2331 2066 causa
2352 2026 2475 2069 sese
2488 2013 2830 2069 obtulissent.
2857 2013 2951 2069 Est
2975 2012 3193 2084 quidem
3212 2022 3521 2070 sanctorum
3543 2014 3813 2070 omnium

2169 2104 2222 2159 in
2251 2116 2545 2177 conSpectu
2574 2105 2789 2163 Domini
2816 2120 2964 2161 mors
2994 2103 3254 2177 quaelibet
3292 2106 3555 2178 pretiosa.
3598 2106 3701 2163 Est
3742 2114 3814 2164 et

2169 2197 2345 2253 adhuc
2371 2198 2661 2265 pretiosior
2688 2198 3085 2267 innocentium,
3105 2214 3294 2253 eorum
3316 2198 3526 2254 scilicet
3545 2212 3684 2269 quos
3705 2200 3812 2257 vis

2169 2297 2446 2365 oppressit
2478 2295 2789 2366 iniquorum
2809 2293 3112 2351 hominum.
3134 2292 3242 2349 Sed
3265 2304 3321 2349 et
3351 2294 3498 2348 illam
3520 2294 3633 2350 Deo
3666 2292 3811 2352 cha-

2171 2402 2286 2441 ram
2315 2401 2436 2443 esse
2460 2388 2592 2443 nihil
2619 2397 2702 2443 est
2732 2388 2874 2459 quod
2903 2387 3212 2443 dubitemus
3247 2401 3353 2458 qua
3395 2385 3735 2442 occumbunt
3762 2388 3807 2444 ii

2172 2480 2367 2550 quibus
2387 2480 2568 2537 ofﬁcia
2595 2498 2688 2537 sua
2701 2482 2957 2553 quaelibet
2983 2481 3095 2537 vita
3119 2490 3248 2538 sunt
3273 2481 3389 2552 ipsa
3408 2482 3681 2548 chariora,
3697 2482 3806 2555 qui

2172 2582 2403 2630 mortem
2441 2590 2549 2645 pra:
2583 2584 2804 2645 peccato
2832 2575 3063 2644 eligunt.
3094 2574 3301 2645 Estque
3328 2574 3491 2631 etiam
3523 2574 3638 2630 haec
3671 2575 3807 2646 ipsa

2173 2681 2319 2723 mors
2342 2667 2646 2738 baptismali
2688 2668 2870 2723 oflicio
2907 2668 3122 2739 afﬁnis,
3166 2684 3233 2725 ne
3269 2669 3338 2725 ab
3378 2668 3524 2725 illius
3551 2669 3808 2741 prazmiis

2174 2758 2605 2830 privilegiisque,
2630 2769 2847 2831 putetur
2870 2777 3093 2832 prorsus
3110 2762 3305 2817 aliena.
3329 2761 3440 2817 Nec
3457 2763 3545 2818 illa
3576 2763 3811 2835 procul-

2172 2853 2334 2917 dubio
2366 2853 2478 2909 Deo
2506 2854 2716 2925 ingrata
2748 2870 2921 2923 mors,
2952 2870 3112 2926 quam
3145 2855 3309 2911 tantis
3337 2855 3540 2911 ethnici
3562 2853 3811 2914 efferunt

2176 2944 2485 3016 praeconiis,
2506 2961 2609 3017 qua
2626 2948 2746 3018 quis
2771 2950 2961 3020 patria:
2985 2950 3149 3004 vitam
3172 2963 3324 3003 suam
3350 2947 3813 3020 impendit,mul-

2174 3049 2465 3114 torumque
2491 3052 2696 3101 mortes
2729 3060 2833 3099 una
2856 3052 3034 3101 morte
3074 3043 3331 3113 redimit,
3362 3059 3464 3100 nec
3506 3044 3595 3102 illa
3626 3044 3807 3101 etiam

2174 3151 2203 3190 a
2221 3134 2420 3192 Christi
2443 3138 2692 3211 exemplo
2719 3140 2917 3195 aliena.
2938 3138 3121 3211 Longe
3140 3147 3317 3195 tamen
3342 3142 3585 3196 omnium
3604 3140 3808 3209 proxi-

466 3205 562 3287 res
578 3227 844 3299 baptismo
870 3232 1167 3295 martyrum
1195 3216 1491 3289 sanguineo
1513 3213 1621 3269 vim
1650 3210 1978 3282 assignasse,
2025 3205 2071 3261 si

2181 3242 2266 3283 me
2283 3227 2352 3283 ad
2381 3226 2581 3284 Christi
2613 3229 2743 3285 illud
2764 3230 3187 3287 illustrissimum
3206 3229 3421 3286 accedit
3453 3205 3803 3301 exemplum,

466 3331 523 3381 et
553 3320 687 3378 illud
718 3318 1024 3376 recolamus
1053 3326 1196 3368 nono
1223 3317 1523 3380 martyrum
1553 3305 1709 3359 illum
1755 3300 2073 3372 sanguinem

467 3419 685 3475 Christo
706 3415 807 3488 ipsi
837 3428 868 3468 a
891 3409 1164 3468 veteribus
1195 3405 1359 3461 fuisse
1386 3401 1745 3457 attributum:
1776 3406 1830 3452 et
1855 3394 2074 3467 quidem

468 3517 541 3570 ita
559 3511 775 3568 Christo
803 3517 860 3563 ut
889 3520 957 3561 ne
980 3509 1293 3572 martyrum
1326 3496 1495 3553 fuisse
1521 3492 1857 3558 crederetur,
1889 3504 1990 3545 nec
2022 3488 2076 3543 in

467 3614 769 3678 martyrum
811 3597 1028 3672 propria
1069 3593 1329 3650 duntaxat
1366 3586 1651 3645 commoda
1695 3584 1949 3649 cessisse,
1980 3580 2076 3637 sed

466 3713 598 3755 vero
626 3699 680 3751 in
723 3692 983 3751 Ecclesire
1020 3688 1197 3760 potius
1242 3685 1529 3741 universae.
1572 3680 1700 3736 Haec
1751 3695 1783 3734 e
1830 3685 2077 3734 veterum

468 3787 736 3848 sententia
764 3784 892 3840 alibi
940 3781 1309 3855 probavimus,
1342 3785 1397 3833 et
1426 3774 1559 3831 illud
1590 3773 1797 3847 pariter
1833 3768 2077 3827 ostendi-

470 3897 591 3939 mus
643 3894 802 3952 quam
855 3892 965 3932 non
1012 3880 1201 3931 essent
1259 3886 1288 3926 a
1344 3867 1643 3941 Scripturis
1687 3877 2078 3934 sacrorumque

472 3979 807 4049 Scriptorum
832 3970 1110 4046 principiis
1132 3964 1502 4023 abhorrentia.
1526 3961 1652 4017 Htec
1673 3961 1853 4032 itaque
1881 3961 1927 4014 si
1949 3972 2076 4013 con-

468 4072 751 4139 cedantur,
780 4069 891 4141 jam
919 4066 1284 4137 intelligemus
1325 4075 1487 4135 quam
1526 4058 1699 4114 solide
1727 4057 1802 4113 illi
1836 4053 2077 4127 pruden-

473 4176 664 4239 terque
702 4176 921 4218 omnem
952 4159 1091 4215 hanc
1131 4155 1384 4228 baptismi
1409 4151 1690 4225 sanguinei
1721 4147 2018 4206 efﬁcaciam
2048 4161 2080 4200 e

471 4257 751 4328 Scriptura
796 4251 1135 4324 collegerint.
1168 4247 1365 4305 Christi
1429 4246 1573 4301 enim
1623 4240 1869 4313 sanguini
1916 4253 2078 4296 nemo

473 4350 684 4407 dubitat
734 4345 1027 4403 convenire
1083 4342 1223 4397 hanc
1276 4346 1621 4413 peccatorum
1687 4333 2076 4406 expiationem.

474 4439 677 4497 Christi
721 4446 900 4494 autem
929 4450 1128 4492 nomen
1177 4448 1275 4506 pro
1324 4430 1579 4487 universo
1606 4426 1809 4484 Christi
1848 4440 2079 4498 corpore

472 4536 704 4610 mystico
728 4531 1029 4605 saepissime
1058 4526 1391 4598 intelligitur.
1423 4523 1619 4597 Quidni
1648 4522 1809 4594 igitur
1854 4521 1964 4577 vim
2009 4519 2078 4575 il-

2178 3319 2223 3376 si
2246 3329 2300 3376 et
2341 3320 2643 3377 animarum
2673 3337 2835 3377 causa
2861 3324 3000 3392 quis,
3030 3331 3085 3378 et
3121 3324 3393 3378 communi
3431 3321 3649 3395 quidem
3705 3322 3812 3379 illa

2180 3413 2759 3483 multorum,veletiam
2779 3416 3019 3471 omnium
3040 3414 3369 3488 ubicumque
3383 3412 3808 3483 ﬁdelium,mor-

2181 3510 2289 3566 tem
2319 3518 2570 3580 oppetat;
2607 3510 2663 3566 Si
2694 3510 2815 3581 quis
2844 3526 2940 3582 pro
2962 3512 3237 3568 communi
3267 3510 3393 3581 ﬁde,
3425 3527 3522 3583 pro
3551 3526 3812 3568 cominu-

2180 3602 2236 3659 ni
2267 3602 2502 3659 lidelium
2530 3617 2782 3674 corpore,
2811 3620 2907 3675 pro
2928 3604 3205 3665 communi
3230 3605 3434 3661 unitate
3462 3604 3810 3678 unitatisque

2180 3696 2455 3752 communi
2489 3698 2723 3765 vinculo,
2759 3708 2818 3753 ut
2849 3713 3047 3770 corpus
3069 3697 3271 3755 Christi
3301 3698 3589 3771 mysticum
3619 3698 3676 3753 in
3698 3711 3810 3756 sua

2181 3790 2489 3862 integritate
2518 3801 2901 3859 conservet,et
2931 3808 3068 3848 nova
3097 3791 3321 3863 insuper
3359 3792 3810 3864 resipiscentium

2180 3885 2491 3941 accessione
2522 3886 2833 3957 locupletet.
2855 3885 2970 3942 Hoc
2999 3895 3084 3941 est
3111 3885 3240 3949 ferri
3262 3889 3329 3943 τὰ
3346 3887 3483 3943 αὐτὰ
3503 3893 3603 3944 τῶν
3628 3888 3808 3946 παθη-

2182 3980 2381 4051 μάτων,
2403 3979 2505 4034 hoc
2521 3988 2604 4034 est
2624 3976 2848 4048 Christi,
2867 3988 2921 4035 et
2942 3978 3159 4051 quidem
3184 3979 3460 4051 patientis,
3481 3981 3650 4036 εἰκὸνα
3672 3994 3810 4051 por-

2182 4079 2331 4137 tare;
2365 4070 2470 4126 hoc
2514 4080 2597 4127 est
2625 4072 2880 4143 supplere
2911 4088 3032 4144 quae
3060 4072 3287 4131 deerant
3316 4070 3520 4128 Christi
3558 4087 3655 4144 pro
3696 4074 3808 4129 Ec-

2183 4162 2347 4218 clesia
2403 4164 2770 4234 passionibus;
2834 4165 2939 4219 hoc
2991 4179 3114 4219 cum
3172 4180 3237 4223 eo
3305 4165 3463 4233 mori,
3531 4163 3805 4237 cruciﬁgi,

2184 4256 2421 4327 sepeliri,
2460 4272 2583 4315 cum
2628 4266 2684 4313 et
2711 4256 2902 4313 eadem
2950 4258 3205 4329 patimur,
3235 4267 3291 4315 et
3318 4256 3507 4314 eadem
3536 4258 3700 4314 etiam
3731 4259 3809 4315 de

2184 4364 2370 4418 causa,
2400 4364 2521 4406 cum
2545 4359 2597 4405 ct
2621 4350 2928 4420 passionem
2958 4359 3011 4407 et
3055 4350 3326 4422 passionis
3366 4363 3583 4409 causam
3625 4347 3803 4407 habe-

2186 4458 2306 4496 mus
2351 4455 2472 4496 cum
2518 4441 2735 4498 Christo
2773 4456 3140 4498 communem.
3190 4442 3358 4499 Plane
3406 4445 3635 4506 innuuut
3679 4440 3808 4498 hmo

2184 4535 2369 4591 omnia
2395 4550 2518 4592 esse
2548 4536 2833 4605 mysticam
2866 4536 3179 4607 quamdam,
3207 4536 3259 4595 in
3290 4535 3392 4591 hac
3433 4535 3548 4608 ipsa
3582 4536 3802 4608 passio—

473 4626 580 4691 lam
623 4638 971 4705 peccatorum
1024 4624 1383 4699 purgatriccm
1425 4619 1647 4675 Christo
1687 4617 1761 4674 ita
1804 4615 2071 4673 intellecto

2186 4645 2315 4685 num
2351 4644 2513 4685 causa
2542 4644 2885 4685 communem
2920 4629 3078 4685 nobis
3107 4644 3227 4685 cum
3260 4628 3481 4685 Christo
3512 4628 3800 4697 unitatem,

474 4725 818 4784 asseramus?
854 4719 998 4778 Nihil
1045 4728 1129 4777 est
1170 4716 1439 4791 profecto,
1483 4728 1580 4769 cur
1623 4711 1835 4783 quoties
1875 4708 2079 4773 Christi

476 4821 788 4892 sanguinem
813 4829 1031 4893 peccata
1074 4821 1256 4873 nostra
1285 4812 1475 4867 lavare
1520 4818 1683 4873 atque
1710 4822 1942 4879 purgare
1970 4813 2081 4863 tra-

475 4915 610 4971 dunt
648 4929 814 4968 sacra:
845 4912 1084 4979 Litterae,
1115 4910 1184 4965 de
1212 4905 1482 4979 personali
1519 4904 1637 4975 ejus
1674 4904 1934 4976 sanguine
1960 4900 2082 4956 illas

477 5009 741 5065 duntaxat
771 5004 1154 5074 intelligamus.
1194 5002 1261 5058 Et
1289 5015 1419 5057 vero
1447 4999 1683 5055 nominis
1722 4997 1863 5053 ratio
1886 4994 2082 5059 suadet

478 5102 658 5175 potius
690 5108 749 5163 ut
774 5099 845 5154 sit
892 5097 1065 5153 virtus
1093 5095 1207 5150 haec
1235 5092 1454 5149 Christo
1484 5108 1606 5148 cum
1636 5091 1878 5164 ejusdem
1929 5106 2077 5162 mys-

480 5197 586 5251 tico
625 5206 877 5264 corpore,
921 5188 1241 5245 communis.
1289 5185 1443 5253 Quod
1492 5185 1637 5241 enim
1684 5200 1879 5241 nomen
1922 5198 2081 5247 suum

479 5288 762 5344 nobiscum
804 5282 1201 5347 communicet,
1246 5280 1300 5337 id
1337 5279 1432 5337 illo
1474 5293 1667 5355 nempe
1693 5279 1925 5337 consilio
1956 5277 2085 5337 fecit

478 5389 541 5434 ut
589 5389 643 5436 et
689 5381 809 5450 jura
866 5377 1073 5435 nomini
1118 5373 1497 5446 respondentia
1554 5373 1915 5446 intelligantur
1957 5386 2085 5431 esse

481 5475 805 5532 communia.
856 5473 924 5531 Ut
957 5473 1012 5531 in
1053 5469 1429 5533 matrimonia“
1490 5468 1696 5525 unitate
1752 5467 1936 5541 (quam
1994 5466 2085 5531 hic

481 5568 698 5625 adhibet
721 5568 1009 5638 Apostolus
1035 5565 1102 5621 ad
1131 5563 1331 5620 Christi
1364 5562 1646 5636 mysticam
1680 5576 1803 5616 cum
1838 5561 2080 5619 Eccbesia

482 5661 736 5723 unitatem
768 5659 1164 5732 explicandam)
1191 5672 1480 5715 commune
1509 5656 1627 5712 viro
1656 5664 1819 5727 atque
1847 5653 2085 5715 {miniuae

482 5769 678 5810 nomen
705 5755 1010 5810 conunnnia
1044 5755 1205 5811 etiam
1235 5752 1522 5824 utriusque
1555 5750 1606 5805 in
1638 5749 1759 5823 lege
1784 5750 1907 5820 jura
1933 5748 2081 5815 facit.

480 5846 553 5902 Ita
588 5857 643 5907 et
678 5863 802 5905 cum
840 5855 1139 5919 martyrum
1175 5845 1397 5917 sanguis
1437 5857 1539 5916 pro
1575 5838 1778 5901 Christi
1820 5845 2083 5916 sanguine

2186 4732 2244 4779 ut
2275 4724 2500 4797 proinde
2529 4723 2595 4778 ad
2630 4738 2789 4778 unam
2815 4732 3059 4793 utrmque
3087 4721 3442 4793 eamdemque
3485 4721 3804 4795 passionum

2183 4817 2564 4873 colleCtionem
2594 4817 2868 4888 pertinere
2908 4824 3255 4872 censeantur.
3293 4815 3348 4873 In
3391 4815 3477 4872 his
3517 4825 3697 4872 autem
3729 4813 3805 4872 de

2185 4910 2389 4965 unitate
2415 4910 2640 4981 mystica
2669 4911 2967 4971 ratiociniis
2999 4911 3051 4966 id
3092 4925 3263 4981 genus
3291 4925 3545 4979 canones,
3586 4917 3644 4967 et
3681 4914 3807 4982 qui-

2186 5002 2310 5058 dem
2340 5003 2673 5061 universales
2694 5002 2840 5070 illos,
2873 5003 3118 5073 agnoscit
3144 5004 3477 5075 ApOStolus:
3517 5003 3669 5073 Quod
3707 5020 3804 5058 ca-

2189 5098 2282 5170 piti
2306 5098 2559 5168 convenit,
2596 5096 2651 5152 id
2680 5106 2726 5152 et
2754 5096 2994 5152 membris
3032 5113 3140 5153 esse
3176 5113 3474 5164 commune;
3515 5096 3655 5169 quod
3692 5096 3804 5167 pri-

2190 5192 2367 5260 mitiis,
2396 5190 2452 5246 id
2490 5201 2535 5251 et
2559 5206 2742 5247 massa:
2777 5190 3045 5247 universis.
3090 5188 3156 5245 Ni
3200 5188 3535 5245 universales
3572 5188 3804 5244 fuissent

2184 5284 2283 5349 illi,
2318 5298 2452 5361 quos
2479 5283 2733 5349 diximus,
2779 5297 3036 5352 canones,
3077 5286 3300 5341 omnino
3339 5282 3668 5354 subjungere
3697 5281 3799 5337 de-

2190 5378 2308 5435 buit
2335 5376 2635 5447 Apostolus
2664 5393 2763 5432 cur
2790 5375 2844 5431 in
2877 5377 2963 5431 illa
2999 5376 3178 5447 potius
3205 5392 3366 5447 quam
3405 5377 3461 5435 in
3491 5375 3595 5430 alia
3623 5373 3800 5446 quali-

2194 5472 2284 5528 bet
2324 5486 2486 5527 causa
2529 5480 2716 5529 essent
2754 5471 3102 5541 agnoscendi.
3146 5470 3593 5543 Argumentantis
3653 5468 3800 5524 enim

2195 5582 2483 5638 personam
2530 5566 2616 5621 hic
2658 5565 2917 5623 sustinuit
2948 5565 3265 5636 Apostolus,
3310 5580 3417 5623 non
3447 5572 3628 5623 autem
3657 5561 3801 5619 illius

2194 5662 2288 5734 qui
2317 5676 2415 5733 pro
2443 5675 2540 5721 sua
2583 5660 2845 5721 duntaxat
2889 5660 3213 5716 auctoritate
3244 5659 3493 5717 dictaret.
3528 5658 3606 5715 lta
3639 5655 3802 5727 igitur

2192 5770 2317 5826 qua:
2341 5761 2690 5827 peccatorum
2726 5752 2965 5827 expiatio
2994 5752 3180 5827 capiti,
3206 5752 3394 5811 eadem
3426 5761 3483 5811 et
3508 5746 3797 5813 membris;

2195 5862 2319 5919 quae
2339 5845 2499 5918 hujus
2520 5845 2800 5917 sanguinis
2824 5844 3106 5918 primitiis,
3136 5846 3329 5905 eadem
3360 5855 3417 5905 et
3442 5858 3639 5903 massae
3664 5854 3798 5899 cons
