4018 6284
189 318 264 380 77
1221 318 1312 377 DE
1342 315 1660 377 SECUNDO
1697 315 2094 377 MARTYRUM
2133 316 2494 379 BAPTISMO.
3422 327 3496 387 78

190 436 395 493 veniet.
434 432 511 495 lta
559 433 766 493 scilicet
797 445 898 491 nos
928 432 1159 491 incitare
1206 433 1378 489 voluit
1427 431 1688 489 Dominus
1725 431 1791 487 ad
1821 432 1867 492 A
1897 432 2059 488 medii
2099 434 2345 503 ratione,
2391 436 2757 507 praestantius.
2804 437 2873 494 At
2902 450 2933 493 a
2970 439 3142 510 pactis
3180 439 3496 514 symbolicis

191 538 433 589 mortem
485 542 584 599 pro
640 526 895 583 fratribus
940 525 1143 582 lubenti
1193 525 1376 581 animo
1421 524 1799 595 constantique

189 625 521 688 obcundam,
553 632 613 681 ut
642 623 694 679 in
738 622 841 679 hac
869 622 983 693 ipsa
1007 622 1171 679 etiam
1204 637 1366 679 causa
1410 622 1585 692 ipsum
1615 622 1797 677 imita—

188 733 404 785 remur,
449 723 510 773 ut
556 716 697 771 sicut
723 715 843 787 ipse
871 729 970 785 pro
1005 713 1163 772 nobis
1188 715 1354 770 vitam
1383 715 1582 786 posuit,
1616 724 1670 769 et
1696 728 1798 769 nos

190 826 297 885 pro
317 808 572 869 fratribus
602 808 766 864 vitam
790 806 1156 879 poneremus!
1187 805 1245 863 S.
1271 807 1454 875 Joan.,
1492 822 1571 874 Ill,
1603 806 1691 862 16.
1721 805 1798 861 Ita

190 907 365 963 vitam
420 916 517 975 pro
560 900 826 974 Apostolo
871 916 1075 972 ponere
1122 901 1294 971 parati
1325 908 1482 957 erant
1522 899 1795 969 discipuli,

190 998 312 1069 ipse
351 995 587 1053 vicissim
635 1009 735 1065 pro
784 992 1084 1065 discipulis.
1114 991 1189 1048 Ita
1238 993 1474 1064 lgnatius
1504 993 1798 1066 ἀντίῲυχος

190 1106 380 1150 eorum
426 1105 552 1146 esse
581 1087 754 1144 voluit
790 1088 882 1158 qui
925 1087 1197 1158 episcopis
1242 1086 1606 1155 adhaererent,
1654 1085 1799 1158 quod

188 1185 399 1241 scilicet
434 1197 624 1238 eorum
674 1182 861 1253 ψυχὰς
902 1179 1058 1252 ψυχῇ
1087 1194 1203 1247 sua,
1239 1179 1377 1233 vitas
1426 1193 1620 1248 nempe
1664 1178 1795 1245 vita,

191 1276 467 1332 redimere
495 1274 747 1329 voluerit.
777 1270 908 1327 Inde
952 1280 1132 1325 tantus
1162 1271 1253 1325 ille
1281 1271 1698 1325 christianorum
1745 1269 1799 1324 in

188 1383 251 1425 se
307 1368 542 1423 invicem
599 1380 753 1419 amor
800 1377 907 1434 quo
959 1361 1198 1416 illustres
1226 1361 1348 1416 illos
1376 1370 1431 1416 et
1475 1361 1799 1431 conspicuos

185 1464 361 1518 fuisse
385 1475 483 1516 sua
508 1459 671 1515 etiam
713 1465 874 1512 atate
898 1465 1165 1510 meruerat
1188 1454 1578 1511 Tertullianus.
1605 1454 1799 1510 Damo-

187 1558 279 1613 nis
319 1560 371 1612 et
398 1554 606 1628 Pythia:
635 1552 871 1608 Historia
894 1550 1034 1621 apud
1064 1551 1440 1622 pythagoraeos
1465 1551 1624 1620 longe
1651 1551 1798 1606 cele-

184 1646 431 1707 berrima
478 1653 583 1707 est.
616 1644 730 1701 Hos
784 1642 1021 1701 aemulati
1058 1643 1361 1717 judaeorutn
1403 1651 1530 1701 sunt
1579 1641 1796 1713 esseni,

187 1738 318 1796 ilus
361 1737 673 1803 christiani,
705 1750 845 1806 quos
876 1743 1059 1791 tamen
1101 1748 1291 1789 omnes
1321 1734 1484 1805 longo
1512 1733 1799 1789 intervallo

1902 523 2101 596 (qualia
2156 537 2491 585 sacramenta
2521 545 2643 587 esse
2689 547 2878 588 omnes
2922 533 3245 607 agnoscunt)
3286 537 3497 607 sejungi

1901 620 2088 690 nequit
2124 621 2426 679 istiusmodi
2456 623 2850 681 subordinatio.
2881 627 3013 682 Cum
3059 628 3203 684 enim
3250 630 3498 701 symbols

1900 710 2262 768 adhibeantur
2300 714 2371 771 ad
2398 716 2501 771 alia
2535 725 2714 772 tamen
2758 717 2932 773 ofﬁcia
2962 735 2991 775 a
3022 720 3287 791 symbolis
3312 720 3491 778 diver-

1898 805 2110 862 sissima
2138 810 2595 879 reprtesentanda,
2613 810 2836 882 ipsaque
2856 812 2994 869 adeo
3017 813 3108 869 illa
3131 826 3489 887 repraasenta-

1902 899 2049 956 tione
2094 902 2433 971 spondenda,
2464 912 2527 959 ut
2550 904 2780 974 proinde
2820 906 3121 963 mediorum
3164 918 3390 980 utraque
3412 911 3499 965 vi—

1902 1007 2019 1051 cem
2066 992 2363 1064 impleant;
2394 1004 2614 1052 constat
2652 1005 2833 1055 tamen
2861 999 3023 1054 ofﬁcii
3063 1016 3222 1071 quam
3258 1003 3498 1074 symboli

1900 1084 2058 1156 longe
2078 1087 2341 1156 potiorem
2384 1102 2505 1145 esse
2546 1089 2835 1156 rationem,
2865 1090 3060 1162 jusque
3085 1091 3153 1155 ad
3192 1093 3497 1151 mercedem

1902 1177 1932 1233 a
1961 1179 2073 1235 Deo
2102 1182 2426 1250 promissam
2456 1182 2707 1240 conferre
2736 1184 2895 1256 longe
2922 1187 3131 1242 auctius
3174 1197 3337 1259 atque
3365 1189 3501 1245 vali-

1901 1270 2043 1327 dius.
2104 1272 2215 1328 Dici
2284 1284 2463 1331 tamen
2521 1276 2753 1347 denique
2803 1287 2985 1348 potest
3032 1290 3138 1337 tam
3192 1282 3496 1353 symbolum

1901 1374 2100 1420 nostra:
2125 1366 2179 1419 in
2218 1366 2486 1437 baptismo
2512 1371 2892 1441 professionis,
2941 1388 3099 1443 quam
3131 1376 3497 1433 conditionem

1901 1474 2060 1530 quam
2083 1475 2149 1517 eo
2165 1461 2415 1534 symbolo
2435 1464 2766 1535 spondemus
2786 1481 2817 1521 a
2836 1477 3019 1523 nostra
3049 1470 3187 1539 pacti
3207 1469 3501 1540 baptisma-

1901 1549 1967 1604 lis
1995 1560 2145 1619 parte
2175 1544 2560 1622 prmsmndam,
2580 1573 2903 1628 quamquam
2934 1558 2986 1613 in
3014 1569 3170 1630 pacto
3192 1576 3219 1615 a
3251 1562 3363 1618 Deo
3386 1565 3505 1633 qui-

1902 1642 2025 1699 dem
2051 1645 2301 1702 instituto
2331 1647 2711 1717 adhibeantur,
2741 1650 2810 1707 ad
2838 1651 3072 1708 humana
3096 1662 3274 1709 tamen
3296 1654 3499 1727 ofﬁcia,

1901 1746 2221 1808 partemque
2245 1740 2389 1809 pacti
2418 1740 2565 1797 illam
2591 1758 2711 1812 quae
2757 1742 3005 1800 homines
3044 1756 3272 1816 Spectat,
3304 1746 3503 1803 attine-

184 1839 540 1902 superarunt.
583 1829 661 1885 Ita
701 1826 1061 1885 conveniebat
1087 1826 1419 1882 adamussim
1466 1840 1590 1881 cum
1645 1826 1795 1882 hisce
1821 1830 1874 1892 B
1900 1843 1979 1884 re.
2010 1828 2087 1885 lta
2119 1846 2229 1886 non
2269 1846 2393 1887 cum
2443 1832 2698 1890 humanis
2748 1835 2930 1891 divina
2981 1837 3355 1905 conferentur,
3406 1838 3506 1896 scd

185 1923 471 1996 principiis
519 1921 701 1991 praxis
731 1921 893 1977 etiam
937 1921 1321 1991 primaevorum
1349 1918 1796 1974 christianorum.

183 2016 269 2075 lta
286 2015 500 2087 praxim
527 2012 673 2067 illam
691 2010 1163 2083 generosissimam
1185 2008 1618 2080 prudentissimis
1635 2010 1797 2065 etiam

186 2107 474 2182 principiis
516 2105 728 2161 fulcivit
762 2104 1021 2160 Dominus
1062 2102 1339 2174 legislator
1368 2102 1611 2158 omnium
1640 2102 1799 2174 longe

182 2201 572 2276 peritissimus.

260 2295 292 2368 ᾗ
322 2294 639 2361 58.-ρυε
667 2308 788 2349 eum
820 2292 893 2348 ita
916 2306 976 2348 se
1004 2290 1260 2357 habeant,
1278 2288 1389 2359 jam
1412 2288 1570 2346 facile
1599 2288 1799 2345 intelli-

182 2389 366 2463 gimus
418 2387 555 2442 nihil
582 2401 707 2442 esse
753 2400 851 2441 cur
890 2384 1033 2440 male
1079 2382 1324 2451 audiant,
1356 2382 1458 2438 hac
1508 2383 1562 2439 in
1610 2396 1795 2451 causa,

181 2481 434 2555 primaevi
480 2478 781 2536 christiani.
827 2476 1087 2549 Baptismi
1120 2476 1278 2532 titulo
1304 2477 1620 2548 martyrium
1663 2476 1799 2531 insi-

180 2574 461 2646 gnieruut.
493 2570 605 2627 Nec
635 2579 841 2627 temere
869 2570 954 2637 id,
982 2584 1085 2627 nec
1112 2583 1210 2639 pro
1232 2583 1333 2627 suo
1362 2569 1622 2627 duntaxat
1649 2569 1799 2625 arbi-

178 2666 313 2723 trio.
368 2663 646 2721 Christum
699 2664 954 2720 nimirum
1022 2663 1200 2733 ipsum
1269 2662 1574 2720 habuerunt
1635 2676 1797 2733 quem

183 2766 558 2831 sequerentur
602 2768 907 2815 auctorem.
960 2754 1069 2812 Sed
1110 2771 1236 2812 cum
1280 2756 1432 2811 titulo
1470 2756 1590 2827 jura
1637 2756 1800 2812 etiam

180 2851 450 2924 baptismi
480 2852 742 2924 martyrio
765 2852 1090 2915 tribuerunt,
1112 2860 1170 2905 et
1188 2849 1406 2921 quidem
1426 2861 1795 2907 sacramenta-

185 2944 259 3001 lis
289 2943 546 3015 baptismi
577 2958 609 2998 a
631 2943 744 2999 Deo
770 2942 891 3013 ipso
910 2942 1164 2998 instituti.
1184 2941 1424 2999 Immane
1444 2941 1800 3012 proculdubio

179 3036 401 3093 facinus
422 3080 440 3107 ,
483 3036 530 3092 si
556 3050 678 3108 quae
708 3051 740 3091 a
779 3036 890 3091 Deo
917 3043 1101 3090 essent
1138 3034 1191 3088 in
1222 3043 1386 3105 pacto
1415 3034 1799 3091 sacramentali

179 3128 518 3202 prastauda,
536 3143 600 3184 ea
622 3128 737 3184 suis
753 3128 1057 3183 adinventis
1077 3133 1409 3193 assererent,
1437 3125 1588 3181 nullo
1619 3134 1796 3180 tamen

1901 1934 2021 1975 cum
2043 1922 2296 1979 humanis
2320 1922 2516 1979 officiis
2538 1927 2640 1981 alia
2663 1926 2836 1982 ofﬁcia
2855 1937 2911 1984 et
2942 1928 3031 1984 illa
3062 1945 3275 2002 quoque
3297 1931 3501 2001 pariter

1900 2012 2158 2079 humana,
2191 2025 2251 2071 ut
2277 2017 2380 2072 alia
2409 2018 2529 2073 aliis
2549 2019 2772 2075 meliora
2802 2020 3120 2089 habeantur,
3148 2034 3203 2080 et
3233 2025 3344 2081 Deo
3372 2041 3500 2097 gra-

1900 2108 2059 2163 tiora.
2083 2108 2282 2165 Fateor
2305 2111 2553 2179 equidem
2581 2110 2774 2167 horum
2806 2112 3108 2170 officiorum
3132 2116 3223 2186 jus
3251 2117 3318 2172 ad
3351 2133 3503 2174 mer.-

1903 2200 2090 2256 cedem
2114 2209 2273 2271 pacto
2306 2202 2738 2274 institutiouique
2777 2204 2973 2261 divinae
3009 2216 3179 2262 totum
3223 2221 3503 2280 acceptum

1900 2309 2022 2350 esse
2065 2295 2432 2351 referendum.
2472 2295 2530 2351 ld
2575 2306 2759 2353 tamen
2788 2298 2860 2353 ita
2884 2315 3071 2355 verum
3100 2310 3184 2357 est
3211 2312 3271 2357 ut
3311 2319 3505 2373 quam-

1902 2402 2061 2458 quam
2099 2402 2208 2443 non
2237 2398 2463 2459 propter
2489 2404 2656 2460 opera
2701 2390 2845 2446 Deus
2873 2393 3179 2449 mercedem
3213 2396 3501 2467 retribuat,

1902 2490 1958 2535 at
1987 2482 2283 2537 secundum
2328 2497 2493 2552 opera
2526 2482 2617 2538 fiat
2648 2482 2736 2538 illa
2764 2484 3070 2554 retributio,
3109 2495 3169 2543 ut
3196 2487 3423 2559 proinde
3445 2489 3505 2547 in

1901 2572 2093 2630 ofﬁciis
2120 2576 2319 2631 nostris
2335 2590 2443 2645 quo
2471 2585 2596 2631 sunt
2623 2592 2847 2647 quaeque
2876 2577 2930 2632 in
2960 2594 3021 2634 se
3048 2581 3420 2649 prastantiora
3453 2591 3510 2639 et

1904 2665 2014 2721 Deo
2028 2667 2262 2736 gratiora
2278 2682 2345 2723 eo
2370 2668 2691 2739 exigantura
2714 2670 2825 2725 Deo
2841 2671 3145 2740 paciscente
3171 2672 3507 2744 diligentius,

1902 2768 1956 2816 ct
1983 2761 2232 2818 mercede
2258 2763 2547 2830 copiosiori
2581 2774 2930 2822 coronentur.

1974 2854 2002 2925 §
2030 2853 2535 2925 59.—Quamquam
2565 2867 2744 2913 autem
2764 2859 3016 2928 baptismi
3044 2861 3212 2919 solius
3234 2863 3504 2920 rationem

1905 2946 1958 3001 in
1981 2945 2082 3002 hac
2105 2955 2290 3004 nostra
2325 2948 2712 3005 dissertatione
2749 2950 3124 3020 habuerimus;
3151 2955 3293 3024 quod
3322 2963 3502 3013 tamen

1902 3039 1969 3095 de
1996 3039 2265 3110 baptismo
2289 3042 2643 3110 asseruimus,
2677 3044 2817 3099 idem
2849 3045 2918 3101 de
2945 3046 3116 3102 altero
3147 3048 3502 3107 Eucharistize

1902 3142 2243 3188 sacramento
2272 3147 2520 3190 asserere
2549 3144 2883 3203 poteramus,
2917 3150 3311 3207 repraesentare
3340 3142 3503 3197 nimi-

180 3221 310 3278 nixi
355 3220 453 3277 Dei
484 3221 775 3292 promisso,
835 3220 986 3276 nullo
1040 3220 1135 3275 Dei
1186 3219 1427 3291 legitimo
1456 3219 1659 3275 vicario
1703 3218 1795 3290 qui
1821 3226 1867 3291 (ζ
1900 3238 2019 3279 rum
2048 3222 2168 3291 hic,
2198 3232 2362 3295 atque
2388 3225 2526 3281 adw
2552 3226 2845 3297 sponderi,
2876 3238 3120 3284 nostrum
3157 3246 3253 3300 pro
3279 3231 3496 3290 Christo

180 3315 287 3373 Dei
305 3328 591 3386 personam
621 3329 784 3386 agere
813 3313 1006 3371 saltem
1039 3321 1243 3383 posset,
1274 3321 1331 3367 et
1360 3311 1456 3368 Dei
1483 3313 1706 3368 nomine
1731 3326 1796 3367 ea

180 3407 433 3481 polliceri
466 3424 589 3480 quae
628 3408 771 3464 Deus
798 3407 948 3479 ipse,
991 3415 1216 3478 prepter
1247 3406 1542 3476 legitimam
1582 3404 1799 3476 delega-

182 3501 395 3557 tionem
420 3511 682 3572 praestare
712 3509 1010 3556 teneretur.
1054 3497 1163 3555 Sed
1188 3498 1347 3570 longe
1372 3497 1601 3554 aberant
1627 3499 1696 3556 ab
1729 3512 1797 3553 eo

177 3595 397 3654 scelere
417 3606 633 3652 veteres
660 3604 718 3651 ut
749 3595 847 3651 Dei
877 3609 1108 3662 nomen,
1134 3594 1256 3649 sine
1284 3592 1463 3648 divina
1491 3602 1667 3648 tamen
1695 3608 1794 3649 au-

174 3688 465 3757 ctoritate,
488 3689 602 3745 suis
628 3688 890 3743 institutis
916 3695 1296 3758 praetexerent.
1328 3687 1399 3741 At
1426 3686 1647 3756 impiqu
1673 3699 1797 3756 pro-

177 3780 335 3839 iecto
359 3794 470 3839 non
516 3779 619 3836 fuit
643 3780 688 3837 si
716 3779 1058 3836 conditiones
1082 3795 1114 3835 a
1143 3780 1256 3835 Deo
1297 3779 1416 3850 ipso
1459 3778 1796 3849 praestandas

174 3880 539 3945 expectarent
564 3874 619 3929 in
647 3881 808 3944 pacto
828 3872 1134 3944 haptismaii
1155 3873 1224 3926 ab
1250 3871 1370 3941 ipso
1400 3871 1665 3927 instituto.
1692 3872 1794 3927 lm-

175 3969 341 4041 pintn
370 3982 477 4023 non
500 3966 602 4023 fuit
623 3980 656 4023 e
672 3964 1351 4038 baptismisacramentalis
1381 3964 1610 4021 consilio
1634 3965 1791 4020 colli-

174 4076 321 4135 gere
339 4062 388 4117 si
404 4062 535 4133 quid
554 4077 718 4134 porro
739 4062 792 4117 in
809 4071 969 4134 pacto
988 4060 1297 4132 baptismali
1323 4060 1598 4117 videretur
1620 4062 1795 4117 inclu-

178 4172 332 4214 sum.
362 4156 588 4229 Impium
612 4173 720 4214 non
752 4157 851 4213 fuit
868 4156 1157 4228 hocipsum
1179 4156 1248 4212 de
1264 4156 1525 4227 martyrio
1539 4154 1794 4225 colligere

178 4251 233 4306 si
265 4262 374 4319 qua
420 4258 648 4320 possent
692 4249 928 4322 legitima
974 4240 1549 4319 sacramentorumque
1577 4248 1793 4319 propria

180 4342 681 4413 argumentatione.
709 4342 937 4414 Impium
959 4342 1193 4413 denique
1218 4355 1326 4397 non
1351 4340 1471 4408 fuit,
1494 4342 1539 4395 si
1570 4348 1626 4395 ct
1650 4355 1793 4395 mar-

179 4437 357 4511 tyrio,
388 4439 481 4494 ubi
521 4439 577 4495 id
605 4440 945 4509 probassent.
975 4450 1029 4495 et
1053 4440 1175 4511 jura
1202 4454 1416 4511 quoque
1454 4438 1790 4508 baptismalia

178 4541 519 4589 assererem.
546 4534 710 4605 Atqui
733 4533 1000 4605 baptismo
1029 4534 1348 4605 martyrium
1376 4547 1484 4587 non
1509 4532 1793 4588 conferunt

1901 3320 2254 3389 martyrium,
2314 3329 2373 3374 ut
2423 3320 2648 3390 proinde
2714 3322 2875 3392 hujus
2936 3323 3099 3379 etiam
3158 3325 3499 3384 Eucharistia

1900 3413 2040 3481 pacti
2059 3413 2276 3483 praemia
2300 3414 2550 3483 possinta
2567 3416 2896 3487 martyribus
2920 3416 3213 3473 vendicari.
3230 3419 3338 3476 Nec
3352 3421 3498 3476 enim

1897 3503 2054 3559 aliter
2073 3503 2129 3559 in
2158 3519 2297 3575 pane
2323 3504 2703 3562 Eucharistico
2729 3506 2903 3564 fracto
2939 3519 3361 3580 repraasentatur
3379 3528 3504 3569 cor-

1896 3609 1998 3666 pus
2026 3596 2239 3652 Domini
2284 3613 2445 3668 quam
2476 3608 2536 3653 ut
2575 3613 2824 3668 passum,
2862 3599 3124 3668 fractum,
3148 3602 3496 3672 cruciﬁxum;

1896 3705 2000 3747 nec
2042 3691 2204 3747 aliter
2230 3692 2283 3747 in
2314 3691 2484 3749 effuso
2510 3692 2637 3748 vino
2663 3695 2883 3764 sanguis
2902 3710 3064 3765 quam
3094 3705 3153 3751 nt
3178 3696 3293 3767 ipse
3331 3698 3495 3755 etiam

1895 3781 2116 3838 effusus.
2153 3782 2284 3852 Quis
2308 3793 2392 3839 est
2431 3784 2523 3855 qui
2552 3800 2661 3839 non
2692 3784 2869 3841 videat
2894 3801 3056 3857 quam
3093 3788 3203 3843 sint
3232 3788 3348 3845 haec
3375 3805 3495 3847 ma-

1894 3877 2093 3933 nifesto
2111 3878 2176 3933 ad
2196 3878 2476 3948 passiones
2494 3878 2695 3934 Christi
2712 3879 2990 3935 referenda
3009 3881 3033 3934 ἶ)
3050 3880 3183 3937 Cum
3201 3881 3382 3954 itaque
3400 3898 3502 3955 per

1896 3988 2064 4027 unum
2088 3973 2241 4028 illum
2257 3986 2451 4043 panem
2473 3988 2638 4028 unum
2664 3987 2764 4028 nos
2785 3988 2906 4029 cum
2922 3972 3140 4031 Christo
3154 3989 3353 4047 corpus
3369 3993 3499 4048 pro-

1893 4056 2167 4125 ﬁteamur,
2196 4056 2390 4124 ICor.,
2422 4074 2482 4125 ι,
2508 4058 2598 4125 17,
2627 4059 2679 4114 id
2709 4058 2863 4129 plane
2886 4075 2982 4130 pro
3007 4060 3307 4131 symbolico
3334 4078 3498 4133 spon-

1893 4150 2055 4207 dendi
2092 4152 2219 4219 ritu,
2269 4152 2624 4223 spondemus,
2655 4167 2760 4209 non
2798 4153 2853 4209 in
2905 4168 3133 4225 corpore
3176 4157 3340 4213 modo
3367 4172 3491 4224 nos,

1895 4245 1991 4301 sed
2016 4244 2071 4300 in
2099 4246 2234 4316 ipsis
2252 4261 2470 4317 quoque
2496 4247 2742 4316 corporis
2766 4246 3111 4317 passionibus
3124 4264 3246 4304 cum
3269 4247 3490 4307 Christo

1894 4336 2011 4393 fore
2041 4339 2561 4405 communicaturos,
2595 4348 2655 4393 ut
2679 4345 2732 4395 et
2758 4339 2860 4408 ipsi
2891 4355 2991 4395 nos
3022 4348 3237 4409 paratos
3263 4350 3492 4412 praeste-

1894 4444 2015 4485 mus
2057 4439 2114 4485 ut
2159 4446 2280 4486 cum
2321 4446 2388 4486 eo
2409 4430 2678 4501 patiamur
2705 4439 2867 4501 atque
2912 4432 3309 4503 cruciﬁgamur.
3351 4435 3489 4491 Cum

1891 4525 2053 4579 etiam
2081 4522 2279 4579 dicitur
2304 4523 2391 4580 hic
2410 4524 2627 4594 sanguis
2659 4538 2756 4594 pro
2786 4524 2969 4579 multis
2999 4524 3216 4590 effusus,
3242 4526 3295 4581 id
3322 4542 3489 4597 porro

178 4625 374 4695 modo,
402 4625 499 4681 sed
522 4627 686 4682 etiam
725 4626 1053 4682 anteferunt.
1084 4625 1222 4680 Male
1256 4625 1473 4697 quidem
1505 4625 1581 4688 id,
1611 4624 1655 4679 si
1680 4625 1789 4694 jam
1816 4625 1871 4685 D
1896 4616 2250 4688 pollicemur,
2309 4633 2408 4672 nos
2460 4616 2647 4684 etiam,
2704 4631 2801 4685 pro
2843 4615 3048 4671 Christi
3098 4617 3370 4687 exemplo,
3422 4634 3489 4673 eo

179 4719 529 4779 constitisset
547 4733 643 4774 sua
662 4719 915 4775 nimirum
941 4718 1177 4774 humana
1198 4719 1438 4773 instituta
1453 4732 1575 4772 cum
1598 4716 1794 4772 divinis

178 4831 355 4873 ausos
381 4830 504 4873 esse
530 4815 883 4872 contendere.
908 4814 1016 4871 Sed
1043 4829 1167 4871 vero
1185 4815 1340 4870 aliter
1368 4829 1427 4869 se
1451 4829 1562 4868 rem
1593 4812 1792 4868 habere

180 4924 256 4966 ex
295 4909 459 4965 dictis
504 4919 737 4965 constat.
769 4909 905 4965 Cum
952 4910 1006 4965 in
1048 4916 1204 4980 pacto
1249 4908 1559 4979 baptismali
1590 4907 1791 4962 includi

180 5006 508 5078 martyrium
542 5006 820 5076 probarint
870 5014 1113 5071 veteres,
1142 5004 1412 5059 immerito
1435 5017 1565 5057 sane
1591 5013 1793 5069 marty-

180 5099 336 5157 rium
374 5097 624 5154 humanis
679 5097 938 5155 institutis
979 5106 1271 5155 acccusent
1318 5094 1631 5152 adversarii.
1670 5094 1790 5150 Jam

180 5206 301 5249 non
346 5190 580 5251 humana
608 5206 735 5247 cum
775 5190 976 5247 divinis
1022 5191 1264 5245 instituta
1303 5188 1658 5254 contendunt,
1693 5185 1792 5247 sed

183 5283 377 5340 divina
417 5300 542 5340 cum
588 5285 807 5351 divinis,
836 5283 923 5340 vel
971 5299 1131 5339 unam
1160 5282 1393 5339 fortasse
1420 5284 1599 5353 potius
1623 5279 1794 5336 divini

186 5377 426 5434 instituti
464 5387 675 5449 partem
726 5391 850 5433 cum
895 5377 1001 5432 alia
1052 5375 1295 5447 ejusdem
1348 5374 1575 5430 instituti
1619 5381 1791 5444 parte.

181 5470 337 5530 Nihil
362 5479 546 5527 autem
565 5479 712 5527 vetat
746 5485 853 5542 quo
881 5471 1059 5526 minus
1084 5469 1388 5527 divinorum
1429 5469 1795 5524 institutorum

183 5566 426 5622 alterum
487 5564 659 5620 altero
716 5565 887 5635 possit
940 5578 1063 5620 esse
1116 5563 1459 5634 prmstantius
1502 5578 1516 5614 :
1562 5562 1692 5633 quin
1748 5559 1801 5615 id

187 5656 379 5730 potius
410 5670 640 5713 necesse
664 5666 748 5713 est
768 5654 981 5728 quoties
998 5654 1064 5709 ad
1093 5655 1346 5710 eumdem
1371 5655 1528 5709 linem
1556 5651 1804 5708 referun-

194 5758 309 5818 tur,
349 5764 477 5811 cttm
519 5749 701 5820 aliqua
730 5757 911 5807 tamen
940 5746 1401 5805 subordinatioue.
1454 5743 1610 5814 Quod
1658 5744 1804 5800 enim

1896 4709 2215 4779 promptiori
2248 4709 2430 4763 animo
2453 4706 2518 4761 ad
2544 4705 2854 4776 patiendum
2888 4720 3203 4763 accessuros
3235 4722 3342 4775 quo
3371 4709 3492 4779 plu-

1895 4804 2034 4859 rium
2085 4803 2311 4858 salutem
2369 4800 2717 4869 intelligimus
2762 4805 2946 4854 nostra
3001 4798 3119 4855 fore
3148 4812 3323 4857 morte
3360 4818 3491 4873 pro~-

1895 4898 2236 4955 movendam.
2265 4896 2340 4951 Ita
2375 4894 2518 4949 enim
2547 4891 2664 4947 fore
2690 4900 2747 4949 ut
2776 4891 2976 4949 Christi
3019 4896 3272 4965 patientis
3303 4912 3488 4954 exem-

1895 4991 2040 5062 plum
2106 4987 2277 5058 magis
2336 4985 2404 5041 ad
2470 4985 2650 5041 vivum
2719 4996 3195 5057 reprzesentemus.
3260 4989 3490 5046 Proinde

1892 5084 2206 5141 verisimilia
2237 5089 2362 5136 sunt
2386 5122 2399 5147 ,
2429 5088 2484 5135 et
2510 5079 2694 5135 divino
2722 5080 2949 5136 consilio
2994 5097 3213 5150 prorsus
3257 5098 3488 5139 consen-

1894 5189 2072 5243 tanea,
2118 5192 2237 5249 quae
2267 5173 2335 5230 de
2364 5173 2612 5245 martyrii
2657 5172 2892 5242 praemiis
2930 5171 3209 5245 hucusque
3248 5172 3488 5243 disputa-

1894 5275 2089 5338 vimus,
2121 5285 2243 5325 cum
2268 5282 2334 5324 eo
2360 5266 2602 5337 utrisque
2650 5267 2972 5322 sacramenti
3002 5276 3155 5335 pacta
3184 5264 3482 5321 collineare

1895 5366 2196 5421 videamus.

1976 5455 2518 5532 §40.—-Quamquam
2534 5451 2693 5507 etiam
2710 5448 2924 5505 unicum
2940 5448 3065 5504 illud
3080 5447 3340 5503 hactenus
3358 5457 3496 5505 trac-

1904 5551 2198 5608 taverimus
2244 5546 2495 5618 baptismi
2540 5542 2862 5599 beneficium
2902 5539 3075 5614 (quod.
3116 5541 3279 5596 etiam
3319 5542 3495 5612 ipsum

1903 5645 2229 5718 privativum
2243 5636 2349 5710 est)
2367 5644 2705 5708 peccatorum
2725 5632 2925 5688 scilicet
2942 5630 3340 5699 remissionem,
3358 5634 3502 5691 unde

1909 5739 2070 5793 etiam
2103 5732 2343 5805 sequitur
2397 5727 2716 5799 impunitas,
2762 5732 2819 5779 et
2867 5724 2982 5794 ipsa
3013 5724 3175 5780 etiam
3207 5724 3503 5795 privativa;

202 5843 374 5902 ﬁnem
400 5841 555 5901 illum
598 5818 819 5915 propius
868 5840 1103 5913 attingit,
1138 5840 1193 5899 id
1239 5839 1551 5899 necessario
1595 5837 1719 5907 erit,
1754 5836 1809 5893 in
1910 5846 2020 5888 non
2045 5836 2130 5885 est
2175 5836 2351 5883 tamen
2379 5821 2505 5878 inde
2525 5828 2586 5875 ut
2635 5824 2923 5888 propterea
2968 5830 3227 5890 negemus
3269 5818 3359 5890 jus
3388 5830 3511 5876 esse
