4018 6280
559 319 630 380 79
1561 315 1650 376 DE
1687 314 1890 378 SIXTO
1918 316 1985 375 ll.
2025 313 2191 373 ROM.
2235 314 2596 376 PONTIFICE
2634 312 2801 375 XXIll
3795 317 3865 375 80

554 433 884 508 martyribus
919 432 983 491 ad
1011 424 1261 508 positiva'
1292 431 1545 506 baptismi
1575 433 1860 490 beneﬁcia.
1907 432 1964 489 Si
2007 433 2153 487 enim
2181 434 2234 495 Α
2260 433 2379 506 ipso
2404 434 2770 491 sustineamus
2796 431 3023 490 consilio
3047 430 3371 505 utqutejura
3400 432 3617 491 Christo
3634 433 3861 507 patienti
3889 439 3899 451 ‘

559 544 683 584 cum
701 528 920 583 Christo
949 529 1203 599 patimur,
1238 541 1360 582 cum
1384 526 1577 582 eodem
1600 526 1763 582 etiam
1796 524 2158 594 regnabimus.

559 620 640 677 Ita
666 628 1068 692 argumentatur
1094 621 1389 691 Apostolus
1413 636 1444 676 e
1462 636 1671 675 canone
1693 620 1882 675 harum
1908 619 2163 691 mysﬁca-

557 730 681 771 rum
711 716 1235 787 argumentationum
1270 716 1506 785 proprio.
1538 714 1614 768 lta
1643 715 1802 769 etiam
1848 723 1904 769 et
1943 723 2159 769 veteres

557 820 680 861 eum
710 804 1020 876 primarium
1049 806 1402 877 martyribus,
1428 814 1487 860 ut
1514 804 1851 860 ostendimus
1870 848 1883 870 ,
1911 804 1963 858 in
1996 819 2163 874 regno

558 896 779 963 Christi,
803 913 1122 954 consessum
1146 909 1473 954 assererent.
1506 898 1573 953 Et
1604 899 1799 954 merito
1817 896 2034 967 quidem
2061 896 2158 952 illi.

556 990 621 1048 Si
641 990 785 1047 enim
807 990 1024 1047 Christo
1045 1006 1271 1062 passuro
1288 1005 1495 1047 merces
1514 992 1784 1061 proposita
1804 1000 1905 1055 est;
1927 990 2163 1046 debeba-

556 1094 646 1141 tur
670 1095 819 1142 certe
844 1085 945 1153 illi,
963 1088 1197 1156 praestita
1218 1085 1358 1156 pacti
1386 1086 1716 1151 conditione,
1743 1094 1885 1140 tanta
1906 1084 1994 1140 illa
2021 1099 2166 1139 mer-

558 1191 673 1232 ces.
702 1176 759 1234 Si
789 1186 842 1231 et
873 1192 970 1232 nos
1001 1177 1247 1233 eamdem
1277 1176 1475 1232 Christi
1506 1176 1760 1246 patientis
1788 1190 2073 1247 personam
2109 1175 2164 1230 in

556 1277 743 1325 nostra
772 1284 987 1341 quoque
1013 1270 1267 1341 passione
1307 1269 1704 1335 sustineamus,
1756 1277 1810 1324 et
1854 1268 2071 1339 quidem
2097 1282 2165 1323 eo

2268 542 2363 596 pro
2392 537 2546 597 pacto
2573 528 2757 583 divino
2782 527 3185 596 accrescebant,
3216 537 3271 583 et
3299 526 3458 583 nobis
3477 543 3695 600 quoque
3718 527 3863 583 simi-

2265 617 2392 674 liter
2444 619 2772 690 patientibus
2836 628 3246 687 accrescerent;
3303 621 3547 691 sequitur
3604 634 3665 677 et
3715 620 3864 678 nobis

2267 713 2595 783 patientibus
2610 713 2884 785 ingentem
2902 715 3045 769 illam
3070 714 3362 786 repositam
3386 730 3510 772 esse
3530 714 3862 782 mercedem,

2267 816 2466 861 tantam
2503 807 2713 863 scilicet
2741 817 2939 878 quanta
2966 807 3204 873 Christo,
3251 823 3348 880 pro
3385 809 3543 881 hujus
3571 810 3715 879 pacti
3740 810 3857 882 jure

2267 899 2581 965 debebatur,
2608 910 2662 955 et
2682 899 2899 971 quidem
2924 916 2989 956 ex
3022 900 3262 970 ejusdem
3300 902 3440 972 pacti
3473 902 3667 958 eodem
3700 901 3859 958 etiam

2261 990 2406 1061 jure.
2448 991 2521 1046 Ita
2572 992 2663 1047 ﬁet
2710 1002 2769 1047 ut
2821 992 3068 1047 universa
3112 992 3360 1064 baptismi
3404 992 3713 1061 beneﬁcia,
3761 1002 3864 1049 tam

2268 1086 2510 1156 negativa
2537 1125 2552 1152 ,
2592 1100 2751 1156 quam
2782 1085 2944 1141 etiam
2970 1085 3204 1157 positive
3226 1127 3241 1154 ,
3280 1084 3607 1158 martyribus
3632 1085 3867 1143 debean-

2270 1188 2375 1233 tur.

564 1644 810 1770 DE
890 1638 1435 1773 SIXTO
1501 1646 1667 1768 11.
1744 1642 2203 1772 ROM.
2275 1536 3272 1773 PONTIFICE
3338 1623 3870 1782 iXXIII.

1645 1906 2128 1991 NOTITIA
2193 1904 2877 1991 HISTORICA.

2006 2115 2483 2173 -οεῗέιοοωοοοῦ-ο-

573 2316 584 2326 ⁸
643 2302 717 2358 De
741 2301 877 2358 Sixti
903 2297 969 2353 ΙΙ
996 2297 1321 2369 pontiﬁcatus
1343 2293 1591 2348 annis.--
1616 2291 1674 2347 In
1709 2289 1967 2361 Stephani
1985 2289 2164 2345 locum
2204 2290 2255 2351 B
2290 2286 2422 2353 bus,
2468 2287 2827 2361 lacrymisque
2865 2287 2980 2345 suis
3028 2295 3425 2344 sacramentum
3467 2283 3883 2358 regenerationis

564 2399 637 2454 2i
667 2392 876 2467 augusti
896 2405 1037 2446 anno
1065 2388 1197 2455 257,
1231 2386 1416 2443 Sixtus
1440 2395 1520 2441 est
1547 2384 1850 2447 ordinatus,
1876 2398 2035 2452 quem
2068 2396 2164 2436 na-

568 2490 717 2545 tione
764 2499 1020 2558 grtccum,
1067 2491 1121 2537 et
1168 2480 1541 2535 atheniensem
1573 2475 1956 2547 philosophum
2001 2474 2167 2530 fuisse

570 2582 753 2637 ferunt
806 2590 1152 2633 romanorum
1184 2572 1497 2644 pontilicum
1527 2571 1774 2641 catalogi.
1804 2568 1947 2637 Quot
1988 2577 2168 2623 autem

566 2676 726 2730 annis
757 2671 1123 2743 pontiﬁcatum
1156 2666 1423 2733 tenuerit,
1461 2664 1674 2721 deﬁniri
1706 2664 1929 2735 nequit;
1956 2663 2008 2717 in
2036 2676 2170 2717 con-

570 2769 736 2824 traria
761 2766 902 2822 enim
933 2772 1169 2827 veteres,
1204 2760 1645 2827 reccntioresque
1677 2757 1995 2813 scinduntur
2019 2756 2174 2811 chro-

572 2859 777 2931 nologi.
805 2856 1081 2928 Siquidem
1109 2852 1374 2909 Eusebius
1414 2852 1530 2922 ipse
1554 2865 1726 2905 annos
1761 2861 1885 2904 octo
1917 2849 1968 2903 in
1997 2848 2173 2903 Chro-

572 2956 717 3019 nico,
747 2954 800 3007 in
824 2949 1057 3006 Historia
1100 2962 1232 3003 vero
1260 2962 1431 3002 annos
1463 2944 1712 3001 undecim
1754 2943 1933 2999 eidem
1965 2941 2174 2997 adscri-

574 3047 652 3104 bit
683 3044 782 3120 (Vl).
808 3044 996 3099 Cteteri
1019 3050 1238 3097 econtra
1275 3039 1587 3109 pontilicum
1617 3036 1849 3107 catalogi
1876 3036 1963 3090 vix
1993 3033 2132 3089 duos
2160 3074 2176 3099 ,

575 3146 668 3193 aut
737 3150 902 3190 unum
975 3132 1128 3189 Sixto
1156 3129 1463 3186 concedunt
1517 3127 1637 3201 (2),
1689 3142 1848 3196 quem
1907 3125 2181 3198 Cypriane

574 3239 716 3287 teste
746 3227 850 3299 ('5),
883 3242 1026 3281 anno
1050 3222 1320 3295 sequenti,
1345 3221 1612 3291 martyrio
1636 3226 1957 3275 coronatum
1991 3217 2177 3280 luisse,

571 3330 908 3392 compertum
939 3327 1023 3373 est
1048 3334 1063 3371 :
1089 3331 1280 3387 quare,
1309 3329 1431 3369 cum
1455 3311 1827 3383 pontiﬁcatum
1857 3325 1999 3364 anno
2024 3309 2131 3364 257
2163 3350 2179 3377 ,

579 3429 771 3473 mense
795 3419 1021 3483 augusto
1048 3407 1368 3478 susceperit,
1404 3420 1621 3461 menses
1637 3405 1910 3468 undecim,
1945 3402 2064 3458 dies
2084 3403 2183 3456 ali-

579 3516 710 3582 quot
740 3518 1017 3561 romanam
1040 3500 1225 3556 sedem
1250 3497 1491 3554 tennisse
1512 3496 1755 3566 sequitur
1784 3537 1798 3562 ,
1857 3503 1918 3551 ut
1937 3494 2182 3551 erudito-

579 3618 702 3660 rum
726 3597 941 3671 plurimi
972 3637 987 3656 ,
1029 3594 1210 3649 invitis
1234 3593 1397 3648 etiam
1423 3590 1736 3661 pontiﬁcum
1769 3589 2050 3660 catalogis,
2081 3588 2183 3645 de-

2288 2380 2586 2452 ﬂagitabat,
2612 2380 2891 2436 afﬁrmans
2946 2380 3323 2435 haereticorum
3351 2378 3618 2448 baptisma
3657 2392 3778 2434 cum
3806 2389 3884 2431 cc-

2283 2474 2592 2531 clesiastieo
2646 2475 2723 2529 nil
2767 2474 3062 2530 commune
3105 2472 3327 2528 habere.
3385 2471 3559 2527 Verba
3610 2479 3739 2526 sunt
3772 2469 3883 2525 Dio-

2282 2568 2421 2639 nysii
2442 2568 2523 2637 (I)
2558 2586 2571 2622 :
2600 2566 2743 2639 Opus
2780 2566 2939 2621 habeo
2958 2608 2973 2630 ,
3003 2567 3185 2637 frater,
3213 2562 3427 2643 consilio
3448 2574 3535 2619 tuo
3560 2605 3576 2629 ,
3609 2572 3660 2617 et
3689 2570 3884 2618 senten-

2283 2663 2408 2717 tiam
2438 2670 2578 2715 tuam
2600 2670 2801 2731 expeto,
2832 2676 2895 2714 ne
2917 2662 3046 2731 forte
3065 2659 3173 2726 ipse
3195 2656 3500 2712 halluciner.
3528 2656 3765 2711 Durasse
3798 2651 3884 2708 sub

2284 2752 2438 2807 Sixto
2481 2751 2737 2823 pontiﬁce
2783 2750 3207 2806 controversiam
3227 2748 3296 2805 de
3317 2747 3595 2820 baptismo
3623 2789 3638 2813 ,
3669 2746 3771 2801 sub
3796 2743 3883 2800 de-

2285 2857 2503 2899 cessore
2533 2843 2650 2914 ejus
2680 2841 2976 2912 disceptari
3007 2851 3239 2911 emptam
3261 2883 3275 2906 ,
3300 2839 3567 2911 colligunt
3592 2838 3787 2895 eruditi
3815 2834 3883 2908 (2)

2287 2952 2355 2993 ex
2399 2937 2572 2993 tribus
2620 2935 2901 3007 epistolis,
2944 2935 3013 2991 ab
3057 2934 3248 2991 eodem
3277 2934 3335 3006 S,
3361 2934 3623 3006 Dionysio
3654 2932 3875 2989 Alexan~

2285 3026 2443 3083 drino
2473 3027 2542 3083 ad
2567 3042 2692 3084 eum
2715 3027 2875 3094 datis,
2906 3041 3134 3097 quarum
3163 3025 3462 3096 fragmenta
3489 3024 3688 3080 recitat
3717 3021 3879 3077 Euse-

2289 3122 2411 3177 bius
2441 3122 2543 3194 (5).
2566 3121 2750 3192 Neque
2777 3119 2837 3176 8.
2864 3119 3020 3176 Sixto
3043 3118 3311 3189 placuisse
3337 3131 3612 3173 morosam
3640 3117 3884 3171 decesso-

2286 3216 2365 3272 ris
2409 3215 2493 3270 sui
2549 3212 2895 3285 aSpcritatem
2926 3253 2942 3279 ,
2991 3211 3284 3267 ostendunt
3333 3209 3498 3266 verba
3557 3208 3735 3265 Pontii
3779 3205 3886 3260 Dia-

2292 3308 2416 3362 coni
2445 3306 2549 3381 (Il),
2580 3306 2667 3361 cui
2699 3304 2880 3361 Sixtus
2907 3303 3058 3359 audit
3078 3301 3254 3358 Bonus
3274 3311 3321 3356 et
3341 3300 3603 3370 Paciﬁcas
3623 3296 3882 3356 Sacerdos.

2291 3399 2467 3469 Atque
2506 3395 2703 3453 exinde
2745 3396 2951 3467 colligit
2994 3394 3283 3466 perdoctus
3339 3393 3725 3449 Tillemontius
3763 3389 3871 3459 (5),

2301 3492 2617 3564 prmdictam
2650 3489 2798 3547 litem
2825 3505 2921 3546 sua
2950 3488 3251 3545 incredibili
3280 3488 3522 3554 lenitate,
3553 3495 3720 3558 atque
3744 3481 3881 3540 inde-

2298 3583 2442 3641 fesso
2490 3582 2669 3640 studio
2709 3582 3106 3638 sanctissimum
3151 3578 3457 3649 pontiﬁcem
3494 3575 3877 3649 composuisse.

585 3698 897 3747 monstrant
930 3684 1031 3757 (4).
1059 3683 1314 3739 Fortasse
1336 3681 1496 3737 etiam
1532 3681 1796 3735 Eusebius
1840 3680 1893 3734 in
1948 3680 2181 3736 Historia
2210 3684 2255 3748 C
2290 3680 2666 3751 Reliquorum,
2700 3694 2821 3751 qua:
2881 3680 2936 3734 in
2981 3679 3298 3749 pontilicatu
3353 3692 3453 3733 suo
3501 3677 3714 3748 gessit,
3780 3671 3879 3729 fere

583 3796 804 3837 menses
850 3777 1098 3833 undecim
1128 3774 1410 3847 praefuisse
1454 3774 1767 3842 scripserat,
1846 3772 1937 3842 qui
1969 3787 2185 3828 menses

581 3870 934 3945 postmodum
983 3869 1157 3924 aliena
1202 3880 1365 3920 manu
1396 3865 1449 3918 in
1479 3878 1649 3919 annos
1673 3863 1987 3919 commutati
2015 3871 2141 3919 sunt
2169 3880 2184 3929 ;

590 3979 717 4021 nam
766 3962 835 4018 ab
857 3960 1075 4017 Eusebii
1103 3958 1378 4029 diligentia
1405 3971 1630 4028 prorsus
1667 3956 1902 4011 alienum
1927 3956 2141 4012 videtur
2168 3999 2184 4023 ,

587 4068 702 4113 tam
743 4053 971 4124 turpiter
1016 4052 1069 4107 in
1111 4049 1423 4121 pontiﬁcum
1469 4049 1816 4120 ehronologia
1847 4065 2058 4105 errasse
2084 4049 2185 4122 (ὅ).

593 4151 670 4206 lis
688 4164 838 4213 vero,
879 4160 1000 4217 quae
1046 4145 1100 4199 in
1150 4144 1420 4199 Chronico
1461 4136 1748 4213 leguntur,
1784 4143 1873 4199 ubi
1907 4143 2033 4198 anni
2068 4153 2190 4199 octo

597 4241 751 4298 Sixto
773 4238 1105 4304 tribuuntur,
1136 4251 1243 4290 non
1275 4235 1644 4301 immoramur,
1675 4248 1795 4289 cum
1824 4234 2056 4290 sciamus
2084 4234 2191 4289 Eu-

598 4332 734 4391 sebii
759 4331 1065 4386 Chronicon
1097 4327 1337 4391 undique
1363 4326 1741 4395 interpolatum
1765 4340 1903 4382 esse.

672 4422 774 4480 Ubi
804 4419 1100 4477 Ecclesiam
1124 4433 1401 4474 romanam
1443 4416 1821 4473 administrare
1847 4418 2057 4473 Sixtum
2092 4434 2190 4474 au-

599 4516 771 4573 ditum
807 4511 1064 4585 Dionysio
1114 4509 1480 4565 Alexandrino
1504 4551 1519 4577 ,
1555 4510 1731 4579 ipsum
1762 4509 1892 4565 adiit
1918 4510 2143 4580 epistola
2178 4529 2191 4566 :

606 4628 627 4660 ι
662 4607 793 4675 Qum
822 4605 889 4662 de
917 4604 1186 4674 baptismo
1210 4601 1442 4658 secunda
1470 4610 1574 4668 est,
1609 4602 1661 4655 in
1692 4617 1797 4673 qua
1825 4601 2085 4673 Stephani
2117 4602 2196 4658 si-

602 4699 716 4755 mul
743 4713 805 4753 ac
834 4698 1162 4768 reliquorum
1208 4694 1583 4765 episcoporum
1613 4695 1938 4750 sententiam
1969 4710 2032 4749 ac
2054 4695 2200 4766 judi-

605 4793 749 4849 cium
774 4791 1014 4859 exponit.
1050 4807 1070 4838 ι
1117 4787 1301 4843 Virum
1317 4786 1795 4857 prudentissimum
1827 4788 2009 4855 fuisse,
2039 4787 2201 4845 docet

605 4884 778 4941 altera
796 4881 1037 4951 Dionysii
1064 4880 1311 4950 epistola,
1340 4896 1442 4950 qua
1471 4881 1604 4936 Sixti
1635 4881 1919 4936 consilium
1952 4880 2103 4951 petit,
2133 4880 2202 4937 de

609 4977 774 5041 Sene,
803 4972 894 5045 qui
938 4972 1005 5028 ab
1044 4970 1310 5027 haereticis
1348 4972 1649 5043 baptizatus
1675 4974 1997 5031 catholicum
2028 4976 2203 5045 preci-

612 5114 619 5124 '
656 5110 763 5185 ,(l)
792 5108 1016 5172 Euseb.,
1034 5105 1317 5185 iaC/troia,
1344 5125 1396 5180 p.
1429 5110 1535 5165 752
1555 5127 1568 5176 ;
1592 5108 1814 5182 Euseb.,
1836 5112 1971 5169 Hist.
1998 5115 2200 5183 eccles.,
2225 5087 2281 5147 D

612 5178 707 5241 Iib'.
746 5178 840 5249 'vn,
882 5195 1000 5250 cap.
1031 5178 1118 5235 27.

681 5254 763 5326 (Ξ)
788 5258 1033 5326 ᾼᾼηθεῳε.
1064 5250 1338 5317 Biblioth.,
1374 5263 1411 5306 t.
1442 5253 1482 5307 Ι.

606 5331 615 5367 ²
684 5322 766 5399 (ὅ)
782 5322 1074 5399 κογντὶ-ειηρ
1104 5338 1190 5399 931)-
1217 5338 1375 5399 ψίχας.

607 5399 631 5421 "
686 5392 923 5468 (“vaga
955 5396 1006 5449 in
1030 5392 1242 5468 ϐψς-τιό
1272 5394 1614 5468 annum257,
1646 5413 1799 5456 num.
1825 5400 1882 5466 9.,
1904 5400 2038 5456 etad
2070 5417 2195 5457 ann.

605 5464 925 5544 ῼέξδξρηιιὶη.
966 5470 1020 5533 5;
1066 5465 1399 5544 Tiberinum”
1430 5464 1732 5537 Méntoires,
1787 5464 1919 5527 tum.
1953 5489 2004 5527 tv
2029 5514 2043 5533 ,
2072 5484 2193 5544 pag.

610 5541 720 5596 16;
748 5536 998 5610 Contulit.
1030 5579 1044 5604 ,
1086 5533 1380 5610 Epistolar.
1412 5555 1542 5592 rom.
1606 5533 1948 5610 pontilicum,
1977 5533 2106 5597 toni.
2136 5533 2191 5607 ἶ,

608 5625 735 5679 pag.
754 5608 862 5663 9.58
883 5608 1121 5679 ;_lllansi,
1144 5609 1195 5663 in
1219 5619 1332 5664 not.
1361 5610 1427 5664 ad
1456 5608 1692 5666 Annales
1726 5614 1943 5667 Baronii
1971 5614 2035 5667 ad
2063 5629 2191 5669 ann.

608 5676 736 5743 ξω,
770 5676 1298 5752 ι)ει-ε.92;-Βνςξειιθεθ,
1328 5679 1395 5737 ad
1422 5696 1550 5737 ann.
1581 5682 1713 5751 258,
1753 5699 1899 5739 num.
1934 5683 2000 5750 6;
2036 5684 2196 5739 Pear-

605 5766 751 5813 σου..
772 5749 838 5803 ad
867 5764 991 5802 ann.
1021 5749 1148 5805 257.

612 5860 617 5863 -
686 5818 1013 5895 (5)·Ειιδθι).,
1049 5818 1187 5880 Hist.
1210 5824 1412 5892 coclea,
1443 5822 1538 5881 lib.
1572 5840 1667 5895 vn,
1695 5839 1813 5898 cap.
1844 5826 1898 5881 5.

2291 3775 2533 3831 omnium
2560 3774 2695 3829 abiit
2724 3773 3008 3829 memoria.
3034 3772 3168 3828 Illud
3195 3787 3260 3829 ex
3284 3770 3526 3827 lndiculo
3543 3764 3883 3842 depositionis

2293 3875 2589 3938 martyrum
2630 3864 2793 3920 tradit
2825 3864 3148 3920 Pearsunius
3195 3862 3314 3937 (6),
3348 3878 3470 3919 eum
3498 3862 3646 3920 Petri
3674 3873 3728 3918 et
3743 3854 3877 3916 Pauli

2291 3958 2660 4029 apostolorum
2705 3972 2935 4028 corpora
2978 3975 2997 4009 ι
3033 3956 3099 4011 ad
3126 3956 3483 4012 Catacumbas
3511 3954 3843 4011 transtulisse
3866 3988 3880 4013 ,

2294 4050 2468 4119 magis
2499 4051 2553 4104 in
2576 4049 2696 4105 dies
2725 4049 2985 4105 saeviente
3025 4048 3423 4117 persecutionis
3449 4046 3652 4104 ardore
3675 4089 3691 4116 ,
3723 4052 3780 4103 ut
3818 4038 3881 4097 ibi

2294 4144 2555 4200 stationes
2581 4144 2750 4198 tutius
2772 4142 2963 4197 haberi
2996 4151 3215 4210 possent
3243 4140 3345 4213 (7).
3369 4160 3387 4193 ι

2369 4237 2431 4293 S.
2463 4236 2645 4292 Sixtuc
2682 4234 2768 4290 Il.
2799 4235 3047 4306 martyrio
3073 4244 3348 4289 coronatur
3377 4250 3410 4289 v
3438 4235 3649 4307 augusti
3669 4232 3793 4290 258.
3819 4255 3883 4270 —--

2296 4326 2564 4383 Caeternm
2594 4326 3014 4399 prmclarissimo
3032 4327 3272 4383 omnium
3294 4325 3539 4382 facinore
3558 4323 3792 4382 nominis
3805 4318 3879 4375 sui

2297 4419 2614 4476 memoriam
2644 4418 2825 4475 Sixtus
2854 4417 3211 4486 consecravit,
3233 4418 3368 4472 inito
3397 4432 3497 4489 pro
3525 4417 3629 4474 ﬁde
3657 4408 3881 4485 martyrii

2299 4513 2612 4570 certamine.
2655 4511 2807 4567 Diem
2853 4521 2909 4567 et
2931 4510 3110 4567 locum
3139 4510 3385 4583 martyrii
3435 4509 3494 4567 8.
3513 4508 3809 4583 Cyprianus
3832 4503 3878 4558 in

2476 4692 2630 4776 Apud
2658 4693 2877 4776 Euseb.,
2912 4694 3174 4776 locojcitg,
3203 4693 3440 4776 cap._9.._
3522 4764 3557 4776 ὴ
3707 4763 3744 4776 ἢ
3823 4755 3854 4776 Α

2402 4765 2457 4836 2)
2487 4765 2822 4829 ΤὶΙΙοιηιοηῑ..
2846 4765 2952 4820 loc.
2975 4766 3093 4831 cit.,
3123 4763 3343 4822 Sandini
3373 4765 3494 4821 vita:
3518 4764 3682 4823 Rom.
3705 4763 3876 4821 Ponti-

2305 4835 2486 4891 ﬁcum.
2518 4836 2678 4901 p.47.
2701 4835 2829 4893 edit.
2856 4836 3019 4892 ἰη-ιιθ.
3134 4876 3141 4881 -

2404 4908 2460 4975 5)
2483 4908 2708 4975 Euseb.,
2737 4908 2861 4963 loco
2887 4910 3005 4974 cit.,
3036 4923 3156 4977 cap.
3179 4908 3214 4964 5
3237 4916 3293 4964 et
3319 4908 3374 4964 9.

2404 4912 2460 4975 5)
2484 4912 2708 4975 Euseb.,
2737 4912 2861 4963 loco
2887 4912 3005 4974 cit.,
3036 4923 3156 4977 cap.
3179 4912 3214 4964 5
3237 4920 3275 4964 el

2379 4912 2456 5051 ἑά)
2481 4980 2660 5046 Pont.,
2688 4982 2740 5035 iu
2775 4979 2890 5035 Vita
2916 4978 2974 5035 8.
3004 4977 3275 5051 Cypriani.

2380 5049 2460 5117 (5)
2484 5051 2817 5117 Tillemont.,
2854 5051 2957 5105 loc.
2992 5049 3081 5105 cit.

2402 5112 2459 5244 6)
2485 5123 2767 5206 Pearson.,
2798 5112 2988 5206 Annal.
3019 5120 3348 5205 Cyprianicz,
3378 5122 3445 5206 ad
3467 5139 3596 5178 ann.
3622 5120 3747 5183 258,
3762 5116 3802 5244 lg

2405 5194 2435 5244 7
2489 5192 2770 5244 Stationem
2819 5194 3111 5244 arbitratur
3146 5194 3395 5244 Petavius
3424 5210 3475 5244 Ill
3504 5200 3646 5244 notis
3669 5191 3731 5244 ad
3808 5200 3870 5244 οι-

2405 5191 2459 5255 7)
2489 5192 2770 5248 Stationem
2819 5191 3111 5249 arbitratur
3146 5194 3395 5249 Petavius
3424 5195 3475 5248 in
3504 5200 3646 5250 notis
3669 5191 3731 5248 ad
3762 5191 3874 5255 Ερε-

2306 5255 2583 5335 phanium,
2617 5281 2737 5333 pag.
2770 5265 2895 5329 ⁸556,
2932 5265 3238 5334 religiosum
3268 5264 3396 5319 illud
3423 5264 3682 5331 ofﬁcium,
3708 5255 3873 5333 quoli—

2306 5334 2457 5389 deles
2486 5336 2640 5390 statis
2666 5336 2853 5391 diebus
2879 5335 2945 5389 ad
2972 5340 3213 5408 synaxim
3241 5335 3578 5403 accedentes,
3599 5338 3664 5408 ad
3692 5339 3870 5408 nonam

2306 5419 2475 5474 usque
2501 5407 2920 5476 perseverabant
2943 5404 3117 5464 :ttirde
3152 5416 3208 5462 et
3236 5421 3333 5474 pro
3359 5407 3700 5462 multitudine
3725 5404 3826 5469 ipsa
3853 5434 3868 5458 ν

2306 5488 2681 5549 eonveptuque
2730 5493 3130 5549 nonnumquam
3176 5477 3314 5534 solet
3359 5479 3553 5548 accipi.
3607 5477 3870 5549 Stationem

2307 5547 2387 5602 Du
2433 5546 2687 5622 Congius
2734 5564 2930 5622 cauum
2956 5546 3136 5622 ,'sive
3202 5546 3527 5622 conventuin
3567 5620 3580 5622 _
3610 5546 3866 5622 ﬁdelium.

2306 5618 2536 5691 maxime
2573 5613 2695 5675 eum
2738 5620 2903 5677 fuisse
2922 5613 3083 5684 .dicit,
3124 5621 3213 5691 qui
3242 5621 3507 5676 dominica
3554 5620 3709 5677 ﬁebat
3746 5613 3868 5691 dit}:

2301 5688 2705 5760 judicatau‘tem
2736 5693 3019 5748 stationem
3050 5688 3246 5748 diciam
3281 5706 3310 5745 a
3339 5692 3648 5760 metaphora
3672 5729 3688 5755 ,
3719 5688 3867 5760 petita

2306 5758 2337 5814 a
2362 5762 2638 5833 militibus,
2663 5764 2772 5833 qui,
2803 5764 2929 5819 dum
2954 5764 3261 5833 praesidium
3280 5774 3431 5822 certo
3455 5758 3575 5821 leco
3595 5758 3865 5821 collocant:

2306 5832 2575 5889 stationem
2598 5832 2764 5907 facere
2782 5832 3051 5893 dicuntur.
