4018 6292
160 466 175 477 _
214 395 282 454 st
1473 399 1745 458 nomn
1788 401 1818 458 ll

1923 401 2173 462 FORICA.
3448 413 3520 473 82

208 512 445 587 epistola
484 514 553 573 ad
580 513 900 573 Successum
925 514 1011 572 his
1038 515 1237 572 iudicat
1265 515 1445 574 verbis
1491 536 1504 573 :
1545 538 1563 570 ι
1596 518 1810 575 Sixtum
1839 520 1890 580 A
1916 518 2191 575 Potuisset
2210 520 2427 591 quidem
2452 534 2595 578 anno
2621 522 2917 593 superiore,
2949 532 3006 580 at
3027 523 3360 597 impossibile
3382 536 3467 584 est
3496 570 3513 595 ,

213 618 395 664 autem
435 607 489 664 in
543 607 835 666 Catmetrio
892 610 1326 666 animadversum
1362 610 1543 666 sciatis
1571 654 1587 680 ,
1629 621 1820 668 octavo

214 698 405 756 iduum
433 709 779 772 angustarutn
802 700 912 768 die,
957 711 1012 759 et
1058 718 1180 758 cum
1209 717 1277 757 eo
1325 702 1605 771 Quartum.
1649 722 1667 755 ι
1693 702 1821 772 Qui-

225 793 333 850 bus
379 794 557 850 verbis
603 794 743 865 apud
795 794 1015 850 Latinos
1067 795 1325 868 qua-libet
1377 796 1624 867 punitio,
1677 795 1819 867 apud

214 884 555 944 Brissonium
584 902 715 943 vero
741 899 793 944 et
816 886 1120 953 Calvinum,
1153 889 1397 960 aliosque
1426 888 1569 944 lctus
1600 904 1821 959 percus-

213 980 301 1036 sio
323 982 479 1052 gladii
510 996 606 1037 seu
631 980 917 1037 decollatio
942 982 1329 1051 significantur.
1354 981 1429 1037 De
1445 996 1586 1036 anno
1607 996 1821 1053 quoque

213 1071 466 1144 plerique
494 1072 579 1142 (1)
605 1076 660 1126 ln
690 1074 1008 1128 sententiam
1034 1072 1178 1144 Pagii
1212 1072 1434 1141 abeunt,
1470 1073 1674 1127 scilicet
1700 1087 1821 1142 pas-

211 1177 333 1220 sum
363 1178 484 1220 esse
516 1178 660 1219 anno
691 1164 902 1220 Domini
925 1165 1055 1233 258,
1085 1165 1277 1221 eodem
1305 1175 1355 1220 et
1379 1180 1486 1236 quo
1511 1163 1569 1220 S.
1600 1162 1822 1236 Cypria-

210 1271 334 1325 nus,
384 1265 443 1312 ut
462 1255 687 1312 Pontius
714 1258 765 1312 in
812 1256 936 1312 Vita
964 1257 1240 1330 Cypriani.
1269 1256 1588 1313 Coutantius
1611 1257 1688 1331 (2)
1712 1258 1820 1313 Bu-

208 1349 455 1407 cheriani
506 1349 731 1421 catalogi
774 1350 947 1405 locum
979 1350 1225 1406 mutilum
1258 1351 1570 1417 restituens,
1598 1358 1818 1407 senten-

211 1447 347 1502 tiam
396 1444 542 1516 Pagii
584 1445 888 1500 conﬁrmat.
923 1445 1288 1501 Bucberianus
1330 1446 1476 1501 enim
1533 1444 1819 1516 Catalogus

210 1535 379 1594 habet
405 1552 419 1592 :
454 1555 474 1588 ι
512 1536 708 1592 Passus
735 1546 817 1592 est
843 1522 1073 1610 (Sixtus)
1100 1552 1197 1591 Vllt
1239 1536 1357 1593 idus
1388 1539 1597 1609 augusﬁ
1624 1553 1654 1592 a
1682 1552 1817 1593 con-

209 1632 388 1687 sulatu
412 1630 574 1687 Tusci
620 1640 675 1687 et
721 1631 869 1686 Bassi
900 1647 1067 1702 usque
1091 1631 1144 1685 in
1168 1631 1257 1687 die
1302 1646 1376 1687 xu
1419 1631 1529 1686 kal.
1576 1631 1813 1702 augusti,

209 1722 513 1781 Emiliano
537 1734 593 1781 et
621 1725 789 1781 Basso
814 1724 971 1780 Coss.
1000 1744 1020 1778 ι
1066 1724 1134 1781 Ut
1167 1725 1403 1781 tenebrae
1433 1725 1501 1781 ab
1556 1725 1657 1781 hoc
1700 1724 1820 1781 loco

209 1818 593 1889 dispellantur,
616 1833 684 1875 ex
713 1818 905 1875 codice
933 1817 1264 1886 Fossatensi,
1296 1828 1421 1874 ante
1450 1818 1612 1873 verba
1633 1833 1663 1873 a
1685 1832 1813 1875 con-

1921 610 2137 667 dedisse
2177 611 2242 667 ad
2284 611 2552 684 Hispanus
2590 614 2887 685 Epistulam
2917 614 3042 672 Julii
3076 616 3167 683 16,
3194 633 3339 673 anno
3364 618 3470 674 2ὸῖ
3501 662 3517 687 ,

1922 721 2031 775 quo
2075 705 2448 775 pontiﬁcatum
2495 708 2732 763 nondum
2776 710 2990 764 inierat.
3024 710 3227 767 Deinde
3252 726 3372 767 cum
3404 721 3519 767 toto

1923 795 2060 852 Sixti
2109 798 2421 869 episcopatu
2459 801 2772 870 gravissima
2818 802 3119 870 persecutio
3165 817 3403 858 romana:
3435 804 3519 860 in-

1923 891 2169 946 cubuerit
2196 891 2487 958 Ecclesiae,
2528 902 2615 948 est
2668 892 2824 964 longe
2881 893 3347 961 absurdissimum,
3397 897 3515 967 epi-

1922 983 2090 1037 stolas
2142 982 2260 1053 ejus
2306 984 2512 1040 tenoris
2565 983 2774 1039 Sixtum
2821 984 3160 1049 condidisse,
3216 987 3268 1040 in
3317 987 3514 1057 quibus

1924 1076 2071 1133 nulla
2115 1076 2420 1133 alﬁictionis
2466 1078 2722 1136 Ecclesia:
2773 1081 2974 1137 mentio
3028 1082 3168 1136 nulla
3210 1082 3277 1138 ad
3330 1097 3522 1139 cruces

1925 1170 2146 1239 patienti
2181 1171 2362 1225 animo
2392 1169 2607 1227 ferenda
2663 1174 2954 1245 instigatio.
2976 1173 3145 1229 Priori
3172 1174 3397 1245 epistola
3421 1175 3521 1230 im-

1925 1273 2109 1333 postor
2129 1265 2376 1335 paginam
2406 1266 2630 1322 includit
2660 1267 2921 1339 integram
2952 1282 3017 1323 ex
3048 1268 3225 1325 ldacio
3241 1268 3400 1325 Claro
3424 1270 3520 1325 ad-

1923 1375 2110 1416 versus
2151 1360 2491 1417 Varimadum
2523 1362 2763 1432 petitam.
2812 1361 3177 1433 Componatur
3225 1378 3346 1419 cum
3387 1378 3514 1435 pag.

1924 1452 2029 1509 730
2108 1452 2361 1509 Biblioth.
2415 1454 2633 1510 maxim.
2668 1464 2928 1525 patrum,
2975 1465 3105 1510 tom.
3148 1472 3199 1508 v.
3250 1456 3527 1510 Posterior

1927 1559 2059 1600 vero
2098 1545 2560 1618 quinquagesima:
2589 1556 2794 1616 quarta:
2822 1544 3021 1600 Leonis
3050 1545 3221 1616 Magni
3267 1545 3521 1616 Epistulw

1923 1636 2212 1693 suﬁ‘uratur
2271 1637 2480 1692 initium
2530 1656 2544 1693 :
2577 1657 2595 1690 ι
2629 1638 2820 1709 Magno
2883 1654 3105 1694 munere
3137 1638 3520 1695 misericordia:

1924 1728 2059 1796 Dei,
2117 1731 2283 1785 totius
2345 1728 2604 1787 Ecclesia:
2647 1730 2927 1787 catholica:
2987 1731 3337 1801 multiplicata
3399 1742 3525 1786 sunt

1922 1822 2138 1895 gaudia.
2175 1842 2195 1876 ι

213 1910 394 1966 sulatu
432 1908 596 1967 Tusci
633 1919 690 1967 et
716 1911 889 1978 Bassi,
923 1911 1281 1983 supplendum
1320 1920 1503 1968 monet
1538 1931 1551 1967 :
1581 1911 1811 1985 Presby-
1839 1920 1887 1980 Β
1986 1913 2068 1969 De
2116 1913 2271 1985 Χειδιὶ
2298 1915 2597 1982 sententiis;
2627 1932 2749 1970 num
2773 1915 2873 1971 sint
2915 1932 3065 1987 papa:
3104 1915 3261 1970 Sixti.
3292 1915 3525 1985 —-Qua-

211 2001 320 2059 teri
343 2000 707 2075 prazt‘uerunt;
738 2004 892 2074 cujus
916 2004 1276 2075 supplementi
1302 2019 1404 2074 ope
1428 2004 1811 2074 comperimus,

209 2096 419 2152 clerum
449 2110 732 2151 romanum
760 2111 789 2150 a
818 2110 1004 2152 mense
1051 2107 1279 2168 augusto
1308 2099 1433 2151 anui
1464 2095 1572 2152 258
1598 2139 1613 2164 ,
1648 2111 1818 2167 usque

211 2187 284 2245 ad
333 2203 423 2244 xxt
452 2187 579 2245 Julii
605 2191 730 2245 anui
755 2188 863 2246 259
887 2234 902 2259 ,
934 2204 1041 2260 quo
1066 2190 1399 2246 consulatum
1438 2193 1699 2259 gerebant
1720 2189 1818 2246 1E-

212 2281 467 2337 ntiliauus
515 2291 571 2337 et
618 2282 819 2338 Bassus
848 2326 863 2349 ,
906 2282 1201 2338 Romanam
1230 2282 1525 2338 Ecclesium
1556 2284 1817 2340 adminis-

215 2382 411 2428 trasse.
449 2372 586 2428 Hinc
626 2374 719 2429 lux
767 2373 998 2430 aﬁ‘ertur
1025 2373 1295 2445 CatalOgis
1315 2373 1629 2431 Corbeiensi
1656 2386 1818 2447 atque

213 2462 550 2534 Fossatensi,
581 2467 633 2521 in
661 2467 856 2538 quibus
883 2466 1035 2524 Sixto
1065 2466 1313 2523 tribuitur
1336 2482 1509 2523 annus
1539 2484 1575 2531 ι,
1603 2483 1819 2524 menses

210 2572 272 2624 χ,
306 2557 420 2613 dies
446 2572 580 2613 χχιιι
605 2567 697 2614 aut
721 2575 851 2613 xxiv
879 2601 894 2625 ,
925 2558 1104 2616 habita
1135 2560 1361 2614 fortasse
1387 2559 1596 2615 ratione
1622 2574 1651 2613 a
1683 2558 1817 2616 Sixti

210 2647 559 2707 ordinatione
573 2650 640 2706 ad
658 2651 778 2721 ejus
800 2654 1129 2708 successoris
1145 2652 1383 2723 Dionysii
1406 2650 1816 2708 electionem.ln

209 2741 530 2799 Fossatensi
571 2754 626 2800 et
664 2743 864 2816 regina:
910 2746 1205 2801 Suecorum
1237 2745 1489 2816 Catalogo
1530 2747 1670 2815 apud
1697 2745 1819 2801 Βοια-

217 2837 442 2892 landum
484 2852 730 2894 cessasse
770 2838 964 2893 dicitur
992 2836 1333 2909 pontiﬁcatus
1364 2853 1533 2892 annos
1553 2839 1711 2907 duos,
1740 2838 1820 2893 iu-

209 2928 396 3001 tellige
442 2939 651 3000 partem
696 2929 823 2984 anni
851 2930 981 2997 258,
1026 2940 1079 2985 et
1110 2930 1268 2985 aliam
1315 2930 1647 3000 insequentis
1691 2931 1817 2986 anni

206 3034 442 3094 partem.
490 3023 548 3078 In
596 3022 736 3078 libro
786 3022 1088 3077 Pontiﬁcali
1119 3064 1134 3086 ,
1168 3022 1255 3075 ubi
1300 3021 1366 3076 de
1396 3025 1557 3076 annis
1585 3022 1730 3077 sedis
1755 3021 1814 3078 S.

205 3116 346 3173 Sixti
401 3116 612 3187 agitur.
644 3117 778 3171 mira
808 3116 1098 3171 oscitantia
1127 3114 1398 3185 detegitur
1425 3156 1440 3180 ,
1481 3124 1537 3169 ut
1568 3114 1820 3171 observat

207 3209 464 3265 laudatus
489 3207 833 3267 Contanlius.

1920 2007 2221 2078 dringentac
2272 2017 2328 2063 et
2372 2008 2590 2079 triginta
2646 2008 2933 2065 sententia:
2975 2018 3101 2063 sunt
3146 2008 3282 2069 Sixti
3323 2008 3523 2064 ethnici

1923 2100 2251 2173 philosophi,
2274 2117 2393 2173 qua:
2421 2104 2472 2156 in
2498 2102 2748 2157 Latinum
2777 2117 2809 2157 a
2836 2102 3032 2158 Ruﬁno
3059 2102 3355 2170 translatae,
3386 2118 3523 2158 non-

1920 2208 2212 2263 numquam
2245 2191 2399 2248 Sixlo
2426 2194 2585 2265 Papae
2613 2193 2900 2265 adscripta:
2926 2194 3161 2249 luerunt.
3194 2193 3367 2262 Quem
3396 2209 3519 2251 cum

1919 2287 2257 2357 AuguStinus
2284 2297 2520 2342 errasset
2566 2302 2828 2351 errorem,
2876 2288 3017 2343 libro
3045 2288 3283 2345 secundo
3313 2287 3527 2342 Retrac-

1922 2379 2191 2444 tationum,
2226 2394 2346 2448 cap.
2380 2378 2468 2447 42,
2500 2378 2620 2434 haec
2650 2378 2855 2435 chartis
2883 2380 3157 2435 mandavit
3190 2397 3203 2434 :
3244 2398 3262 2432 ι
3297 2378 3355 2435 In
3388 2380 3525 2435 libro

1920 2471 1989 2527 de
2011 2481 2197 2527 natura
2228 2481 2282 2528 et
2305 2473 2475 2544 gratia
2501 2514 2515 2539 ,
2548 2473 2712 2529 verba
2744 2473 2991 2545 qumdam
3021 2516 3036 2542 ,
3068 2490 3188 2546 quae
3216 2475 3362 2530 velut
3382 2473 3521 2530 Sixti

1921 2562 2149 2618 Romani
2174 2564 2442 2635 pontilicis
2464 2573 2519 2619 et
2541 2566 2792 2636 martyris
2815 2564 3066 2635 Pelagius
3091 2566 3289 2634 posuit,
3319 2566 3390 2621 ita
3418 2564 3518 2620 dc-

1922 2656 2091 2723 l‘endi,
2131 2667 2381 2729 tanquam
2414 2673 2602 2714 revera
2633 2658 2874 2729 ejusdem
2902 2658 3037 2715 Sixti
3063 2667 3275 2724 essent;
3308 2658 3357 2713 id
3376 2658 3520 2715 enim

1921 2756 2258 2818 putaveram,
2292 2747 2385 2803 sed
2418 2756 2603 2819 postea
2634 2749 2737 2819 legi
2766 2748 2919 2821 Xysti
2946 2748 3251 2819 pltilOSOplli
3281 2763 3425 2814 esse,
3458 2758 3516 2803 et

1923 2856 2029 2895 non
2062 2840 2197 2895 Sixti
2230 2838 2533 2895 christiani.
2575 2858 2594 2890 ι
2643 2840 3010 2895 Christianum
3042 2856 3173 2896 sane
3211 2857 3316 2895 non
3361 2849 3522 2896 sonat

1921 2934 2187 2990 sententia
2232 2932 2339 2987 120
2367 2954 2380 2989 :
2413 2951 2431 2983 ι
2464 2932 2579 2988 Non
2611 2944 2763 3003 petas
2790 2948 2821 2987 a
2852 2933 2961 2987 Deo
2998 2933 3070 2998 id,
3101 2934 3240 3004 quod
3264 2949 3384 2988 cum
3419 2932 3517 2987 ha-

1922 3024 2123 3089 bueris,
2154 3039 2259 3079 non
2294 3035 2555 3093 perpetuo
2580 3024 2868 3079 obtinebis.
2909 3042 2927 3075 ι
2960 3023 3073 3078 Non
3106 3025 3267 3095 igitur
3296 3033 3388 3080 aut
3410 3038 3517 3095 pax

1922 3116 2108 3179 animi,
2139 3124 2233 3169 aut
2253 3114 2610 3185 tranquillitas
2625 3114 2904 3180 Ecclesiae,
2938 3115 3290 3184 autcorporis
3310 3116 3512 3170 sanitas

1922 3219 2067 3264 esset
2096 3208 2344 3278 precibus
2392 3206 2745 3275 impetranda.
2790 3207 3061 3262 Abhorret
3099 3217 3154 3262 et
3184 3224 3212 3261 a
3255 3208 3362 3263 ﬁde
3392 3222 3519 3263 sen-

282 3303 540 3360 Geminas
606 3302 759 3358 Sixto
806 3318 843 3357 ιι
898 3301 1156 3373 epistolas
1212 3300 1451 3355 Isidorus
1535 3299 1811 3355 adscribit.
1843 3312 1889 3375 ρ
1925 3302 2088 3355 tentia
2142 3299 2246 3355 125
2280 3318 2292 3354 :
2328 3318 2347 3352 ι
2385 3298 2652 3370 Quidquid
2684 3315 2789 3354 non
2826 3300 3081 3354 convenit
3126 3299 3190 3354 ad
3228 3299 3521 3355 beatitudi-

206 3395 372 3454 Prior
398 3395 468 3450 ad
493 3393 719 3451 Gratum
745 3394 1033 3465 quemdam
1062 3394 1378 3463 episcopum
1407 3434 1422 3459 ,
1468 3407 1629 3463 quam
1658 3406 1819 3447 occa-

208 3487 372 3543 sione
407 3486 650 3554 Sabellii,
695 3486 871 3553 Noeti,
916 3485 1160 3553 Ebionis,
1194 3495 1247 3540 et
1284 3482 1527 3541 Cerinthi
1564 3484 1819 3554 scriptam

204 3581 492 3639 contendit
528 3580 775 3636 Binnius.
828 3580 1078 3635 Ostendit
1130 3592 1310 3635 autem
1359 3578 1622 3649 epistola,
1654 3577 1820 3633 licere

210 3674 487 3730 damnatis
517 3673 788 3744 episcopis
834 3672 985 3727 adire
1028 3672 1209 3727 sedem
1261 3670 1643 3741 apostolicam;
1695 3668 1820 3724 data

208 3776 301 3825 est
354 3765 465 3823 kal.
517 3765 842 3837 septembris
890 3765 1173 3820 Valeriano
1220 3774 1273 3821 et
1326 3764 1489 3820 Decio
1520 3764 1646 3819 viris
1682 3763 1816 3817 clar.

209 3873 359 3915 coss.
396 3858 668 3914 Posterior
703 3859 866 3914 missa
907 3869 990 3914 est
1018 3859 1285 3929 episcopis
1310 3873 1407 3928 per
1438 3857 1816 3928 lliSpaniarum

210 3952 522 4024 provincias
567 3952 898 4007 constitutis.
948 3953 1003 4007 Itt
1044 3967 1107 4006 ea
1157 3962 1334 4006 autem
1374 3953 1547 4021 capita
1580 3950 1817 4020 quinque

209 4043 581 4101 continentur.
610 4043 853 4098 Primum
871 4085 885 4108 ,
918 4043 961 4097 si
996 4044 1117 4111 quis
1137 4042 1402 4098 adversus
1424 4044 1707 4111 episcopos
1734 4040 1816 4095 vei

208 4147 431 4192 actores
468 4135 725 4190 Ecclesia:
758 4149 976 4189 causam
1003 4133 1272 4197 habuerit,
1314 4134 1405 4204 qui
1425 4148 1485 4189 se
1510 4132 1698 4204 geret?
1721 4130 1817 4187 Se-

209 4229 451 4285 cundum
477 4270 492 4295 ,
547 4228 615 4285 de
653 4229 920 4300 episcopis
958 4228 1120 4283 rebus
1142 4228 1450 4297 expoliatis,
1512 4238 1654 4281 nuta
1680 4226 1811 4281 sede

210 4321 414 4394 pulsis.
444 4319 684 4376 Tertium
710 4364 726 4387 ,
771 4329 827 4375 ut
868 4320 1045 4376 nullus
1075 4320 1358 4392 episcopus
1395 4320 1619 4374 alterius
1657 4333 1815 4389 paro-

213 4412 475 4468 chianum
506 4413 755 4478 retineat,
784 4412 999 4468 ordinet
1029 4452 1045 4478 ,
1075 4414 1159 4467 vel
1182 4411 1406 4483 judicet.
1439 4412 1721 4479 Quartum,
1750 4410 1816 4465 de

213 4503 495 4576 episcopis
522 4503 719 4573 injuste
747 4503 1014 4560 damnatis
1039 4544 1054 4571 ,
1094 4514 1148 4559 et
1182 4504 1473 4574 apostolica
1500 4502 1818 4559 auctoritate

212 4597 503 4653 restitutis.
531 4596 785 4664 Quintum
814 4638 828 4663 ,
876 4597 1018 4668 quod
1051 4596 1498 4651 excommunicati
1531 4596 1816 4665 episcopos

1925 3410 2046 3449 nem
2080 3394 2198 3461 Dei,
2232 3407 2336 3448 non
2367 3394 2656 3449 conveniat
2706 3393 2908 3448 homini
2961 3393 3076 3449 Dei.
3110 3414 3129 3446 ι
3189 3392 3305 3449 Non
3356 3394 3520 3464 igitur

1925 3487 2250 3543 resurrectio
2279 3486 2523 3557 corporis
2550 3500 2675 3556 pars
2700 3487 2804 3542 erit
2842 3484 3112 3543 felicitatis
3155 3498 3464 3543 sanctorum
3501 3532 3515 3555 ,

1923 3589 2109 3651 utputc
2134 3596 2253 3651 quae
2280 3580 2468 3651 gloria:
2499 3580 2594 3635 Dei
2626 3579 2942 3634 immortalis
2963 3590 3180 3652 pugnet.
3228 3580 3411 3652 Neque
3436 3596 3522 3636 sa-

1924 3674 1993 3729 tis
2019 3673 2104 3744 pia
2146 3673 2262 3727 lucc
2289 3680 2374 3728 est
2400 3670 2664 3728 sententia
2695 3673 2798 3727 184
2845 3691 2858 3727 :
2892 3671 3149 3743 Derogare
3178 3673 3283 3727 viro
3308 3674 3524 3743 sapienti

1922 3780 1984 3817 ac
2041 3762 2168 3827 Deo,
2230 3763 2428 3832 wquale
2476 3763 2649 3817 ducito
2699 3775 2983 3834 peccatum.
3028 3764 3163 3820 Cttm
3202 3765 3523 3836 splendente

1924 3858 2046 3913 fuco
2077 3856 2301 3912 Ruﬁnus
2346 3856 2505 3929 Xysti
2547 3856 2855 3927 pbiIOSOplti
2884 3857 3167 3914 sententiis
3199 3858 3334 3914 Sixti
3367 3874 3518 3930 papae

1924 3950 2175 4021 martyris
2215 3963 2412 4004 nomen
2475 3949 2861 4019 imposuisset,
2916 3950 3138 4004 meritas
3190 3950 3522 4022 llierouymo

1921 4055 2111 4114 poenas
2142 4039 2310 4095 dedit.
2340 4040 2454 4107 Qua
2484 4039 2551 4095 de
2598 4055 2657 4095 re
2707 4039 2929 4111 insignis
2971 4049 3053 4105 est
3083 4040 3232 4096 locus
3262 4041 3312 4095 in
3361 4040 3520 4112 Epis-

1923 4135 2028 4193 tola
2078 4132 2336 4187 adversus
2387 4130 2665 4203 Pelagium
2699 4131 2763 4185 ad
2790 4130 3195 4201 Ctesiphontem
3232 4130 3310 4202 (1)
3349 4149 3362 4185 :
3396 4150 3417 4182 ί
3454 4130 3522 4185 11-

1923 4223 2027 4280 iam
2057 4234 2238 4277 autem
2286 4223 2642 4278 temeritatem
2662 4263 2678 4288 ,
2732 4222 2840 4277 imo
2867 4223 3126 4277 insaniam
3154 4222 3270 4292 ejus
3292 4221 3519 4294 (Ruﬁni)

1921 4319 2041 4387 quis
2088 4316 2250 4387 digno
2292 4318 2463 4388 possit
2513 4317 2787 4387 explicare
2818 4332 3068 4371 sermone
3094 4358 3109 4382 ,
3150 4317 3291 4388 qttod
3323 4316 3519 4372 librum

1920 4408 2074 4476 Xysti
2115 4408 2469 4480 pythagorei,
2526 4408 2759 4463 hominis
2807 4409 3009 4478 absque
3059 4406 3314 4473 Christo,
3361 4418 3521 4479 atque

1920 4500 2143 4567 ethnici,
2168 4500 2449 4557 immutate
2480 4501 2718 4565 nomine,
2753 4500 2887 4556 Sixti
2930 4500 3179 4572 martyris
3208 4543 3223 4566 ,
3258 4509 3313 4555 et
3339 4513 3517 4554 roma-

1923 4611 2003 4649 uin
2047 4594 2305 4650 Ecclesiae
2349 4593 2590 4665 episcopi
2646 4594 3004 4665 praenotavit?
3050 4594 3107 4647 In
3162 4608 3300 4663 quo,
3353 4591 3509 4662 juxta

211 4702 479 4744 accusare
508 4701 616 4741 nou
632 4697 876 4758 possunt.
909 4689 1038 4743 Data
1070 4696 1155 4742 est
1178 4703 1285 4742 xvn
1298 4685 1559 4742 kalendas
1582 4686 1813 4755 augusti,
1842 4706 1896 4767 1)
1922 4687 2116 4759 dogma
2139 4687 2631 4759 pythagoricorum,
2652 4687 2742 4757 qui
2774 4685 3045 4740 hominem
3074 4692 3359 4754 exaequant
3387 4684 3518 4751 Deo,

212 4779 511 4837 Valeriano
541 4789 595 4835 et
629 4779 790 4835 Decio
817 4780 945 4834 viris
971 4781 1181 4835 clariss.
1214 4794 1355 4835 coss.
1388 4777 1553 4834 Nobis
1582 4778 1633 4831 iu
1660 4777 1820 4832 silen-

215 4875 354 4929 tium
401 4872 856 4929 descendentibus
882 4914 897 4938 ,
924 4872 1104 4943 quivis
1134 4873 1228 4926 has
1270 4871 1423 4926 Sixto
1451 4870 1706 4939 epistolas
1735 4868 1820 4925 de-

216 4968 439 5025 trahere
460 4976 540 5025 est
567 4968 812 5023 idoneus.
847 4968 1082 5022 Primum
1111 4965 1393 5021 falsissitua
1416 4975 1499 5020 est
1534 4965 1818 5020 consulum

215 5061 521 5117 annotatio.
557 5060 843 5119 Valeriano
874 5075 979 5114 non
1011 5059 1203 5114 Decius
1226 5102 1239 5124 ,
1283 5059 1377 5113 sed
1406 5057 1683 5114 Gallienus
1708 5058 1823 5113 col-

215 5157 343 5226 lega
371 5152 467 5209 fuit
498 5155 550 5209 in
582 5154 889 5221 consulatu,
920 5152 1144 5208 sedente
1172 5152 1341 5206 Sixto.
1375 5150 1599 5221 Insuper
1627 5149 1821 5205 eodem

216 5261 369 5302 anno
426 5247 657 5315 scriptas
718 5259 839 5300 esse
896 5242 1195 5299 decretales
1240 5242 1475 5297 ostendit
1520 5241 1818 5311 inscriptio.

218 5341 384 5396 Anno
425 5352 555 5393 vero
578 5336 711 5405 258,
735 5337 919 5393 Sixtus
948 5334 1038 5407 qui
1069 5343 1225 5390 sexto
1247 5334 1458 5405 augusti
1487 5347 1673 5404 passus
1695 5342 1777 5388 est
1804 5374 1819 5398 ,

217 5429 473 5486 kalendis
502 5429 825 5501 septembris
855 5428 922 5484 ad
982 5427 1202 5484 Gratum
1243 5427 1481 5482 scribere
1499 5441 1604 5481 non
1626 5424 1819 5496 potuit.

297 5634 380 5711 (1)
411 5634 711 5711 Bianehini,
742 5632 799 5711 in
816 5630 1087 5711 Anastasio
1112 5671 1126 5691 ,
1155 5634 1210 5711 et
1246 5626 1501 5711 dominus
1525 5626 1575 5683 le
1595 5624 1742 5711 Petti
1764 5625 1817 5711 in

224 5696 463 5763 Historia
494 5696 739 5761 Ecclesia:
766 5701 1219 5763 Antisiodorenst's,
1250 5699 1565 5763 martyrium
1594 5698 1653 5753 S.
1684 5696 1818 5751 Sixti

220 5780 271 5837 ιι
297 5779 652 5858 annonserius
676 5774 933 5858 adﬁgunt,
951 5786 1159 5858 .nempe
1184 5785 1325 5828 anno

299 5850 383 5922 (2)
424 5847 678 5922 Coutant.
698 5838 1044 5922 ,_Epistolar.
1074 5838 1276 5899 r'oman.
1303 5841 1556 5915 ponti/ia,
1591 5850 1723 5896 tom.
1754 5838 1773 5893 1
1801 5878 1818 5907 ,

226 5917 352 5995 pag.
367 5917 506 5985 158,
538 5933 685 5974 num.
713 5917 772 5972 4.

1924 4788 1980 4836 et
2001 4779 2069 4834 de
2112 4779 2231 4849 ejus
2260 4778 2448 4834 dicunt
2469 4792 2592 4832 esse
2620 4776 2963 4839 substantiae,
3010 4774 3175 4829 multa
3209 4773 3276 4830 de
3306 4772 3519 4845 perfec-

1925 4873 2069 4927 tione
2106 4871 2377 4937 dicuntur,
2398 4880 2455 4924 ut
2480 4871 2568 4940 qui
2593 4868 2847 4923 volumen
2881 4866 3187 4938 philosophi
3218 4867 3467 4923 nesciunt
3502 4910 3519 4932 ,

1924 4964 2025 5018 sub
2053 4963 2303 5035 martyris
2331 4962 2550 5016 nomine
2580 4961 2763 5015 bibant
2799 4960 2864 5015 de
2898 4974 3064 5016 aureo
3094 4959 3260 5015 calice
3285 4958 3518 5030 Babylo-

1926 5054 2030 5109 nis.
2066 5054 2307 5124 Denique
2343 5053 2396 5107 iu
2434 5052 2553 5123 ipso
2579 5052 2851 5107 volumine
2894 5052 3039 5106 nulla
3089 5050 3470 5122 prophetarum
3499 5090 3517 5115 ,

1927 5147 2070 5203 nulla
2129 5146 2601 5218 patriarcharum,
2676 5144 2821 5200 nulla
2893 5144 3300 5215 apostolorum,
3372 5138 3517 5193 nulla

1925 5240 2127 5295 Christi
2159 5241 2217 5294 ﬁt
2244 5240 2448 5296 mentio
2478 5281 2494 5307 ,
2544 5248 2603 5294 ut
2622 5242 2934 5310 episcopum
2986 5246 3042 5293 et
3086 5247 3373 5307 martyrem
3402 5233 3521 5289 sine

1924 5333 2123 5389 Christi
2157 5333 2263 5389 ﬁde
2303 5334 2470 5389 fuisse
2493 5333 2800 5390 contendat.
2839 5351 2857 5385 ι
2916 5330 3276 5403 Inspiciantur
3302 5337 3523 5382 senten-

1928 5427 2037 5490 tiae,
2070 5436 2124 5481 et
2170 5427 2296 5492 218,
2327 5440 2683 5499 quampurum
2729 5432 3029 5495 putumque
3080 5419 3521 5489 pelagianismum

1928 5521 2058 5586 olet,
2076 5519 2273 5584 θι265,
2304 5535 2425 5592 quae
2448 5518 2655 5575 facinus
2676 5519 2874 5591 probat
2902 5513 3175 5584 Origenis,
3207 5513 3384 5568 virilia
3410 5529 3528 5570 am-

1929 5614 2164 5686 putantis
2197 5612 2567 5684 temperantia:
2611 5625 2794 5667 causa.
2833 5636 2903 5650 ——
2947 5605 3194 5664 Gelasius
3231 5605 3376 5679 Papa
3406 5605 3510 5663 hoc

2512 5768 2526 5784 Ὦ

2005 5771 2082 5845 (1)
2110 5772 2444 5843 llieronym.,
2479 5768 2647 5891 Egi“.
2672 5766 2740 5849 at!
2766 5763 3136 5848 Ctesiphontem
3160 5778 3349 5830 χχχιιι,
3378 5779 3496 5833 pag.

2007 5845 2061 5891 6.
2090 5852 2222 5891 tom-
2253 5858 2326 5891 iv.
2359 5841 2488 5891 edit.
2564 5837 2847 5891 eucdtettn.
2876 5877 2891 5891 .
2931 5845 2983 5891 ct
3013 5851 3066 5891 tn
3096 5843 3254 5891 caput
3275 5850 3381 5890 xm
3408 5834 3496 5891 Je-

1932 5834 2222 5905 "6.10m.
2253 5834 2328 5907 ινζ
2359 5841 2488 5894 edit.
2522 5834 2847 5893 Benedictio.
2876 5877 2891 5904 ,
2931 5845 2983 5892 ct
3012 5835 3066 5892 in
3096 5843 3254 5905 caput
3275 5850 3381 5890 mi
3408 5834 3502 5892 Jc-

1927 5929 2085 5978 rcm.,
2114 5925 2167 5971 et
2188 5927 2321 5969 xvut
2350 5909 2616 5967 Ezechiel.
