3970 6314
550 410 623 467 85
1950 401 2134 461 SIXTI
2167 398 2371 462 ΡΑΡᾸΕ
2401 402 2445 459 II
3780 402 3843 462 84

552 540 693 599 opus
713 524 848 583 falso
868 524 928 582 S.
953 523 1107 582 Sixto
1133 536 1286 594 papae
1316 535 1381 577 ac
1409 521 1635 593 martyri
1675 519 1988 577 attributum
2016 520 2158 576 inter
2182 525 2234 586 Α
2261 518 2589 592 mythologis
2616 559 2631 587 ,
2663 518 2903 593 physicis
2931 527 2988 577 et
3009 514 3304 577 moralibus
3333 516 3563 577 Thomas
3595 517 3743 588 Gale,
3764 518 3843 578 Li-

553 618 865 690 apocrypha
895 614 1177 672 collocavit
1211 611 1311 688 (l),
1340 615 1420 670 vel
1446 628 1584 684 opus
1614 613 1683 669 ab
1708 613 1977 670 haereticis
2000 629 2150 669 com-

547 714 807 785 positum.
851 710 1138 780 Impresstc
1170 709 1385 764 luerunt
1420 708 1504 761 ha:
1552 708 1689 764 Sixti
1734 708 1788 764 in
1820 707 2150 765 Bibliotheca:

547 815 751 878 patrum
779 812 925 860 tomo
951 819 1032 868 ιιι,
1064 812 1118 859 et
1147 803 1435 874 separatim
1467 816 1588 857 cum
1614 801 1933 874 praefatione
1968 804 2148 859 Ruﬁni

545 899 616 956 ad
643 899 1037 970 Apronianum,
1068 896 1316 963 Basilem,
1345 895 1518 962 4520;
1546 894 1806 965 Colonias,
1833 895 2009 962 1522;
2042 895 2149 951 Lo-

550 994 747 1061 vanii,
799 992 978 1059 1618;
1025 989 1447 1060 Amstelodami,
1506 989 1688 1058 1688;
1742 991 1794 1046 in
1863 990 2149 1062 Opusculis

540 1178 543 1181 ν
609 1131 691 1206 (1)
713 1131 868 1203 Apud
895 1130 1087 1199 Mansi,
1118 1139 1249 1186 tom.
1273 1144 1369 1185 vnt
1394 1127 1619 1195 Concil.,
1646 1143 1699 1200 p.
1734 1128 1859 1185 151.
1954 1176 1959 1181 .

2252 614 2384 686 psia:
2407 655 2423 681 ,
2457 612 2622 681 in-4°,
2676 614 2817 669 1725
2844 656 2858 681 ,
2889 629 2985 685 per
3017 612 3297 669 Sieberum
3326 610 3680 670 Alemannum
3707 655 3722 680 ,
3762 616 3846 684 qui

2254 708 2418 762 etiam
2439 706 2724 777 prmtendit
2749 706 2848 762 has
2870 706 3167 762 sententias
3195 720 3379 762 revera
3403 720 3525 762 esse
3542 703 3674 761 Sixti
3699 714 3840 776 papae

2252 809 2307 857 et
2329 803 2601 872 martyris.
2636 802 2750 856 Duo
2779 801 2940 857 etiam
2972 816 3209 857 canones
3262 799 3363 857 sub
3390 799 3535 858 Sixti
3566 796 3607 854 ll
3642 800 3849 856 nomine

2251 915 2281 953 a
2310 897 2586 954 Gratiatuo
2617 911 2846 953 errouee
2873 895 3108 952 citantur
3129 895 3234 969 (2).

2426 1056 2635 1113 Decrct.
2672 1054 2989 1125 Gratianiﬂ
3015 1055 3312 1124 Qurestion.
3336 1071 3386 1112 c.
3410 1055 3465 1122 6,
3496 1055 3615 1113 et5.
3641 1054 3839 1125 Quaest.

2257 1143 2307 1184 ο.
2338 1143 2425 1184 11.

555 1308 3853 1343 W

691 1531 1143 1661 SIXTI
1240 1524 1775 1660 PAPZE
1840 1530 1958 1655 ΙΙ
2029 1526 2963 1659 ΕΡΙΞΤΟΙΛἘ
3027 1527 3684 1663 DUBIZE.

2049 1779 2536 1863 *νοοῦσα*-

1045 1966 1385 2025 EPISTOLA
1420 1967 1656 2025 PRIMA.

858 2119 926 2159 AD
966 2118 1182 2160 GRA'I‘UI
1221 2118 1477 2168 QUEIDAK
1509 2118 1823 2161 EPISCOPUII.

547 2238 727 2295 Licere
760 2238 1011 2294 accusatis
1037 2239 1116 2293 vel
1142 2238 1400 2293 damnatis
1429 2238 1682 2309 episcOpis
1727 2238 2022 2310 appellare,
2048 2241 2153 2296 sive

618 2333 763 2388 adire
783 2333 954 2389 sedem
975 2331 1334 2404 apostolicam,
1353 2333 1463 2387 sine
1482 2334 1632 2403 cujus
1660 2334 1960 2388 auctoritate
1983 2350 2153 2389 causa:

618 2443 796 2485 eorum
823 2426 1086 2480 terminari
1115 2440 1217 2479 non
1244 2423 1448 2479 debent.

655 2562 947 2635 Episcopus
1005 2561 1188 2618 Sixtus
1228 2560 1391 2617 Grato
1438 2561 1742 2633 coepiscopo
1801 2562 2040 2617 salutem.

618 2659 816 2717 Ltetari
840 2666 893 2714 et
919 2657 1157 2730 gaudere
1179 2673 1265 2712 me
1292 2656 1441 2727 (Leo,
1472 2657 1619 2727 epist.
1653 2655 1745 2725 51)
1782 2656 2069 2725 plurimum
2096 2658 2151 2713 in

547 2753 767 2811 Christo
792 2751 920 2807 Jesu
965 2751 1191 2805 Domino
1222 2758 1407 2805 nostro
1452 2748 1760 2804 dilectionis
1805 2758 1911 2804 tua:
1950 2750 2151 2821 scripta

542 2847 816 2914 fecerunt,
845 2845 1040 2917 quibus
1068 2844 1351 2900 evidenter
1385 2841 1707 2908 ostenditur,
1752 2848 2012 2912 quantum
2056 2857 2150 2897 ca-

546 2945 806 3001 tholicam
834 2943 1015 3014 diligis
1045 2940 1205 2997 ﬁdem
1225 2981 1239 3005 ,
1267 2948 1323 2995 et
1347 2947 1610 3010 quantum
1652 2954 1935 3009 pravorum
1976 2938 2153 2994 Immi-

545 3054 678 3093 num
707 3035 995 3093 detesturis
1039 3047 1304 3089 errorem.
1336 3030 1524 3086 Omnis
1564 3030 1708 3086 enim
1743 3031 1964 3087 haeresis
1990 3031 2152 3087 nimis

549 3140 635 3188 est
656 3131 842 3201 impia,
873 3137 929 3185 et
954 3126 1279 3195 evangelicae
1305 3124 1550 3180 veritatis
1582 3125 1797 3180 inimica
1820 3167 1835 3192 ,
1881 3141 2003 3195 qua:
2042 3141 2150 3180 non

548 3226 856 3297 portionem
878 3223 1111 3293 aliquam
1145 3219 1378 3286 laedere,
1405 3218 1502 3275 sed
1534 3219 1648 3288 ipsa
1680 3220 1988 3274 christiana:
2029 3220 2154 3274 reli-

551 3323 726 3394 gionis
770 3328 998 3375 conatur
1037 3316 1385 3371 fundamenta
1416 3315 1743 3369 convellere.
1777 3313 1979 3370 Memor
2004 3315 2149 3370 enim

2179 1976 2228 2036 B
2255 1974 2437 2032 biliter
2463 1976 2699 2033 ostendit
2729 1992 2744 2031 :
2772 1976 2842 2033 In
2888 1980 3194 2050 humilitate,
3225 1983 3420 2054 inquit,
3459 1983 3719 2055 judicium
3759 1990 3864 2060 ejus

2258 2067 2523 2123 sublatum
2572 2078 2663 2124 est.
2699 2068 3033 2126 Nativitatem
3086 2075 3197 2144 ejus
3241 2077 3353 2143 quis
3392 2080 3654 2134 enarrabit
3683 2080 3858 2150 (Isai.,

2258 2162 2455 2233 LXIII)?
2508 2161 2576 2217 Et
2624 2162 2676 2216 in
2710 2162 2852 2218 libro
2880 2163 2985 2220 Job
3020 2182 3033 2220 :
3083 2166 3408 2238 Sapientiam
3456 2170 3577 2238 Dei,
3610 2172 3709 2237 ait,
3739 2174 3865 2227 unde

2256 2255 2520 2309 invenies?
2543 2253 2689 2309 Latet
2710 2258 2843 2311 enim
2864 2258 2926 2311 ab
2944 2259 3105 2313 oculis
3133 2258 3416 2327 hominum,
3439 2272 3487 2317 et
3516 2280 3549 2317 a
3577 2263 3861 2321 volucribus

2255 2347 2370 2401 caeli
2393 2347 2642 2402 absconsa
2668 2357 2740 2403 est
2768 2346 2914 2421 (Job,
2928 2352 3143 2423 xxvm).
3160 2352 3551 2424 Expergiscere
3566 2357 3858 2427 paululum,

2256 2448 2310 2495 et
2340 2440 2382 2494 si
2413 2442 2593 2496 lumen
2647 2443 2887 2498 scientiae
2928 2444 2980 2498 in
3025 2445 3253 2515 teipsum
3291 2447 3630 2519 aliquantum
3666 2450 3859 2518 babes,

2257 2532 2527 2600 invenies,
2555 2532 2708 2602 cujus
2744 2534 2995 2589 nativitas
3016 2550 3044 2589 a
3072 2537 3334 2607 propheta
3360 2554 3464 2594 non
3498 2543 3673 2610 potuit
3708 2556 3863 2597 enar-

2256 2626 2368 2679 rari
2398 2640 2464 2679 ex
2494 2633 2756 2697 tempore,
2787 2626 2874 2682 vel
2902 2638 2961 2683 ut
3006 2628 3285 2685 adstruere
3317 2632 3433 2702 ipse
3463 2635 3680 2690 conaris
3703 2675 3719 2703 ,
3753 2648 3861 2689 non

2256 2719 2431 2788 potuit
2456 2720 2723 2789 generari.
2762 2718 2828 2774 In
2857 2722 3130 2791 principio,
3164 2722 3337 2793 inquit
3366 2723 3612 2782 Joannes
3638 2741 3865 2797 evange-

2255 2810 2399 2877 lista,
2423 2822 2529 2865 erat
2567 2810 2807 2879 Verbum,
2824 2823 2873 2869 et
2911 2813 3129 2869 Verbum
3152 2825 3260 2871 erat
3287 2819 3430 2888 apud
3455 2819 3646 2888 Deum,
3667 2829 3713 2876 et
3732 2821 3866 2875 Deus

2256 2917 2365 2961 erat
2393 2906 2611 2963 Verbum
2634 2926 2648 2962 :
2678 2911 2773 2964 hoc
2795 2920 2903 2965 erat
2934 2911 2988 2966 in
3014 2912 3268 2983 principio
3286 2914 3430 2984 apud
3458 2914 3652 2971 Deum.
3691 2915 3868 2971 Omnia

2255 3018 2348 3073 per
2372 3004 2541 3073 ipsum
2594 3006 2734 3074 facta
2774 3016 2917 3073 sunt,
2960 3017 3008 3062 et
3053 3007 3165 3063 sine
3206 3009 3320 3078 ipso
3364 3013 3567 3081 factum
3623 3020 3697 3066 est
3750 3009 3871 3064 nihil

2256 3096 2460 3167 (Joan.,
2490 3097 2555 3168 ι).
2604 3100 2671 3154 Ει
2710 3099 2903 3155 iterum
2940 3099 3111 3155 :Erat
3156 3102 3247 3156 tua:
3285 3118 3438 3170 vera,
3469 3119 3588 3171 quae
3615 3103 3871 3159 illuminat

2255 3207 2454 3245 omnem
2485 3192 2739 3245 hominem
2780 3192 3058 3247 venientem
3101 3194 3154 3248 in
3186 3194 3319 3249 hunc
3355 3196 3614 3250 mundum
3648 3193 3862 3269 (Idem).

2256 3285 2317 3339 In
2349 3284 2454 3337 isto
2486 3284 2646 3355 igitur
2667 3284 2807 3355 quod
2833 3283 3048 3350 dicitur,
3075 3285 3224 3353 Erat,
3271 3289 3316 3343 si
3359 3297 3585 3361 tempus
3637 3304 3875 3361 quaerere

552 3377 698 3479 sum,
723 3425 810 3466 me
839 3410 939 3464 sub
964 3408 1106 3462 illius
1134 3406 1352 3461 nomine
1378 3406 1621 3460 ecclesia:
1653 3405 1975 3475 przcsidere;
2003 3405 2155 3476 cujus

2265 3377 2498 3433 volueris
2523 3419 2537 3441 ,
2574 3394 2680 3432 non
2713 3379 2959 3436 invenies
2989 3397 3001 3433 :
3032 3383 3288 3451 quoniam
3330 3398 3399 3438 ex
3447 3399 3558 3454 quo
3600 3384 3780 3451 Pater,
3812 3398 3870 3438 ex

552 3524 585 3563 a
613 3505 842 3562 Domino
873 3511 1061 3556 nostro
1090 3499 1221 3555 Jesu
1254 3498 1474 3554 Christo
1501 3509 1583 3552 est.
1608 3498 1907 3569 gloriﬁcata
1936 3499 2154 3554 confes-

556 3601 661 3664 sio,
687 3605 741 3653 et
771 3594 859 3668 (S.
890 3593 1011 3659 Leo,
1042 3592 1191 3663 epist.
1224 3590 1313 3661 51)
1342 3590 1498 3659 cujus
1530 3588 1662 3644 ﬁdes
1691 3589 1893 3644 nullum
1924 3604 2155 3661 unquam

552 3692 717 3757 fallit,
745 3688 841 3745 sed
873 3702 1061 3742 omnes
1094 3684 1308 3756 quidem
1356 3684 1595 3739 haereses
1622 3682 1871 3739 destruit.
1908 3684 2158 3754 Intelligo

553 3790 735 3839 autem
766 3780 896 3835 mihi
927 3779 1085 3835 aliter
1116 3794 1223 3833 non
1247 3776 1434 3841 licere,
1465 3791 1625 3847 quam
1656 3784 1715 3831 ut
1761 3793 1953 3832 omnes
2003 3795 2159 3833 cona-

553 3884 643 3931 tus
673 3887 822 3929 meos
853 3873 901 3929 ei
922 3872 1136 3941 causae),
1171 3872 1224 3925 in
1253 3884 1356 3941 qua
1388 3869 1711 3925 universalis
1741 3870 1984 3925 ecclesize
2015 3873 2159 3927 salus

556 3968 861 4035 infestatur,
934 3965 1265 4037 impendam.
1340 3967 1619 4035 Aguosce,
1700 3963 1773 4019 ﬁli
1841 3963 2161 4022 cbarissime

558 4061 615 4137 (1
622 4063 842 4126 thacius,
871 4060 1003 4115 Adv.
1044 4057 1397 4123 Varimudum,
1424 4074 1540 4129 cap.
1574 4057 1685 4130 12),
1717 4074 1823 4113 ιιοη
1851 4073 1918 4114 ex
1948 4066 2160 4130 tempo-

558 4175 645 4228 re,
677 4173 853 4229 neque
897 4164 1021 4228 post
1059 4162 1303 4223 tempora
1329 4152 1524 4208 Filium
1553 4148 1649 4207 Dei
1678 4163 1880 4220 natum,
1914 4153 2010 4209 sed
2036 4166 2162 4210 ante

558 4252 741 4307 omnia
767 4259 1012 4320 tempora
1043 4248 1112 4303 de
1161 4254 1387 4318 paterno
1417 4254 1570 4302 utero
1610 4246 2044 4302 inenarrabiliter
2070 4262 2162 4319 ge-

561 4354 842 4407 neratum,
873 4343 990 4412 ipso
1030 4340 1144 4396 Deo
1193 4347 1346 4409 patre
1400 4354 1495 4409 per
1537 4341 1857 4410 pr0phetam
1901 4340 2159 4396 dicente:

559 4437 632 4492 In
676 4433 1033 4507 splendoribus
1081 4440 1375 4485 sanctorum
1413 4445 1476 4486 ex
1514 4439 1656 4484 utero
1702 4438 1819 4484 ante
1866 4429 2163 4503 Luciferum

544 4530 716 4602 genui
762 4537 809 4582 te
866 4524 1094 4600 (Psalm.
1142 4524 1274 4593 cut).
1321 4522 1489 4591 Quam
1531 4523 1850 4578 sententiam
1901 4531 1955 4579 et
2001 4523 2165 4580 Isaias

564 4621 827 4696 propheta
851 4620 1030 4677 dubiis
1052 4626 1215 4688 atque
1242 4614 1531 4671 incredulis
1555 4614 1832 4671 evidenter
1857 4618 2159 4687 expressit,

564 4713 693 4769 dum
719 4728 826 4769 non
847 4710 1061 4768 aliunde
1090 4710 1277 4778 lilium,
1301 4724 1461 4782 quam
1488 4708 1556 4765 de
1582 4708 1742 4766 Patre
1770 4722 1952 4766 natum
1975 4711 2165 4769 ineﬁ'a-

635 4911 719 4984 (1)
757 4909 1013 4984 Epistula.
1069 4910 1215 4984 Hanc
1260 4909 1563 4984 epistolam
1592 4910 1880 4966 occasione
1910 4910 2158 4980 Sabellii,

558 4982 737 5049 Nocti,
772 4982 993 5055 Ebiouis
1024 4989 1077 5035 et
1107 4983 1343 5055 Corinthi
1371 4983 1729 5055 sectariorum
1760 4984 2015 5055 scriptam
2041 4998 2163 5039 esse

557 5056 625 5110 ad
654 5054 878 5111 Gratum
905 5054 1217 5125 episcopum
1241 5092 1257 5117 ,
1301 5053 1473 5120 ipsum
1505 5054 1716 5108 initium
1746 5053 1991 5125 epistolae
2017 5056 2162 5109 indi-

555 5137 662 5183 cat.
688 5125 954 5181 Sabi-llius
980 5124 1124 5177 enim
1158 5125 1511 5177 Ineresiarcha
1547 5127 1648 5179 hoc
1694 5124 1949 5195 pontiﬁce
1975 5128 2042 5181 ab
2075 5128 2161 5182 in-

554 5200 686 5253 ieris
715 5208 1033 5266 progressus
1054 5234 1066 5258 ,
1097 5200 1333 5266 omnem’
1359 5210 1709 5266 personarum
1750 5197 2159 5256 distinctionem

553 5270 608 5323 in
639 5261 747 5324 Deo
768 5261 983 5321 sristulit
1018 5284 1031 5318 :
1057 5264 1249 5332 reliqui
1279 5261 1407 5317 vero
1433 5261 1705 5321 Christum
1748 5280 1873 5324 ante
1903 5270 2151 5324 incarna-

556 5342 756 5395 tionem
788 5338 920 5393 nihil
946 5335 1108 5390 t‘uisse
1142 5335 1417 5409 dicebant.
1449 5334 1517 5390 Ut
1538 5408 1544 5409 ί
1566 5336 1755 5393 horum
1786 5355 1916 5409 ergo
1941 5356 2155 5397 errores

554 5412 725 5483 solide
752 5410 992 5483 refellat,
1027 5407 1487 5483 et_eo_usuleute_m
1535 5408 1635 5483 hac
1665 5410 1731 5464 de
1758 5426 1815 5483 re
1840 5407 2153 5483 episcopum

552 5482 802 5547 instruat,
860 5480 999 5536 hanc
1041 5478 1110 5533 ad
1154 5480 1326 5552 illum_
1356 5479 1638 5552 epistolam
1685 5478 1894 5547 scribit;
1952 5478 2154 5552 apertis

554 5552 877 5607 testimoniis
906 5553 1188 5622 scripturae
1215 5549 1466 5617 probans,
1490 5547 1786 5613 Christum,
1812 5547 2152 5620 quoad-divi-

554 5638 681 5676 nam
731 5630 995 5689 naturam,
1036 5632 1302 5677 aeternum
1347 5622 1532 5674 ξυιυτηί
1575 5622 1750 5676 Patris
1786 5622 1979 5677 Filium
2005 5640 2159 5691 esse,

554 5702 609 5749 et
636 5708 668 5747 a
708 5691 863 5746 Patre
897 5693 1199 5747 distinctam
1253 5692 1307 5745 in
1357 5691 1635 5746 divinitate
1674 5709 1958 5762 personam
2002 5711 2155 5762 esse;

556 5780 622 5818 ac
648 5778 863 5833 semper
885 5763 1000 5819 sine
1028 5765 1138 5819 ullo
1167 5762 1425 5832 temporis
1451 5764 1721 5834 principio
1749 5767 2018 5820 extitisse.
2054 5766 2158 5822 Re-

556 5835 727 5905 liqua,
755 5850 901 5907 _quae_
941 5848 995 5889 et
1039 5835 1286 5907 sequenti
1334 5834 1563 5907 epistola
1592 5837 1832 5891 notanda
1881 5836 2154 5907 videntur,

556 5903 987 6031 pracedputibuls
1029 5903 1453 5978 praecedentium
1522 5907 1841 5979 pontiﬁcum
1913 5903 2157 5980 epistolis

556 5993 579 6030 ll
599 5992 707 6031 nno
735 5991 762 6029 ἢ
791 5989 821 6031 a
850 5990 948 6031 sun
980 6016 994 6031 .

548 5993 579 6030 3
599 5989 821 6032 nnotata
850 5989 994 6034 ειιιιῐ.

2262 3469 2355 3523 illo
2380 3478 2435 3524 et
2456 3469 2622 3524 Filius
2653 3488 2667 3523 :
2705 3480 2759 3526 et
2795 3471 2935 3540 quod
2964 3472 3128 3527 Pater
3157 3480 3261 3540 est,
3292 3474 3343 3529 id
3367 3486 3452 3531 est
3483 3478 3654 3532 etiam
3687 3476 3871 3539 Filius,

2260 3561 2553 3617 Salomone
2575 3562 2790 3619 dicente
2814 3580 2830 3618 :
2862 3563 2972 3636 Ego
3001 3581 3063 3620 ea:
3084 3583 3170 3619 ore
3193 3566 3450 3623 Altissimi
3471 3570 3668 3640 prodii,
3695 3570 3875 3640 primos

2263 3657 2435 3727 genita
2463 3667 2581 3711 ante
2603 3674 2804 3712 onmem
2826 3669 3136 3714 creaturam.
3172 3658 3283 3732 Ego
3301 3661 3421 3729 feci,
3452 3673 3511 3717 ut
3538 3665 3596 3719 in
3624 3663 3752 3719 coelo
3782 3662 3878 3717 ori-

2263 3756 2402 3803 retur
2430 3750 2596 3803 lumen
2639 3750 2970 3819 iudeﬁciens,
3018 3762 3064 3805 et
3118 3752 3253 3806 sicut
3297 3754 3493 3809 nebula
3542 3756 3645 3811 texi
3692 3769 3879 3810 onmem

2266 3852 2473 3895 terram.
2499 3841 2611 3913 Ego
2639 3843 2691 3895 in
2718 3842 2978 3898 altissimis
3006 3843 3200 3908 habito,
3223 3854 3271 3898 et
3294 3846 3522 3903 thronus
3546 3860 3692 3903 meus
3722 3849 3773 3902 in
3811 3862 3882 3900 co-

2266 3932 2441 3987 lumna
2468 3932 2635 3988 nubis.
2671 3932 2865 4004 Gyrum
2894 3933 3008 3989 σιεζὲ
3034 3936 3242 3990 circuiri
3280 3937 3395 3992 sola
3415 3980 3432 4007 ,
3465 3950 3513 3994 et
3559 3940 3874 4012 profundum

2266 4025 2435 4096 abyssi
2467 4028 2738 4096 penetravi.
2769 4026 2836 4081 In
2879 4044 3076 4083 onmem
3130 4038 3317 4085 terram
3358 4034 3503 4099 steti,
3536 4046 3585 4089 et
3613 4038 3669 4091 in
3694 4033 3878 4107 populo

2269 4121 2546 4190 primatum
2574 4121 2729 4175 habui
2772 4119 3127 4194 (Ecclesiast.,
3170 4124 3348 4195 xxrv).
3383 4126 3523 4183 Item
3570 4129 3647 4185 ibi
3696 4148 3710 4184 :
3764 4127 3884 4182 Cum

2269 4226 2583 4289 prwpararet
2616 4216 2819 4283 caelum,
2852 4216 3061 4271 aderam
3114 4217 3214 4286 illi,
3258 4229 3305 4273 et
3347 4238 3470 4277 cum
3526 4224 3703 4279 sedent
3747 4237 3886 4277 suam

2269 4322 2565 4368 secerneret.
2630 4312 2848 4378 Quando
2894 4330 3046 4384 super
3104 4325 3274 4371 ventos
3332 4320 3498 4389 fortes
3560 4320 3781 4392 faciebat
3834 4318 3886 4370 in

2270 4423 2467 4462 summo
2488 4408 2667 4473 nubes,
2711 4417 2900 4462 etcum
2947 4419 3108 4463 certos
3148 4410 3365 4480 ponebat
3402 4416 3575 4483 fontes
3606 4414 3701 4469 sub
3744 4412 3883 4478 creto,

2272 4514 2384 4555 cum
2424 4501 2579 4571 fortia
2611 4500 2827 4573 faciebat
2867 4502 3200 4571 fundamenta
3229 4512 3414 4573 terrae,
3447 4522 3545 4578 ego
3576 4522 3742 4572 eram,
3775 4518 3886 4557 cum

2271 4595 2364 4652 illo
2389 4612 2717 4667 componens,
2748 4604 2794 4651 et
2821 4612 2912 4667 ego
2943 4612 3102 4663 eram,
3126 4597 3208 4650 cui
3236 4596 3540 4669 adaugebat
3562 4643 3575 4665 ,
3605 4616 3722 4654 cum
3751 4597 3889 4653 ltela-

2273 4698 2415 4744 retur
2441 4690 2561 4744 orbe
2587 4692 2808 4762 perfecto
2840 4687 3133 4760 (Proverb.,
3161 4686 3298 4761 vni).
3334 4691 3405 4745 Et
3436 4693 3491 4747 in
3525 4694 3741 4763 psalmo
3767 4705 3889 4746 cen—

2187 4783 2240 4843 D
2269 4782 2458 4838 tesimo
2491 4782 2661 4852 primo
2691 4801 2702 4836 :
2738 4782 2836 4849 Tu,
2893 4781 3134 4849 Domine,
3165 4784 3219 4836 in
3253 4782 3519 4855 principio
3546 4796 3740 4841 terram
3771 4787 3885 4856 fun-

2267 4874 2417 4941 dasti,
2446 4884 2492 4930 et
2519 4891 2673 4946 opera
2695 4890 2937 4929 manuum
2963 4884 3166 4929 tuarum
3181 4884 3299 4928 sunt
3326 4877 3470 4932 coeli.
3493 4876 3609 4947 Ipsi
3636 4877 3887 4947 peribunt,

2268 4980 2323 5026 tu
2353 4980 2521 5026 autem
2553 4987 2845 5043 permanes,
2873 4979 2918 5023 et
2946 4970 3076 5024 sicut
3101 4969 3424 5040 opertorium
3457 4972 3686 5027 mutabis
3712 4987 3817 5036 eos,
3845 4976 3887 5022 et

2268 5069 2598 5121 mutabuntur
2625 5082 2644 5119 :
2675 5075 2727 5119 tu
2758 5074 2926 5119 autem
2968 5062 3102 5117 idem
3130 5064 3243 5135 ipse
3285 5079 3362 5130 es,
3396 5074 3449 5119 et
3491 5067 3621 5120 anni
3665 5066 3741 5119 tui
3790 5078 3884 5117 non

2267 5163 2524 5232 deﬁcient.
2555 5160 2673 5217 Non
2721 5162 2864 5217 enim
2896 5166 3011 5215 erat
3059 5169 3209 5227 tetas,
3242 5168 3336 5214 aut
3376 5162 3611 5235 aliquod
3652 5170 3882 5233 tempus,

2267 5267 2556 5326 antequam
2587 5255 2654 5310 de
2694 5255 2852 5310 Patre
2882 5252 3054 5309 Filius
3087 5263 3440 5323 nasceretur;
3500 5259 3759 5328 quoniam
3806 5252 3889 5323 qui

2267 5358 2507 5419 tempora
2564 5349 2813 5405 universa
2860 5347 3075 5419 propria
3130 5352 3405 5415 potestate
3459 5351 3774 5414 constituit,
3824 5361 3887 5401 cx

2261 5450 2506 5513 tempore
2551 5443 2636 5497 vel
2672 5448 2793 5513 post
2821 5452 3060 5512 tempora
3090 5442 3237 5496 nasci
3277 5456 3390 5497 non
3437 5447 3619 5515 potuit
3649 5443 3751 5518 (1).
3792 5440 3886 5497 His

2263 5534 2451 5605 paucis
2497 5536 2805 5599 sententiis,
2852 5534 3087 5590 breviter
3127 5533 3399 5591 consultis
3448 5539 3559 5593 tuis
3607 5532 3885 5608 respondi,

2264 5624 2431 5681 frater
2460 5626 2798 5682 charissime.
2848 5627 2923 5682 De
2972 5636 3170 5682 cancro
3209 5630 3359 5682 tuam
3404 5645 3616 5687 moneo
3642 5628 3883 5686 dilectio-

2264 5733 2408 5785 nem,
2436 5728 2492 5773 nt
2512 5726 2737 5774 cunctos
2758 5762 2772 5788 ,
2804 5734 2936 5790 quos
2964 5734 3150 5775 errare
3177 5722 3538 5793 cognoveris,
3574 5723 3643 5779 ad
3667 5720 3886 5779 catholi-

2261 5824 2378 5866 cam
2411 5807 2595 5876 ﬁdem,
2620 5822 2674 5865 et
2695 5810 2763 5867 ad
2790 5812 3051 5868 unitatem
3092 5821 3242 5869 recte
3275 5812 3629 5872 credentium
3654 5828 3883 5871 convcr-

2337 5920 2720 6001 (i)_Hacten_u_s
2764 5924 2948 6001 Ithacii
2975 5927 3176 5996 verba,
3210 5925 3361 5985 unde
3417 5929 3568 5989 fraus
3614 5926 3890 6001 Mangonis

2265 5992 2536 6065 detegitur
2574 5994 2994 6053 evidentissime.
