3970 6330
187 476 243 536 85
1389 450 1755 525 EPISTOLE
1792 452 2051 523 DUBIE.
3351 464 3423 521 86

188 597 275 647 tere
309 581 517 651 studeas,
555 588 609 639 et
636 587 691 638 tu
734 595 1025 654 numquam
1067 578 1137 637 ab
1172 580 1469 654 apostolico
1497 583 1712 639 tramite
1739 582 1794 644 Α
1818 580 2010 651 hostis,
2038 582 2186 653 cujus
2212 582 2409 638 inuidia
2432 599 2573 639 mars
2608 585 2833 641 introivit
2873 587 2927 642 in
2954 586 3128 643 orbem
3171 575 3425 646 teri-arum

184 679 377 741 recedas.
403 676 453 734 Si
475 683 646 732 autem
679 684 730 731 te
752 690 857 732 non
887 674 1177 742 audierint,
1200 683 1512 731 eterrantes
1543 674 1712 747 (quod

184 772 310 846 absit)
337 769 742 845 permanserint,
785 768 944 826 nobis
998 783 1094 826 eos
1141 769 1520 834 manifestare,
1552 785 1712 840 quam

186 866 308 923 citius
327 866 546 937 poteris:
578 878 688 918 non
730 861 941 926 tardes,
974 872 1032 918 ut
1061 862 1357 934 apostolica
1395 862 1718 918 auctoritate

185 968 255 1015 aut
278 954 366 1014 cito
389 954 449 1011 ad
478 952 775 1012 Ecclesiam
805 963 1213 1020 convertantur,
1261 964 1353 1009 aut
1384 955 1451 1009 ab
1473 954 1716 1011 Ecclesia

181 1059 462 1123 separentur.
500 1049 822 1105 Audivimus
865 1050 1027 1104 etiam
1070 1049 1212 1121 quod
1238 1048 1451 1120 quidam
1478 1049 1717 1117 erronei,

184 1156 224 1204 et
238 1144 592 1202 consentientes
620 1143 723 1213 eis,
750 1155 801 1200 te
819 1153 874 1199 et
901 1143 1140 1215 reliquos
1165 1142 1424 1199 infestent
1445 1143 1721 1213 coepisco-

183 1255 255 1310 pos
276 1247 320 1295 et
341 1238 612 1308 episcopos
647 1238 856 1308 aliquos
881 1253 1000 1293 com
1010 1236 1366 1308 provinciales
1394 1237 1461 1293 ad
1486 1247 1719 1293 vestram

182 1329 522 1387 iufamationem
553 1338 718 1402 atque
743 1328 1145 1385 damnationem
1175 1344 1359 1387 secum
1390 1330 1627 1385 trahant.

232 1423 531 1495 Quapropter
576 1422 630 1479 in
682 1420 781 1480 hac
829 1434 1014 1479 sancta
1056 1423 1187 1480 sede
1228 1418 1431 1479 dudum
1480 1441 1511 1480 a
1538 1424 1723 1481 multis

183 1515 400 1587 episcopis
435 1518 783 1571 con5titutum
830 1525 981 1584 erat,
1009 1524 1064 1572 et
1096 1515 1255 1571 modo
1286 1514 1353 1571 ad
1394 1524 1634 1571 vestrum
1664 1524 1719 1571 et

180 1612 442 1664 ceterorum
472 1607 700 1664 fratrum
729 1608 988 1664 auxilium
1037 1618 1120 1663 est
1163 1606 1343 1663 denuo
1384 1607 1721 1672 roboratam,

180 1711 222 1755 ut
247 1717 407 1758 omnes
454 1702 716 1773 episcopi,
767 1702 857 1774 qui
912 1703 964 1757 in
1014 1698 1336 1773 quibusdam
1385 1700 1724 1773 gravioribus

177 1794 405 1861 pulsantur
428 1793 511 1851 vel
531 1795 891 1850 criminantur
914 1795 1109 1860 causis,
1128 1795 1337 1864 quoties
1364 1808 1589 1850 necesse
1609 1792 1723 1849 fue-

179 1883 247 1950 rit,
270 1885 419 1944 libere
461 1887 814 1958 apostolicam
864 1885 1138 1958 appellent
1185 1885 1391 1954 sedem,
1450 1896 1611 1957 atque
1656 1885 1721 1941 ad

178 1993 267 2034 eam
298 1980 436 2051 quasi
470 1978 536 2034 ad
582 1986 812 2034 matrem
864 1976 1196 2049 confugiant,
1239 1986 1296 2033 ut
1337 1977 1406 2033 ab
1452 1993 1515 2033 ea
1560 1974 1723 2050 (sicut
1752 1988 1799 2049 Β

178 2084 345 2141 semper
370 2068 481 2137 fuit)
506 2072 593 2142 pie
620 2069 929 2135 fulciantur,
950 2066 1309 2124 defenduntur
1327 2078 1383 2124 et
1401 2066 1720 2125 liberentur.

173 2161 297 2233 Cujus
319 2162 648 2235 dispositioni
675 2178 866 2218 omnes
906 2161 1140 2233 majores
1168 2162 1565 2218 ecclesiasticas
1594 2178 1723 2219 cau-

173 2269 235 2311 sas
278 2264 324 2311 et
368 2256 743 2333 episcoporum
784 2252 1009 2324 judicia,
1066 2256 1291 2326 antiqua
1351 2254 1722 2328 apostolorum

170 2361 409 2420 eorumque
460 2360 840 2406 successorum
900 2348 1064 2418 atque
1112 2363 1379 2403 canonum
1429 2348 1723 2407 auctoritas

170 2442 443 2510 reservavit,
478 2442 737 2513 quoniam
766 2439 981 2512 quando
1010 2440 1294 2512 cnlpantur
1322 2441 1597 2514 episcopi,
1630 2443 1721 2513 qui

169 2532 289 2590 aliter
304 2551 417 2607 erga
444 2535 642 2591 fratres
666 2536 908 2606 egerint,
938 2550 1101 2606 quam
1130 2533 1370 2605 ejusdem
1399 2535 1547 2590 sedis
1568 2550 1721 2605 papae.

168 2623 252 2681 ﬁeri
268 2622 519 2697 placuerit.
542 2626 701 2685 Unde
719 2627 1005 2699 placuit,ut
1027 2637 1309 2683 accusatus
1326 2628 1411 2682 vel
1437 2627 1714 2699 judicatus

166 2735 187 2773 a
207 2723 717 2795 comprovincialihus
739 2723 790 2778 in
815 2723 990 2794 aliqua
1022 2738 1179 2778 causa
1212 2723 1521 2794 episcopus,
1554 2724 1721 2780 licen-

166 2824 227 2869 ter
254 2819 466 2888 appellet
495 2828 549 2875 et
585 2815 747 2873 adeat
776 2815 1089 2889 apostolica:
1116 2817 1261 2873 sedis
1313 2816 1497 2885 (Cone.
1531 2816 1717 2885 Sunt,

164 2924 249 2963 can.
272 2909 319 2975 l,
347 2912 398 2981 5,
428 2910 498 2985 7)
550 2912 885 2984 pontificem.
928 2910 1031 2979 Qui
1078 2921 1172 2967 aut
1218 2927 1312 2981 per
1354 2927 1452 2980 se,
1502 2921 1594 2967 aut
1626 2927 1721 2984 per

165 3001 346 3061 vicarius
368 3020 511 3074 suos,
541 3005 794 3076 ejusdem
824 3007 1101 3061 retractari
1128 3007 1400 3078 negotium
1434 3017 1709 3077 procuret.

163 3092 213 3149 Et
240 3095 347 3153 dum
384 3098 580 3157 iterato
606 3098 812 3170 judicio
854 3099 1095 3170 pontifex
1130 3115 1346 3155 causam
1396 3114 1547 3155 suam
1587 3100 1716 3172 agit,

164 3192 303 3251 nullus
334 3196 463 3254 alius
502 3199 559 3254 in
617 3198 735 3268 ejus
783 3199 897 3253 loco
930 3208 1158 3269 ponatur
1184 3209 1276 3254 aut
1301 3198 1581 3255 ordinetur
1605 3201 1723 3271 epi-

161 3300 313 3359 scapus
348 3309 363 3349 :
403 3295 658 3365 quoniam
707 3307 1033 3364 quamquam
1086 3309 1114 3348 a
1175 3294 1717 3365 comprovincialibus

1821 676 2004 749 (Sap.,
2035 675 2122 749 tt),
2151 686 2277 732 sunt
2302 692 2514 748 semper
2535 678 2675 733 oculi
2708 678 2899 750 vigiles
2925 679 2991 735 ad
3020 680 3230 739 animas
3251 681 3430 740 homi-

1820 768 2395 840 numillaqueandum,
2428 771 2736 841 multosque
2782 786 2878 826 sua
2919 773 3188 843 pravitate
3241 789 3427 831 secum

1820 860 1875 917 in
1906 862 2261 931 perditionem
2293 864 2510 920 trahere
2555 866 2738 936 cupit,
2787 866 2877 936 qui
2923 876 3113 938 suapte
3148 868 3351 924 malitia
3396 885 3428 927 a

1820 959 1988 1031 gloria
2036 958 2221 1029 lapsus
2247 960 2405 1014 estin
2441 960 2739 1015 miseriam.
2771 961 2827 1015 ln
2852 960 2966 1015 sola
2997 977 3129 1033 ergo
3157 961 3430 1021 Creatoris

1822 1050 1993 1105 nostri
2026 1052 2360 1120 protectione
2397 1051 2669 1106 lidendnm
2699 1060 2802 1119 est,
2832 1052 2917 1106 cui
2947 1067 3015 1107 ex
3043 1053 3236 1110 intimo
3263 1055 3428 1112 corde

1822 1143 2116 1201 clamemus
2148 1164 2161 1200 :
2208 1145 2329 1201 Esto
2360 1147 2483 1200 nti/ti
2514 1146 2566 1200 in
2595 1146 2761 1200 Deum
2800 1158 3133 1215 protectorem
3161 1159 3206 1204 et
3247 1151 3302 1205 in
3348 1151 3427 1206 lo-

1825 1253 1939 1292 cum
1965 1240 2233 1302 mum’tum,
2272 1247 2325 1292 ut
2363 1238 2558 1293 salvum
2587 1256 2665 1293 me
2692 1240 2855 1310 facias
2877 1239 3047 1311 (Psul.
3066 1258 3173 1296 xxx
3199 1251 3248 1298 et
3272 1243 3429 1315 Lxx).

1826 1333 1958 1386 Data
2004 1328 2111 1384 kal.
2154 1331 2479 1401 septembris
2526 1330 2603 1404 (1)
2649 1331 2934 1389 Valeriano
2980 1342 3036 1389 et
3084 1333 3265 1404 Decio,
3299 1336 3431 1392 viris

1826 1422 2139 1480 clarissimis
2162 1424 2495 1480 consulibus.

2407 1607 2744 1665 EPISTOLA
2784 1608 2847 1665 ΙΙ.

1828 1756 2216 1805 ancvucu'wu.
2245 1745 2380 1801 -1.
2414 1744 2477 1801 Si
2501 1748 2616 1817 quis
2641 1746 2882 1802 adversus
2906 1747 3170 1819 episcopos
3194 1748 3273 1803 vel
3292 1757 3432 1803 acto-

1898 1857 1980 1897 res
2008 1839 2253 1895 Ecclesia:
2272 1852 2479 1894 causam
2503 1838 2756 1905 habuerit,
2783 1839 2896 1909 quis
2915 1855 2969 1893 se
2988 1848 3143 1910 geret.

1827 1936 1893 1993 ll.
1922 1937 1999 1992 De
2018 1938 2270 2009 episcopis
2287 1935 2436 1991 rebus
2458 1937 2750 2007 expoliatis,
2782 1944 2869 1989 aut
2896 1952 2929 1989 α
2956 1934 3077 1991 sede
3104 1936 3286 2006 pulsis.

1826 2031 1912 2089 Ill.
1940 2031 2009 2088 Ut
2034 2033 2207 2087 nullus
2237 2033 2507 2103 episcopus
2532 2030 2743 2086 alterius
2784 2029 3157 2103 parochiauum
3198 2030 3432 2099 retineat,

1898 2128 2118 2192 ordinet,
2138 2127 2217 2182 uel
2230 2126 2447 2199 judicet.

1825 2222 1920 2279 IV.
1945 2221 2023 2277 De
2050 2222 2303 2295 episcopis
2330 2221 2521 2292 injuste
2550 2218 2830 2288 dautnatis,
2870 2226 2918 2274 et
2946 2218 3231 2289 apostolica
3257 2225 3435 2275 auclo-

1898 2316 2051 2370 ritate
2072 2314 2335 2369 restitutis.

1826 2411 1894 2467 ν.
1917 2411 2068 2479 Quod
2089 2407 2516 2465 excomtnunicati
2535 2407 2802 2479 episcopos
2817 2419 3061 2461 accusare
3080 2418 3183 2460 non
3200 2408 3432 2477 possunt,

1898 2521 1991 2560 nec
2014 2504 2095 2559 illi
2122 2503 2210 2575 qui
2237 2519 2319 2557 eos
2348 2503 2403 2556 in
2426 2516 2521 2557 sua
2547 2514 2650 2555 non
2676 2500 2927 2568 recipiunt
2956 2498 3295 2565 accusatione,
3341 2512 3434 2552 nec

1897 2598 2063 2665 major
2094 2613 2127 2650 a
2152 2595 2339 2649 minori
2358 2593 2608 2666 judicari,
2636 2591 2714 2647 vel
2744 2591 2999 2645 damnari.

1827 2752 2187 2808 Dilectissimis
2217 2750 2465 2823 fratribus
2494 2768 2585 2823 per
2604 2748 2979 2821 Hispaniarum
3008 2752 3431 2822 provinciascou-

1899 2847 2106 2914 stitutis,
2143 2845 2325 2902 Sixtus
2367 2846 2639 2916 episcopus
2677 2844 2731 2899 in
2774 2842 2994 2900 Domino
3031 2844 3267 2901 salutem.

1896 3000 2090 3078 Magno
2141 3020 2366 3062 munere
2415 3004 2503 3078 (S.
2544 3002 2672 3071 Leo,
2714 3002 2885 3075 Epist.
2918 3003 3014 3076 54)
3042 2998 3434 3060 misericordite

1828 3101 1945 3169 Dei,
1978 3099 2141 3155 totius
2172 3098 2430 3155 Ecclesiae
2450 3098 2746 3153 Catholicae
2773 3097 3128 3167 multiplicata
3153 3106 3282 3153 sunt
3299 3113 3434 3168 gau-

1824 3193 1934 3259 dia,
1978 3208 2100 3247 cum
2149 3190 2503 3247 ecclesiarum
2551 3197 2724 3244 status
2766 3203 2833 3244 eo
2876 3189 3020 3259 viget
3061 3187 3275 3254 ordine,
3324 3203 3432 3260 quo

1823 3285 2081 3358 apostoli,
2115 3298 2414 3355 eorumque
2443 3297 2792 3339 successores
2818 3281 2971 3338 illum
3002 3290 3327 3338 statuerunt.
3362 3283 3431 3338 Et

162 3379 379 3452 episcopis
416 3385 656 3441 accusati
710 3399 927 3439 causam
969 3385 1239 3455 pontificis
1269 3387 1495 3441 scrutari
1535 3386 1715 3453 liceat,
1744 3383 1789 3447 C
1823 3395 1946 3437 cum
1980 3380 2186 3451 antiqui
2216 3379 2387 3434 hostis
2415 3378 2612 3433 astutia
2641 3392 2764 3432 eum
2795 3376 2997 3433 turbari
3027 3375 3426 3447 cognoscimus,

160 3485 240 3527 non
283 3484 442 3532 tamen
488 3474 744 3544 deliniri,
801 3478 1103 3533 inconsulto
1164 3495 1387 3535 romano
1428 3479 1715 3549 pontifice,

163 3567 428 3632 permissum
452 3581 558 3639 est,
592 3586 715 3627 cum
740 3570 899 3626 beato
935 3571 1096 3626 Petro
1120 3572 1367 3642 apostolo
1392 3589 1497 3627 non
1526 3572 1592 3629 ah
1614 3572 1719 3629 alio

160 3673 281 3727 quam
316 3663 378 3719 ab
406 3664 525 3736 ipso
559 3664 767 3720 dictum
799 3665 866 3719 sit
898 3666 1124 3720 Domino
1155 3682 1168 3718 :
1203 3665 1549 3738 Quaecumque
1588 3667 1720 3737 liga-

161 3754 258 3807 reris
278 3773 415 3828 super
442 3769 656 3821 terram,
677 3770 824 3814 erunt
854 3759 1015 3831 ligata
1039 3771 1086 3814 et
1114 3761 1164 3815 in
1188 3761 1314 3815 caelo
1347 3778 1364 3816 :
1392 3771 1439 3816 et
1461 3777 1717 3831 quwcum-

160 3860 230 3913 que
269 3850 461 3906 solveris
516 3869 676 3924 super
724 3863 933 3919 terram,
993 3862 1142 3907 erunt
1193 3853 1361 3909 soluta
1405 3863 1452 3909 et
1496 3852 1550 3909 in
1594 3855 1720 3910 coelo

163 3933 355 4010 (Matth,
380 3958 467 4001 xvi
499 3954 548 4000 et
578 3944 757 4019 xvnt).
816 3945 885 4000 Et
913 3946 957 4001 si
987 3948 1108 4018 quis
1140 3948 1409 4017 putaverit
1438 3962 1498 4004 se
1524 3964 1554 4003 a
1588 3963 1717 4019 pro-

160 4032 248 4098 prio
264 4040 671 4111 metropolitano
688 4041 924 4111 gravari,
950 4039 1089 4111 apud
1115 4040 1398 4110 primatem
1420 4041 1720 4099 dioeceseos

163 4123 336 4196 (Hadr.,
367 4135 513 4201 coll.,
537 4154 587 4191 c.
621 4134 700 4205 6),
732 4142 823 4190 aut
850 4151 1019 4205 penes
1060 4135 1375 4191 universalis
1407 4135 1720 4206 apostolica:

159 4220 355 4281 ecclesiae
372 4243 563 4300 papam
578 4226 871 4299 judicetur.
890 4228 976 4282 Ait
996 4228 1137 4282 enim
1156 4226 1388 4282 Iacobus
1409 4227 1714 4297 apostolus:

160 4308 374 4372 iudicium
400 4321 508 4374 sine
534 4319 885 4374 misericordia
913 4320 991 4374 illi
1017 4321 1123 4389 ﬁet,
1151 4319 1236 4388 qui
1271 4336 1373 4374 non
1403 4320 1524 4392 fecit
1564 4319 1716 4374 mise-

158 4403 403 4465 ricordiam.
460 4410 838 4485 Snperextollit
869 4423 1037 4465 autem
1081 4412 1483 4466 misericordiam
1515 4393 1719 4484 judicio

163 4493 305 4555 Iacob.
353 4502 409 4560 lu
455 4506 716 4560 omnibus
768 4521 896 4577 ergo
941 4505 1027 4577 (S.
1074 4504 1255 4578 Greg.,
1305 4504 1455 4577 epist.
1501 4504 1595 4571 45,
1627 4503 1714 4558 lib.

159 4588 272 4662 nu),
324 4595 394 4651 ﬁli
435 4596 782 4663 charissime,
837 4613 931 4652 cor
981 4597 1213 4665 custodi,
1269 4598 1413 4652 sicut
1459 4597 1719 4667 scriptum

159 4696 213 4739 est
237 4704 248 4740 :
276 4689 418 4747 Omni
445 4695 684 4748 custodia
709 4692 911 4747 custodi
937 4710 1027 4747 cor
1058 4695 1360 4760 tunm,quia
1387 4709 1449 4747 ex
1477 4693 1590 4763 ipso
1620 4692 1721 4746 vita

1824 3489 1933 3529 non
1966 3473 2180 3529 modico
2201 3474 2585 3529 contristamur
2608 3486 2864 3528 maerore.
2891 3471 3065 3539 Quam
3092 3468 3164 3525 ob
3187 3483 3429 3537 causam,

1821 3569 2041 3637 fratres,
2076 3567 2356 3623 hortamur
2385 3582 2501 3634 vos,
2534 3581 2818 3621 monemus
2863 3572 2919 3621 et
2958 3561 3281 3635 flagitamus,
3316 3569 3432 3619 uta

1825 3662 2040 3717 tramite
2064 3660 2377 3732 apostolicae
2394 3654 2757 3715 institutionis
2778 3673 3113 3729 nequaquam
3138 3657 3429 3729 recedatis,

1822 3771 1924 3813 nec
1950 3771 1980 3811 a
2006 3757 2187 3827 capite
2217 3754 2545 3821 dissidentis,
2575 3754 2672 3811 sed
2705 3754 2869 3811 fidem
2889 3763 2945 3811 et
2973 3753 3242 3823 ordinem,
3269 3768 3431 3825 quem

1823 3850 2056 3923 apostoli
2084 3860 2139 3906 et
2173 3849 2455 3923 apostolici
2488 3849 2587 3905 viri
2618 3847 2923 3905 statuerunt
2958 3846 3167 3918 absque
3219 3846 3434 3903 haesita-

1825 3949 1973 4004 tione
2001 3946 2253 4002 teneatis.
2297 3943 2432 4000 Nam
2462 3945 2508 4000 si
2539 3945 2803 4000 columna:
2834 3942 3063 4013 alicujus
3091 3956 3299 4013 magnae
3335 3937 3432 3997 do-

1823 4056 1946 4097 mus
1971 4040 2300 4107 corruerint,
2353 4036 2469 4109 ipsa
2515 4049 2704 4108 postea
2752 4036 2949 4092 domus
2980 4035 3203 4092 minime
3243 4035 3430 4092 stabit.

1826 4132 1915 4191 Sic
1943 4143 1999 4189 et
2022 4149 2143 4202 vos,
2174 4132 2265 4204 qui
2292 4132 2562 4187 columnae
2590 4130 2841 4187 ecclesiae
2866 4129 3017 4195 estis,
3048 4129 3094 4185 si
3119 4127 3430 4184 labefactari

1824 4226 2122 4299 occperitis,
2170 4235 2357 4283 sancta
2388 4222 2654 4293 Ecclesia,
2686 4239 2810 4296 qua:
2836 4238 2932 4294 per
2971 4237 3069 4278 vos
3095 4223 3317 4294 regitur,
3347 4231 3430 4277 ta-

1823 4321 2013 4379 bescet
2056 4332 2112 4380 et
2152 4323 2389 4380 labetur.
2418 4322 2566 4390 Haec,
2609 4320 2826 4387 fratres,
2867 4335 2987 4391 quae
3013 4317 3143 4387 duo,
3175 4316 3334 4373 valde
3366 4316 3432 4372 ti-

1823 4419 2019 4476 menda
2049 4429 2196 4489 sunt,
2220 4427 2276 4475 et
2302 4433 2516 4475 summo
2544 4417 2914 4474 moderamine
2940 4400 3239 4486 pensanda,
3270 4420 3431 4483 atque

1824 4533 1893 4573 ne
1943 4516 2096 4578 fiant,
2129 4513 2394 4571 cavenda.
2448 4510 2572 4584 Ipsa
2616 4511 2759 4567 enim
2804 4510 3007 4567 veritas
3036 4524 3133 4580 per
3162 4522 3223 4564 se
3250 4506 3428 4562 dixit:

1832 4608 1936 4666 Vos
1959 4609 2080 4664 estis
2100 4608 2179 4664 sal
2206 4617 2355 4663 terra:
2378 4621 2390 4658 :
2420 4604 2558 4677 quod
2589 4604 2634 4659 si
2658 4603 2738 4659 sal
2766 4602 3047 4667 evanuerit,
3079 4600 3133 4654 in
3160 4616 3258 4669 quo
3279 4598 3430 4653 salie-

1788 4772 1795 4783 ἢ
1826 4702 1949 4758 tur?
1989 4709 2093 4757 etc.
2125 4697 2364 4774 (Matth.,
2398 4711 2466 4762 v;
2498 4696 2677 4763 Rom,
2710 4694 2783 4764 ι).
2808 4692 2932 4750 Ideo
2960 4706 3075 4759 vos,
3104 4689 3427 4758 charissimi,

159 4784 338 4843 procedit
379 4777 653 4858 (Proverb.
687 4789 787 4857 tv).
818 4786 946 4842 llaec
993 4774 1230 4841 breviter
1260 4801 1358 4856 pro
1384 4800 1715 4841 commemo-
1744 4774 1797 4843 Π
1824 4810 2043 4859 moneo,
2071 4794 2195 4865 quia
2225 4791 2378 4848 vobis
2408 4790 2624 4846 debitor
2647 4802 2788 4854 sum,
2838 4796 2894 4843 et
2928 4784 3087 4841 valde
3114 4799 3213 4841 vos
3239 4783 3431 4856 diligo.

161 4872 322 4931 ratione
345 4879 604 4949 rescripsi
637 4895 650 4931 :
695 4879 788 4934 sed
824 4888 945 4948 peto
978 4885 1034 4932 ut
1061 4893 1158 4949 pro
1184 4892 1270 4932 me
1299 4892 1456 4932 orare
1482 4875 1717 4943 debeas,

160 4977 372 5032 quatenus
407 4974 758 5044 omnipotens
794 4973 934 5027 Deus
977 4980 1031 5027 et
1057 4986 1084 5024 a
1116 4969 1366 5041 malignis
1398 4985 1484 5025 me
1514 4968 1728 5039 Spiriti-

162 5053 249 5125 bus,
272 5075 319 5118 et
366 5080 394 5117 a
435 5065 717 5137 perversis
765 5063 1073 5118 hominibus
1120 5060 1395 5117 custodire
1438 5059 1717 5131 dignetur;

160 5154 250 5221 quia
273 5157 317 5213 in
345 5159 444 5217 hac
472 5161 604 5216 vitae
637 5175 770 5215 meae
800 5159 1229 5230 peregrinatione
1255 5158 1394 5214 mala
1434 5173 1521 5214 me
1560 5157 1721 5212 simul

161 5250 199 5297 et
216 5248 353 5305 multa
367 5251 726 5316 circumdant,
750 5251 820 5305 ita
847 5259 903 5305 ut
924 5267 1044 5306 cum
1073 5250 1354 5306 Psalmista
1374 5249 1494 5321 jure
1507 5248 1680 5305 dicam
1702 5265 1715 5302 :

162 5331 208 5390 In
230 5358 294 5396 me
323 5346 639 5400 transierunt
682 5346 773 5399 ira:
804 5354 934 5410 tute,
963 5352 1010 5397 et
1041 5352 1256 5398 terrores
1285 5343 1360 5396 tui
1387 5340 1721 5396 conturbave-

163 5443 355 5491 "nime.
400 5436 862 5492 Circumdedcrunt
908 5454 986 5491 me
1011 5437 1139 5492 sicut
1188 5453 1321 5507 aqua
1350 5446 1454 5490 tota
1493 5435 1595 5504 die,
1622 5436 1725 5489 cir—

162 5526 482 5585 cumdederunt
529 5547 611 5586 me
661 5528 819 5585 simul
875 5529 1096 5602 (l’salut.
1155 5527 1417 5602 pxxxvn).
1473 5528 1722 5587 C(Blestis

162 5619 293 5682 gratia
320 5631 372 5678 et
395 5638 497 5679 nos
528 5624 582 5679 in
614 5624 857 5689 urbibus,
886 5633 939 5680 et
959 5639 1057 5681 vos
1078 5623 1277 5696 ubique
1301 5631 1565 5696 protegat,
1595 5624 1721 5697 quia

164 5710 376 5782 antiquus
394 5714 577 5771 hostis
600 5725 863 5771 terrarum
886 5715 1016 5771 locis
1037 5731 1067 5770 a
1089 5716 1379 5771 tcntatione
1408 5731 1512 5772 non
1542 5714 1720 5769 exclu-

164 5796 311 5859 ditur:
340 5808 462 5878 quia
503 5807 551 5861 si
585 5806 637 5863 in
669 5808 920 5879 paradiso
945 5807 1219 5864 hominem
1268 5807 1458 5863 stravit
1486 5806 1721 5879 (Cenes,

165 5893 242 5962 Ill),
265 5899 374 5967 quis
396 5900 552 5955 locus
581 5910 729 5956 extra
772 5900 1079 5971 paradisum
1128 5914 1251 5957 esse
1298 5910 1505 5971 potest,
1536 5901 1588 5955 in
1617 5914 1724 5970 quo

169 5999 341 6048 mentes
368 5993 648 6052 hominum
674 6003 959 6069 penetrare
972 6009 1078 6053 non
1104 5994 1313 6052 valeat?
1334 5993 1554 6066 Antiqui
1581 5994 1723 6053 enim

1825 4890 1895 4946 Et
1922 4888 2138 4960 quando
2168 4886 2309 4941 bona
2356 4882 2517 4940 audio
2548 4882 2615 4938 de
2643 4880 2822 4947 vobis,
2872 4880 3221 4953 congratulor
3248 4879 3382 4936 satis
3414 4895 3430 4934 :

1824 4993 1879 5041 et
1909 4990 2162 5047 econtra,
2191 4978 2406 5052 quando
2452 4977 2709 5044 adversa,
2743 4976 2908 5033 nimis
2953 4976 3271 5034 conturbor.
3319 4977 3433 5048 Ego

1824 5093 1956 5136 vero
1981 5076 2225 5149 quamvis
2273 5089 2305 5129 a
2353 5072 2504 5131 vobis
2535 5088 2631 5144 per
2662 5072 2819 5145 longa
2850 5081 3120 5130 terrarum
3150 5070 3431 5130 intervalla

1825 5170 2131 5242 disjunctus
2160 5168 2285 5236 sim,
2328 5182 2448 5224 sum
2479 5174 2661 5223 tamen
2691 5166 2916 5223 omnino
2948 5166 3225 5222 vobiscum
3264 5161 3430 5218 corde

1824 5264 2141 5336 conjunctus
2159 5261 2248 5336 (S.
2267 5260 2589 5334 Greg.epist.
2613 5259 2707 5330 '56,
2731 5261 2849 5316 libri
2867 5261 2965 5332 tv).
2983 5257 3218 5330 Ideoque
3244 5256 3310 5311 de
3330 5269 3428 5310 ve-

1827 5367 1938 5417 stra
1967 5355 2300 5414 beatitudine
2316 5371 2445 5428 erga
2466 5371 2554 5412 me
2568 5355 2745 5412 modis
2775 5354 3025 5411 omnibus
3051 5348 3286 5416 confido,
3303 5348 3432 5419 quia

1826 5468 1948 5512 cum
1971 5467 2060 5508 me
2081 5451 2320 5508 vicissim
2344 5450 2585 5523 diligitis,
2617 5465 2647 5506 a
2670 5465 2757 5507 me
2785 5450 2941 5521 longe
2962 5463 3069 5503 non
3095 5444 3246 5501 estis.
3280 5442 3434 5501 Unde

1830 5546 2003 5619 magis
2042 5546 2246 5618 gratias
2291 5544 2578 5601 referimus
2607 5543 2687 5601 illi
2727 5557 2895 5616 grano
2921 5538 3122 5609 sinapis
3176 5534 3471 5611 (Matth.,'

1822 5656 1956 5707 xm;
1989 5637 2183 5709 illam,
2214 5654 2304 5708 1v;
2339 5637 2494 5707 Luc.,
2526 5639 2668 5711 xm),
2700 5636 2843 5708 quod
2869 5649 2933 5690 ex
2960 5631 3160 5689 modici
3187 5632 3436 5705 despica-

1826 5733 2060 5806 bilisque
2108 5732 2332 5789 seminis
2376 5733 2580 5804 specie,
2628 5730 2700 5786 ita
2740 5727 2907 5785 ramis
2932 5740 2999 5783 ex
3030 5727 3221 5784 eadem
3250 5726 3433 5784 radice

1827 5828 2192 5904 surgentibus,
2241 5836 2403 5899 atque
2448 5841 2509 5885 se
2547 5821 2998 5892 distendentibus,
3047 5836 3431 5897 usquequaque

1922 5980 2002 6063 (l)
2028 5972 2188 6046 Falsa
2216 5972 2548 6055 temporibus
2566 5990 2711 6045 nota.
