3970 6280
551 336 621 392 87
1591 332 1768 391 SIXTI
1809 333 2013 393 PAPJE
2055 334 2099 392 ιι
2142 331 2502 393 ΕΡΙΞΤΟΙΛΕ
2541 334 2791 394 ΒΗΒΙᾸέ.
3784 335 3851 393 88

552 452 811 511 diffusum
834 462 939 523 est,
970 463 1028 510 ut
1054 454 1105 510 in
1133 452 1213 510 eis
1239 450 1482 508 volatilia
1509 453 1841 509 ccelieuneta
1873 451 2151 509 nidificent
2178 455 2231 516 Α
2254 453 2391 509 venit
2421 451 2663 523 (Matth.,
2690 451 2868 527 xvtn).
2920 451 2990 509 Et
3031 464 3357 526 quamquam
3391 450 3535 523 juxta
3563 450 3852 511 Salvatoris

556 547 801 619 (Matth.,
830 548 945 620 xm)
971 567 984 602 :
1013 547 1289 619 gratiaque
1307 547 1379 601 sit
1402 545 1666 602 fermento
1693 546 1787 613 illi,
1816 545 1960 617 quod
1990 545 2161 603 tribus

549 640 743 697 farina:
766 641 896 695 satis
923 638 1099 711 (Luc.,
1133 639 1273 710 xm),
1323 639 1485 694 totius
1512 638 1734 694 humani
1764 639 1979 710 generis
2013 653 2158 694 mas-

552 747 668 788 sam
701 733 751 786 in
784 733 987 789 unitate
1015 734 1320 805 conspersit
1373 751 1385 787 :
1434 743 1594 805 atque
1631 750 1798 802 parvo
1847 733 2035 805 lapidi,
2067 733 2162 805 qui

553 825 796 882 abscisus
814 826 881 882 de
905 840 1088 882 monte
1111 829 1229 883 sine
1252 826 1520 892 manibus,
1543 828 1827 898 occupavit
1854 828 2157 882 universam

549 920 741 975 faciem
784 921 935 975 urbis
981 930 1140 977 terra:
1192 919 1383 994 (Dom,
1432 919 1516 992 ιι).
1550 920 1648 988 Qui
1681 920 1746 974 ad
1778 920 1880 976 hoc
1910 928 2157 975 naturam

549 1027 755 1071 nosme
797 1016 1000 1081 carnis,
1049 1024 1105 1071 et
1134 1025 1306 1070 status
1344 1015 1557 1070 servilis
1585 1015 1811 1070 formam
1853 1029 2157 1081 assumens,

549 1107 829 1164 humiliter
858 1124 918 1164 se
947 1124 1336 1180 usquequaque
1359 1108 1634 1169 distendit.
1664 1118 1722 1161 ut
1752 1108 1897 1162 omni
1922 1108 2159 1162 humano

546 1217 746 1274 genere
797 1203 850 1257 in
897 1201 1155 1256 unitatem
1205 1201 1447 1263 redacto,
1483 1200 1646 1254 totius
1695 1212 1893 1270 corpus
1946 1198 2157 1254 unitum

546 1296 834 1366 perliceret
881 1293 1130 1350 ecclesia:
1186 1310 1199 1346 :
1249 1301 1412 1363 atque
1441 1292 1510 1346 ita
1542 1290 1608 1346 ad
1638 1291 1794 1346 istius
1823 1291 2158 1362 compaginis

548 1390 849 1463 pertineret
871 1387 1236 1455 commodum,
1265 1387 1631 1442 membrorum
1661 1384 1901 1456 partialis
1930 1385 2027 1439 ista
2045 1384 2157 1441 dis-

546 1483 761 1538 tinctio.
796 1481 949 1537 Unde
980 1495 1079 1536 nos
1106 1495 1319 1551 quoque
1346 1496 1374 1533 a
1407 1477 1563 1534 vobis
1607 1478 1766 1549 longe
1808 1492 1915 1532 non
1942 1491 2151 1543 sumus,

546 1574 670 1645 quia
703 1575 754 1628 in
788 1575 902 1638 illo,
950 1573 1040 1643 qui
1071 1573 1269 1643 ubique
1304 1580 1405 1637 est,
1453 1586 1617 1625 unum
1660 1584 1868 1625 sumus.
1919 1570 2156 1640 Agamus

542 1684 673 1740 ergo
700 1669 748 1724 ei
779 1668 1001 1739 gratias,
1035 1666 1126 1738 qui
1158 1665 1352 1721 solutis
1380 1664 1677 1720 inimicitiis
1717 1664 1771 1718 in
1819 1678 1987 1719 carne
2030 1678 2151 1732 sua,

541 1764 669 1820 fecit
721 1774 779 1818 ut
826 1764 878 1818 in
924 1764 1070 1818 omni
1118 1763 1250 1818 orbe
1279 1772 1543 1818 terrarum
1579 1776 1716 1816 unus
1746 1768 1892 1817 esset
1915 1775 2067 1831 grex,
2099 1768 2155 1816 et

2263 548 2608 614 sententiam,
2644 563 2843 603 necesse
2866 547 2934 603 sit
2958 548 3126 603 venire
3149 547 3398 604 scandala
3424 564 3443 602 :
3469 562 3546 603 me
3568 556 3731 602 tamen
3768 561 3854 618 per

2262 655 2411 709 quem
2431 640 2658 693 ueniunt.
2693 638 2766 695 De
2794 640 3022 695 occultis
3042 640 3185 696 enim
3213 638 3395 696 cordis
3423 637 3691 710 (Prosperi
3724 648 3851 693 sent.

2261 731 2354 796 21.
2387 741 2437 788 et
2465 731 2527 788 S.
2559 732 2774 804 August.
2806 733 2859 787 in
2888 733 3121 788 eumdem
3152 730 3443 805 Psalmum)
3472 733 3630 789 alieni
3658 742 3857 789 temere

2259 824 2524 895 judicare,
2560 837 2840 895 peccatum
2866 837 2951 882 est
2980 844 2993 881 :
3024 836 3079 883 et
3126 841 3249 883 eum
3297 828 3451 895 cujus
3477 841 3582 883 non
3615 825 3859 882 videntur

2264 934 2431 993 opera
2462 920 2565 975 nisi
2592 919 2755 986 bona,
2780 921 3023 992 iniquum
3051 929 3217 977 estex
3237 920 3545 991 suSpicione
3567 917 3859 991 reprehen-

2262 1013 2414 1082 dere,
2438 1028 2561 1069 cnm
2605 1030 2817 1082 eorum,
2848 1030 2968 1086 quas
3000 1014 3203 1071 homini
3237 1024 3363 1071 sunt
3391 996 3682 1085 incognita,
3713 1012 3857 1069 solus

2263 1104 2407 1160 Deus
2449 1104 2617 1174 judex
2647 1107 2717 1161 sit
2742 1105 2941 1177 justus,
2972 1108 3061 1179 qui
3093 1106 3368 1176 inspector
3391 1116 3476 1163 est
3502 1121 3680 1162 verus.
3713 1104 3858 1162 Unde

2260 1198 2523 1269 scriptum
2555 1208 2640 1255 est
2672 1217 2686 1255 :
2720 1200 2928 1256 Incerta
2958 1216 3061 1255 non
3081 1201 3395 1273 judicemus,
3425 1217 3686 1273 quousque
3703 1199 3857 1255 adve-

2260 1290 2371 1346 niat
2401 1289 2674 1361 Dominus,
2704 1292 2791 1363 qui
2816 1302 2863 1347 et
2885 1293 3194 1348 illuminabit
3215 1292 3513 1350 abscondita
3542 1292 3859 1348 tenebrarum

2259 1394 2308 1440 et
2335 1385 2683 1458 manifestabit
2712 1386 2927 1441 consilia
2952 1387 3185 1441 cordium
3212 1387 3256 1457 (Ι
3285 1386 3429 1454 Cor.,
3462 1387 3520 1458 4)
3548 1386 3640 1458 (In
3669 1385 3853 1442 decret.

2260 1477 2457 1545 Ivonis,
2486 1479 2606 1534 libri
2629 1479 2732 1549 ιν).
2766 1480 2835 1536 Et
2861 1482 3107 1552 quamvis
3133 1497 3263 1538 vera
3290 1483 3399 1537 sint
3443 1481 3531 1553 (S.
3571 1480 3706 1537 Isid.
3755 1480 3858 1552 Sy—

2257 1587 2379 1626 non.
2415 1587 2475 1639 n,
2508 1589 2556 1627 c.
2587 1572 2704 1643 16),
2732 1586 2838 1628 non
2872 1580 3050 1629 tamen
3079 1572 3350 1629 credenda
3379 1582 3523 1639 sunt,
3554 1574 3659 1629 nisi
3701 1570 3859 1628 certis

2257 1665 2475 1721 indiciis
2500 1667 2943 1737 comprobantur,
3000 1667 3103 1723 nisi
3164 1682 3285 1738 qua:
3337 1668 3622 1724 manifesto
3664 1666 3862 1739 judicio

2257 1758 2678 1825 convincuntur,
2707 1760 2809 1814 nisi
2837 1775 2959 1831 quae
2984 1759 3270 1831 judiciario
3290 1760 3481 1818 ordine
3503 1762 3863 1833 publicantur.

538 1871 703 1912 unum
727 1856 866 1911 ovile
882 1856 982 1911 sub
1010 1871 1118 1910 uno
1149 1864 1399 1927 pastore;
1429 1868 1648 1924 semper
1674 1868 1965 1919 memores,
1993 1852 2139 1923 quod
2172 1856 2219 1917 Β
2248 1848 2436 1906 Nullus
2484 1865 2614 1922 ergo
2665 1859 2845 1920 potest
2898 1851 3133 1907 humano
3183 1850 3534 1908 condemnari
3591 1852 3860 1919 examine,

540 1963 639 2004 vos
668 1948 909 2002 veritatis
950 1948 1271 2018 praedicator
1314 1947 1625 2014 admoneat,
1659 1947 1846 2002 dicens
1880 1962 1893 1999 :
1925 1945 2152 2001 Solliciti

540 2050 736 2097 servate
762 2041 1008 2095 unitatem
1035 2042 1245 2109 spiritus
1274 2041 1330 2094 in
1377 2039 1579 2095 uinculo
1607 2042 1749 2112 pacis
1776 2038 2020 2111 (Ephes.,
2052 2039 2151 2112 tv).

543 2134 834 2192 Vinculum
863 2135 1009 2189 enim
1040 2134 1188 2205 pacis
1218 2148 1382 2190 nemo
1413 2143 1616 2193 servat.
1666 2134 1793 2189 dum
1822 2132 1989 2189 alium
2020 2131 2157 2188 infe-

542 2238 651 2285 stat
678 2237 771 2283 aut
802 2227 1006 2295 verbis,
1037 2237 1131 2282 aut
1160 2226 1315 2282 factis
1344 2228 1706 2298 persequitur.
1755 2226 1904 2293 Ideo,
1938 2228 2152 2297 fratres,

542 2321 644 2378 ista
668 2321 1024 2392 praetulimus,
1041 2320 1162 2391 quia
1185 2319 1490 2374 audivimus
1508 2320 1650 2375 inter
1664 2333 1762 2375 vos
1782 2320 2156 2376 accusationes

540 2418 808 2483 exerceri,
832 2423 891 2471 et
914 2417 1099 2485 pulsos
1115 2430 1145 2471 a
1168 2415 1390 2472 sedibus
1411 2414 1718 2485 episcopos,
1745 2423 1840 2469 aut
1856 2414 1968 2470 suis
1991 2413 2156 2471 rebus

542 2511 851 2583 expoliatos
876 2511 1134 2582 judicari.

614 2603 1080 2675 l.—Quapr0pter
1108 2612 1369 2659 statutum
1398 2613 1503 2669 est,
1522 2612 1580 2659 ut
1600 2604 1644 2658 si
1677 2604 1796 2673 quis
1823 2614 2013 2661 contra
2042 2607 2155 2677 epi-

538 2710 762 2768 scOpum
793 2697 876 2751 vel
906 2705 1117 2752 actores
1150 2697 1425 2763 Ecclesiar,
1453 2711 1512 2751 se
1542 2697 1819 2766 proprium
1861 2698 2158 2756 crediderit

542 2789 750 2846 habere
769 2791 1042 2861 negotium
1068 2787 1292 2862 (Hadn,
1310 2789 1458 2853 coll.,
1483 2805 1529 2843 c.
1554 2789 1611 2855 2,
1639 2805 1703 2843 ea:
1722 2787 1881 2843 Conc.
1898 2790 2077 2845 Aurel.
2102 2807 2155 2859 v,

542 2908 662 2947 can.
721 2889 864 2963 17),
913 2908 1021 2946 non
1071 2892 1221 2962 prius
1269 2892 1428 2948 adeat
1474 2891 1704 2961 iudices,
1754 2905 1913 2961 quam
1943 2888 2011 2942 ad
2063 2901 2159 2943 eos

545 2993 795 3041 recurrat
854 2984 1375 3052 charitalisstudio,
1441 2994 1499 3039 ut
1555 2983 1805 3039 familiari
1891 2982 2160 3053 colloquio

544 3078 885 3145 commoniti,
936 3094 999 3134 ea
1050 3092 1248 3134 sanare
1297 3077 1550 3144 debeant,
1611 3093 1730 3148 qua:
1784 3076 1837 3132 in
1889 3076 2161 3146 querimo-

548 3171 691 3226 niam
718 3169 1074 3226 deducuntnr.
1109 3170 1264 3239 Quod
1293 3170 1340 3225 si
1371 3171 1528 3226 aliter
1554 3169 1749 3241 egerit,
1780 3169 2162 3225 communione

548 3265 812 3335 privetur.

624 3354 970 3412 ll.—Nemo
1000 3357 1318 3427 pontiﬁcum
1369 3355 1627 3425 deinceps
1672 3356 1906 3427 aliquem
1955 3356 2169 3428 episco-

556 3463 687 3520 pum
732 3448 844 3503 suis
881 3449 1208 3519 expoliatum
1236 3449 1398 3503 rebus
1417 3491 1430 3512 ,
1458 3456 1551 3503 aut
1580 3463 1607 3501 a
1636 3448 1767 3503 sede
1799 3448 2035 3517 pulsum,
2067 3465 2163 3505 ex-

557 3540 964 3596 communicare
984 3550 1078 3595 aut
1102 3538 1350 3609 judicare
1376 3550 1685 3610 prtesumat,
1714 3542 1837 3611 quia
1867 3556 1970 3596 non
2002 3541 2167 3610 privi-

556 3635 792 3707 legium,
821 3651 928 3706 quo
956 3635 1215 3705 expoliari
1258 3636 1427 3706 possit
1465 3636 1576 3706 jam
1624 3635 1854 3691 nudatus
1899 3635 2074 3708 (Idem
2113 3638 2167 3691 in

561 3729 751 3784 ticeret.
781 3730 1066 3784 Alexandri
1097 3746 1265 3802 papce,
1296 3738 1342 3785 et
1369 3732 1422 3785 in
1452 3730 1638 3787 decret.
1666 3729 1800 3785 Julii
1830 3731 2021 3803 papaz).

634 3822 722 3879 Ill.
744 3822 1017 3879 —Nullus
1044 3825 1332 3895 episcopus
1364 3824 1582 3881 alterius
1612 3825 1994 3895 parochianum
2022 3841 2158 3897 pra:-

564 3925 747 3973 sumat
784 3917 1039 3983 retinere,
1083 3926 1177 3973 aut
1213 3918 1464 3975 ordinare
1488 3919 1693 3991 absque
1718 3919 1835 3990 ejus
1864 3921 2164 3988 voluntate,

568 4009 656 4065 vel
676 4008 921 4078 judicare
946 4026 958 4063 :
990 4011 1112 4081 quia
1142 4011 1282 4067 sicut
1311 4011 1463 4067 irrita
1492 4012 1609 4083 ejus
1650 4013 1754 4067 erit
1775 4012 2063 4079 ordinatio,
2095 4014 2167 4069 ita

568 4110 625 4157 et
644 4100 992 4172 dijudicatiox
1002 4100 1170 4156 Hadr.
1201 4104 1325 4159 coll.
1349 4120 1393 4159 c.
1428 4103 1551 4175 l6);
1582 4103 1833 4175 quoniam
1855 4120 2165 4174 censemus,

568 4193 777 4250 nullum
829 4194 1052 4251 alterius
1099 4195 1319 4265 jndicis,
1379 4197 1479 4253 nisi
1523 4199 1630 4265 sui,
1680 4200 1945 4254 sententia
2000 4200 2170 4255 teneri

570 4288 831 4359 (Atrianus
851 4289 918 4343 ad
936 4299 1098 4344 const.
1118 4290 1326 4344 unicum
1352 4292 1432 4345 tit.
1455 4290 1541 4357 16,
1569 4290 1659 4347 lib.
1677 4307 1750 4359 Iv,
1779 4293 1894 4348 cod.
1919 4291 2166 4365 Tlteod.).

2253 1958 2414 2014 quem
2460 1943 2599 1999 Deus
2627 1957 2726 1998 suo
2774 1942 2977 2014 judicio
3019 1944 3313 2000 reservavit
3356 1943 3566 2018 (Hadr.
3596 1945 3720 2001 coll.
3748 1960 3861 2012 cap.

2254 2036 2316 2092 5!
2351 2045 2397 2091 et
2428 2036 2533 2102 67;
2564 2046 2612 2091 et
2636 2036 2811 2092 Const.
2846 2035 3073 2109 Magnus
3102 2038 3171 2091 ad
3203 2036 3385 2092 Patres
3418 2036 3707 2111 Nicamos).
3743 2036 3864 2093 Hinc

2256 2128 2439 2183 omnia
2457 2142 2805 2197 summopere
2823 2136 2951 2184 sunt
2970 2128 3341 2201 prmcavenda,
3360 2144 3429 2185 ne
3452 2138 3865 2201 praesumptores

2256 2234 2379 2277 esse
2411 2220 2708 2276 videamur.
2733 2219 2804 2277 Et
2828 2221 3100 2277 aCCUSuliO
3140 2222 3515 2293 episcoporum
3545 2237 3654 2278 non
3681 2229 3766 2279 est
3791 2220 3865 2276 fav

2256 2313 2362 2370 cile
2387 2313 2716 2384 recipienda,
2748 2313 2961 2369 dicente
2983 2314 3208 2369 Domino
3232 2332 3246 2367 :
3279 2313 3400 2369 Non
3424 2316 3676 2384 suspicies
3701 2329 3867 2371 uocem

2255 2406 2509 2460 mendacii
2539 2403 2738 2474 (Exod.
2770 2404 2887 2472 25).
2919 2405 2990 2461 Ει
3018 2406 3311 2477 Apostolus
3338 2405 3395 2477 (Ι
3426 2405 3658 2462 Timoth.
3690 2405 3759 2479 ὅ)
3789 2408 3863 2462 in-

2257 2500 2394 2571 quit,
2436 2498 2699 2555 adversus
2727 2500 3105 2572 presbyterum
3149 2500 3564 2574 inscriptionem
3597 2518 3703 2560 non
3731 2503 3868 2559 reci-

2259 2593 2511 2664 piendam
2541 2593 2749 2662 absque
2776 2592 2987 2650 duobus
3029 2594 3116 2651 vel
3162 2596 3331 2651 tribus
3382 2595 3601 2653 idoneis
3652 2596 3871 2653 testibus

2260 2687 2425 2760 (Vide
2450 2688 2720 2758 epistolam
2751 2704 2806 2756 tt,
2842 2687 2977 2744 Julii
3005 2706 3174 2762 papaz,
3220 2691 3396 2745 eadem
3420 2693 3617 2755 νοθείας
3645 2692 3757 2747 labe
3785 2695 3872 2763 fte-

2261 2782 2484 2855 datam).
2517 2782 2573 2838 Si
2621 2783 2736 2837 haec
2764 2781 2831 2837 de
2865 2783 3197 2855 presbyteris
3229 2784 3311 2839 vel
3360 2785 3577 2840 caeteris
3631 2784 3873 2841 fidelibus

2260 2886 2386 2931 sunt
2417 2875 2790 2947 praecavenda,
2814 2885 3018 2948 quanto
3039 2877 3209 2948 magis
3237 2877 3304 2933 de
3332 2878 3649 2948 episcopis?
3674 2878 3873 2947 Quibus

2260 2971 2515 3043 cognitis,
2563 2971 2733 3042 magis
2764 2985 2862 3027 vos
2906 2971 3173 3026 dominari
3215 2970 3356 3027 velle
3396 2970 3747 3028 manifestum
3774 2980 3874 3037 est,

2263 3079 2425 3136 quam
2455 3065 2744 3121 consulere
2776 3063 3052 3133 fratribus,
3102 3073 3195 3119 aut
3227 3073 3535 3120 sustentare
3593 3079 3709 3133 eos,
3758 3064 3877 3137 quia

2265 3159 2443 3215 honor
2473 3158 2624 3214 inﬂat
2674 3159 2986 3230 superbiam
3023 3177 3037 3214 :
3072 3168 3127 3214 et
3168 3158 3312 3230 quod
3360 3161 3642 3231 provisum
3688 3168 3772 3220 εει
3817 3159 3879 3213 ad

2188 3254 2234 3318 C
2267 3252 2638 3319 concordiam,
2696 3252 2869 3309 tendit
2917 3251 2984 3307 ad
3034 3266 3254 3308 noxam.
3313 3253 3579 3308 Decuerat
3632 3268 3874 3324 namque,

2264 3346 2417 3418 juxta
2450 3344 2701 3417 praafatas
2742 3345 2976 3416 regulas,
3027 3352 3085 3399 nt
3113 3345 3157 3399 si
3189 3344 3389 3416 aliquid
3422 3346 3664 3415 egissent
3691 3353 3873 3401 contra

2268 3456 2426 3497 suum
2456 3438 2724 3506 ordinem,
2754 3437 3014 3494 mandare
3037 3437 3213 3503 nobis,
3240 3448 3295 3493 et
3319 3448 3632 3509 expectare,
3663 3437 3791 3511 quid
3812 3435 3874 3491 ad

2269 3541 2453 3590 vestra
2485 3531 2734 3588 consulta
2762 3530 3207 3597 rescriberemus,
3238 3530 3525 3597 intantum,
3554 3539 3617 3587 ut
3641 3532 3685 3586 si
3716 3530 3874 3587 etiam

2268 3627 2561 3700 quidquam
2637 3641 2801 3699 grave
2868 3625 3373 3695 intolerandumque
3439 3626 3871 3685 committerent,

2269 3728 2455 3775 nostra
2486 3719 2896 3789 prtestolaretur
2925 3731 3175 3782 censura,
3209 3726 3265 3772 ut
3311 3717 3444 3772 nihil
3479 3718 3631 3786 prius
3659 3727 3752 3772 aut
3778 3715 3877 3771 ali~

2268 3810 2398 3883 quid
2449 3810 2597 3867 aliud
2646 3811 3035 3878 deeernerctis,
3089 3826 3247 3882 quam
3299 3810 3443 3881 quod
3476 3811 3636 3867 nobis
3668 3811 3879 3883 placere

2270 3902 2655 3973 cognoveritis,
2684 3913 2739 3958 et
2763 3917 2793 3957 a
2824 3901 3027 3973 regulis
3056 3902 3369 3972 prmstitutis
3396 3902 3565 3969 nulla,
3601 3912 3694 3958 aut
3717 3902 3879 3974 negli-

2269 3996 2475 4068 gentia,
2530 4006 2623 4051 aut
2668 3997 3089 4069 praesumptione
3138 3996 3488 4053 recederetis.
3540 3998 3734 4055 Cesset
3780 3997 3881 4052 bu-

2266 4075 2527 4155 lusmodi,
2545 4088 2838 4160 necilliqui
2861 4104 2960 4144 nos
2984 4089 3037 4144 in
3069 4105 3165 4143 sua
3193 4089 3383 4143 nolunt
3404 4090 3649 4160 recipere
3665 4090 3881 4161 querela

2271 4182 2731 4249 velaccusatione,
2750 4192 3092 4247 nocumenta,
3121 4183 3244 4254 quia
3273 4199 3611 4255 nequaquam
3644 4186 3767 4240 talia
3793 4200 3884 4255 pa-

2274 4274 2641 4362 lienter‘ferre
2669 4290 2954 4346 possumus
2984 4275 3437 4342 machinamenta,
3467 4279 3726 4347 quoniam
3757 4292 3878 4332 con-

567 4380 704 4440 Nam
760 4383 852 4454 qui
898 4399 1023 4440 eum
1067 4383 1319 4439 ordinare
1371 4400 1478 4440 ηοη
1533 4386 1726 4456 ροιυίι,
1778 4402 1881 4442 nec
1924 4387 2171 4457 διώξητε
2272 4367 2419 4421 venit
2441 4367 2596 4423 nobis
2615 4367 3885 4439 paternarumsanctionumdiligenteressecns-

563 4475 839 4533 ullatenus
902 4475 1121 4547 poterit.
1188 4474 1293 4530 Ista
1352 4474 1496 4531 enim
1554 4476 1708 4532 vobis
1774 4474 2030 4548 deinceps
2084 4487 2170 4535 te-

564 4568 785 4639 nenda,
850 4577 906 4624 et
954 4566 1161 4641 “fratres
1223 4566 1460 4623 vicissim
1523 4566 1780 4639 adjuvare
1852 4568 2170 4626 mandamus

2271 4459 2445 4515 todes.
2475 4459 2664 4516 Merito
2695 4476 2922 4533 namque
2953 4477 3111 4518 causa
3156 4476 3254 4518 nos
3295 4464 3536 4534 reSpicit,
3583 4466 3628 4520 si
3671 4465 3884 4521 silentio

2274 4552 2547 4611 faveamus
2571 4557 2764 4611 errori.

569 4660 745 4734 (Idem
772 4662 827 4717 in
854 4661 1072 4717 decretis
1101 4659 1241 4716 Sixti
1268 4659 1309 4724 Ι,
1342 4669 1391 4715 et
1437 4658 1679 4715 similiter
1702 4660 1757 4716 in
1783 4661 1996 4716 decretis
2036 4660 2160 4717 Julii

2347 4644 2409 4701 V.
2430 4676 2499 4687 —-
2514 4646 2613 4703 Est
2639 4649 2856 4718 insuper
2876 4664 2905 4703 a
2928 4651 3128 4705 sanctis
3155 4650 3649 4719 praedecessoribus
3683 4661 3883 4708 nostris

568 4753 765 4824 rapa)-

643 4842 1058 4901 lV.--Fratres
1101 4861 1252 4913 vero,
1284 4862 1421 4918 quos
1466 4847 1659 4904 timore
1704 4855 1923 4903 terreno
1968 4847 2166 4918 injuste

566 4937 888 5005 damnastis,
916 4941 1107 4995 scitote
1136 4956 1163 4993 a
1197 4941 1352 4995 nobis
1385 4942 1527 5009 juste
1552 4957 1674 4998 esse
1704 4942 2002 4997 restitutos.
2035 4941 2165 5010 Qni-

563 5032 689 5098 bus,
719 5044 790 5086 ex
822 5030 990 5086 sancti
1020 5030 1163 5087 Petri
1192 5041 1246 5087 et
1274 5032 1571 5102 apostolica
1613 5037 1934 5090 auctoritate
1958 5035 2161 5103 omnia,

560 5139 684 5198 qua:
726 5124 808 5181 eis
834 5123 1013 5178 ablata
1043 5133 1186 5189 sunt,
1236 5125 1583 5194 integerrime
1619 5126 1768 5181 reddi
1799 5128 2161 5198 przrcipimus,

562 5219 611 5275 si
640 5232 746 5273 non
776 5215 942 5272 vultis
967 5231 1063 5271 vos
1088 5223 1145 5271 et
1176 5216 1446 5287 principes
1469 5217 1631 5273 vestri
1663 5234 1692 5272 a
1719 5219 1949 5291 collegio
1979 5228 2167 5275 nostro

557 5319 615 5369 et
661 5310 920 5368 membris
962 5309 1211 5367 ecclesias
1260 5313 1522 5382 separari.
1570 5311 1724 5369 Justo
1769 5313 1913 5369 enim
1959 5314 2166 5385 judicio

556 5403 657 5458 Dei
685 5403 842 5459 datur
871 5402 1189 5475 plerumque
1217 5404 1588 5474 peccatoribus
1619 5414 1881 5475 potestas,
1912 5423 2016 5477 qua
2042 5422 2165 5463 san-

552 5503 675 5551 ctos
698 5498 869 5567 ipsius
900 5509 1298 5570 persequantur
1322 5498 1593 5570 (Prosperi
1616 5511 1748 5557 sent.
1768 5500 1861 5566 25,
1893 5511 1941 5557 et
1968 5503 2031 5559 S.
2058 5504 2168 5558 Au-

551 5587 773 5657 gust.in
808 5587 898 5645 Ps.
932 5591 1151 5663 cxvm);
1200 5600 1259 5647 ut
1306 5591 1395 5663 qui
1438 5591 1633 5662 spiritu
1682 5592 1775 5648 Dei
1819 5592 2077 5663 juvantur
2105 5604 2160 5649 et

555 5689 809 5750 aguntur,
840 5680 971 5736 fiant
1011 5698 1107 5754 per
1154 5683 1399 5742 laborum
1447 5685 1705 5741 exercitia
1749 5684 2030 5741 clariores.
2076 5685 2162 5743 Illi

558 5777 736 5828 tamen
766 5776 856 5846 qui
898 5774 1000 5831 hoc
1042 5788 1225 5847 agunt,
1274 5780 1580 5835 nullatenus
1625 5778 1858 5835 evadent
1901 5792 2156 5849 poenam:

551 5863 694 5933 quia,
737 5878 795 5923 ut
820 5867 896 5924 ait
924 5866 1227 5926 Dominus:
1270 5869 1360 5927 Va:
1402 5871 1481 5929 illi
1526 5887 1617 5944 per
1657 5887 1809 5943 quem
1846 5871 2158 5945 scandalum

2268 4739 2586 4811 plerumque
2606 4741 2716 4811 jam
2732 4750 3014 4805 statutum,
3042 4753 3098 4799 ut
3121 4759 3279 4799 nemo
3300 4744 3588 4801 anathema
3618 4747 3677 4802 in
3700 4757 3884 4803 nostra

2265 4832 2591 4902 suspiciatur
2613 4835 2954 4891 accusatione
2971 4849 3153 4906 pressa
3168 4845 3348 4891 nostra
3362 4838 3709 4906 auctoritate,
3746 4852 3885 4909 prce-

2261 4919 3100 4990 sumptio;citenturhujusmodi,
3130 4937 3250 4977 cum
3277 4937 3375 4977 nos
3402 4939 3564 4995 super
3586 4924 3712 4981 illos
3749 4924 3888 4981 scia-

2264 5026 2414 5068 musa
2457 5013 2681 5069 Domino
2720 5014 3061 5082 constitutos,
3087 5029 3192 5069 non
3224 5014 3886 5086 illoSsupernos.Etsicut

2259 5108 2435 5177 major
2456 5122 2563 5163 non
2590 5118 2813 5180 potesta
2838 5107 3047 5164 minore
3068 5106 3323 5178 judicari,
3353 5109 3424 5163 ita
3452 5122 3551 5163 nec
3577 5109 3827 5182 colligari
3855 5126 3869 5174 ;

2270 5202 2402 5272 quia
2445 5216 2626 5257 rarum
2670 5210 2755 5256 est
2798 5215 2959 5258 omne
2984 5201 3127 5273 quod
3153 5216 3403 5273 magnum
3443 5210 3546 5259 est.
3595 5200 3886 5260 Portemns

2268 5306 2434 5349 onera
2465 5293 2705 5349 omnium
2733 5293 2822 5363 qui
2862 5302 3174 5364 gravantur,
3217 5296 3483 5365 quinimo,
3535 5294 3655 5351 hinc
3704 5305 3886 5366 portat

2268 5384 2324 5440 in
2348 5384 2504 5439 nobis
2523 5385 2713 5441 beatus
2734 5387 3011 5457 apostolus
3042 5386 3253 5452 Petrus,
3278 5387 3435 5455 cujus
3462 5386 3577 5443 vice
3607 5386 3885 5460 fungimur

2267 5475 2561 5548 legatione,
2593 5486 2650 5533 et
2672 5476 2829 5548 cujus
2855 5477 3039 5547 regula
3070 5476 3445 5543 informamur,
3477 5486 3751 5549 quatenus
3766 5478 3885 5549 ejus

2273 5570 2392 5627 fulti
2419 5572 2636 5639 auxilio,
2671 5571 2739 5627 ab
2764 5572 3016 5628 omnibus
3045 5587 3187 5627 nunc
3214 5580 3269 5627 et
3300 5571 3353 5627 in
3376 5581 3700 5643 perpetuum
3735 5582 3887 5628 tuea-

2269 5682 2392 5722 mur
2429 5666 2691 5722 adversis.
2745 5668 2872 5722 Data
2905 5683 3010 5724 xvtt
3040 5666 3300 5722 kalendas
3333 5667 3545 5739 augusti
3582 5662 3691 5737 (1),
3727 5665 3885 5722 Valc-

2267 5760 2424 5817 riano
2449 5767 2505 5815 et
2535 5760 2721 5828 Decio,
2751 5758 2884 5816 viris
2909 5758 3250 5829 clarissimis,
3282 5758 3622 5817 consulibus.

2258 5899 2338 5973 (l)
2355 5896 2643 5957 Adnotatio
2661 5895 2820 5954 falsa.
