3970 6306
169 387 232 446 89
941 384 1297 443 EPISTOL/E
1333 386 1496 458 QUeE
1534 387 1624 445 AD
1665 388 1927 449 SIXTUM
1966 390 2196 451 PAPAM
2237 394 2603 453 ATTINENT.
3001 434 3013 442 -
3376 402 3447 464 90

506 498 821 559 DECRETA
863 499 1042 559 SIXTI
1084 498 1373 558 SECUNDI

389 699 465 756 Ex
511 698 796 757 Gnarum
834 699 912 773 (2
949 716 1003 772 q.
1050 700 1084 756 6
1121 712 1176 757 et
1215 703 1249 757 5
1287 718 1340 774 q.
1384 704 1463 776 ὃ).

227 901 275 959 Si
302 899 415 973 quis
450 900 726 973 putaverit
752 914 812 956 se
837 914 866 953 a
900 900 1120 970 proprio
1151 903 1569 973 metropolitano
1615 920 1740 975 gra-

1763 507 1816 567 A
2307 509 2386 566 Ex
2425 526 2603 567 sonent
2644 527 2712 569 ur
2750 527 2936 571 suras.

1844 618 2014 690 Super
2043 622 2402 693 appellatione,
2449 625 2660 681 alterius
2699 628 2975 696 provinciae
3009 629 3218 711 judiees
3266 630 3450 689 audire

2463 733 2564 772 non
2592 727 2809 787 oportet.

1917 826 1973 882 Si
1996 827 2116 895 quis
2140 828 2371 884 clericus
2396 846 2558 900 super
2583 830 2910 900 quibuslibet
2940 833 3260 890 criminibus
3288 849 3449 891 accu-

1846 928 1997 976 satus
2026 920 2206 987 iuerit,
2236 922 2288 977 in
2319 923 2613 992 provincia,
2669 923 2723 978 in
2784 939 2887 994 qua
2937 926 3185 981 consistit
3228 926 3320 983 ille
3357 929 3451 998 qui

162 996 257 1049 vari
284 992 413 1063 apud
443 994 729 1063 primatem
756 992 1078 1056 dioeceseos,
1103 1002 1196 1048 aut
1227 1010 1394 1066 penes
1422 996 1719 1052 universali:

1842 1015 2106 1085 pulsatur,
2138 1030 2263 1069 snas
2294 1026 2547 1072 exerceat
2574 1018 2815 1073 actiones
2847 1035 2859 1071 :
2894 1034 2994 1074 nec
3021 1020 3294 1076 existimet
3319 1036 3445 1077 eum

164 1085 438 1159 apostolica:
465 1084 727 1142 Ecclesia:
756 1101 947 1158 papam
971 1086 1265 1169 judicetur.

1842 1119 2127 1163 accusator
2151 1124 2279 1164 suus
2308 1109 2458 1178 alibi,
2491 1121 2582 1165 aut
2611 1112 2823 1182 longius
2857 1112 2923 1168 ad
2950 1112 3209 1183 judicium
3241 1124 3452 1185 protra-

1846 1199 2107 1255 hendutn.

164 1376 3429 1402 mm

284 1752 517 1843 ρυλε
553 1752 710 1828 ΑΙ)
759 1752 1166 1830 SIXTUM
1216 1753 1347 1845 II,
1395 1755 1719 1831 PAPAI

1842 1758 1986 1831 ET
2019 1750 2583 1835 ‘MABTYRE
2595 1764 2682 1835 M
2733 1763 3076 1841 ΑΤΤῙΝ
3077 1766 3218 1843 ΕΝ
3219 1769 3322 1843 Τ.

1531 1945 2051 2002 mam

384 2110 753 2168 EPISTOLIE
791 2111 833 2166 l.
875 2111 1169 2170 DIONYSII
1210 2112 1684 2170 ALEXANDRINI
1721 2113 2032 2172 EPISCOPI
2070 2116 2164 2174 AD
2204 2117 2464 2175 SlX'l‘UM
2504 2119 2737 2176 PAPAM
2780 2120 3235 2181 FRAGMENTA.

157 2273 382 2344 Dionysius
404 2277 647 2344 epistolas
661 2285 900 2329 memorat
916 2290 944 2328 a
968 2291 1024 2329 se
1046 2280 1256 2342 scriptas
1285 2285 1389 2328 tum
1415 2277 1476 2326 ad
1506 2278 1811 2342 Stephanum
1835 2291 2027 2343 papam,
2048 2283 2154 2329 tum
2178 2279 2238 2329 ad
2261 2278 2546 2343 Dionysium
2573 2288 2626 2333 et
2648 2280 2993 2334 Philemonem
3013 2284 3355 2352 presbyteros,
3380 2287 3447 2337 de

1141 2363 1385 2426 baptismo
1408 2362 1756 2414 haereticorum
1781 2372 1834 2414 et
1852 2364 1917 2414 de
1937 2363 2118 2414 haeresi
2151 2362 2453 2414 Sabelliaua.

159 2520 187 2595 ’ρ
216 2514 252 2571 l.
295 2517 458 2571 Antea
498 2514 727 2587 quidem
773 2514 982 2570 litteras
1032 2514 1322 2585 scripserat
1369 2513 1807 2585 (51ορ1ιιιήιιε)Β

160 2607 428 2666 delleleno
470 2619 529 2666 et
583 2608 651 2664 de
682 2608 1029 2677 Firmiliano,
1088 2623 1152 2665 ac
1199 2609 1270 2666 de
1330 2609 1580 2665 omnibus
1634 2624 1731 2679 per

159 2698 370 2759 Ciliciam
395 2712 450 2760 et
471 2702 881 2774 Cappadociam
932 2710 1266 2773 cunctasque
1312 2702 1569 2759 ﬁnitimas
1598 2715 1728 2772 pro-

159 2793 331 2851 vincias
353 2796 694 2862 constitutis,
749 2804 954 2850 testans
981 2811 1105 2851 sese
1162 2796 1233 2850 ob
1285 2795 1529 2852 eamdem
1583 2796 1726 2850 illam

158 2902 342 2944 causam
370 2890 437 2945 ab
466 2890 692 2945 illorum
719 2892 1100 2944 communione
1132 2888 1498 2944 discessurum
1518 2931 1534 2955 ,
1586 2887 1728 2959 quod

158 2979 409 3040 hereticos
430 2983 858 3053 rebaptizarent.
903 2986 981 3038 Ac
1010 2982 1132 3038 vide
1158 2982 1358 3054 negotii
1387 2983 1726 3053 gravitatem.

156 3073 222 3133 Re
243 3081 373 3134 enim
416 3093 550 3134 vera
593 3077 646 3132 in
675 3077 925 3133 maximis
946 3120 960 3144 ,
1013 3087 1074 3132 ut
1122 3078 1282 3132 audio
1303 3120 1316 3143 ,
1347 3079 1725 3148 episc0porum

158 3171 366 3227 conciliis
400 3170 688 3230 decretum
717 3178 834 3236 est,
887 3179 944 3225 ut
983 3171 1075 3241 qui
1122 3171 1189 3225 ab
1220 3170 1413 3226 hatresi
1462 3170 1727 3237 veniunt,

159 3263 356 3330 primum
381 3264 636 3321 doctrina
654 3263 880 3319 instituti
897 3262 1203 3337 [catholica]
1226 3279 1288 3319 ac
1308 3264 1505 3320 deinde
1531 3264 1729 3320 veteris

159 3364 203 3411 et
224 3356 403 3428 impuri
427 3359 691 3417 fermenti
720 3358 970 3415 sordibus
1017 3374 1113 3430 per
1160 3360 1484 3430 baptismum
1537 3375 1729 3432 purga-

158 3461 333 3506 reutur.
377 3452 451 3508 De
491 3452 585 3508 his
629 3451 882 3508 omnibus
922 3451 1071 3507 illum
1103 3466 1299 3523 rogans
1351 3463 1405 3509 et
1451 3454 1730 3510 obtestans

161 3542 337 3603 litteras
357 3546 503 3604 misi.

1903 2516 2232 2573 Ἐπεστάλκιι
2279 2520 2370 2590 μὲν
2409 2514 2496 2572 οὖν
2551 2520 2803 2597 πρότερον
2834 2520 2852 2592 (
2880 2525 3165 2599 Στέφανος)
3200 2530 3290 2583 καί
3330 2532 3452 2606 περὶ

1831 2610 2032 2666 Ἐλένου
2062 2615 2287 2687 καὶπερὶ
2306 2613 2652 2687 Φιρμιλιανοῦ,
2683 2619 2771 2669 καὶ
2799 2617 3001 2673 πάντων
3026 2626 3126 2674 τῶν
3154 2641 3208 2675 τε
3232 2623 3335 2677 ἀπὸ
3356 2632 3450 2684 τῆς

1831 2706 2051 2767 Κιλικίας
2091 2711 2179 2761 καί
2226 2705 2597 2769 Καππαδοκίας
2643 2714 2731 2765 καὶ
2780 2711 3059 2778 Γαλατίας,
3108 2719 3197 2768 καί
3241 2717 3447 2771 πάντων

1830 2807 1930 2854 τῶν
1960 2800 2073 2864 ἑξῆς
2103 2798 2423 2875 ὁμορούντων
2449 2802 2618 2859 ἐθνῶν.
2650 2804 2719 2862 ὡς
2746 2801 2862 2858 οὐδὲ
2892 2806 3097 2866 ἐκείνοις
3127 2813 3446 2868 κοινωνήσων

1832 2888 1917 2946 διὰ
1958 2897 2048 2951 τήν
2090 2894 2249 2951 αὐτὴν
2290 2895 2482 2952 ταύτην
2525 2896 2714 2960 αἰτίαν,
2747 2895 2914 2952 ἐπειδέ
2965 2902 3085 2960 τοὺς
3135 2900 3444 2975 αἱρετικοὺς,

1833 2989 2003 3059 φησὶν,
2034 2986 2467 3050 ἀναϐαπτίζουσι.
2502 2990 2591 3041 καί
2620 2988 2805 3043 σκόπει
2833 2991 2892 3043 τὸ
2920 2992 3129 3062 μέγεθος
3155 2998 3245 3046 τοῦ
3272 2996 3444 3069 πράγ-

1833 3099 2016 3148 ματος.
2052 3074 2208 3138 ὅντως
2237 3082 2339 3154 ’γὰρ
2375 3078 2614 3153 δόγματα
2650 3084 2771 3155 περὶ
2798 3084 2986 3136 τούτου
3011 3086 3210 3156 γέγονεν
3240 3086 3290 3139 ἓν
3327 3094 3445 3147 ταῖς

1832 3174 2101 3245 μεγίσταις
2126 3177 2225 3225 τῶν
2247 3171 2542 3226 ἐπισκόπων
2568 3169 2821 3234 συνόδοις,
2847 3174 2915 3233 ὡς
2939 3176 3282 3247 πυνθάνομαι⁶
3304 3178 3440 3233 ὥστε

1832 3269 1952 3325 τοὺς
1979 3266 2292 3341 προσίοντας
2338 3265 2441 3320 ἀπὸ
2479 3265 2747 3339 αἱρέσεως,
2780 3267 3295 3340 προκατηχηθέντας,
3328 3264 3441 3323 εἶτα

1832 3358 2245 3425 ἀπολούσασθαι,
2272 3361 2360 3413 καί
2404 3359 2841 3434 ἀνακαθαίρεσθαι
2870 3360 2956 3414 τὸν
2984 3368 3075 3420 τῆς
3100 3360 3325 3422 παλαίας
3354 3367 3441 3417 καὶ

1831 3455 2125 3531 ἀκαθάρτου
2148 3456 2310 3527 ζύμης
2346 3454 2530 3529 ῥύπον.
2564 3458 2650 3509 καὶ
2676 3458 2795 3531 περὶ
2822 3456 3015 3511 τούτων
3045 3457 3205 3512 αὐτοῦ
3232 3458 3436 3514 πάντων

1832 3547 2067 3622 δεόμενος
2094 3550 2389 3644 ἐπέστειλα.

1213 3662 1276 3713 Et
1296 3661 1546 3727 aliquanto
1570 3667 1680 3727 post
1704 3666 2022 3728 prosequitur
2036 3662 2322 3727 Dionysius.

212 3764 258 3820 2.
286 3766 387 3824 Sed
414 3778 470 3825 et
492 3768 713 3825 dilectis
739 3770 1191 3843 compresbyteris
1216 3773 1418 3828 nostris
1464 3772 1721 3845 Dionysio

159 3869 202 3915 et
239 3861 562 3930 Philemoni,
610 3866 700 3936 qni
747 3866 894 3936 pritts
930 3881 1051 3922 cum
1093 3866 1371 3938 Stephano
1413 3868 1718 3924 consentie-

1896 3776 1990 3829 Καὶ
2032 3782 2139 3835 τοῖς
2191 3777 2475 3849 ἀγαπητοῖς
2523 3773 2577 3830 δέ
2625 3776 2766 3847 ἡμῶν
2806 3777 2894 3830 καί
2938 3777 3433 3856 συμπρεσϐυτέροις·

1825 3873 2069 3942 Διονυσίῳ
2098 3873 2185 3924 καὶ
2208 3870 2458 3943 Φιλήμονι,
2494 3869 2791 3944 συμψήφοις
2818 3871 3069 3947 πρότερον
3098 3874 3325 3947 Στεφάνῳ
3348 3895 3430 3948 γε·

159 3951 280 4024 bant,
303 3958 473 4032 deque
509 3959 705 4017 iisdem
737 3961 804 4016 ad
834 3977 921 4018 me
941 3964 1293 4035 scripserant,
1324 3973 1477 4021 antea
1509 3964 1719 4035 quidem

1835 3966 2073 4036 νομένοις,
2103 3966 2189 4017 καὶ
2232 3968 2351 4038 περί
2403 3970 2502 4018 τῶν
2542 3965 2711 4018 αὐτῶν
2760 3984 2845 4037 μοι
2874 3964 3129 4040 ’γράφουσι
3181 3968 3431 4044 πρότερον

158 4051 331 4123 paucis,
354 4070 499 4114 nunc
522 4070 656 4112 vero
678 4054 921 4127 pluribus
942 4056 1218 4128 rescripsi.

1752 4045 1796 4107 C
1830 4061 1920 4131 μὲν
1947 4057 2107 4130 ὀλίγα,
2134 4060 2221 4112 καί
2248 4063 2336 4111 νῦν
2360 4055 2413 4112 δέ
2440 4055 2526 4112 διὰ
2544 4056 2792 4113 πλετόνων
2820 4058 3112 4115 ἐπέστειλα.

1479 4194 1835 4251 νΑιιιοιιιιιι
1871 4192 2098 4250 NOTAE.

213 4329 359 4405 Antea
408 4335 619 4405 quidem
664 4335 877 4391 litteras.
944 4335 1036 4390 llis
1091 4336 1369 4405 praemittit
1426 4335 1706 4391 Eusebius.

164 4401 278 4481 t_Ad
320 4401 459 4481 hunc
489 4401 1516 4481 Xyslnm_(Ilionysinslsecundatn,de
1570 4408 1711 4481 Bap-

162 4478 293 4550 tistae
319 4478 844 4550 scripsitepistolam
866 4519 882 4543 .
923 4478 983 4533 in
1031 4494 1133 4550 qua
1162 4478 1420 4549 Stephani
1451 4478 1610 4550 sitnul
1650 4494 1714 4535 ac

160 4543 457 4620 reliquorum
520 4543 896 4620 episcoporum
949 4543 1275 4605 seuientiani
1326 4566 1389 4605 ac
1453 4548 1711 4617 indicium

162 4618 371 4692 exponit,
402 4621 472 4674 ita
502 4618 571 4676 de
618 4618 894 4692 Stephano
939 4622 1201 4692 scribens.
1236 4640 1256 4673 ι
1293 4621 1389 4676 Ubi
1431 4620 1548 4675 haec
1595 4623 1712 4690 cpi-

161 4686 272 4765 stola
299 4704 401 4765 non
430 4693 670 4749 secunda
718 4686 785 4748 ad
816 4693 1063 4764 Xystnm,
1096 4691 1203 4765 sed
1230 4693 1464 4765 secunda
1487 4693 1555 4746 de
1586 4686 1715 4765 biP'

164 4762 297 4837 {istuc
339 4762 541 4837 dicitur
570 4764 733 4837 :quia
791 4762 1356 4837 nimirumliiusebius
1406 4764 1475 4819 ab
1520 4764 1713 4819 eodem

164 4823 388 4903 Dionysio
417 4834 487 4890 de
517 4823 703 4891 eadem
732 4851 788 4891 re
816 4853 977 4891 unam
1004 4835 1070 4890 ad
1099 4834 1431 4906 Stephanum
1458 4838 1712 4906 scriptam

165 4907 264 4955 ante
281 4917 618 4963 memorant.
648 4907 952 4963 Consum.

223 4970 288 5046 De
311 4973 508 5032 Heleno
528 4990 575 5033 et
601 4979 665 5032 de
694 4977 1016 5033 Firmiliano.
1047 4977 1272 5033 Ruﬁnus
1295 4976 1389 5033 lib.
1419 4994 1487 5033 vn
1507 5018 1520 5041 ,
1553 4993 1602 5034 c.
1645 4980 1713 5046 4,

166 5045 327 5124 Vertit,
344 5051 415 5124 ad_
439 5047 809 5124 irmilianum
839 5062 885 5106 et
913 5049 1361 5124 Helenumietcﬂ
1386 5065 1450 5104 ac
1475 5050 1715 5124 subnexa

167 5118 377 5191 Epistula;
404 5119 562 5191 hujus
585 5123 749 5177 verba
773 5121 1526 5191 prmtermittit.Firmilianus,
1552 5122 1714 5187 epist.

168 5178 240 5247 75,
260 5188 317 5241 ad
341 5178 665 5263 Cyprianum
686 5234 700 5255 ,
729 5178 1105 5263 praedictarum
1148 5178 1542 5262 provinciarum
1568 5178 1716 5263 epis-

168 5265 304 5333 ξοροβ
352 5277 457 5316 uno
509 5261 848 5318 Orientalium
901 5265 1119 5319 nomine
1151 5261 1718 5333 complecteuspait

162 5320 462 5405 Stephanum
492 5336 652 5390 modo
691 5350 813 5390 cum
861 5337 1002 5391 Afris
1044 5336 1133 5405 qni
1176 5335 1229 5389 in
1279 5320 1505 5389 meridie
1540 5320 1712 5404 sunt,

169 5399 304 5477 modo
326 5419 439 5458 cum
462 5405 802 5461 Orientalibus
834 5423 1018 5477 pacem
1050 5399 1280 5477 rupisse.
1310 5405 1617 5462 Consum.

228 5467 477 5552 lieentum
495 5489 592 5552 est.
606 5478 765 5533 Icouii
794 5467 1044 5533 videlicet
1062 5467 1130 5533 ac
1142 5475 1473 5552 Synadzu.‘ut
1493 5478 1715 5552 inferius

171 5540 460 5620 inplicatur,
492 5550 715 5611 habitis.
748 5560 944 5620 prmtcr
982 5566 1043 5605 ea
1073 5540 1199 5619 qnzc'
1235 5550 1286 5603 in
1342 5546 1520 5604 Africa
1573 5550 1713 5605 cele-

170 5604 299 5666 brata
324 5604 462 5673 sunt;
488 5604 783 5676 Cousnn'i.

231 5678 450 5763 Primum
479 5692 710 5746 doctrina
758 5693 997 5747 instituti.
1051 5692 1425 5763 litterpt‘etalio
1477 5690 1711 5758 Valesii,

175 5764 732 5839 {fimumfatechumeni
759 5766 936 5833 ﬁerent
957 5805 986 5839 ,_
1006 5763 1126 5839 ideo
1167 5781 1271 5817 non
1326 5765 1544 5839 placet,
1589 5765 1712 5839 quia

177 5819 278 5911 illitis
303 5825 559 5911 inducitur
586 5819 780 5901 lector',
821 5845 880 5890 ut
898 5819 1353 5911 ‘rebaptizantiutn
1380 5819 1621 5911 judicio:
1633 5834 1714 5911 ab

179 5889 341 5955 h‘msi
405 5889 719 5965 venientes
741 5889 1254 5966 catechumenorum
1275 5889 1295 5891 ⁷⁷
1317 5889 1497 5964 munia
1565 5889 1713 5977 prius

1816 4335 1968 4390 obire
1990 4333 2482 4406 debuerint,quam
2510 4333 2835 4404 baptismum
2869 4337 3240 4406 perciperent.
3271 4338 3432 4396 Certe

1820 4408 1870 4462 in
1905 4406 2134 4460 concilio
2163 4405 2574 4478 Cartltagincnsi
2603 4423 2693 4470 ιιι,
2719 4410 2802 4461 cni
2831 4405 3135 4478 Cyprianus
3165 4410 3375 4477 praefuit
3397 4454 3411 4476 ,

1819 4480 2195 4547 episcoporum
2222 4477 2315 4537 86.
2345 4480 2643 4532 sententias
2671 4477 2930 4533 habemus
2967 4496 2980 4531 :
3017 4481 3112 4535 sed
3141 4496 3263 4536 cum
3287 4497 3384 4537 eos
3403 4524 3418 4547 ,

1818 4552 1906 4621 qni
1937 4551 2005 4604 ab
2040 4549 2231 4603 haeresi
2272 4549 2524 4621 veniunt,
2559 4549 2908 4621 baptizandus
2947 4566 3069 4607 esse
3108 4567 3299 4606 ontnes
3327 4553 3424 4607 de-

1819 4619 2790 4693 cernant;ut_prius__catechttrneni
2822 4621 2984 4693 ﬁant,
3037 4622 3218 4676 nullus
3265 4624 3422 4693 petit.

1820 4692 2049 4747 Tantum
2084 4689 2279 4747 Lucius
2304 4706 2334 4745 a
2371 4690 2640 4745 'l‘habeste
2664 4690 2832 4747 dixit:
2873 4712 2892 4743 ι
2931 4692 3224 4746 [hereticos
3250 4689 3416 4749 exse-

1819 4765 2052 4819 crandos
2073 4776 2302 4826 censeo,
2335 4771 2388 4815 et
2410 4761 2531 4833 ideo
2560 4761 2945 4833 exorciz-nndos
2976 4772 3031 4817 et
3059 4764 3416 4833 baptizandus

1819 4850 1941 4891 esse
1976 4852 1989 4887 ε
2028 4854 2047 4886 ι
2083 4843 2141 4889 ει
2186 4848 2306 4899 cap.
2335 4833 2426 4897 57,
2482 4830 2792 4886 Vincentius
2828 4849 2856 4885 ει
2884 4830 3143 4889 ΤΙιὶιιςιι-ἰξ
3184 4854 3203 4887 ι
3238 4836 3419 4892 l’rimu

1822 4922 1917 4979 per
1941 4919 2131 4979 manus
2161 4903 2558 4979 impositionetn
2590 4903 2640 4957 in
2667 4905 2971 4959 exorcismo
2992 4949 3006 4971 ,
3052 4906 3296 4961 secundo
3323 4924 3421 4979 per

1821 4977 2071 5046 baptismi
2127 4976 2590 5041 regenerationem
2641 4983 2768 5029 tunc
2824 4989 3050 5043 possunt
3100 4978 3169 5033 ad
3214 4976 3416 5033 Christi

1820 5049 2263 5120 pollicitationem
2289 5047 2501 5106 venire.
2546 5066 2563 5097 ι
2593 5062 2792 5120 manus
2821 5049 3265 5119 impos-itionem;
3292 5064 3415 5119 quae

1824 5116 1941 5189 ἰνθο
1968 5118 2223 5189 Stephani
2255 5132 2522 5171 consensu
2574 5116 2677 5172 illis
2713 5116 3017 5175 adhibenda
3048 5132 3201 5185 erat,
3251 5116 3416 5174 ex'or-

1822 5193 2049 5247 cismnnt
2100 5191 2505 5258 interpretatus.
2554 5189 2646 5244 lsti
2676 5192 2890 5259 quidem
2921 5193 3031 5246 Alri
3066 5193 3131 5245 de
3171 5190 3415 5245 doctrina
3462 5198 3465 5201 “

1824 5263 2081 5319 tradenda
2142 5264 2343 5331 pariter
2386 5261 2586 5315 silent:
2616 5263 2710 5315 sed
2743 5266 2874 5317 nihil
2916 5277 3053 5331 0an
3080 5272 3194 5318 erat
3227 5272 3283 5314 ut
3314 5260 3415 5315 hac

1821 5334 1890 5389 de
1917 5351 1973 5389 re
2004 5333 2295 5403 quidquam
2340 5334 2742 5400 prmciperetur,
2778 5349 2897 5388 cum
2928 5333 3238 5388 hmreticutn
3267 5374 3281 5397 ,
3311 5334 3412 5387 nisi

1820 5401 2485 5476 catltolicaittprofiteatur
2513 5404 2673 5457 iltlelll
2696 5446 2711 5469 ,
2758 5404 3126 5476 recipiendum
3158 5419 3264 5457 non
3293 5419 3415 5459 esse

1821 5476 1968 5546 leges
1987 5478 2107 5531 alite
2134 5475 2384 5530 (luceant.
2410 5475 2709 5546 Copsranr.

1895 5549 1972 5602 De
2000 5549 2077 5602 Itis
2103 5548 2431 5601 ontnibus....
2476 5544 2790 5600 Firtniliano
2837 5545 3043 5599 scilicet
3090 5544 3299 5600 lleleno
3349 5561 3415 5603 ac

1819 5622 2011 5686 sociis,
2057 5630 2113 5673 ιιι
2139 5633 2233 5673 cos
2264 5617 2569 5683 Stephanus
2591 5632 2618 5669 ει
2656 5615 3036 5671 connnnninne
3063 5631 3157 5673 sua
3186 5618 3411 5674 minime

1819 5700 2147 5762 segregaret.
2177 5688 2486 5762 Cousrasr.

1894 5756 2066 5832 Deqtte
2094 5761 2272 5815 iisdem
2298 5760 2364 5832 ad
2392 5775 2474 5832 me
2495 5758 2820 5826 scripserant.
2867 5756 3115 5815 Valesius
3169 5759 3255 5815 hic
3309 5759 3411 5815 ad-

1817 5834 1953 5890 didit
1978 5829 2150 5897 rebus,
2195 5830 2337 5903 quod
2367 5829 2588 5903 verbum
2612 5841 2793 5903 cum_u
2821 5843 3000 5903 grmco
3027 5833 3163 5887 absit
3187 5872 3201 5896 ,
3236 5846 3411 5903 neque

1818 5907 1982 5962 latine
2010 5896 2227 5961 videtur
2257 5899 2686 5971 exprimendum.
2737 5896 3035 5959 Commode
3067 5914 3245 5960 autem
3267 5896 3413 5959 illud
