  <div class='ocr_page' id='page_1' title='image "/cluster/home/n/w/nwhite01/storage/ocr_20150623/5/umn.31951002477299b/055.png"; bbox 0 0 3970 6290; ppageno 0'>
   <div class='ocr_carea' id='block_1_1' title="bbox 481 383 3791 460">
    <p class='ocr_par' dir='ltr' id='par_1_1' title="bbox 481 383 3791 460">
     <span class='ocr_line' id='line_1_1' title="bbox 481 383 3791 460; baseline -0.004 -5"><span class='ocrx_word' id='word_1_1' title='bbox 481 394 553 456; x_wconf 76' lang='grc'>91</span> <span class='ocrx_word' id='word_1_2' title='bbox 1272 384 1746 451; x_wconf 75' lang='lat' dir='ltr'><strong>EPISTULARUM</strong></span> <span class='ocrx_word' id='word_1_3' title='bbox 1782 388 1950 460; x_wconf 65' lang='grc' dir='ltr'><strong>(ξοΕ</strong></span> <span class='ocrx_word' id='word_1_4' title='bbox 1990 390 2083 448; x_wconf 86' lang='lat' dir='ltr'><strong>AD</strong></span> <span class='ocrx_word' id='word_1_5' title='bbox 2120 384 2382 449; x_wconf 74' lang='lat' dir='ltr'><strong>SIXTUM</strong></span> <span class='ocrx_word' id='word_1_6' title='bbox 2421 383 2659 445; x_wconf 75' lang='lat' dir='ltr'><strong>PAPAM</strong></span> <span class='ocrx_word' id='word_1_7' title='bbox 2698 383 3070 444; x_wconf 83' lang='lat' dir='ltr'><strong>ATTINENT.</strong></span> <span class='ocrx_word' id='word_1_8' title='bbox 3719 387 3791 444; x_wconf 66' lang='lat'><strong>9&#39;2</strong></span> 
     </span>
    </p>
   </div>
   <div class='ocr_carea' id='block_1_2' title="bbox 485 524 3788 594">
    <p class='ocr_par' dir='ltr' id='par_1_2' title="bbox 485 524 3788 594">
     <span class='ocr_line' id='line_1_2' title="bbox 485 524 3788 594; baseline -0 -16"><span class='ocrx_word' id='word_1_9' title='bbox 485 525 545 579; x_wconf 87' lang='lat' dir='ltr'><strong>In</strong></span> <span class='ocrx_word' id='word_1_10' title='bbox 586 527 760 581; x_wconf 89' lang='lat' dir='ltr'><strong>eadem</strong></span> <span class='ocrx_word' id='word_1_11' title='bbox 801 527 1012 594; x_wconf 87' lang='lat' dir='ltr'><strong>epistola</strong></span> <span class='ocrx_word' id='word_1_12' title='bbox 1040 524 1106 579; x_wconf 89' lang='lat' dir='ltr'><strong>de</strong></span> <span class='ocrx_word' id='word_1_13' title='bbox 1143 524 1442 579; x_wconf 83' lang='lat' dir='ltr'><strong>Sabellianis</strong></span> <span class='ocrx_word' id='word_1_14' title='bbox 1470 525 1750 589; x_wconf 69' lang='lat' dir='ltr'><strong>haereticis,</strong></span> <span class='ocrx_word' id='word_1_15' title='bbox 1792 529 1952 592; x_wconf 85' lang='lat' dir='ltr'><strong>inquit</strong></span> <span class='ocrx_word' id='word_1_16' title='bbox 1972 526 2240 588; x_wconf 85' lang='lat' dir='ltr'><strong>Eusebius,</strong></span> <span class='ocrx_word' id='word_1_17' title='bbox 2281 525 2491 589; x_wconf 86' lang='lat' dir='ltr'><strong>Histor.,</strong></span> <span class='ocrx_word' id='word_1_18' title='bbox 2526 525 2742 588; x_wconf 77' lang='lat' dir='ltr'><strong>lib.VIl,</strong></span> <span class='ocrx_word' id='word_1_19' title='bbox 2763 524 2828 590; x_wconf 56' lang='lat' dir='ltr'><strong>fc.</strong></span> <span class='ocrx_word' id='word_1_20' title='bbox 2856 526 2905 589; x_wconf 86' lang='lat'><strong>6,</strong></span> <span class='ocrx_word' id='word_1_21' title='bbox 2947 531 3002 576; x_wconf 93' lang='lat' dir='ltr'><strong>ut</strong></span> <span class='ocrx_word' id='word_1_22' title='bbox 3022 530 3141 591; x_wconf 87' lang='lat' dir='ltr'><strong>pote</strong></span> <span class='ocrx_word' id='word_1_23' title='bbox 3170 528 3259 590; x_wconf 85' lang='lat' dir='ltr'><strong>qui</strong></span> <span class='ocrx_word' id='word_1_24' title='bbox 3282 531 3400 577; x_wconf 89' lang='lat' dir='ltr'><strong>tunc</strong></span> <span class='ocrx_word' id='word_1_25' title='bbox 3423 526 3788 590; x_wconf 86' lang='lat' dir='ltr'><strong>increbescant,</strong></span> 
     </span>
    </p>
   </div>
   <div class='ocr_carea' id='block_1_3' title="bbox 1630 610 2550 663">
    <p class='ocr_par' dir='ltr' id='par_1_3' title="bbox 1630 610 2550 663">
     <span class='ocr_line' id='line_1_3' title="bbox 1630 610 2550 663; baseline 0 -2"><span class='ocrx_word' id='word_1_26' title='bbox 1630 611 1819 662; x_wconf 80' lang='lat' dir='ltr'><strong>Xistum</strong></span> <span class='ocrx_word' id='word_1_27' title='bbox 1845 614 2115 663; x_wconf 86' lang='lat' dir='ltr'><strong>certiorem</strong></span> <span class='ocrx_word' id='word_1_28' title='bbox 2129 610 2245 661; x_wconf 86' lang='lat' dir='ltr'><strong>facit</strong></span> <span class='ocrx_word' id='word_1_29' title='bbox 2264 612 2341 661; x_wconf 90' lang='lat' dir='ltr'><strong>bis</strong></span> <span class='ocrx_word' id='word_1_30' title='bbox 2368 611 2550 661; x_wconf 86' lang='lat' dir='ltr'><strong>verbis.</strong></span> 
     </span>
    </p>
   </div>
   <div class='ocr_carea' id='block_1_4' title="bbox 564 744 2117 823">
    <p class='ocr_par' dir='ltr' id='par_1_4' title="bbox 564 745 2117 817">
     <span class='ocr_line' id='line_1_4' title="bbox 564 745 2117 817; baseline -0.001 -14"><span class='ocrx_word' id='word_1_31' title='bbox 564 747 616 803; x_wconf 75' lang='grc'>5.</span> <span class='ocrx_word' id='word_1_32' title='bbox 643 746 770 801; x_wconf 87' lang='lat' dir='ltr'><strong>Nam</strong></span> <span class='ocrx_word' id='word_1_33' title='bbox 800 762 919 802; x_wconf 91' lang='lat' dir='ltr'><strong>cum</strong></span> <span class='ocrx_word' id='word_1_34' title='bbox 950 746 1019 802; x_wconf 91' lang='lat' dir='ltr'><strong>de</strong></span> <span class='ocrx_word' id='word_1_35' title='bbox 1044 745 1284 801; x_wconf 80' lang='lat' dir='ltr'><strong>doctrina</strong></span> <span class='ocrx_word' id='word_1_36' title='bbox 1305 790 1319 813; x_wconf 89' lang='lat'><strong>,</strong></span> <span class='ocrx_word' id='word_1_37' title='bbox 1365 762 1484 816; x_wconf 78' lang='lat' dir='ltr'><strong>quae</strong></span> <span class='ocrx_word' id='word_1_38' title='bbox 1514 762 1684 817; x_wconf 85' lang='lat' dir='ltr'><strong>nuper</strong></span> <span class='ocrx_word' id='word_1_39' title='bbox 1713 747 1853 816; x_wconf 88' lang='lat' dir='ltr'><strong>apud</strong></span> <span class='ocrx_word' id='word_1_40' title='bbox 1895 747 2080 802; x_wconf 87' lang='lat' dir='ltr'><strong>Ptole-</strong></span> <span class='ocrx_word' id='word_1_41' title='bbox 2111 798 2117 810; x_wconf 78' lang='grc'><strong>,</strong></span> 
     </span>
    </p>
   </div>
   <div class='ocr_carea' id='block_1_5' title="bbox 2225 744 3792 823">
    <p class='ocr_par' dir='ltr' id='par_1_5' title="bbox 2260 744 3792 823">
     <span class='ocr_line' id='line_1_5' title="bbox 2260 744 3792 823; baseline 0 -22"><span class='ocrx_word' id='word_1_42' title='bbox 2260 750 2376 823; x_wconf 86' lang='grc' dir='ltr'><strong>Περί</strong></span> <span class='ocrx_word' id='word_1_43' title='bbox 2397 749 2497 822; x_wconf 79' lang='grc' dir='ltr'>γὰρ</span> <span class='ocrx_word' id='word_1_44' title='bbox 2526 753 2615 801; x_wconf 90' lang='grc' dir='ltr'><strong>τοῦ</strong></span> <span class='ocrx_word' id='word_1_45' title='bbox 2643 752 2729 800; x_wconf 85' lang='grc' dir='ltr'><strong>νῦν</strong></span> <span class='ocrx_word' id='word_1_46' title='bbox 2757 747 3037 807; x_wconf 76' lang='grc' dir='ltr'><strong>κινηθέντος</strong></span> <span class='ocrx_word' id='word_1_47' title='bbox 3065 748 3115 801; x_wconf 81' lang='grc' dir='ltr'>ἐν</span> <span class='ocrx_word' id='word_1_48' title='bbox 3225 744 3525 819; x_wconf 73' lang='grc' dir='ltr'><strong>Πτολεμαΐδι</strong></span> <span class='ocrx_word' id='word_1_49' title='bbox 3551 754 3642 807; x_wconf 82' lang='grc' dir='ltr'>τῆς</span> <span class='ocrx_word' id='word_1_50' title='bbox 3673 756 3792 801; x_wconf 84' lang='grc' dir='ltr'>Πεν-</span> 
     </span>
    </p>
   </div>
   <div class='ocr_carea' id='block_1_6' title="bbox 492 836 2085 910">
    <p class='ocr_par' dir='ltr' id='par_1_6' title="bbox 492 836 2085 910">
     <span class='ocr_line' id='line_1_6' title="bbox 492 836 2085 910; baseline 0.001 -16"><span class='ocrx_word' id='word_1_51' title='bbox 492 836 721 894; x_wconf 87' lang='lat' dir='ltr'><strong>maidetn</strong></span> <span class='ocrx_word' id='word_1_52' title='bbox 771 838 960 895; x_wconf 81' lang='lat' dir='ltr'><strong>urbem</strong></span> <span class='ocrx_word' id='word_1_53' title='bbox 1019 838 1372 910; x_wconf 75' lang='lat' dir='ltr'><strong>Pentapoleos</strong></span> <span class='ocrx_word' id='word_1_54' title='bbox 1412 846 1554 893; x_wconf 81' lang='lat' dir='ltr'><strong>mota</strong></span> <span class='ocrx_word' id='word_1_55' title='bbox 1606 848 1721 904; x_wconf 86' lang='lat' dir='ltr'><strong>est,</strong></span> <span class='ocrx_word' id='word_1_56' title='bbox 1794 839 1956 909; x_wconf 89' lang='lat' dir='ltr'><strong>impia</strong></span> <span class='ocrx_word' id='word_1_57' title='bbox 2032 849 2085 895; x_wconf 89' lang='lat' dir='ltr'><strong>et</strong></span> 
     </span>
    </p>
   </div>
   <div class='ocr_carea' id='block_1_7' title="bbox 492 930 2084 1003">
    <p class='ocr_par' dir='ltr' id='par_1_7' title="bbox 492 930 2084 1003">
     <span class='ocr_line' id='line_1_7' title="bbox 492 930 2084 1003; baseline 0 -18"><span class='ocrx_word' id='word_1_58' title='bbox 492 930 650 1003; x_wconf 89' lang='lat' dir='ltr'><strong>plena</strong></span> <span class='ocrx_word' id='word_1_59' title='bbox 675 930 1024 1001; x_wconf 71' lang='lat' dir='ltr'><strong>blasphemia:</strong></span> <span class='ocrx_word' id='word_1_60' title='bbox 1054 932 1107 985; x_wconf 91' lang='lat' dir='ltr'><strong>in</strong></span> <span class='ocrx_word' id='word_1_61' title='bbox 1134 931 1298 986; x_wconf 89' lang='lat' dir='ltr'><strong>Deum</strong></span> <span class='ocrx_word' id='word_1_62' title='bbox 1327 931 1751 1001; x_wconf 89' lang='lat' dir='ltr'><strong>omnipotentem</strong></span> <span class='ocrx_word' id='word_1_63' title='bbox 1790 940 1847 986; x_wconf 90' lang='lat' dir='ltr'><strong>et</strong></span> <span class='ocrx_word' id='word_1_64' title='bbox 1880 942 2084 1001; x_wconf 90' lang='lat' dir='ltr'><strong>patrem</strong></span> 
     </span>
    </p>
   </div>
   <div class='ocr_carea' id='block_1_8' title="bbox 494 1023 2091 1094">
    <p class='ocr_par' dir='ltr' id='par_1_8' title="bbox 494 1023 2091 1094">
     <span class='ocr_line' id='line_1_8' title="bbox 494 1023 2091 1094; baseline -0.001 -14"><span class='ocrx_word' id='word_1_65' title='bbox 494 1024 707 1080; x_wconf 82' lang='lat' dir='ltr'><strong>Domini</strong></span> <span class='ocrx_word' id='word_1_66' title='bbox 764 1026 934 1079; x_wconf 87' lang='lat' dir='ltr'><strong>nostri</strong></span> <span class='ocrx_word' id='word_1_67' title='bbox 986 1023 1111 1081; x_wconf 81' lang='lat' dir='ltr'><strong>Jesu</strong></span> <span class='ocrx_word' id='word_1_68' title='bbox 1141 1024 1366 1090; x_wconf 87' lang='lat' dir='ltr'><strong>Christi,</strong></span> <span class='ocrx_word' id='word_1_69' title='bbox 1409 1023 1565 1094; x_wconf 87' lang='lat' dir='ltr'><strong>plena</strong></span> <span class='ocrx_word' id='word_1_70' title='bbox 1600 1024 1989 1080; x_wconf 80' lang='lat' dir='ltr'><strong>incredulitatis</strong></span> <span class='ocrx_word' id='word_1_71' title='bbox 2035 1032 2091 1080; x_wconf 90' lang='lat' dir='ltr'><strong>et</strong></span> 
     </span>
    </p>
   </div>
   <div class='ocr_carea' id='block_1_9' title="bbox 495 1116 2088 1190">
    <p class='ocr_par' dir='ltr' id='par_1_9' title="bbox 495 1116 2088 1190">
     <span class='ocr_line' id='line_1_9' title="bbox 495 1116 2088 1190; baseline 0.001 -17"><span class='ocrx_word' id='word_1_72' title='bbox 495 1116 733 1190; x_wconf 69' lang='lat' dir='ltr'><strong>perfltlire</strong></span> <span class='ocrx_word' id='word_1_73' title='bbox 754 1130 880 1189; x_wconf 84' lang='lat' dir='ltr'><strong>erga</strong></span> <span class='ocrx_word' id='word_1_74' title='bbox 901 1118 1067 1174; x_wconf 88' lang='lat' dir='ltr'><strong>filium</strong></span> <span class='ocrx_word' id='word_1_75' title='bbox 1097 1118 1213 1189; x_wconf 85' lang='lat' dir='ltr'><strong>ejus</strong></span> <span class='ocrx_word' id='word_1_76' title='bbox 1237 1119 1565 1189; x_wconf 84' lang='lat' dir='ltr'><strong>unigenitum</strong></span> <span class='ocrx_word' id='word_1_77' title='bbox 1593 1129 1647 1175; x_wconf 93' lang='lat' dir='ltr'><strong>et</strong></span> <span class='ocrx_word' id='word_1_78' title='bbox 1677 1120 2088 1189; x_wconf 78' lang='lat' dir='ltr'><strong>primogenitum</strong></span> 
     </span>
    </p>
   </div>
   <div class='ocr_carea' id='block_1_10' title="bbox 497 1210 2092 1283">
    <p class='ocr_par' dir='ltr' id='par_1_10' title="bbox 497 1210 2092 1283">
     <span class='ocr_line' id='line_1_10' title="bbox 497 1210 2092 1283; baseline 0.001 -18"><span class='ocrx_word' id='word_1_79' title='bbox 497 1210 673 1265; x_wconf 90' lang='lat' dir='ltr'><strong>omnis</strong></span> <span class='ocrx_word' id='word_1_80' title='bbox 699 1219 964 1265; x_wconf 67' lang='lat' dir='ltr'><strong>creatura:</strong></span> <span class='ocrx_word' id='word_1_81' title='bbox 993 1210 1225 1266; x_wconf 84' lang='lat' dir='ltr'><strong>Verbum</strong></span> <span class='ocrx_word' id='word_1_82' title='bbox 1269 1210 1537 1266; x_wconf 88' lang='lat' dir='ltr'><strong>hominem</strong></span> <span class='ocrx_word' id='word_1_83' title='bbox 1586 1212 1816 1276; x_wconf 86' lang='lat' dir='ltr'><strong>factum,</strong></span> <span class='ocrx_word' id='word_1_84' title='bbox 1870 1222 1922 1267; x_wconf 87' lang='lat' dir='ltr'><strong>et</strong></span> <span class='ocrx_word' id='word_1_85' title='bbox 1972 1228 2092 1283; x_wconf 65' lang='lat' dir='ltr'><strong>quae</strong></span> 
     </span>
    </p>
   </div>
   <div class='ocr_carea' id='block_1_11' title="bbox 499 1302 2086 1377">
    <p class='ocr_par' dir='ltr' id='par_1_11' title="bbox 499 1302 2086 1377">
     <span class='ocr_line' id='line_1_11' title="bbox 499 1302 2086 1377; baseline 0.001 -18"><span class='ocrx_word' id='word_1_86' title='bbox 499 1302 731 1374; x_wconf 88' lang='lat' dir='ltr'><strong>Spiritus</strong></span> <span class='ocrx_word' id='word_1_87' title='bbox 784 1305 955 1361; x_wconf 87' lang='lat' dir='ltr'><strong>sancti</strong></span> <span class='ocrx_word' id='word_1_88' title='bbox 1004 1304 1177 1361; x_wconf 82' lang='lat' dir='ltr'><strong>aufert</strong></span> <span class='ocrx_word' id='word_1_89' title='bbox 1210 1305 1655 1377; x_wconf 81' lang='lat' dir='ltr'><strong>intelligentiam:</strong></span> <span class='ocrx_word' id='word_1_90' title='bbox 1690 1322 1809 1361; x_wconf 93' lang='lat' dir='ltr'><strong>cum</strong></span> <span class='ocrx_word' id='word_1_91' title='bbox 1848 1308 1915 1361; x_wconf 85' lang='lat' dir='ltr'><strong>ab</strong></span> <span class='ocrx_word' id='word_1_92' title='bbox 1943 1318 2086 1362; x_wconf 90' lang='lat' dir='ltr'><strong>utra-</strong></span> 
     </span>
    </p>
   </div>
   <div class='ocr_carea' id='block_1_12' title="bbox 498 1398 2092 1467">
    <p class='ocr_par' dir='ltr' id='par_1_12' title="bbox 498 1398 2092 1467">
     <span class='ocr_line' id='line_1_12' title="bbox 498 1398 2092 1467; baseline 0.003 -16"><span class='ocrx_word' id='word_1_93' title='bbox 498 1411 603 1467; x_wconf 91' lang='lat' dir='ltr'><strong>que</strong></span> <span class='ocrx_word' id='word_1_94' title='bbox 628 1408 782 1467; x_wconf 90' lang='lat' dir='ltr'><strong>parte</strong></span> <span class='ocrx_word' id='word_1_95' title='bbox 827 1406 881 1452; x_wconf 92' lang='lat' dir='ltr'><strong>et</strong></span> <span class='ocrx_word' id='word_1_96' title='bbox 907 1398 1100 1453; x_wconf 69' lang='lat' dir='ltr'><strong>littera:</strong></span> <span class='ocrx_word' id='word_1_97' title='bbox 1129 1398 1197 1453; x_wconf 94' lang='lat' dir='ltr'><strong>ad</strong></span> <span class='ocrx_word' id='word_1_98' title='bbox 1229 1414 1315 1454; x_wconf 92' lang='lat' dir='ltr'><strong>me</strong></span> <span class='ocrx_word' id='word_1_99' title='bbox 1343 1399 1522 1454; x_wconf 84' lang='lat' dir='ltr'><strong>allatae</strong></span> <span class='ocrx_word' id='word_1_100' title='bbox 1547 1410 1729 1455; x_wconf 88' lang='lat' dir='ltr'><strong>essent</strong></span> <span class='ocrx_word' id='word_1_101' title='bbox 1750 1443 1763 1465; x_wconf 94' lang='lat'><strong>,</strong></span> <span class='ocrx_word' id='word_1_102' title='bbox 1805 1409 1857 1455; x_wconf 92' lang='lat' dir='ltr'><strong>et</strong></span> <span class='ocrx_word' id='word_1_103' title='bbox 1900 1400 2092 1456; x_wconf 89' lang='lat' dir='ltr'><strong>fratres</strong></span> 
     </span>
    </p>
   </div>
   <div class='ocr_carea' id='block_1_13' title="bbox 502 1488 2091 1566">
    <p class='ocr_par' dir='ltr' id='par_1_13' title="bbox 502 1488 2091 1566">
     <span class='ocr_line' id='line_1_13' title="bbox 502 1488 2091 1566; baseline 0.004 -22"><span class='ocrx_word' id='word_1_104' title='bbox 502 1488 851 1558; x_wconf 84' lang='lat' dir='ltr'><strong>disceptaturi</strong></span> <span class='ocrx_word' id='word_1_105' title='bbox 876 1490 1181 1559; x_wconf 81' lang='lat' dir='ltr'><strong>venissent,</strong></span> <span class='ocrx_word' id='word_1_106' title='bbox 1223 1502 1479 1562; x_wconf 89' lang='lat' dir='ltr'><strong>quantum</strong></span> <span class='ocrx_word' id='word_1_107' title='bbox 1516 1493 1628 1549; x_wconf 88' lang='lat' dir='ltr'><strong>Deo</strong></span> <span class='ocrx_word' id='word_1_108' title='bbox 1652 1490 1885 1550; x_wconf 89' lang='lat' dir='ltr'><strong>donante</strong></span> <span class='ocrx_word' id='word_1_109' title='bbox 1910 1494 2091 1566; x_wconf 90' lang='lat' dir='ltr'><strong>potui,</strong></span> 
     </span>
    </p>
   </div>
   <div class='ocr_carea' id='block_1_14' title="bbox 504 1581 2094 1659">
    <p class='ocr_par' dir='ltr' id='par_1_14' title="bbox 504 1581 2094 1659">
     <span class='ocr_line' id='line_1_14' title="bbox 504 1581 2094 1659; baseline 0.004 -23"><span class='ocrx_word' id='word_1_110' title='bbox 504 1581 712 1653; x_wconf 87' lang='lat' dir='ltr'><strong>planius</strong></span> <span class='ocrx_word' id='word_1_111' title='bbox 740 1583 1066 1649; x_wconf 89' lang='lat' dir='ltr'><strong>cdisserens,</strong></span> <span class='ocrx_word' id='word_1_112' title='bbox 1099 1584 1357 1655; x_wconf 85' lang='lat' dir='ltr'><strong>quasdam</strong></span> <span class='ocrx_word' id='word_1_113' title='bbox 1382 1586 1569 1657; x_wconf 82' lang='lat' dir='ltr'><strong>scripsi</strong></span> <span class='ocrx_word' id='word_1_114' title='bbox 1601 1588 1837 1653; x_wconf 85' lang='lat' dir='ltr'><strong>litteras;</strong></span> <span class='ocrx_word' id='word_1_115' title='bbox 1869 1603 2094 1659; x_wconf 88' lang='lat' dir='ltr'><strong>quarum</strong></span> 
     </span>
    </p>
   </div>
   <div class='ocr_carea' id='block_1_15' title="bbox 504 1675 1095 1746">
    <p class='ocr_par' dir='ltr' id='par_1_15' title="bbox 504 1675 1095 1746">
     <span class='ocr_line' id='line_1_15' title="bbox 504 1675 1095 1746; baseline 0 -17"><span class='ocrx_word' id='word_1_116' title='bbox 504 1675 749 1746; x_wconf 80' lang='lat' dir='ltr'><strong>exempla</strong></span> <span class='ocrx_word' id='word_1_117' title='bbox 773 1675 839 1731; x_wconf 88' lang='lat' dir='ltr'><strong>ad</strong></span> <span class='ocrx_word' id='word_1_118' title='bbox 874 1686 924 1731; x_wconf 89' lang='lat' dir='ltr'><strong>te</strong></span> <span class='ocrx_word' id='word_1_119' title='bbox 953 1677 1095 1730; x_wconf 87' lang='lat' dir='ltr'><strong>misi.</strong></span> 
     </span>
    </p>
   </div>
   <div class='ocr_carea' id='block_1_16' title="bbox 2184 837 3797 915">
    <p class='ocr_par' dir='ltr' id='par_1_16' title="bbox 2184 837 3797 915">
     <span class='ocr_line' id='line_1_16' title="bbox 2184 837 3797 915; baseline -0.003 -18"><span class='ocrx_word' id='word_1_120' title='bbox 2184 843 2446 901; x_wconf 82' lang='grc' dir='ltr'>ταπόλεως</span> <span class='ocrx_word' id='word_1_121' title='bbox 2477 839 2755 915; x_wconf 84' lang='grc' dir='ltr'>δόγματος,</span> <span class='ocrx_word' id='word_1_122' title='bbox 2785 837 2927 901; x_wconf 74' lang='grc' dir='ltr'>ὄντος</span> <span class='ocrx_word' id='word_1_123' title='bbox 2954 840 3177 901; x_wconf 76' lang='grc' dir='ltr'>ἀσεϐοῦς</span> <span class='ocrx_word' id='word_1_124' title='bbox 3206 843 3295 895; x_wconf 80' lang='grc' dir='ltr'>καὶ</span> <span class='ocrx_word' id='word_1_125' title='bbox 3318 840 3647 912; x_wconf 76' lang='grc' dir='ltr'><strong>βλασφημίαν</strong></span> <span class='ocrx_word' id='word_1_126' title='bbox 3673 840 3797 893; x_wconf 84' lang='grc' dir='ltr'>πολ-</span> 
     </span>
    </p>
   </div>
   <div class='ocr_carea' id='block_1_17' title="bbox 2187 931 3801 1008">
    <p class='ocr_par' dir='ltr' id='par_1_17' title="bbox 2187 931 3801 1008">
     <span class='ocr_line' id='line_1_17' title="bbox 2187 931 3801 1008; baseline -0.002 -20"><span class='ocrx_word' id='word_1_127' title='bbox 2187 935 2273 993; x_wconf 71' lang='grc' dir='ltr'>λὴν</span> <span class='ocrx_word' id='word_1_128' title='bbox 2320 932 2535 1005; x_wconf 72' lang='grc' dir='ltr'>ἔχοντος</span> <span class='ocrx_word' id='word_1_129' title='bbox 2584 938 2703 1008; x_wconf 86' lang='grc' dir='ltr'>περὶ</span> <span class='ocrx_word' id='word_1_130' title='bbox 2742 938 2833 988; x_wconf 89' lang='grc' dir='ltr'><strong>τοῦ</strong></span> <span class='ocrx_word' id='word_1_131' title='bbox 2880 934 3300 1008; x_wconf 75' lang='grc' dir='ltr'><strong>παντοκράτορος</strong></span> <span class='ocrx_word' id='word_1_132' title='bbox 3325 938 3453 987; x_wconf 87' lang='grc' dir='ltr'>Θεοῦ</span> <span class='ocrx_word' id='word_1_133' title='bbox 3487 935 3576 985; x_wconf 86' lang='grc' dir='ltr'>καὶ</span> <span class='ocrx_word' id='word_1_134' title='bbox 3602 931 3801 1006; x_wconf 81' lang='grc' dir='ltr'>πατρὸς</span> 
     </span>
    </p>
   </div>
   <div class='ocr_carea' id='block_1_18' title="bbox 2188 1027 3799 1103">
    <p class='ocr_par' dir='ltr' id='par_1_18' title="bbox 2188 1027 3799 1103">
     <span class='ocr_line' id='line_1_18' title="bbox 2188 1027 3799 1103; baseline -0.002 -20"><span class='ocrx_word' id='word_1_135' title='bbox 2188 1035 2278 1083; x_wconf 87' lang='grc' dir='ltr'><strong>τοῦ</strong></span> <span class='ocrx_word' id='word_1_136' title='bbox 2310 1032 2487 1103; x_wconf 82' lang='grc' dir='ltr'>κυρίου</span> <span class='ocrx_word' id='word_1_137' title='bbox 2538 1030 2677 1100; x_wconf 79' lang='grc' dir='ltr'>ἡμῶν</span> <span class='ocrx_word' id='word_1_138' title='bbox 2707 1027 2866 1087; x_wconf 75' lang='grc' dir='ltr'>Ἰησοῦ</span> <span class='ocrx_word' id='word_1_139' title='bbox 2911 1035 3139 1103; x_wconf 78' lang='grc' dir='ltr'><strong>Χριστοῦ</strong></span> <span class='ocrx_word' id='word_1_140' title='bbox 3161 1070 3175 1094; x_wconf 93' lang='grc'><strong>,</strong></span> <span class='ocrx_word' id='word_1_141' title='bbox 3205 1030 3454 1084; x_wconf 79' lang='grc' dir='ltr'><strong>ἀπιστίαν</strong></span> <span class='ocrx_word' id='word_1_142' title='bbox 3503 1048 3557 1083; x_wconf 85' lang='grc' dir='ltr'><strong>τε</strong></span> <span class='ocrx_word' id='word_1_143' title='bbox 3612 1027 3799 1085; x_wconf 70' lang='grc' dir='ltr'>πολλὴν</span> 
     </span>
    </p>
   </div>
   <div class='ocr_carea' id='block_1_19' title="bbox 2192 1119 3802 1197">
    <p class='ocr_par' dir='ltr' id='par_1_19' title="bbox 2192 1119 3802 1197">
     <span class='ocr_line' id='line_1_19' title="bbox 2192 1119 3802 1197; baseline -0.002 -21"><span class='ocrx_word' id='word_1_144' title='bbox 2192 1119 2409 1192; x_wconf 78' lang='grc' dir='ltr'>ἔχοντος</span> <span class='ocrx_word' id='word_1_145' title='bbox 2434 1125 2552 1197; x_wconf 80' lang='grc' dir='ltr'>περὶ</span> <span class='ocrx_word' id='word_1_146' title='bbox 2576 1128 2665 1175; x_wconf 88' lang='grc' dir='ltr'><strong>τοῦ</strong></span> <span class='ocrx_word' id='word_1_147' title='bbox 2697 1128 2997 1194; x_wconf 74' lang='grc' dir='ltr'>μονογενοῦς</span> <span class='ocrx_word' id='word_1_148' title='bbox 3024 1119 3209 1182; x_wconf 82' lang='grc' dir='ltr'>παιδὸς</span> <span class='ocrx_word' id='word_1_149' title='bbox 3235 1123 3395 1176; x_wconf 79' lang='grc' dir='ltr'>αὐτοῦ</span> <span class='ocrx_word' id='word_1_150' title='bbox 3438 1124 3526 1175; x_wconf 85' lang='grc' dir='ltr'>καὶ</span> <span class='ocrx_word' id='word_1_151' title='bbox 3552 1120 3802 1196; x_wconf 85' lang='grc' dir='ltr'>προτοτό-</span> 
     </span>
    </p>
   </div>
   <div class='ocr_carea' id='block_1_20' title="bbox 2193 1215 3804 1290">
    <p class='ocr_par' dir='ltr' id='par_1_20' title="bbox 2193 1215 3804 1290">
     <span class='ocr_line' id='line_1_20' title="bbox 2193 1215 3804 1290; baseline 0.001 -22"><span class='ocrx_word' id='word_1_152' title='bbox 2193 1235 2286 1268; x_wconf 86' lang='grc' dir='ltr'><strong>κου</strong></span> <span class='ocrx_word' id='word_1_153' title='bbox 2314 1216 2487 1274; x_wconf 80' lang='grc' dir='ltr'><strong>πάσης</strong></span> <span class='ocrx_word' id='word_1_154' title='bbox 2514 1216 2751 1276; x_wconf 79' lang='grc' dir='ltr'><strong>κτίσεως,</strong></span> <span class='ocrx_word' id='word_1_155' title='bbox 2781 1221 2870 1270; x_wconf 90' lang='grc' dir='ltr'><strong>τοῦ</strong></span> <span class='ocrx_word' id='word_1_156' title='bbox 2899 1216 3384 1290; x_wconf 81' lang='grc' dir='ltr'>ἐνανθρωπάσαντος</span> <span class='ocrx_word' id='word_1_157' title='bbox 3413 1215 3591 1287; x_wconf 86' lang='grc' dir='ltr'>λόγου,</span> <span class='ocrx_word' id='word_1_158' title='bbox 3616 1216 3804 1269; x_wconf 87' lang='grc' dir='ltr'>ἀναισ-</span> 
     </span>
    </p>
   </div>
   <div class='ocr_carea' id='block_1_21' title="bbox 2196 1304 3807 1380">
    <p class='ocr_par' dir='ltr' id='par_1_21' title="bbox 2196 1304 3807 1380">
     <span class='ocr_line' id='line_1_21' title="bbox 2196 1304 3807 1380; baseline -0.001 -21"><span class='ocrx_word' id='word_1_159' title='bbox 2196 1308 2379 1365; x_wconf 81' lang='grc' dir='ltr'>θησίαν</span> <span class='ocrx_word' id='word_1_160' title='bbox 2420 1304 2473 1361; x_wconf 83' lang='grc' dir='ltr'>δὲ</span> <span class='ocrx_word' id='word_1_161' title='bbox 2517 1313 2607 1362; x_wconf 86' lang='grc' dir='ltr'><strong>τοῦ</strong></span> <span class='ocrx_word' id='word_1_162' title='bbox 2658 1306 2803 1379; x_wconf 76' lang='grc' dir='ltr'>ἁγίου</span> <span class='ocrx_word' id='word_1_163' title='bbox 2848 1309 3142 1378; x_wconf 78' lang='grc' dir='ltr'>πνεύματος</span> <span class='ocrx_word' id='word_1_164' title='bbox 3168 1306 3449 1362; x_wconf 80' lang='grc' dir='ltr'>’ἐλθόντων</span> <span class='ocrx_word' id='word_1_165' title='bbox 3498 1306 3807 1380; x_wconf 78' lang='grc' dir='ltr'>ἑκατέρωθεν</span> 
     </span>
    </p>
   </div>
   <div class='ocr_carea' id='block_1_22' title="bbox 2197 1395 3808 1477">
    <p class='ocr_par' dir='ltr' id='par_1_22' title="bbox 2197 1395 3808 1477">
     <span class='ocr_line' id='line_1_22' title="bbox 2197 1395 3808 1477; baseline -0.004 -20"><span class='ocrx_word' id='word_1_166' title='bbox 2197 1403 2325 1477; x_wconf 87' lang='grc' dir='ltr'>πρὸς</span> <span class='ocrx_word' id='word_1_167' title='bbox 2373 1403 2460 1471; x_wconf 78' lang='grc' dir='ltr'><strong>ἐμὲ</strong></span> <span class='ocrx_word' id='word_1_168' title='bbox 2509 1404 2594 1454; x_wconf 79' lang='grc' dir='ltr'>καὶ</span> <span class='ocrx_word' id='word_1_169' title='bbox 2636 1401 2738 1475; x_wconf 85' lang='grc' dir='ltr'>πρό</span> <span class='ocrx_word' id='word_1_170' title='bbox 2783 1401 3121 1475; x_wconf 77' lang='grc' dir='ltr'>γραμμάτων,</span> <span class='ocrx_word' id='word_1_171' title='bbox 3172 1402 3260 1454; x_wconf 85' lang='grc' dir='ltr'><strong>καί</strong></span> <span class='ocrx_word' id='word_1_172' title='bbox 3299 1405 3399 1453; x_wconf 84' lang='grc' dir='ltr'><strong>τῶν</strong></span> <span class='ocrx_word' id='word_1_173' title='bbox 3450 1395 3808 1468; x_wconf 83' lang='grc' dir='ltr'>διαλεξομένων</span> 
     </span>
    </p>
   </div>
   <div class='ocr_carea' id='block_1_23' title="bbox 2199 1490 3806 1568">
    <p class='ocr_par' dir='ltr' id='par_1_23' title="bbox 2199 1490 3806 1568">
     <span class='ocr_line' id='line_1_23' title="bbox 2199 1490 3806 1568; baseline -0.004 -18"><span class='ocrx_word' id='word_1_174' title='bbox 2199 1492 2444 1568; x_wconf 63' lang='grc' dir='ltr'>ἀδελφῶν,</span> <span class='ocrx_word' id='word_1_175' title='bbox 2474 1492 2745 1548; x_wconf 71' lang='grc' dir='ltr'>ἐπέστειλα</span> <span class='ocrx_word' id='word_1_176' title='bbox 2785 1514 2899 1547; x_wconf 86' lang='grc' dir='ltr'>τινα</span> <span class='ocrx_word' id='word_1_177' title='bbox 2941 1498 3008 1552; x_wconf 83' lang='grc' dir='ltr'><strong>ὡς</strong></span> <span class='ocrx_word' id='word_1_178' title='bbox 3044 1490 3283 1550; x_wconf 72' lang='grc' dir='ltr'><strong>ἐδυνήθην</strong></span> <span class='ocrx_word' id='word_1_179' title='bbox 3311 1491 3692 1566; x_wconf 76' lang='grc' dir='ltr'>παρασχόντος</span> <span class='ocrx_word' id='word_1_180' title='bbox 3717 1495 3806 1544; x_wconf 85' lang='grc' dir='ltr'><strong>τοῦ</strong></span> 
     </span>
    </p>
   </div>
   <div class='ocr_carea' id='block_1_24' title="bbox 2202 1576 3810 1661">
    <p class='ocr_par' dir='ltr' id='par_1_24' title="bbox 2202 1576 3810 1661">
     <span class='ocr_line' id='line_1_24' title="bbox 2202 1576 3810 1661; baseline -0.003 -20"><span class='ocrx_word' id='word_1_181' title='bbox 2202 1592 2351 1652; x_wconf 84' lang='grc' dir='ltr'>Θεοῦ,</span> <span class='ocrx_word' id='word_1_182' title='bbox 2380 1576 2872 1661; x_wconf 74' lang='grc' dir='ltr'>διδασκαλικώτερον</span> <span class='ocrx_word' id='word_1_183' title='bbox 2913 1586 3291 1659; x_wconf 68' lang='grc' dir='ltr'>-3φηγούμενος’</span> <span class='ocrx_word' id='word_1_184' title='bbox 3323 1586 3391 1643; x_wconf 85' lang='grc' dir='ltr'><strong>ὡς</strong></span> <span class='ocrx_word' id='word_1_185' title='bbox 3429 1585 3494 1638; x_wconf 81' lang='grc' dir='ltr'>τὰ</span> <span class='ocrx_word' id='word_1_186' title='bbox 3525 1584 3810 1657; x_wconf 63' lang='grc' dir='ltr'>ἀντίγραγα</span> 
     </span>
    </p>
   </div>
   <div class='ocr_carea' id='block_1_25' title="bbox 2204 1680 2552 1755">
    <p class='ocr_par' dir='ltr' id='par_1_25' title="bbox 2204 1680 2552 1755">
     <span class='ocr_line' id='line_1_25' title="bbox 2204 1680 2552 1755; baseline -0.017 -16"><span class='ocrx_word' id='word_1_187' title='bbox 2204 1680 2415 1755; x_wconf 72' lang='grc' dir='ltr'>ἔπεμψά</span> <span class='ocrx_word' id='word_1_188' title='bbox 2449 1703 2552 1739; x_wconf 93' lang='grc' dir='ltr'>σοι.</span> 
     </span>
    </p>
   </div>
   <div class='ocr_carea' id='block_1_26' title="bbox 869 1832 3435 1912">
    <p class='ocr_par' dir='ltr' id='par_1_26' title="bbox 869 1832 3435 1912">
     <span class='ocr_line' id='line_1_26' title="bbox 869 1832 3435 1912; baseline 0.002 -8"><span class='ocrx_word' id='word_1_189' title='bbox 869 1832 1416 1908; x_wconf 78' lang='lat' dir='ltr'><strong>EPISTOL/E</strong></span> <span class='ocrx_word' id='word_1_190' title='bbox 1463 1836 1544 1908; x_wconf 92' lang='lat' dir='ltr'>II</span> <span class='ocrx_word' id='word_1_191' title='bbox 1590 1835 2082 1912; x_wconf 80' lang='lat' dir='ltr'><strong>DIONYSII</strong></span> <span class='ocrx_word' id='word_1_192' title='bbox 2120 1837 2886 1911; x_wconf 83' lang='lat' dir='ltr'><strong>ALEXANDBINI</strong></span> <span class='ocrx_word' id='word_1_193' title='bbox 2938 1834 3435 1911; x_wconf 85' lang='lat' dir='ltr'><strong>EPISCOPI</strong></span> 
     </span>
    </p>
   </div>
   <div class='ocr_carea' id='block_1_27' title="bbox 1226 1990 3074 2052">
    <p class='ocr_par' dir='ltr' id='par_1_27' title="bbox 1226 1990 3074 2052">
     <span class='ocr_line' id='line_1_27' title="bbox 1226 1990 3074 2052; baseline 0.002 -8"><span class='ocrx_word' id='word_1_194' title='bbox 1226 1991 1317 2045; x_wconf 84' lang='lat' dir='ltr'><strong>AD</strong></span> <span class='ocrx_word' id='word_1_195' title='bbox 1356 1990 1805 2048; x_wconf 73' lang='lat' dir='ltr'><strong>PHILEMUNEM</strong></span> <span class='ocrx_word' id='word_1_196' title='bbox 1845 1992 2025 2048; x_wconf 76' lang='lat' dir='ltr'><strong>SIXTI</strong></span> <span class='ocrx_word' id='word_1_197' title='bbox 2067 1993 2583 2051; x_wconf 80' lang='lat' dir='ltr'><strong>I’RESBYTERUM</strong></span> <span class='ocrx_word' id='word_1_198' title='bbox 2623 1994 3074 2052; x_wconf 80' lang='lat' dir='ltr'><strong>FRAGMENTA.</strong></span> 
     </span>
    </p>
   </div>
   <div class='ocr_carea' id='block_1_28' title="bbox 583 2148 2117 2233">
    <p class='ocr_par' dir='ltr' id='par_1_28' title="bbox 583 2148 2100 2223">
     <span class='ocr_line' id='line_1_28' title="bbox 583 2148 2100 2223; baseline 0.001 -18"><span class='ocrx_word' id='word_1_199' title='bbox 583 2149 696 2221; x_wconf 77' lang='lat' dir='ltr'><strong>Ego</strong></span> <span class='ocrx_word' id='word_1_200' title='bbox 714 2164 847 2206; x_wconf 92' lang='lat' dir='ltr'><strong>vero</strong></span> <span class='ocrx_word' id='word_1_201' title='bbox 887 2148 1262 2205; x_wconf 65' lang='lat' dir='ltr'><strong>hwreticorum</strong></span> <span class='ocrx_word' id='word_1_202' title='bbox 1298 2151 1449 2207; x_wconf 89' lang='lat' dir='ltr'><strong>libris</strong></span> <span class='ocrx_word' id='word_1_203' title='bbox 1480 2151 1720 2223; x_wconf 81' lang='lat' dir='ltr'><strong>legendis</strong></span> <span class='ocrx_word' id='word_1_204' title='bbox 1745 2168 1808 2206; x_wconf 90' lang='lat' dir='ltr'><strong>ac</strong></span> <span class='ocrx_word' id='word_1_205' title='bbox 1857 2153 2100 2208; x_wconf 88' lang='lat' dir='ltr'><strong>traditio-</strong></span> 
     </span>
    </p>
   </div>
   <div class='ocr_carea' id='block_1_29' title="bbox 2225 2148 3819 2233">
    <p class='ocr_par' dir='ltr' id='par_1_29' title="bbox 2232 2154 3819 2233">
     <span class='ocr_line' id='line_1_29' title="bbox 2232 2154 3819 2233; baseline -0.003 -19"><span class='ocrx_word' id='word_1_206' title='bbox 2232 2232 2235 2233; x_wconf 14' lang='grc' dir='ltr'><em>ν</em></span> <span class='ocrx_word' id='word_1_207' title='bbox 2277 2155 2397 2231; x_wconf 78' lang='grc' dir='ltr'><strong>Ἐγὼ</strong></span> <span class='ocrx_word' id='word_1_208' title='bbox 2436 2155 2491 2212; x_wconf 85' lang='grc' dir='ltr'><em>δέ</em></span> <span class='ocrx_word' id='word_1_209' title='bbox 2531 2162 2619 2212; x_wconf 88' lang='grc' dir='ltr'>καὶ</span> <span class='ocrx_word' id='word_1_210' title='bbox 2654 2166 2760 2218; x_wconf 86' lang='grc' dir='ltr'>τοῖς</span> <span class='ocrx_word' id='word_1_211' title='bbox 2809 2160 3141 2232; x_wconf 85' lang='grc' dir='ltr'>συντάγμασι</span> <span class='ocrx_word' id='word_1_212' title='bbox 3191 2161 3281 2213; x_wconf 83' lang='grc' dir='ltr'><strong>καί</strong></span> <span class='ocrx_word' id='word_1_213' title='bbox 3325 2164 3440 2217; x_wconf 87' lang='grc' dir='ltr'>ταῖς</span> <span class='ocrx_word' id='word_1_214' title='bbox 3486 2154 3819 2233; x_wconf 78' lang='grc' dir='ltr'>παραδόσεσι</span> 
     </span>
    </p>
   </div>
   <div class='ocr_carea' id='block_1_30' title="bbox 510 2240 2108 2317">
    <p class='ocr_par' dir='ltr' id='par_1_30' title="bbox 510 2240 2108 2317">
     <span class='ocr_line' id='line_1_30' title="bbox 510 2240 2108 2317; baseline 0.002 -20"><span class='ocrx_word' id='word_1_215' title='bbox 510 2240 669 2298; x_wconf 88' lang='lat' dir='ltr'><strong>nibus</strong></span> <span class='ocrx_word' id='word_1_216' title='bbox 690 2241 996 2317; x_wconf 84' lang='lat' dir='ltr'><strong>ediscendis</strong></span> <span class='ocrx_word' id='word_1_217' title='bbox 1024 2257 1245 2313; x_wconf 85' lang='lat' dir='ltr'><strong>operam</strong></span> <span class='ocrx_word' id='word_1_218' title='bbox 1272 2243 1497 2311; x_wconf 84' lang='lat' dir='ltr'><strong>dabam,</strong></span> <span class='ocrx_word' id='word_1_219' title='bbox 1546 2244 1612 2298; x_wconf 91' lang='lat' dir='ltr'><strong>ad</strong></span> <span class='ocrx_word' id='word_1_220' title='bbox 1663 2243 1849 2301; x_wconf 89' lang='lat' dir='ltr'><strong>horam</strong></span> <span class='ocrx_word' id='word_1_221' title='bbox 1891 2245 2108 2314; x_wconf 85' lang='lat' dir='ltr'><strong>quidem</strong></span> 
     </span>
    </p>
   </div>
   <div class='ocr_carea' id='block_1_31' title="bbox 512 2339 2112 2398">
    <p class='ocr_par' dir='ltr' id='par_1_31' title="bbox 512 2339 2112 2398">
     <span class='ocr_line' id='line_1_31' title="bbox 512 2339 2112 2398; baseline 0.004 -5"><span class='ocrx_word' id='word_1_222' title='bbox 512 2339 863 2394; x_wconf 82' lang='lat' dir='ltr'><strong>exsecrandis</strong></span> <span class='ocrx_word' id='word_1_223' title='bbox 894 2339 1107 2395; x_wconf 91' lang='lat' dir='ltr'><strong>illorum</strong></span> <span class='ocrx_word' id='word_1_224' title='bbox 1137 2342 1422 2397; x_wconf 81' lang='lat' dir='ltr'><strong>sententiis</strong></span> <span class='ocrx_word' id='word_1_225' title='bbox 1448 2341 1687 2397; x_wconf 89' lang='lat' dir='ltr'><strong>animum</strong></span> <span class='ocrx_word' id='word_1_226' title='bbox 1735 2354 1911 2398; x_wconf 85' lang='lat' dir='ltr'><strong>meum</strong></span> <span class='ocrx_word' id='word_1_227' title='bbox 1962 2344 2112 2398; x_wconf 88' lang='lat' dir='ltr'><strong>eoin-</strong></span> 
     </span>
    </p>
   </div>
   <div class='ocr_carea' id='block_1_32' title="bbox 512 2432 2110 2506">
    <p class='ocr_par' dir='ltr' id='par_1_32' title="bbox 512 2432 2110 2506">
     <span class='ocr_line' id='line_1_32' title="bbox 512 2432 2110 2506; baseline 0.002 -19"><span class='ocrx_word' id='word_1_228' title='bbox 512 2434 771 2504; x_wconf 79' lang='lat' dir='ltr'><strong>quinam,</strong></span> <span class='ocrx_word' id='word_1_229' title='bbox 825 2432 968 2488; x_wconf 89' lang='lat' dir='ltr'><strong>hanc</strong></span> <span class='ocrx_word' id='word_1_230' title='bbox 1000 2443 1178 2489; x_wconf 88' lang='lat' dir='ltr'><strong>tamen</strong></span> <span class='ocrx_word' id='word_1_231' title='bbox 1219 2449 1284 2490; x_wconf 86' lang='lat' dir='ltr'><strong>ex</strong></span> <span class='ocrx_word' id='word_1_232' title='bbox 1314 2434 1379 2489; x_wconf 92' lang='lat' dir='ltr'><strong>iis</strong></span> <span class='ocrx_word' id='word_1_233' title='bbox 1431 2435 1715 2489; x_wconf 90' lang='lat' dir='ltr'><strong>utilitatem</strong></span> <span class='ocrx_word' id='word_1_234' title='bbox 1768 2435 2110 2506; x_wconf 86' lang='lat' dir='ltr'><strong>percipiens,</strong></span> 
     </span>
    </p>
   </div>
   <div class='ocr_carea' id='block_1_33' title="bbox 513 2526 2116 2598">
    <p class='ocr_par' dir='ltr' id='par_1_33' title="bbox 513 2526 2116 2598">
     <span class='ocr_line' id='line_1_33' title="bbox 513 2526 2116 2598; baseline 0.001 -16"><span class='ocrx_word' id='word_1_235' title='bbox 513 2535 574 2582; x_wconf 85' lang='lat' dir='ltr'><strong>ut</strong></span> <span class='ocrx_word' id='word_1_236' title='bbox 601 2536 696 2581; x_wconf 86' lang='lat' dir='ltr'><strong>eos</strong></span> <span class='ocrx_word' id='word_1_237' title='bbox 722 2527 863 2597; x_wconf 86' lang='lat' dir='ltr'><strong>apud</strong></span> <span class='ocrx_word' id='word_1_238' title='bbox 905 2538 992 2582; x_wconf 91' lang='lat' dir='ltr'><strong>me</strong></span> <span class='ocrx_word' id='word_1_239' title='bbox 1037 2526 1368 2594; x_wconf 85' lang='lat' dir='ltr'><strong>refutarem,</strong></span> <span class='ocrx_word' id='word_1_240' title='bbox 1421 2538 1476 2584; x_wconf 91' lang='lat' dir='ltr'><strong>et</strong></span> <span class='ocrx_word' id='word_1_241' title='bbox 1521 2527 1690 2583; x_wconf 90' lang='lat' dir='ltr'><strong>multo</strong></span> <span class='ocrx_word' id='word_1_242' title='bbox 1736 2528 1966 2598; x_wconf 84' lang='lat' dir='ltr'><strong>amplius</strong></span> <span class='ocrx_word' id='word_1_243' title='bbox 2022 2529 2116 2583; x_wconf 88' lang='lat' dir='ltr'><strong>de-</strong></span> 
     </span>
    </p>
   </div>
   <div class='ocr_carea' id='block_1_34' title="bbox 515 2620 2117 2692">
    <p class='ocr_par' dir='ltr' id='par_1_34' title="bbox 515 2620 2117 2692">
     <span class='ocr_line' id='line_1_34' title="bbox 515 2620 2117 2692; baseline 0.001 -16"><span class='ocrx_word' id='word_1_244' title='bbox 515 2629 770 2677; x_wconf 88' lang='lat' dir='ltr'><strong>testarer.</strong></span> <span class='ocrx_word' id='word_1_245' title='bbox 807 2621 873 2676; x_wconf 85' lang='lat' dir='ltr'><strong>Et</strong></span> <span class='ocrx_word' id='word_1_246' title='bbox 899 2636 1022 2676; x_wconf 90' lang='lat' dir='ltr'><strong>cum</strong></span> <span class='ocrx_word' id='word_1_247' title='bbox 1047 2621 1210 2677; x_wconf 80' lang='lat' dir='ltr'><strong>frater</strong></span> <span class='ocrx_word' id='word_1_248' title='bbox 1235 2620 1449 2691; x_wconf 83' lang='lat' dir='ltr'><strong>quidam</strong></span> <span class='ocrx_word' id='word_1_249' title='bbox 1497 2634 1565 2677; x_wconf 84' lang='lat' dir='ltr'><strong>ex</strong></span> <span class='ocrx_word' id='word_1_250' title='bbox 1600 2621 1789 2677; x_wconf 89' lang='lat' dir='ltr'><strong>ordine</strong></span> <span class='ocrx_word' id='word_1_251' title='bbox 1838 2620 2117 2692; x_wconf 85' lang='lat' dir='ltr'><strong>presbyte-</strong></span> 
     </span>
    </p>
   </div>
   <div class='ocr_carea' id='block_1_35' title="bbox 516 2713 2114 2785">
    <p class='ocr_par' dir='ltr' id='par_1_35' title="bbox 516 2713 2114 2785">
     <span class='ocr_line' id='line_1_35' title="bbox 516 2713 2114 2785; baseline -0.001 -17"><span class='ocrx_word' id='word_1_252' title='bbox 516 2725 701 2769; x_wconf 85' lang='lat' dir='ltr'><strong>rorum</strong></span> <span class='ocrx_word' id='word_1_253' title='bbox 722 2728 809 2769; x_wconf 91' lang='lat' dir='ltr'><strong>me</strong></span> <span class='ocrx_word' id='word_1_254' title='bbox 830 2713 1151 2782; x_wconf 90' lang='lat' dir='ltr'><strong>deterreret,</strong></span> <span class='ocrx_word' id='word_1_255' title='bbox 1178 2729 1241 2770; x_wconf 90' lang='lat' dir='ltr'><strong>ac</strong></span> <span class='ocrx_word' id='word_1_256' title='bbox 1263 2722 1547 2770; x_wconf 79' lang='lat' dir='ltr'><strong>vereretur</strong></span> <span class='ocrx_word' id='word_1_257' title='bbox 1575 2728 1643 2770; x_wconf 84' lang='lat' dir='ltr'><strong>ne</strong></span> <span class='ocrx_word' id='word_1_258' title='bbox 1664 2714 1839 2769; x_wconf 91' lang='lat' dir='ltr'><strong>eidem</strong></span> <span class='ocrx_word' id='word_1_259' title='bbox 1860 2714 2114 2785; x_wconf 76' lang='lat' dir='ltr'><strong>nequitia:</strong></span> 
     </span>
    </p>
   </div>
   <div class='ocr_carea' id='block_1_36' title="bbox 516 2807 2119 2879">
    <p class='ocr_par' dir='ltr' id='par_1_36' title="bbox 516 2807 2119 2879">
     <span class='ocr_line' id='line_1_36' title="bbox 516 2807 2119 2879; baseline -0.002 -17"><span class='ocrx_word' id='word_1_260' title='bbox 516 2818 677 2862; x_wconf 66' lang='lat' dir='ltr'><strong>caeno</strong></span> <span class='ocrx_word' id='word_1_261' title='bbox 706 2807 1129 2873; x_wconf 88' lang='lat' dir='ltr'><strong>commiscerer;</strong></span> <span class='ocrx_word' id='word_1_262' title='bbox 1181 2807 1380 2879; x_wconf 87' lang='lat' dir='ltr'><strong>quippe</strong></span> <span class='ocrx_word' id='word_1_263' title='bbox 1427 2808 1667 2862; x_wconf 90' lang='lat' dir='ltr'><strong>animum</strong></span> <span class='ocrx_word' id='word_1_264' title='bbox 1708 2822 1887 2863; x_wconf 89' lang='lat' dir='ltr'><strong>meum</strong></span> <span class='ocrx_word' id='word_1_265' title='bbox 1932 2808 2119 2862; x_wconf 87' lang='lat' dir='ltr'><strong>conta-</strong></span> 
     </span>
    </p>
   </div>
   <div class='ocr_carea' id='block_1_37' title="bbox 518 2898 2120 2972">
    <p class='ocr_par' dir='ltr' id='par_1_37' title="bbox 518 2898 2120 2972">
     <span class='ocr_line' id='line_1_37' title="bbox 518 2898 2120 2972; baseline 0 -17"><span class='ocrx_word' id='word_1_266' title='bbox 518 2899 783 2955; x_wconf 83' lang='lat' dir='ltr'><strong>minatum</strong></span> <span class='ocrx_word' id='word_1_267' title='bbox 815 2899 910 2965; x_wconf 90' lang='lat' dir='ltr'><strong>iri,</strong></span> <span class='ocrx_word' id='word_1_268' title='bbox 961 2899 1142 2955; x_wconf 84' lang='lat' dir='ltr'><strong>aiebat</strong></span> <span class='ocrx_word' id='word_1_269' title='bbox 1183 2898 1481 2972; x_wconf 88' lang='lat' dir='ltr'><strong>etquidem</strong></span> <span class='ocrx_word' id='word_1_270' title='bbox 1532 2912 1679 2967; x_wconf 84' lang='lat' dir='ltr'><strong>vere,</strong></span> <span class='ocrx_word' id='word_1_271' title='bbox 1732 2906 1788 2955; x_wconf 91' lang='lat' dir='ltr'><strong>ut</strong></span> <span class='ocrx_word' id='word_1_272' title='bbox 1841 2900 1954 2971; x_wconf 88' lang='lat' dir='ltr'><strong>ipse</strong></span> <span class='ocrx_word' id='word_1_273' title='bbox 1996 2916 2120 2955; x_wconf 92' lang='lat' dir='ltr'><strong>sen-</strong></span> 
     </span>
    </p>
   </div>
   <div class='ocr_carea' id='block_1_38' title="bbox 519 2990 2112 3058">
    <p class='ocr_par' dir='ltr' id='par_1_38' title="bbox 519 2990 2112 3058">
     <span class='ocr_line' id='line_1_38' title="bbox 519 2990 2112 3058; baseline 0.001 -13"><span class='ocrx_word' id='word_1_274' title='bbox 519 2990 715 3045; x_wconf 86' lang='lat' dir='ltr'><strong>tiebam</strong></span> <span class='ocrx_word' id='word_1_275' title='bbox 746 3007 760 3043; x_wconf 89' lang='lat'><strong>:</strong></span> <span class='ocrx_word' id='word_1_276' title='bbox 790 2990 995 3047; x_wconf 82' lang='lat' dir='ltr'><strong>visione</strong></span> <span class='ocrx_word' id='word_1_277' title='bbox 1044 2991 1303 3047; x_wconf 87' lang='lat' dir='ltr'><strong>divinitus</strong></span> <span class='ocrx_word' id='word_1_278' title='bbox 1349 2993 1511 3047; x_wconf 86' lang='lat' dir='ltr'><strong>missa</strong></span> <span class='ocrx_word' id='word_1_279' title='bbox 1565 2990 1915 3047; x_wconf 86' lang='lat' dir='ltr'><strong>confirmatus</strong></span> <span class='ocrx_word' id='word_1_280' title='bbox 1959 3008 2112 3058; x_wconf 91' lang='lat' dir='ltr'><strong>sum,</strong></span> 
     </span>
    </p>
   </div>
   <div class='ocr_carea' id='block_1_39' title="bbox 518 3084 2112 3157">
    <p class='ocr_par' dir='ltr' id='par_1_39' title="bbox 518 3084 2112 3157">
     <span class='ocr_line' id='line_1_39' title="bbox 518 3084 2112 3157; baseline 0.001 -18"><span class='ocrx_word' id='word_1_281' title='bbox 518 3093 573 3139; x_wconf 90' lang='lat' dir='ltr'><strong>et</strong></span> <span class='ocrx_word' id='word_1_282' title='bbox 600 3096 782 3140; x_wconf 89' lang='lat' dir='ltr'><strong>sermo</strong></span> <span class='ocrx_word' id='word_1_283' title='bbox 809 3084 877 3139; x_wconf 91' lang='lat' dir='ltr'><strong>ad</strong></span> <span class='ocrx_word' id='word_1_284' title='bbox 908 3100 993 3139; x_wconf 91' lang='lat' dir='ltr'><strong>me</strong></span> <span class='ocrx_word' id='word_1_285' title='bbox 1026 3084 1196 3140; x_wconf 86' lang='lat' dir='ltr'><strong>factus</strong></span> <span class='ocrx_word' id='word_1_286' title='bbox 1226 3086 1429 3141; x_wconf 89' lang='lat' dir='ltr'><strong>diserte</strong></span> <span class='ocrx_word' id='word_1_287' title='bbox 1457 3084 1589 3140; x_wconf 87' lang='lat' dir='ltr'><strong>mihi</strong></span> <span class='ocrx_word' id='word_1_288' title='bbox 1621 3086 2112 3157; x_wconf 83' lang='lat' dir='ltr'><strong>praecepitdieens:</strong></span> 
     </span>
    </p>
   </div>
   <div class='ocr_carea' id='block_1_40' title="bbox 516 3179 2117 3251">
    <p class='ocr_par' dir='ltr' id='par_1_40' title="bbox 516 3179 2117 3251">
     <span class='ocr_line' id='line_1_40' title="bbox 516 3179 2117 3251; baseline -0.001 -16"><span class='ocrx_word' id='word_1_289' title='bbox 516 3179 661 3250; x_wconf 78' lang='lat' dir='ltr'><strong>Lege</strong></span> <span class='ocrx_word' id='word_1_290' title='bbox 687 3180 864 3235; x_wconf 89' lang='lat' dir='ltr'><strong>omnia</strong></span> <span class='ocrx_word' id='word_1_291' title='bbox 890 3194 1243 3251; x_wconf 67' lang='lat' dir='ltr'><strong>qurecumque</strong></span> <span class='ocrx_word' id='word_1_292' title='bbox 1268 3180 1318 3234; x_wconf 92' lang='lat' dir='ltr'><strong>in</strong></span> <span class='ocrx_word' id='word_1_293' title='bbox 1353 3194 1543 3236; x_wconf 88' lang='lat' dir='ltr'><strong>manus</strong></span> <span class='ocrx_word' id='word_1_294' title='bbox 1566 3182 1813 3235; x_wconf 87' lang='lat' dir='ltr'><strong>venerint</strong></span> <span class='ocrx_word' id='word_1_295' title='bbox 1844 3197 1857 3233; x_wconf 92' lang='lat'><strong>:</strong></span> <span class='ocrx_word' id='word_1_296' title='bbox 1890 3179 2117 3235; x_wconf 89' lang='lat' dir='ltr'><strong>idoneus</strong></span> 
     </span>
    </p>
   </div>
   <div class='ocr_carea' id='block_1_41' title="bbox 517 3272 2120 3344">
    <p class='ocr_par' dir='ltr' id='par_1_41' title="bbox 517 3272 2120 3344">
     <span class='ocr_line' id='line_1_41' title="bbox 517 3272 2120 3344; baseline -0.002 -15"><span class='ocrx_word' id='word_1_297' title='bbox 517 3273 660 3329; x_wconf 90' lang='lat' dir='ltr'><strong>enim</strong></span> <span class='ocrx_word' id='word_1_298' title='bbox 716 3278 775 3329; x_wconf 80' lang='lat' dir='ltr'><strong>es</strong></span> <span class='ocrx_word' id='word_1_299' title='bbox 819 3273 910 3344; x_wconf 89' lang='lat' dir='ltr'><strong>qui</strong></span> <span class='ocrx_word' id='word_1_300' title='bbox 964 3272 1173 3343; x_wconf 81' lang='lat' dir='ltr'><strong>singula</strong></span> <span class='ocrx_word' id='word_1_301' title='bbox 1224 3273 1463 3344; x_wconf 79' lang='lat' dir='ltr'><strong>corrigas</strong></span> <span class='ocrx_word' id='word_1_302' title='bbox 1508 3278 1571 3327; x_wconf 86' lang='lat' dir='ltr'><strong>a&#39;c</strong></span> <span class='ocrx_word' id='word_1_303' title='bbox 1618 3273 1815 3342; x_wconf 88' lang='lat' dir='ltr'><strong>probes</strong></span> <span class='ocrx_word' id='word_1_304' title='bbox 1847 3289 1859 3326; x_wconf 93' lang='lat'><strong>:</strong></span> <span class='ocrx_word' id='word_1_305' title='bbox 1889 3279 1942 3325; x_wconf 89' lang='lat' dir='ltr'><strong>et</strong></span> <span class='ocrx_word' id='word_1_306' title='bbox 1994 3272 2120 3326; x_wconf 88' lang='lat' dir='ltr'><strong>hinc</strong></span> 
     </span>
    </p>
   </div>
   <div class='ocr_carea' id='block_1_42' title="bbox 518 3362 2119 3435">
    <p class='ocr_par' dir='ltr' id='par_1_42' title="bbox 518 3362 2119 3435">
     <span class='ocr_line' id='line_1_42' title="bbox 518 3362 2119 3435; baseline -0.002 -15"><span class='ocrx_word' id='word_1_307' title='bbox 518 3365 613 3420; x_wconf 85' lang='lat' dir='ltr'><strong>tibi</strong></span> <span class='ocrx_word' id='word_1_308' title='bbox 665 3366 897 3435; x_wconf 86' lang='lat' dir='ltr'><strong>primum</strong></span> <span class='ocrx_word' id='word_1_309' title='bbox 954 3363 1209 3419; x_wconf 85' lang='lat' dir='ltr'><strong>credendi</strong></span> <span class='ocrx_word' id='word_1_310' title='bbox 1253 3378 1413 3419; x_wconf 84' lang='lat' dir='ltr'><strong>causa</strong></span> <span class='ocrx_word' id='word_1_311' title='bbox 1448 3374 1501 3419; x_wconf 91' lang='lat' dir='ltr'><strong>ct</strong></span> <span class='ocrx_word' id='word_1_312' title='bbox 1526 3365 1741 3419; x_wconf 87' lang='lat' dir='ltr'><strong>occasio</strong></span> <span class='ocrx_word' id='word_1_313' title='bbox 1767 3363 1993 3418; x_wconf 80' lang='lat' dir='ltr'><strong>ex5titit.</strong></span> <span class='ocrx_word' id='word_1_314' title='bbox 2022 3362 2119 3418; x_wconf 83' lang='lat' dir='ltr'><strong>Vi-</strong></span> 
     </span>
    </p>
   </div>
   <div class='ocr_carea' id='block_1_43' title="bbox 517 3455 2122 3527">
    <p class='ocr_par' dir='ltr' id='par_1_43' title="bbox 517 3455 2122 3527">
     <span class='ocr_line' id='line_1_43' title="bbox 517 3455 2122 3527; baseline -0.002 -14"><span class='ocrx_word' id='word_1_315' title='bbox 517 3458 728 3513; x_wconf 87' lang='lat' dir='ltr'><strong>sionem</strong></span> <span class='ocrx_word' id='word_1_316' title='bbox 750 3457 887 3511; x_wconf 88' lang='lat' dir='ltr'><strong>hanc</strong></span> <span class='ocrx_word' id='word_1_317' title='bbox 914 3458 1149 3526; x_wconf 79' lang='lat' dir='ltr'><strong>suscepi,</strong></span> <span class='ocrx_word' id='word_1_318' title='bbox 1170 3462 1226 3511; x_wconf 92' lang='lat' dir='ltr'><strong>ut</strong></span> <span class='ocrx_word' id='word_1_319' title='bbox 1257 3470 1378 3527; x_wconf 74' lang='lat' dir='ltr'><strong>qua:</strong></span> <span class='ocrx_word' id='word_1_320' title='bbox 1405 3457 1719 3527; x_wconf 68' lang='lat' dir='ltr'><strong>apostolica:</strong></span> <span class='ocrx_word' id='word_1_321' title='bbox 1744 3455 1858 3511; x_wconf 86' lang='lat' dir='ltr'><strong>voci</strong></span> <span class='ocrx_word' id='word_1_322' title='bbox 1892 3468 2122 3511; x_wconf 66' lang='lat' dir='ltr'><strong>consen-</strong></span> 
     </span>
    </p>
   </div>
   <div class='ocr_carea' id='block_1_44' title="bbox 2213 2232 3818 2327">
    <p class='ocr_par' dir='ltr' id='par_1_44' title="bbox 2213 2249 3818 2327">
     <span class='ocr_line' id='line_1_44' title="bbox 2213 2249 3818 2327; baseline -0.004 -21"><span class='ocrx_word' id='word_1_323' title='bbox 2213 2258 2313 2306; x_wconf 80' lang='grc' dir='ltr'>τῶν</span> <span class='ocrx_word' id='word_1_324' title='bbox 2343 2252 2608 2327; x_wconf 77' lang='grc' dir='ltr'>αἱρετικῶν</span> <span class='ocrx_word' id='word_1_325' title='bbox 2638 2253 2906 2323; x_wconf 81' lang='grc' dir='ltr'>ἐνέτυχον,</span> <span class='ocrx_word' id='word_1_326' title='bbox 2940 2253 3171 2327; x_wconf 87' lang='grc' dir='ltr'>χραίνων</span> <span class='ocrx_word' id='word_1_327' title='bbox 3216 2253 3305 2323; x_wconf 77' lang='grc' dir='ltr'>μὲν</span> <span class='ocrx_word' id='word_1_328' title='bbox 3346 2271 3445 2321; x_wconf 84' lang='grc' dir='ltr'><strong>μου</strong></span> <span class='ocrx_word' id='word_1_329' title='bbox 3484 2251 3614 2326; x_wconf 86' lang='grc' dir='ltr'>πρὸς</span> <span class='ocrx_word' id='word_1_330' title='bbox 3659 2249 3818 2321; x_wconf 81' lang='grc' dir='ltr'>ὀλίγον</span> 
     </span>
    </p>
   </div>
   <div class='ocr_carea' id='block_1_45' title="bbox 2216 2335 3815 2420">
    <p class='ocr_par' dir='ltr' id='par_1_45' title="bbox 2216 2335 3815 2420">
     <span class='ocr_line' id='line_1_45' title="bbox 2216 2335 3815 2420; baseline -0.005 -21"><span class='ocrx_word' id='word_1_331' title='bbox 2216 2350 2310 2404; x_wconf 81' lang='grc' dir='ltr'>τὴν</span> <span class='ocrx_word' id='word_1_332' title='bbox 2355 2344 2535 2417; x_wconf 70' lang='grc' dir='ltr'>ψυχὴν</span> <span class='ocrx_word' id='word_1_333' title='bbox 2564 2352 2679 2404; x_wconf 87' lang='grc' dir='ltr'>ταῖς</span> <span class='ocrx_word' id='word_1_334' title='bbox 2708 2346 3030 2420; x_wconf 84' lang='grc' dir='ltr'>παμμίαροις</span> <span class='ocrx_word' id='word_1_335' title='bbox 3064 2345 3231 2398; x_wconf 76' lang='grc' dir='ltr'>αὐτῶν</span> <span class='ocrx_word' id='word_1_336' title='bbox 3269 2344 3605 2413; x_wconf 80' lang='grc' dir='ltr'>ἐνθυμήσεσιν</span> <span class='ocrx_word' id='word_1_337' title='bbox 3644 2335 3815 2397; x_wconf 79' lang='grc' dir='ltr'>ὄνησιν</span> 
     </span>
    </p>
   </div>
   <div class='ocr_carea' id='block_1_46' title="bbox 2216 2433 3820 2509">
    <p class='ocr_par' dir='ltr' id='par_1_46' title="bbox 2216 2433 3820 2509">
     <span class='ocr_line' id='line_1_46' title="bbox 2216 2433 3820 2509; baseline -0.005 -17"><span class='ocrx_word' id='word_1_338' title='bbox 2216 2436 2262 2492; x_wconf 78' lang='grc' dir='ltr'>δ’</span> <span class='ocrx_word' id='word_1_339' title='bbox 2282 2433 2367 2493; x_wconf 72' lang='grc' dir='ltr'><strong>οὖν</strong></span> <span class='ocrx_word' id='word_1_340' title='bbox 2397 2438 2484 2492; x_wconf 79' lang='grc' dir='ltr'>ἀπ’</span> <span class='ocrx_word' id='word_1_341' title='bbox 2506 2439 2668 2491; x_wconf 70' lang='grc' dir='ltr'>αὐτῶν</span> <span class='ocrx_word' id='word_1_342' title='bbox 2700 2438 2892 2495; x_wconf 77' lang='grc' dir='ltr'>ταύτην</span> <span class='ocrx_word' id='word_1_343' title='bbox 2918 2436 3215 2509; x_wconf 76' lang='grc' dir='ltr'>λαμϐάνων,</span> <span class='ocrx_word' id='word_1_344' title='bbox 3238 2436 3297 2490; x_wconf 85' lang='grc' dir='ltr'>τὸ</span> <span class='ocrx_word' id='word_1_345' title='bbox 3325 2434 3605 2508; x_wconf 75' lang='grc' dir='ltr'><strong>ἐξελέγχειν</strong></span> <span class='ocrx_word' id='word_1_346' title='bbox 3632 2433 3820 2490; x_wconf 80' lang='grc' dir='ltr'>αὐτοὺς</span> 
     </span>
    </p>
   </div>
   <div class='ocr_carea' id='block_1_47' title="bbox 2216 2523 3822 2608">
    <p class='ocr_par' dir='ltr' id='par_1_47' title="bbox 2216 2523 3822 2608">
     <span class='ocr_line' id='line_1_47' title="bbox 2216 2523 3822 2608; baseline -0.007 -21"><span class='ocrx_word' id='word_1_347' title='bbox 2216 2531 2342 2608; x_wconf 82' lang='grc' dir='ltr'>παρ’</span> <span class='ocrx_word' id='word_1_348' title='bbox 2373 2530 2605 2604; x_wconf 81' lang='grc' dir='ltr'>ἐμαυτῷ,</span> <span class='ocrx_word' id='word_1_349' title='bbox 2628 2533 2715 2584; x_wconf 85' lang='grc' dir='ltr'>καὶ</span> <span class='ocrx_word' id='word_1_350' title='bbox 2744 2530 2871 2584; x_wconf 82' lang='grc' dir='ltr'>πολὺ</span> <span class='ocrx_word' id='word_1_351' title='bbox 2900 2529 3047 2584; x_wconf 77' lang='grc' dir='ltr'>πλέον</span> <span class='ocrx_word' id='word_1_352' title='bbox 3070 2527 3459 2601; x_wconf 74' lang='grc' dir='ltr'>βδελύττεσθαι.</span> <span class='ocrx_word' id='word_1_353' title='bbox 3488 2530 3573 2580; x_wconf 79' lang='grc' dir='ltr'>καὶ</span> <span class='ocrx_word' id='word_1_354' title='bbox 3601 2523 3663 2584; x_wconf 78' lang='grc' dir='ltr'>δή</span> <span class='ocrx_word' id='word_1_355' title='bbox 3690 2544 3822 2584; x_wconf 87' lang='grc' dir='ltr'>τινος</span> 
     </span>
    </p>
   </div>
   <div class='ocr_carea' id='block_1_48' title="bbox 2220 2617 3825 2698">
    <p class='ocr_par' dir='ltr' id='par_1_48' title="bbox 2220 2617 3825 2698">
     <span class='ocr_line' id='line_1_48' title="bbox 2220 2617 3825 2698; baseline -0.005 -18"><span class='ocrx_word' id='word_1_356' title='bbox 2220 2622 2431 2697; x_wconf 74' lang='grc' dir='ltr'>ἀδελφοῦ</span> <span class='ocrx_word' id='word_1_357' title='bbox 2469 2630 2569 2678; x_wconf 84' lang='grc' dir='ltr'><strong>τῶν</strong></span> <span class='ocrx_word' id='word_1_358' title='bbox 2609 2624 2979 2698; x_wconf 79' lang='grc' dir='ltr'>πρεσϐυτέρων</span> <span class='ocrx_word' id='word_1_359' title='bbox 3018 2643 3079 2695; x_wconf 90' lang='grc' dir='ltr'><strong>με</strong></span> <span class='ocrx_word' id='word_1_360' title='bbox 3113 2623 3445 2698; x_wconf 81' lang='grc' dir='ltr'>ἀπείργοντος</span> <span class='ocrx_word' id='word_1_361' title='bbox 3470 2623 3558 2674; x_wconf 84' lang='grc' dir='ltr'>καὶ</span> <span class='ocrx_word' id='word_1_362' title='bbox 3597 2617 3825 2674; x_wconf 85' lang='grc' dir='ltr'>δεδιττο-</span> 
     </span>
    </p>
   </div>
   <div class='ocr_carea' id='block_1_49' title="bbox 2221 2712 3826 2793">
    <p class='ocr_par' dir='ltr' id='par_1_49' title="bbox 2221 2712 3826 2793">
     <span class='ocr_line' id='line_1_49' title="bbox 2221 2712 3826 2793; baseline -0.004 -21"><span class='ocrx_word' id='word_1_363' title='bbox 2221 2719 2372 2793; x_wconf 82' lang='grc' dir='ltr'>μένου</span> <span class='ocrx_word' id='word_1_364' title='bbox 2403 2716 2765 2793; x_wconf 77' lang='grc' dir='ltr'>συμφυρεσθαι</span> <span class='ocrx_word' id='word_1_365' title='bbox 2796 2713 2890 2787; x_wconf 91' lang='lat' dir='ltr'><strong>(al.</strong></span> <span class='ocrx_word' id='word_1_366' title='bbox 2926 2715 3278 2791; x_wconf 77' lang='grc' dir='ltr'>συμφέρεσθαι</span> <span class='ocrx_word' id='word_1_367' title='bbox 3306 2712 3323 2783; x_wconf 96' lang='grc'>)</span> <span class='ocrx_word' id='word_1_368' title='bbox 3348 2720 3421 2787; x_wconf 82' lang='grc' dir='ltr'>τῷ</span> <span class='ocrx_word' id='word_1_369' title='bbox 3448 2720 3541 2771; x_wconf 74' lang='grc' dir='ltr'><strong>τῆς</strong></span> <span class='ocrx_word' id='word_1_370' title='bbox 3580 2712 3826 2788; x_wconf 81' lang='grc' dir='ltr'>πονηρίας</span> 
     </span>
    </p>
   </div>
   <div class='ocr_carea' id='block_1_50' title="bbox 2222 2803 3825 2885">
    <p class='ocr_par' dir='ltr' id='par_1_50' title="bbox 2222 2803 3825 2885">
     <span class='ocr_line' id='line_1_50' title="bbox 2222 2803 3825 2885; baseline -0.006 -19"><span class='ocrx_word' id='word_1_371' title='bbox 2222 2813 2365 2883; x_wconf 78' lang='grc' dir='ltr'>αὐτῷ</span> <span class='ocrx_word' id='word_1_372' title='bbox 2411 2809 2650 2885; x_wconf 73' lang='grc' dir='ltr'>βορϐόρῳ</span> <span class='ocrx_word' id='word_1_373' title='bbox 2676 2824 2687 2836; x_wconf 93' lang='grc'><strong>·</strong></span> <span class='ocrx_word' id='word_1_374' title='bbox 2716 2809 3055 2880; x_wconf 82' lang='grc' dir='ltr'>λυμανεῖσθαι</span> <span class='ocrx_word' id='word_1_375' title='bbox 3082 2810 3183 2884; x_wconf 84' lang='grc' dir='ltr'>γὰρ</span> <span class='ocrx_word' id='word_1_376' title='bbox 3227 2813 3317 2866; x_wconf 76' lang='grc' dir='ltr'>τὴν</span> <span class='ocrx_word' id='word_1_377' title='bbox 3342 2805 3524 2877; x_wconf 72' lang='grc' dir='ltr'>ψυχήν</span> <span class='ocrx_word' id='word_1_378' title='bbox 3548 2810 3640 2863; x_wconf 80' lang='grc' dir='ltr'>τὴν</span> <span class='ocrx_word' id='word_1_379' title='bbox 3668 2803 3825 2876; x_wconf 81' lang='grc' dir='ltr'>ἐμαυ-</span> 
     </span>
    </p>
   </div>
   <div class='ocr_carea' id='block_1_51' title="bbox 2222 2892 3828 2974">
    <p class='ocr_par' dir='ltr' id='par_1_51' title="bbox 2222 2892 3828 2974">
     <span class='ocr_line' id='line_1_51' title="bbox 2222 2892 3828 2974; baseline -0.004 -19"><span class='ocrx_word' id='word_1_380' title='bbox 2222 2909 2337 2961; x_wconf 83' lang='grc' dir='ltr'>τοῦ.</span> <span class='ocrx_word' id='word_1_381' title='bbox 2370 2905 2458 2955; x_wconf 85' lang='grc' dir='ltr'>καὶ</span> <span class='ocrx_word' id='word_1_382' title='bbox 2497 2900 2652 2960; x_wconf 82' lang='grc' dir='ltr'>ἀληθῆ</span> <span class='ocrx_word' id='word_1_383' title='bbox 2696 2921 2751 2974; x_wconf 90' lang='grc' dir='ltr'><strong>γε</strong></span> <span class='ocrx_word' id='word_1_384' title='bbox 2802 2899 3053 2974; x_wconf 81' lang='grc' dir='ltr'>λέγοντος,</span> <span class='ocrx_word' id='word_1_385' title='bbox 3086 2901 3154 2959; x_wconf 86' lang='grc' dir='ltr'>ὡς</span> <span class='ocrx_word' id='word_1_386' title='bbox 3201 2898 3467 2970; x_wconf 81' lang='grc' dir='ltr'>ἠσθόμην,</span> <span class='ocrx_word' id='word_1_387' title='bbox 3518 2892 3693 2973; x_wconf 75' lang='grc' dir='ltr'>ὅραμα</span> <span class='ocrx_word' id='word_1_388' title='bbox 3734 2896 3828 2949; x_wconf 84' lang='grc' dir='ltr'>θεί·</span> 
     </span>
    </p>
   </div>
   <div class='ocr_carea' id='block_1_52' title="bbox 2222 2989 3826 3069">
    <p class='ocr_par' dir='ltr' id='par_1_52' title="bbox 2222 2989 3826 3069">
     <span class='ocr_line' id='line_1_52' title="bbox 2222 2989 3826 3069; baseline -0.004 -20"><span class='ocrx_word' id='word_1_389' title='bbox 2222 3014 2457 3066; x_wconf 87' lang='grc' dir='ltr'>πεμπτον</span> <span class='ocrx_word' id='word_1_390' title='bbox 2500 2993 2781 3069; x_wconf 78' lang='grc' dir='ltr'>προσελθὸν</span> <span class='ocrx_word' id='word_1_391' title='bbox 2837 2991 3102 3066; x_wconf 79' lang='grc' dir='ltr'><strong>ἐπέρῤωσέ</strong></span> <span class='ocrx_word' id='word_1_392' title='bbox 3155 3012 3238 3065; x_wconf 83' lang='grc' dir='ltr'><strong>με.</strong></span> <span class='ocrx_word' id='word_1_393' title='bbox 3270 2993 3359 3046; x_wconf 82' lang='grc' dir='ltr'>καὶ</span> <span class='ocrx_word' id='word_1_394' title='bbox 3403 2989 3549 3061; x_wconf 89' lang='grc' dir='ltr'>λόγος</span> <span class='ocrx_word' id='word_1_395' title='bbox 3588 2989 3722 3065; x_wconf 85' lang='grc' dir='ltr'>πρός</span> <span class='ocrx_word' id='word_1_396' title='bbox 3766 3007 3826 3058; x_wconf 79' lang='grc' dir='ltr'><strong>με</strong></span> 
     </span>
    </p>
   </div>
   <div class='ocr_carea' id='block_1_53' title="bbox 2221 3080 3826 3162">
    <p class='ocr_par' dir='ltr' id='par_1_53' title="bbox 2221 3080 3826 3162">
     <span class='ocr_line' id='line_1_53' title="bbox 2221 3080 3826 3162; baseline -0.004 -23"><span class='ocrx_word' id='word_1_397' title='bbox 2221 3089 2485 3160; x_wconf 74' lang='grc' dir='ltr'>γενόμενος</span> <span class='ocrx_word' id='word_1_398' title='bbox 2514 3086 2802 3162; x_wconf 83' lang='grc' dir='ltr'>προσέταξε</span> <span class='ocrx_word' id='word_1_399' title='bbox 2833 3082 3108 3159; x_wconf 71' lang='grc' dir='ltr'>διαρῥὴδην</span> <span class='ocrx_word' id='word_1_400' title='bbox 3136 3084 3314 3157; x_wconf 81' lang='grc' dir='ltr'>λέγων,</span> <span class='ocrx_word' id='word_1_401' title='bbox 3347 3080 3509 3137; x_wconf 78' lang='grc' dir='ltr'>πᾶσιν</span> <span class='ocrx_word' id='word_1_402' title='bbox 3538 3082 3826 3154; x_wconf 72' lang='grc' dir='ltr'>ἐνετύγχανε</span> 
     </span>
    </p>
   </div>
   <div class='ocr_carea' id='block_1_54' title="bbox 2223 3174 3829 3255">
    <p class='ocr_par' dir='ltr' id='par_1_54' title="bbox 2223 3174 3829 3255">
     <span class='ocr_line' id='line_1_54' title="bbox 2223 3174 3829 3255; baseline -0.006 -20"><span class='ocrx_word' id='word_1_403' title='bbox 2223 3177 2296 3241; x_wconf 84' lang='grc' dir='ltr'>οἷς</span> <span class='ocrx_word' id='word_1_404' title='bbox 2350 3175 2407 3235; x_wconf 81' lang='grc' dir='ltr'><strong>ἂν</strong></span> <span class='ocrx_word' id='word_1_405' title='bbox 2457 3183 2527 3239; x_wconf 81' lang='grc' dir='ltr'>εἰς</span> <span class='ocrx_word' id='word_1_406' title='bbox 2576 3187 2763 3255; x_wconf 80' lang='grc' dir='ltr'>χεῖρας</span> <span class='ocrx_word' id='word_1_407' title='bbox 2809 3177 3004 3237; x_wconf 69' lang='grc' dir='ltr'>λάϐοις.</span> <span class='ocrx_word' id='word_1_408' title='bbox 3045 3174 3316 3232; x_wconf 70' lang='grc' dir='ltr'>διευθύνειν</span> <span class='ocrx_word' id='word_1_409' title='bbox 3347 3177 3448 3251; x_wconf 72' lang='grc' dir='ltr'>γὰρ</span> <span class='ocrx_word' id='word_1_410' title='bbox 3496 3174 3696 3230; x_wconf 81' lang='grc' dir='ltr'>ἕκαστα</span> <span class='ocrx_word' id='word_1_411' title='bbox 3742 3174 3829 3228; x_wconf 85' lang='grc' dir='ltr'>καὶ</span> 
     </span>
    </p>
   </div>
   <div class='ocr_carea' id='block_1_55' title="bbox 2224 3265 3828 3346">
    <p class='ocr_par' dir='ltr' id='par_1_55' title="bbox 2224 3265 3828 3346">
     <span class='ocr_line' id='line_1_55' title="bbox 2224 3265 3828 3346; baseline -0.006 -17"><span class='ocrx_word' id='word_1_412' title='bbox 2224 3272 2512 3346; x_wconf 75' lang='grc' dir='ltr'>δοκιμάζειν</span> <span class='ocrx_word' id='word_1_413' title='bbox 2557 3272 2726 3331; x_wconf 84' lang='grc' dir='ltr'>ἱκανὸς</span> <span class='ocrx_word' id='word_1_414' title='bbox 2760 3265 2806 3324; x_wconf 77' lang='grc' dir='ltr'>εἴ</span> <span class='ocrx_word' id='word_1_415' title='bbox 2834 3310 2845 3323; x_wconf 93' lang='grc'><strong>.</strong></span> <span class='ocrx_word' id='word_1_416' title='bbox 2874 3273 2961 3325; x_wconf 85' lang='grc' dir='ltr'><strong>καί</strong></span> <span class='ocrx_word' id='word_1_417' title='bbox 2992 3292 3075 3325; x_wconf 89' lang='grc' dir='ltr'><strong>σοι</strong></span> <span class='ocrx_word' id='word_1_418' title='bbox 3102 3270 3272 3344; x_wconf 86' lang='grc' dir='ltr'>γέγονε</span> <span class='ocrx_word' id='word_1_419' title='bbox 3300 3274 3453 3324; x_wconf 89' lang='grc' dir='ltr'>τοῦτο</span> <span class='ocrx_word' id='word_1_420' title='bbox 3485 3269 3717 3343; x_wconf 80' lang='grc' dir='ltr'>ἐξαρχῆς</span> <span class='ocrx_word' id='word_1_421' title='bbox 3746 3267 3828 3321; x_wconf 82' lang='grc' dir='ltr'>καὶ</span> 
     </span>
    </p>
   </div>
   <div class='ocr_carea' id='block_1_56' title="bbox 2224 3357 3825 3437">
    <p class='ocr_par' dir='ltr' id='par_1_56' title="bbox 2224 3357 3825 3437">
     <span class='ocr_line' id='line_1_56' title="bbox 2224 3357 3825 3437; baseline -0.006 -16"><span class='ocrx_word' id='word_1_422' title='bbox 2224 3375 2316 3427; x_wconf 83' lang='grc' dir='ltr'>τῆς</span> <span class='ocrx_word' id='word_1_423' title='bbox 2343 3367 2570 3423; x_wconf 84' lang='grc' dir='ltr'>πίστεως</span> <span class='ocrx_word' id='word_1_424' title='bbox 2600 3358 2780 3418; x_wconf 80' lang='grc' dir='ltr'>αἴτιον.</span> <span class='ocrx_word' id='word_1_425' title='bbox 2812 3360 3133 3435; x_wconf 81' lang='grc' dir='ltr'>ἀπεδεξάμην</span> <span class='ocrx_word' id='word_1_426' title='bbox 3160 3362 3217 3419; x_wconf 85' lang='grc' dir='ltr'>τὸ</span> <span class='ocrx_word' id='word_1_427' title='bbox 3259 3357 3453 3437; x_wconf 77' lang='grc' dir='ltr'>ὅραμα,</span> <span class='ocrx_word' id='word_1_428' title='bbox 3488 3362 3554 3421; x_wconf 85' lang='grc' dir='ltr'>ὡς</span> <span class='ocrx_word' id='word_1_429' title='bbox 3602 3360 3825 3413; x_wconf 84' lang='grc' dir='ltr'>ἀποστο-</span> 
     </span>
    </p>
   </div>
   <div class='ocr_carea' id='block_1_57' title="bbox 2224 3452 3823 3537">
    <p class='ocr_par' dir='ltr' id='par_1_57' title="bbox 2224 3452 3823 3537">
     <span class='ocr_line' id='line_1_57' title="bbox 2224 3452 3823 3537; baseline -0.006 -22"><span class='ocrx_word' id='word_1_430' title='bbox 2224 3463 2335 3537; x_wconf 81' lang='grc' dir='ltr'>λικῇ</span> <span class='ocrx_word' id='word_1_431' title='bbox 2366 3468 2499 3536; x_wconf 76' lang='grc' dir='ltr'>φωνῇ</span> <span class='ocrx_word' id='word_1_432' title='bbox 2536 3459 2827 3535; x_wconf 79' lang='grc' dir='ltr'>συντρέχον</span> <span class='ocrx_word' id='word_1_433' title='bbox 2866 3467 2927 3535; x_wconf 76' lang='grc' dir='ltr'>τῇ</span> <span class='ocrx_word' id='word_1_434' title='bbox 2968 3458 3189 3534; x_wconf 75' lang='grc' dir='ltr'>λεγούσῃ</span> <span class='ocrx_word' id='word_1_435' title='bbox 3233 3458 3363 3535; x_wconf 84' lang='grc' dir='ltr'>πρὸς</span> <span class='ocrx_word' id='word_1_436' title='bbox 3393 3458 3513 3518; x_wconf 75' lang='grc' dir='ltr'>τοὺς</span> <span class='ocrx_word' id='word_1_437' title='bbox 3541 3452 3823 3511; x_wconf 84' lang='grc' dir='ltr'>δυνατωτέ-</span> 
     </span>
    </p>
   </div>
   <div class='ocr_carea' id='block_1_58' title="bbox 519 3525 2117 3634">
    <p class='ocr_par' dir='ltr' id='par_1_58' title="bbox 519 3525 2117 3621">
     <span class='ocr_line' id='line_1_58' title="bbox 519 3525 2117 3621; baseline -0.001 -15"><span class='ocrx_word' id='word_1_438' title='bbox 519 3551 677 3617; x_wconf 88' lang='lat' dir='ltr'><strong>tiret,</strong></span> <span class='ocrx_word' id='word_1_439' title='bbox 731 3565 974 3621; x_wconf 90' lang='lat' dir='ltr'><strong>quosque</strong></span> <span class='ocrx_word' id='word_1_440' title='bbox 1021 3525 1216 3620; x_wconf 86' lang='lat' dir='ltr'><strong>majori</strong></span> <span class='ocrx_word' id='word_1_441' title='bbox 1254 3525 1453 3604; x_wconf 78' lang='lat' dir='ltr'><strong>virtute</strong></span> <span class='ocrx_word' id='word_1_442' title='bbox 1484 3548 1739 3617; x_wconf 70' lang='lat' dir='ltr'><strong>prmditbs</strong></span> <span class='ocrx_word' id='word_1_443' title='bbox 1776 3553 1846 3603; x_wconf 85' lang='lat' dir='ltr'><strong>ita</strong></span> <span class='ocrx_word' id='word_1_444' title='bbox 1878 3549 2117 3621; x_wconf 77' lang='lat' dir='ltr'><strong>compcl~</strong></span> 
     </span>
    </p>
   </div>
   <div class='ocr_carea' id='block_1_59' title="bbox 2225 3525 3185 3634">
    <p class='ocr_par' dir='ltr' id='par_1_59' title="bbox 2228 3552 3185 3634">
     <span class='ocr_line' id='line_1_59' title="bbox 2228 3552 3185 3634; baseline -0.006 -23"><span class='ocrx_word' id='word_1_445' title='bbox 2228 3576 2373 3634; x_wconf 85' lang='grc' dir='ltr'>ρους,</span> <span class='ocrx_word' id='word_1_446' title='bbox 2402 3554 2596 3626; x_wconf 77' lang='grc' dir='ltr'>γίνεσθε</span> <span class='ocrx_word' id='word_1_447' title='bbox 2628 3552 2827 3626; x_wconf 86' lang='grc' dir='ltr'>δόκιμοι</span> <span class='ocrx_word' id='word_1_448' title='bbox 2855 3556 3185 3629; x_wconf 78' lang='grc' dir='ltr'>τραπεζῖται.</span> 
     </span>
    </p>
   </div>
   <div class='ocr_carea' id='block_1_60' title="bbox 517 3639 1941 3713">
    <p class='ocr_par' dir='ltr' id='par_1_60' title="bbox 517 3639 1941 3713">
     <span class='ocr_line' id='line_1_60' title="bbox 517 3639 1941 3713; baseline -0.002 -16"><span class='ocrx_word' id='word_1_449' title='bbox 517 3642 650 3699; x_wconf 89' lang='lat' dir='ltr'><strong>lanti</strong></span> <span class='ocrx_word' id='word_1_450' title='bbox 678 3660 691 3697; x_wconf 89' lang='lat'><strong>:</strong></span> <span class='ocrx_word' id='word_1_451' title='bbox 723 3642 899 3697; x_wconf 79' lang='lat' dir='ltr'><strong>Estote</strong></span> <span class='ocrx_word' id='word_1_452' title='bbox 920 3643 1069 3713; x_wconf 81' lang='lat' dir='ltr'><strong>periti</strong></span> <span class='ocrx_word' id='word_1_453' title='bbox 1097 3641 1374 3696; x_wconf 83' lang='lat' dir='ltr'><strong>numularii</strong></span> <span class='ocrx_word' id='word_1_454' title='bbox 1406 3641 1448 3713; x_wconf 86' lang='grc' dir='ltr'><strong>(Ι</strong></span> <span class='ocrx_word' id='word_1_455' title='bbox 1479 3639 1660 3709; x_wconf 74' lang='grc' dir='ltr'>ΤΙιεδ.,</span> <span class='ocrx_word' id='word_1_456' title='bbox 1696 3639 1941 3712; x_wconf 76' lang='lat' dir='ltr'><strong>xxr,2t).</strong></span> 
     </span>
    </p>
   </div>
   <div class='ocr_carea' id='block_1_61' title="bbox 1110 3774 3234 3843">
    <p class='ocr_par' dir='ltr' id='par_1_61' title="bbox 1110 3774 3234 3843">
     <span class='ocr_line' id='line_1_61' title="bbox 1110 3774 3234 3843; baseline -0.001 -14"><span class='ocrx_word' id='word_1_457' title='bbox 1110 3778 1326 3841; x_wconf 85' lang='lat' dir='ltr'><strong>Deinde,</strong></span> <span class='ocrx_word' id='word_1_458' title='bbox 1356 3776 1517 3843; x_wconf 85' lang='lat' dir='ltr'><strong>inquit</strong></span> <span class='ocrx_word' id='word_1_459' title='bbox 1538 3774 1805 3841; x_wconf 85' lang='lat' dir='ltr'><strong>Eusebius,</strong></span> <span class='ocrx_word' id='word_1_460' title='bbox 1817 3774 2051 3830; x_wconf 81' lang='lat' dir='ltr'><strong>nonnulla</strong></span> <span class='ocrx_word' id='word_1_461' title='bbox 2073 3782 2139 3831; x_wconf 90' lang='lat' dir='ltr'><strong>de</strong></span> <span class='ocrx_word' id='word_1_462' title='bbox 2162 3780 2391 3831; x_wconf 88' lang='lat' dir='ltr'><strong>omnibus</strong></span> <span class='ocrx_word' id='word_1_463' title='bbox 2410 3781 2689 3830; x_wconf 65' lang='lat' dir='ltr'><strong>haereslbus</strong></span> <span class='ocrx_word' id='word_1_464' title='bbox 2711 3777 3037 3829; x_wconf 84' lang='lat' dir='ltr'><strong>interlocutus</strong></span> <span class='ocrx_word' id='word_1_465' title='bbox 3054 3776 3234 3828; x_wconf 84' lang='lat' dir='ltr'><strong>subdit.</strong></span> 
     </span>
    </p>
   </div>
   <div class='ocr_carea' id='block_1_62' title="bbox 594 3907 2109 3981">
    <p class='ocr_par' dir='ltr' id='par_1_62' title="bbox 594 3907 2109 3981">
     <span class='ocr_line' id='line_1_62' title="bbox 594 3907 2109 3981; baseline 0.001 -16"><span class='ocrx_word' id='word_1_466' title='bbox 594 3909 744 3965; x_wconf 84' lang='lat' dir='ltr'><strong>Hanc</strong></span> <span class='ocrx_word' id='word_1_467' title='bbox 771 3924 871 3981; x_wconf 81' lang='lat' dir='ltr'><strong>ego</strong></span> <span class='ocrx_word' id='word_1_468' title='bbox 897 3909 1139 3981; x_wconf 82' lang='lat' dir='ltr'><strong>regulam</strong></span> <span class='ocrx_word' id='word_1_469' title='bbox 1180 3919 1234 3965; x_wconf 90' lang='lat' dir='ltr'><strong>et</strong></span> <span class='ocrx_word' id='word_1_470' title='bbox 1262 3907 1493 3965; x_wconf 82' lang='lat' dir='ltr'><strong>formam</strong></span> <span class='ocrx_word' id='word_1_471' title='bbox 1516 3925 1545 3965; x_wconf 89' lang='lat' dir='ltr'><strong>a</strong></span> <span class='ocrx_word' id='word_1_472' title='bbox 1567 3909 1727 3965; x_wconf 84' lang='lat' dir='ltr'><strong>beato</strong></span> <span class='ocrx_word' id='word_1_473' title='bbox 1758 3925 1890 3981; x_wconf 87' lang='lat' dir='ltr'><strong>papa</strong></span> <span class='ocrx_word' id='word_1_474' title='bbox 1924 3921 2109 3966; x_wconf 77' lang='lat' dir='ltr'><strong>nostro</strong></span> 
     </span>
    </p>
   </div>
   <div class='ocr_carea' id='block_1_63' title="bbox 524 3994 2115 4074">
    <p class='ocr_par' dir='ltr' id='par_1_63' title="bbox 524 3994 2115 4074">
     <span class='ocr_line' id='line_1_63' title="bbox 524 3994 2115 4074; baseline 0.002 -17"><span class='ocrx_word' id='word_1_475' title='bbox 524 3994 751 4058; x_wconf 77' lang='lat' dir='ltr'><strong>lieracla</strong></span> <span class='ocrx_word' id='word_1_476' title='bbox 778 4002 985 4072; x_wconf 86' lang='lat' dir='ltr'><strong>accepi.</strong></span> <span class='ocrx_word' id='word_1_477' title='bbox 1042 4002 1149 4060; x_wconf 88' lang='lat' dir='ltr'><strong>Eos</strong></span> <span class='ocrx_word' id='word_1_478' title='bbox 1194 4002 1338 4058; x_wconf 90' lang='lat' dir='ltr'><strong>enim</strong></span> <span class='ocrx_word' id='word_1_479' title='bbox 1371 4003 1463 4074; x_wconf 92' lang='lat' dir='ltr'><strong>qui</strong></span> <span class='ocrx_word' id='word_1_480' title='bbox 1506 4002 1575 4059; x_wconf 89' lang='lat' dir='ltr'><strong>ab</strong></span> <span class='ocrx_word' id='word_1_481' title='bbox 1605 4003 1903 4060; x_wconf 86' lang='lat' dir='ltr'><strong>hacresibus</strong></span> <span class='ocrx_word' id='word_1_482' title='bbox 1931 4006 2115 4060; x_wconf 87' lang='lat' dir='ltr'><strong>venie-</strong></span> 
     </span>
    </p>
   </div>
   <div class='ocr_carea' id='block_1_64' title="bbox 2288 3907 3825 3984">
    <p class='ocr_par' dir='ltr' id='par_1_64' title="bbox 2288 3907 3825 3984">
     <span class='ocr_line' id='line_1_64' title="bbox 2288 3907 3825 3984; baseline -0.005 -19"><span class='ocrx_word' id='word_1_483' title='bbox 2288 3913 2477 3965; x_wconf 76' lang='grc' dir='ltr'>Τοῦτον</span> <span class='ocrx_word' id='word_1_484' title='bbox 2499 3912 2597 3984; x_wconf 78' lang='grc' dir='ltr'><strong>ἐγὼ</strong></span> <span class='ocrx_word' id='word_1_485' title='bbox 2624 3910 2710 3964; x_wconf 86' lang='grc' dir='ltr'>τὸν</span> <span class='ocrx_word' id='word_1_486' title='bbox 2731 3910 2920 3963; x_wconf 84' lang='grc' dir='ltr'>κανόνα</span> <span class='ocrx_word' id='word_1_487' title='bbox 2945 3908 3139 3963; x_wconf 82' lang='grc' dir='ltr'>καὶτὸν</span> <span class='ocrx_word' id='word_1_488' title='bbox 3164 3908 3325 3964; x_wconf 82' lang='grc' dir='ltr'>τύπον</span> <span class='ocrx_word' id='word_1_489' title='bbox 3351 3907 3500 3982; x_wconf 83' lang='grc' dir='ltr'><strong>παρά</strong></span> <span class='ocrx_word' id='word_1_490' title='bbox 3525 3910 3618 3962; x_wconf 84' lang='grc' dir='ltr'><strong>τοῦ</strong></span> <span class='ocrx_word' id='word_1_491' title='bbox 3661 3922 3825 3977; x_wconf 79' lang='grc' dir='ltr'>μακαο</span> 
     </span>
    </p>
   </div>
   <div class='ocr_carea' id='block_1_65' title="bbox 2222 3998 3828 4083">
    <p class='ocr_par' dir='ltr' id='par_1_65' title="bbox 2222 3998 3828 4083">
     <span class='ocr_line' id='line_1_65' title="bbox 2222 3998 3828 4083; baseline -0.005 -24"><span class='ocrx_word' id='word_1_492' title='bbox 2222 4008 2336 4083; x_wconf 86' lang='grc' dir='ltr'>ρίου</span> <span class='ocrx_word' id='word_1_493' title='bbox 2360 4006 2514 4061; x_wconf 80' lang='grc' dir='ltr'>πάπα</span> <span class='ocrx_word' id='word_1_494' title='bbox 2552 4006 2691 4077; x_wconf 81' lang='grc' dir='ltr'>ἡμῶν</span> <span class='ocrx_word' id='word_1_495' title='bbox 2720 4002 2942 4082; x_wconf 77' lang='grc' dir='ltr'>Ἠρακλὰ</span> <span class='ocrx_word' id='word_1_496' title='bbox 2970 4002 3286 4080; x_wconf 81' lang='grc' dir='ltr'>παρέλαϐον.</span> <span class='ocrx_word' id='word_1_497' title='bbox 3313 4003 3433 4062; x_wconf 79' lang='grc' dir='ltr'>τοὺς</span> <span class='ocrx_word' id='word_1_498' title='bbox 3461 4002 3561 4077; x_wconf 83' lang='grc' dir='ltr'>γὰρ</span> <span class='ocrx_word' id='word_1_499' title='bbox 3589 3998 3828 4079; x_wconf 77' lang='grc' dir='ltr'>προσιόνο</span> 
     </span>
    </p>
   </div>
   <div class='ocr_carea' id='block_1_66' title="bbox 1842 4148 2475 4208">
    <p class='ocr_par' dir='ltr' id='par_1_66' title="bbox 1842 4148 2475 4208">
     <span class='ocr_line' id='line_1_66' title="bbox 1842 4148 2475 4208; baseline 0.002 -4"><span class='ocrx_word' id='word_1_500' title='bbox 1842 4149 2207 4207; x_wconf 75' lang='lat' dir='ltr'><strong>VARIORUM</strong></span> <span class='ocrx_word' id='word_1_501' title='bbox 2245 4148 2475 4208; x_wconf 70' lang='lat' dir='ltr'><strong>NOTAE.</strong></span> 
     </span>
    </p>
   </div>
   <div class='ocr_carea' id='block_1_67' title="bbox 525 4284 2114 4354">
    <p class='ocr_par' dir='ltr' id='par_1_67' title="bbox 525 4284 2114 4354">
     <span class='ocr_line' id='line_1_67' title="bbox 525 4284 2114 4354; baseline -0.001 -12"><span class='ocrx_word' id='word_1_502' title='bbox 525 4289 589 4342; x_wconf 82' lang='lat' dir='ltr'><strong>de</strong></span> <span class='ocrx_word' id='word_1_503' title='bbox 637 4286 816 4341; x_wconf 75' lang='lat' dir='ltr'><strong>iisdem</strong></span> <span class='ocrx_word' id='word_1_504' title='bbox 866 4284 1071 4340; x_wconf 91' lang='lat' dir='ltr'><strong>dictum</strong></span> <span class='ocrx_word' id='word_1_505' title='bbox 1129 4284 1431 4354; x_wconf 82' lang='lat' dir='ltr'><strong>intelligere</strong></span> <span class='ocrx_word' id='word_1_506' title='bbox 1487 4293 1569 4340; x_wconf 90' lang='lat' dir='ltr'><strong>est</strong></span> <span class='ocrx_word' id='word_1_507' title='bbox 1628 4284 1696 4340; x_wconf 92' lang='lat' dir='ltr'><strong>de</strong></span> <span class='ocrx_word' id='word_1_508' title='bbox 1770 4285 2114 4353; x_wconf 85' lang='lat' dir='ltr'><strong>Firmiliano,</strong></span> 
     </span>
    </p>
   </div>
   <div class='ocr_carea' id='block_1_68' title="bbox 524 4357 2121 4429">
    <p class='ocr_par' dir='ltr' id='par_1_68' title="bbox 524 4357 2121 4429">
     <span class='ocr_line' id='line_1_68' title="bbox 524 4357 2121 4429; baseline -0.003 -13"><span class='ocrx_word' id='word_1_509' title='bbox 524 4358 752 4423; x_wconf 80' lang='lat' dir='ltr'><strong>Heleno,</strong></span> <span class='ocrx_word' id='word_1_510' title='bbox 807 4372 943 4429; x_wconf 87' lang='lat' dir='ltr'><strong>quos</strong></span> <span class='ocrx_word' id='word_1_511' title='bbox 995 4372 1024 4409; x_wconf 89' lang='lat' dir='ltr'><strong>a</strong></span> <span class='ocrx_word' id='word_1_512' title='bbox 1070 4358 1449 4410; x_wconf 87' lang='lat' dir='ltr'><strong>communione</strong></span> <span class='ocrx_word' id='word_1_513' title='bbox 1503 4357 1865 4429; x_wconf 77' lang='lat' dir='ltr'><strong>segregandos</strong></span> <span class='ocrx_word' id='word_1_514' title='bbox 1921 4359 2121 4429; x_wconf 87' lang='lat' dir='ltr'><strong>Diony-</strong></span> 
     </span>
    </p>
   </div>
   <div class='ocr_carea' id='block_1_69' title="bbox 525 4426 2115 4500">
    <p class='ocr_par' dir='ltr' id='par_1_69' title="bbox 525 4426 2115 4500">
     <span class='ocr_line' id='line_1_69' title="bbox 525 4426 2115 4500; baseline -0.002 -13"><span class='ocrx_word' id='word_1_515' title='bbox 525 4433 637 4487; x_wconf 90' lang='lat' dir='ltr'><strong>sius</strong></span> <span class='ocrx_word' id='word_1_516' title='bbox 655 4445 717 4485; x_wconf 90' lang='lat' dir='ltr'><strong>ac</strong></span> <span class='ocrx_word' id='word_1_517' title='bbox 737 4428 1022 4484; x_wconf 89' lang='lat' dir='ltr'><strong>Philemon</strong></span> <span class='ocrx_word' id='word_1_518' title='bbox 1044 4429 1343 4500; x_wconf 85' lang='lat' dir='ltr'><strong>presbyteri</strong></span> <span class='ocrx_word' id='word_1_519' title='bbox 1364 4444 1484 4483; x_wconf 92' lang='lat' dir='ltr'><strong>cum</strong></span> <span class='ocrx_word' id='word_1_520' title='bbox 1510 4426 1783 4498; x_wconf 61' lang='lat' dir='ltr'><strong>Stephano</strong></span> <span class='ocrx_word' id='word_1_521' title='bbox 1804 4426 2115 4484; x_wconf 72' lang='lat' dir='ltr'><strong>censebant.</strong></span> 
     </span>
    </p>
   </div>
   <div class='ocr_carea' id='block_1_70' title="bbox 1661 4502 1965 4555">
    <p class='ocr_par' dir='ltr' id='par_1_70' title="bbox 1661 4502 1965 4555">
     <span class='ocr_line' id='line_1_70' title="bbox 1661 4502 1965 4555; baseline 0 -1"><span class='ocrx_word' id='word_1_522' title='bbox 1661 4502 1965 4555; x_wconf 66' lang='lat' dir='ltr'><strong>Consum.</strong></span> 
     </span>
    </p>
   </div>
   <div class='ocr_carea' id='block_1_71' title="bbox 580 4569 2127 4642">
    <p class='ocr_par' dir='ltr' id='par_1_71' title="bbox 580 4569 2127 4642">
     <span class='ocr_line' id='line_1_71' title="bbox 580 4569 2127 4642; baseline -0.001 -14"><span class='ocrx_word' id='word_1_523' title='bbox 580 4570 741 4628; x_wconf 85' lang='lat' dir='ltr'><strong>-Nmn</strong></span> <span class='ocrx_word' id='word_1_524' title='bbox 790 4588 907 4626; x_wconf 81' lang='lat' dir='ltr'><strong>cum</strong></span> <span class='ocrx_word' id='word_1_525' title='bbox 959 4572 1021 4625; x_wconf 84' lang='lat' dir='ltr'><strong>de</strong></span> <span class='ocrx_word' id='word_1_526' title='bbox 1068 4570 1376 4626; x_wconf 82' lang='lat' dir='ltr'><strong>doctrina...</strong></span> <span class='ocrx_word' id='word_1_527' title='bbox 1419 4569 1612 4627; x_wconf 88' lang='lat' dir='ltr'><strong>Totum</strong></span> <span class='ocrx_word' id='word_1_528' title='bbox 1644 4570 1744 4625; x_wconf 91' lang='lat' dir='ltr'><strong>hoc</strong></span> <span class='ocrx_word' id='word_1_529' title='bbox 1772 4570 2127 4642; x_wconf 83' lang='lat' dir='ltr'><strong>fragmentum</strong></span> 
     </span>
    </p>
   </div>
   <div class='ocr_carea' id='block_1_72' title="bbox 2224 4281 3821 4362">
    <p class='ocr_par' dir='ltr' id='par_1_72' title="bbox 2224 4281 3821 4362">
     <span class='ocr_line' id='line_1_72' title="bbox 2224 4281 3821 4362; baseline -0.006 -19"><span class='ocrx_word' id='word_1_530' title='bbox 2224 4287 2364 4343; x_wconf 90' lang='lat' dir='ltr'><strong>hanc</strong></span> <span class='ocrx_word' id='word_1_531' title='bbox 2393 4287 2677 4362; x_wconf 85' lang='lat' dir='ltr'><strong>epistolam</strong></span> <span class='ocrx_word' id='word_1_532' title='bbox 2705 4285 2769 4341; x_wconf 87' lang='lat' dir='ltr'><strong>ad</strong></span> <span class='ocrx_word' id='word_1_533' title='bbox 2800 4285 3174 4362; x_wconf 76' lang='lat' dir='ltr'><strong>Philemonem</strong></span> <span class='ocrx_word' id='word_1_534' title='bbox 3198 4284 3471 4362; x_wconf 86' lang='lat' dir='ltr'><strong>_su_per_i_ori</strong></span> <span class='ocrx_word' id='word_1_535' title='bbox 3501 4281 3821 4362; x_wconf 37' lang='lat' dir='ltr'><strong>ad.Xystunt</strong></span> 
     </span>
    </p>
   </div>
   <div class='ocr_carea' id='block_1_73' title="bbox 2226 4354 3826 4427">
    <p class='ocr_par' dir='ltr' id='par_1_73' title="bbox 2226 4354 3826 4427">
     <span class='ocr_line' id='line_1_73' title="bbox 2226 4354 3826 4427; baseline -0.008 -14"><span class='ocrx_word' id='word_1_536' title='bbox 2226 4374 2333 4413; x_wconf 92' lang='lat' dir='ltr'><strong>non</strong></span> <span class='ocrx_word' id='word_1_537' title='bbox 2362 4354 2482 4415; x_wconf 84' lang='lat' dir='ltr'><strong>esse</strong></span> <span class='ocrx_word' id='word_1_538' title='bbox 2510 4360 2858 4415; x_wconf 87' lang='lat' dir='ltr'><strong>anteriorem.</strong></span> <span class='ocrx_word' id='word_1_539' title='bbox 2888 4356 3154 4427; x_wconf 85' lang='lat' dir='ltr'><strong>Quocirca</strong></span> <span class='ocrx_word' id='word_1_540' title='bbox 3181 4355 3397 4412; x_wconf 86' lang='lat' dir='ltr'><strong>defendi</strong></span> <span class='ocrx_word' id='word_1_541' title='bbox 3430 4354 3615 4425; x_wconf 91' lang='lat' dir='ltr'><strong>nequit</strong></span> <span class='ocrx_word' id='word_1_542' title='bbox 3636 4354 3826 4427; x_wconf 15' lang='lat' dir='ltr'><strong>ropinio</strong></span> 
     </span>
    </p>
   </div>
   <div class='ocr_carea' id='block_1_74' title="bbox 2227 4423 3820 4501">
    <p class='ocr_par' dir='ltr' id='par_1_74' title="bbox 2227 4423 3820 4501">
     <span class='ocr_line' id='line_1_74' title="bbox 2227 4423 3820 4501; baseline -0.006 -16"><span class='ocrx_word' id='word_1_543' title='bbox 2227 4431 2445 4485; x_wconf 88' lang='lat' dir='ltr'><strong>Baronii</strong></span> <span class='ocrx_word' id='word_1_544' title='bbox 2466 4471 2480 4492; x_wconf 88' lang='lat'><strong>,</strong></span> <span class='ocrx_word' id='word_1_545' title='bbox 2509 4433 2597 4500; x_wconf 89' lang='lat' dir='ltr'><strong>qui</strong></span> <span class='ocrx_word' id='word_1_546' title='bbox 2628 4423 2985 4501; x_wconf 75' lang='lat' dir='ltr'><strong>fragmentum</strong></span> <span class='ocrx_word' id='word_1_547' title='bbox 3016 4429 3158 4483; x_wconf 91' lang='lat' dir='ltr'><strong>istud</strong></span> <span class='ocrx_word' id='word_1_548' title='bbox 3188 4443 3257 4484; x_wconf 85' lang='lat' dir='ltr'><strong>ex</strong></span> <span class='ocrx_word' id='word_1_549' title='bbox 3298 4423 3534 4501; x_wconf 68' lang='lat' dir='ltr'><strong>epistola</strong></span> <span class='ocrx_word' id='word_1_550' title='bbox 3565 4426 3667 4480; x_wconf 90' lang='lat' dir='ltr'><strong>sub</strong></span> <span class='ocrx_word' id='word_1_551' title='bbox 3705 4423 3820 4478; x_wconf 64' lang='lat' dir='ltr'><strong>Steo</strong></span> 
     </span>
    </p>
   </div>
   <div class='ocr_carea' id='block_1_75' title="bbox 2235 4498 3827 4573">
    <p class='ocr_par' dir='ltr' id='par_1_75' title="bbox 2235 4498 3827 4573">
     <span class='ocr_line' id='line_1_75' title="bbox 2235 4498 3827 4573; baseline -0.006 -18"><span class='ocrx_word' id='word_1_552' title='bbox 2235 4502 2412 4572; x_wconf 84' lang='lat' dir='ltr'><strong>phauo</strong></span> <span class='ocrx_word' id='word_1_553' title='bbox 2452 4498 2652 4572; x_wconf 80' lang='lat' dir='ltr'><strong>scripta</strong></span> <span class='ocrx_word' id='word_1_554' title='bbox 2699 4498 3012 4573; x_wconf 75' lang='lat' dir='ltr'><strong>excerptum</strong></span> <span class='ocrx_word' id='word_1_555' title='bbox 3056 4501 3370 4555; x_wconf 85' lang='lat' dir='ltr'><strong>arbitratur.</strong></span> <span class='ocrx_word' id='word_1_556' title='bbox 3418 4498 3605 4567; x_wconf 86' lang='lat' dir='ltr'><strong>Neque</strong></span> <span class='ocrx_word' id='word_1_557' title='bbox 3655 4504 3827 4573; x_wconf 73' lang='lat' dir='ltr'><strong>tamen</strong></span> 
     </span>
    </p>
   </div>
   <div class='ocr_carea' id='block_1_76' title="bbox 2235 4572 3826 4655">
    <p class='ocr_par' dir='ltr' id='par_1_76' title="bbox 2235 4572 3826 4655">
     <span class='ocr_line' id='line_1_76' title="bbox 2235 4572 3826 4655; baseline -0.006 -29"><span class='ocrx_word' id='word_1_558' title='bbox 2235 4575 2515 4655; x_wconf 65' lang='lat' dir='ltr'><strong>prtemissa</strong></span> <span class='ocrx_word' id='word_1_559' title='bbox 2564 4572 2632 4655; x_wconf 72' lang='lat' dir='ltr'><strong>ad</strong></span> <span class='ocrx_word' id='word_1_560' title='bbox 2681 4572 2909 4655; x_wconf 77' lang='lat' dir='ltr'><strong>Xystum</strong></span> <span class='ocrx_word' id='word_1_561' title='bbox 2962 4573 3233 4655; x_wconf 73' lang='lat' dir='ltr'><strong>posterior</strong></span> <span class='ocrx_word' id='word_1_562' title='bbox 3282 4580 3411 4655; x_wconf 57' lang='lat' dir='ltr'><strong>est,</strong></span> <span class='ocrx_word' id='word_1_563' title='bbox 3446 4578 3632 4655; x_wconf 64' lang='lat' dir='ltr'><strong>utpote</strong></span> <span class='ocrx_word' id='word_1_564' title='bbox 3679 4572 3826 4655; x_wconf 56' lang='lat' dir='ltr'><strong>cuius</strong></span> 
     </span>
    </p>
   </div>
   <div class='ocr_carea' id='block_1_77' title="bbox 528 4639 3827 4717">
    <p class='ocr_par' dir='ltr' id='par_1_77' title="bbox 528 4639 3827 4717">
     <span class='ocr_line' id='line_1_77' title="bbox 528 4639 3827 4717; baseline -0.002 -16"><span class='ocrx_word' id='word_1_565' title='bbox 528 4646 759 4717; x_wconf 84' lang='lat' dir='ltr'><strong>Rufinus</strong></span> <span class='ocrx_word' id='word_1_566' title='bbox 786 4644 994 4699; x_wconf 84' lang='lat' dir='ltr'><strong>licentia</strong></span> <span class='ocrx_word' id='word_1_567' title='bbox 1037 4643 1138 4717; x_wconf 80' lang='lat' dir='ltr'><strong>sibi</strong></span> <span class='ocrx_word' id='word_1_568' title='bbox 1172 4648 1427 4698; x_wconf 81' lang='lat' dir='ltr'><strong>Consueta</strong></span> <span class='ocrx_word' id='word_1_569' title='bbox 1480 4643 1643 4717; x_wconf 70' lang='lat' dir='ltr'><strong>latine</strong></span> <span class='ocrx_word' id='word_1_570' title='bbox 1692 4644 1760 4696; x_wconf 91' lang='lat' dir='ltr'><strong>ita</strong></span> <span class='ocrx_word' id='word_1_571' title='bbox 1808 4639 2079 4717; x_wconf 71' lang='lat' dir='ltr'><strong>convertit</strong></span> <span class='ocrx_word' id='word_1_572' title='bbox 2113 4662 2127 4697; x_wconf 88' lang='lat'><strong>:</strong></span> <span class='ocrx_word' id='word_1_573' title='bbox 2156 4658 2207 4717; x_wconf 71' lang='grc' dir='ltr'><strong>ί)</strong></span> <span class='ocrx_word' id='word_1_574' title='bbox 2235 4639 2525 4714; x_wconf 86' lang='lat' dir='ltr'><strong>Dionysius</strong></span> <span class='ocrx_word' id='word_1_575' title='bbox 2573 4646 2625 4700; x_wconf 92' lang='lat' dir='ltr'><strong>in</strong></span> <span class='ocrx_word' id='word_1_576' title='bbox 2669 4639 2746 4699; x_wconf 58' lang='lat' dir='ltr'><strong>ea&#39;</strong></span> <span class='ocrx_word' id='word_1_577' title='bbox 2774 4644 2886 4715; x_wconf 88' lang='lat' dir='ltr'><strong>ipsa</strong></span> <span class='ocrx_word' id='word_1_578' title='bbox 2934 4639 2990 4699; x_wconf 64' lang='grc' dir='ltr'><strong>εἱ.</strong></span> <span class='ocrx_word' id='word_1_579' title='bbox 3048 4642 3104 4717; x_wconf 75' lang='lat'><strong>2,</strong></span> <span class='ocrx_word' id='word_1_580' title='bbox 3166 4639 3827 4717; x_wconf 64' lang='lat' dir='ltr'><strong>meminit.__Qnap_t_&#39;opl&lt;}r</strong></span> 
     </span>
    </p>
   </div>
   <div class='ocr_carea' id='block_1_78' title="bbox 536 4712 2127 4785">
    <p class='ocr_par' dir='ltr' id='par_1_78' title="bbox 536 4712 2127 4785">
     <span class='ocr_line' id='line_1_78' title="bbox 536 4712 2127 4785; baseline -0.003 -15"><span class='ocrx_word' id='word_1_581' title='bbox 536 4738 554 4770; x_wconf 79' lang='grc' dir='ltr'><strong>ι</strong></span> <span class='ocrx_word' id='word_1_582' title='bbox 575 4719 705 4772; x_wconf 89' lang='lat' dir='ltr'><strong>Cum</strong></span> <span class='ocrx_word' id='word_1_583' title='bbox 730 4714 797 4770; x_wconf 90' lang='lat' dir='ltr'><strong>de</strong></span> <span class='ocrx_word' id='word_1_584' title='bbox 824 4731 884 4770; x_wconf 89' lang='lat' dir='ltr'><strong>ea</strong></span> <span class='ocrx_word' id='word_1_585' title='bbox 912 4714 1174 4779; x_wconf 89' lang='lat' dir='ltr'><strong>doctrina,</strong></span> <span class='ocrx_word' id='word_1_586' title='bbox 1204 4730 1325 4785; x_wconf 74' lang='lat' dir='ltr'><strong>qua:</strong></span> <span class='ocrx_word' id='word_1_587' title='bbox 1356 4712 1495 4785; x_wconf 86' lang='lat' dir='ltr'><strong>apud</strong></span> <span class='ocrx_word' id='word_1_588' title='bbox 1524 4712 1908 4785; x_wconf 76' lang='lat' dir='ltr'><strong>Ptolemaitlam</strong></span> <span class='ocrx_word' id='word_1_589' title='bbox 1927 4714 2127 4769; x_wconf 80' lang='lat' dir='ltr'><strong>Penta-</strong></span> 
     </span>
    </p>
   </div>
   <div class='ocr_carea' id='block_1_79' title="bbox 530 4782 2125 4858">
    <p class='ocr_par' dir='ltr' id='par_1_79' title="bbox 530 4782 2125 4858">
     <span class='ocr_line' id='line_1_79' title="bbox 530 4782 2125 4858; baseline -0.001 -17"><span class='ocrx_word' id='word_1_590' title='bbox 530 4788 715 4858; x_wconf 83' lang='lat' dir='ltr'><strong>poleos</strong></span> <span class='ocrx_word' id='word_1_591' title='bbox 744 4788 1011 4841; x_wconf 66' lang='lat' dir='ltr'><strong>civitatem</strong></span> <span class='ocrx_word' id='word_1_592' title='bbox 1042 4782 1418 4857; x_wconf 38' lang='lat' dir='ltr'><strong>nuper—exorta</strong></span> <span class='ocrx_word' id='word_1_593' title='bbox 1448 4796 1552 4849; x_wconf 91' lang='lat' dir='ltr'><strong>est,</strong></span> <span class='ocrx_word' id='word_1_594' title='bbox 1590 4782 2125 4858; x_wconf 81' lang='lat' dir='ltr'><strong>plena_blasphemiis</strong></span> 
     </span>
    </p>
   </div>
   <div class='ocr_carea' id='block_1_80' title="bbox 534 4854 2123 4925">
    <p class='ocr_par' dir='ltr' id='par_1_80' title="bbox 534 4854 2123 4925">
     <span class='ocr_line' id='line_1_80' title="bbox 534 4854 2123 4925; baseline -0.001 -12"><span class='ocrx_word' id='word_1_595' title='bbox 534 4854 587 4914; x_wconf 84' lang='lat' dir='ltr'><strong>in</strong></span> <span class='ocrx_word' id='word_1_596' title='bbox 636 4854 798 4911; x_wconf 84' lang='lat' dir='ltr'><strong>Deum</strong></span> <span class='ocrx_word' id='word_1_597' title='bbox 831 4869 1029 4925; x_wconf 75' lang='lat' dir='ltr'><strong>patrem</strong></span> <span class='ocrx_word' id='word_1_598' title='bbox 1060 4854 1428 4912; x_wconf 25' lang='lat' dir='ltr'><strong>etVDotninunt</strong></span> <span class='ocrx_word' id='word_1_599' title='bbox 1460 4866 1703 4911; x_wconf 69' lang='lat' dir='ltr'><strong>nostrum</strong></span> <span class='ocrx_word' id='word_1_600' title='bbox 1730 4854 1915 4912; x_wconf 81' lang='lat' dir='ltr'><strong>Jesum</strong></span> <span class='ocrx_word' id='word_1_601' title='bbox 1943 4856 2123 4912; x_wconf 87' lang='lat' dir='ltr'><strong>Chris-</strong></span> 
     </span>
    </p>
   </div>
   <div class='ocr_carea' id='block_1_81' title="bbox 536 4928 2127 4999">
    <p class='ocr_par' dir='ltr' id='par_1_81' title="bbox 536 4928 2127 4999">
     <span class='ocr_line' id='line_1_81' title="bbox 536 4928 2127 4999; baseline -0.001 -14"><span class='ocrx_word' id='word_1_602' title='bbox 536 4941 647 4985; x_wconf 92' lang='lat' dir='ltr'><strong>tum</strong></span> <span class='ocrx_word' id='word_1_603' title='bbox 668 4969 683 4994; x_wconf 91' lang='lat'><strong>,</strong></span> <span class='ocrx_word' id='word_1_604' title='bbox 741 4943 941 4997; x_wconf 82' lang='lat' dir='ltr'><strong>negans</strong></span> <span class='ocrx_word' id='word_1_605' title='bbox 985 4943 1109 4982; x_wconf 89' lang='lat' dir='ltr'><strong>vere</strong></span> <span class='ocrx_word' id='word_1_606' title='bbox 1137 4944 1256 4983; x_wconf 87' lang='lat' dir='ltr'><strong>esse</strong></span> <span class='ocrx_word' id='word_1_607' title='bbox 1296 4945 1418 4982; x_wconf 82' lang='lat' dir='ltr'><strong>cum</strong></span> <span class='ocrx_word' id='word_1_608' title='bbox 1449 4929 1611 4981; x_wconf 84' lang='lat' dir='ltr'><strong>tilium</strong></span> <span class='ocrx_word' id='word_1_609' title='bbox 1645 4928 1817 4984; x_wconf 88' lang='lat' dir='ltr'><strong>Patris</strong></span> <span class='ocrx_word' id='word_1_610' title='bbox 1839 4972 1852 4995; x_wconf 93' lang='lat'><strong>,</strong></span> <span class='ocrx_word' id='word_1_611' title='bbox 1885 4945 1981 4985; x_wconf 82' lang='lat' dir='ltr'><strong>nec</strong></span> <span class='ocrx_word' id='word_1_612' title='bbox 2014 4930 2127 4999; x_wconf 81' lang='lat' dir='ltr'><strong>pri—</strong></span> 
     </span>
    </p>
   </div>
   <div class='ocr_carea' id='block_1_82' title="bbox 533 4999 2126 5071">
    <p class='ocr_par' dir='ltr' id='par_1_82' title="bbox 533 4999 2126 5071">
     <span class='ocr_line' id='line_1_82' title="bbox 533 4999 2126 5071; baseline -0.001 -15"><span class='ocrx_word' id='word_1_613' title='bbox 533 4999 861 5071; x_wconf 69' lang='lat' dir='ltr'><strong>mogeniturn</strong></span> <span class='ocrx_word' id='word_1_614' title='bbox 928 5001 1104 5052; x_wconf 89' lang='lat' dir='ltr'><strong>omnis</strong></span> <span class='ocrx_word' id='word_1_615' title='bbox 1136 5010 1440 5071; x_wconf 80' lang='lat' dir='ltr'><strong>creatura,</strong></span> <span class='ocrx_word' id='word_1_616' title='bbox 1490 5000 1738 5055; x_wconf 83' lang='lat' dir='ltr'><strong>similiter</strong></span> <span class='ocrx_word' id='word_1_617' title='bbox 1796 5010 1847 5055; x_wconf 90' lang='lat' dir='ltr'><strong>et</strong></span> <span class='ocrx_word' id='word_1_618' title='bbox 1894 5000 2126 5071; x_wconf 80' lang='lat' dir='ltr'><strong>Spiritus</strong></span> 
     </span>
    </p>
   </div>
   <div class='ocr_carea' id='block_1_83' title="bbox 535 5068 2126 5141">
    <p class='ocr_par' dir='ltr' id='par_1_83' title="bbox 535 5068 2126 5141">
     <span class='ocr_line' id='line_1_83' title="bbox 535 5068 2126 5141; baseline -0.001 -14"><span class='ocrx_word' id='word_1_619' title='bbox 535 5072 705 5127; x_wconf 87' lang='lat' dir='ltr'><strong>sancti</strong></span> <span class='ocrx_word' id='word_1_620' title='bbox 736 5068 988 5124; x_wconf 86' lang='lat' dir='ltr'><strong>auferens</strong></span> <span class='ocrx_word' id='word_1_621' title='bbox 1019 5070 1345 5124; x_wconf 89' lang='lat' dir='ltr'><strong>intellectum</strong></span> <span class='ocrx_word' id='word_1_622' title='bbox 1373 5088 1385 5122; x_wconf 87' lang='lat'>:</span> <span class='ocrx_word' id='word_1_623' title='bbox 1421 5087 1517 5139; x_wconf 91' lang='lat' dir='ltr'><strong>pro</strong></span> <span class='ocrx_word' id='word_1_624' title='bbox 1562 5072 1757 5141; x_wconf 86' lang='lat' dir='ltr'><strong>quibus</strong></span> <span class='ocrx_word' id='word_1_625' title='bbox 1804 5068 2126 5127; x_wconf 37' lang='lat' dir='ltr'><strong>cum—utrae-</strong></span> 
     </span>
    </p>
   </div>
   <div class='ocr_carea' id='block_1_84' title="bbox 536 5141 2130 5215">
    <p class='ocr_par' dir='ltr' id='par_1_84' title="bbox 536 5141 2130 5215">
     <span class='ocr_line' id='line_1_84' title="bbox 536 5141 2130 5215; baseline 0.001 -18"><span class='ocrx_word' id='word_1_626' title='bbox 536 5159 641 5215; x_wconf 86' lang='lat' dir='ltr'><strong>que</strong></span> <span class='ocrx_word' id='word_1_627' title='bbox 673 5148 853 5212; x_wconf 80' lang='lat' dir='ltr'><strong>partes</strong></span> <span class='ocrx_word' id='word_1_628' title='bbox 879 5141 945 5195; x_wconf 91' lang='lat' dir='ltr'><strong>ad</strong></span> <span class='ocrx_word' id='word_1_629' title='bbox 969 5158 1055 5215; x_wconf 78' lang='lat' dir='ltr'><strong>inc</strong></span> <span class='ocrx_word' id='word_1_630' title='bbox 1078 5142 1371 5215; x_wconf 70' lang='lat' dir='ltr'><strong>venissent,</strong></span> <span class='ocrx_word' id='word_1_631' title='bbox 1400 5152 1453 5197; x_wconf 92' lang='lat' dir='ltr'><strong>et</strong></span> <span class='ocrx_word' id='word_1_632' title='bbox 1484 5144 1838 5211; x_wconf 61' lang='lat' dir='ltr'><strong>praesentibus</strong></span> <span class='ocrx_word' id='word_1_633' title='bbox 1877 5143 2130 5199; x_wconf 85' lang='lat' dir='ltr'><strong>fratribus</strong></span> 
     </span>
    </p>
   </div>
   <div class='ocr_carea' id='block_1_85' title="bbox 537 5212 2127 5286">
    <p class='ocr_par' dir='ltr' id='par_1_85' title="bbox 537 5212 2127 5286">
     <span class='ocr_line' id='line_1_85' title="bbox 537 5212 2127 5286; baseline 0 -17"><span class='ocrx_word' id='word_1_634' title='bbox 537 5212 653 5286; x_wconf 74' lang='lat' dir='ltr'><strong>qua:</strong></span> <span class='ocrx_word' id='word_1_635' title='bbox 685 5224 950 5286; x_wconf 72' lang='lat' dir='ltr'><strong>commota</strong></span> <span class='ocrx_word' id='word_1_636' title='bbox 991 5212 1203 5286; x_wconf 83' lang='lat' dir='ltr'><strong>fuerant</strong></span> <span class='ocrx_word' id='word_1_637' title='bbox 1253 5214 1651 5278; x_wconf 88' lang='lat' dir='ltr'><strong>discussisscnt,</strong></span> <span class='ocrx_word' id='word_1_638' title='bbox 1692 5217 1852 5270; x_wconf 88' lang='lat' dir='ltr'><strong>etiam</strong></span> <span class='ocrx_word' id='word_1_639' title='bbox 1898 5216 2127 5280; x_wconf 87' lang='lat' dir='ltr'><strong>litteris&#39;,</strong></span> 
     </span>
    </p>
   </div>
   <div class='ocr_carea' id='block_1_86' title="bbox 540 5274 2133 5357">
    <p class='ocr_par' dir='ltr' id='par_1_86' title="bbox 540 5274 2133 5357">
     <span class='ocr_line' id='line_1_86' title="bbox 540 5274 2133 5357; baseline -0.001 -15"><span class='ocrx_word' id='word_1_640' title='bbox 540 5274 695 5357; x_wconf 74' lang='lat' dir='ltr'><strong>prout</strong></span> <span class='ocrx_word' id='word_1_641' title='bbox 724 5282 865 5340; x_wconf 83' lang='lat' dir='ltr'><strong>Deus</strong></span> <span class='ocrx_word' id='word_1_642' title='bbox 909 5274 1055 5340; x_wconf 83' lang='lat' dir='ltr'><strong>dedit</strong></span> <span class='ocrx_word' id='word_1_643' title='bbox 1088 5286 1331 5352; x_wconf 88' lang='lat' dir='ltr'><strong>parvitati</strong></span> <span class='ocrx_word' id='word_1_644' title='bbox 1376 5301 1508 5339; x_wconf 70' lang='lat' dir='ltr'><strong>meae</strong></span> <span class='ocrx_word' id='word_1_645' title='bbox 1531 5326 1544 5349; x_wconf 93' lang='lat'><strong>,</strong></span> <span class='ocrx_word' id='word_1_646' title='bbox 1588 5274 1902 5355; x_wconf 73' lang='lat' dir='ltr'><strong>prosccutus</strong></span> <span class='ocrx_word' id='word_1_647' title='bbox 1928 5302 2046 5341; x_wconf 88' lang='lat' dir='ltr'><strong>sum</strong></span> <span class='ocrx_word' id='word_1_648' title='bbox 2079 5274 2133 5341; x_wconf 76' lang='lat' dir='ltr'><strong>ct</strong></span> 
     </span>
    </p>
   </div>
   <div class='ocr_carea' id='block_1_87' title="bbox 543 5357 2128 5429">
    <p class='ocr_par' dir='ltr' id='par_1_87' title="bbox 543 5357 2128 5429">
     <span class='ocr_line' id='line_1_87' title="bbox 543 5357 2128 5429; baseline 0.001 -17"><span class='ocrx_word' id='word_1_649' title='bbox 543 5358 735 5428; x_wconf 82' lang='lat' dir='ltr'><strong>scripsi</strong></span> <span class='ocrx_word' id='word_1_650' title='bbox 763 5357 969 5427; x_wconf 80' lang='lat' dir='ltr'><strong>singula</strong></span> <span class='ocrx_word' id='word_1_651' title='bbox 997 5372 1223 5428; x_wconf 70' lang='lat' dir='ltr'><strong>qua-que</strong></span> <span class='ocrx_word' id='word_1_652' title='bbox 1251 5358 1536 5429; x_wconf 79' lang='lat' dir='ltr'><strong>diligenter</strong></span> <span class='ocrx_word' id='word_1_653' title='bbox 1562 5373 1861 5429; x_wconf 70' lang='lat' dir='ltr'><strong>eXponens.</strong></span> <span class='ocrx_word' id='word_1_654' title='bbox 1893 5361 2128 5426; x_wconf 77' lang='lat' dir='ltr'><strong>Quarum</strong></span> 
     </span>
    </p>
   </div>
   <div class='ocr_carea' id='block_1_88' title="bbox 544 5428 1762 5497">
    <p class='ocr_par' dir='ltr' id='par_1_88' title="bbox 544 5428 1762 5497">
     <span class='ocr_line' id='line_1_88' title="bbox 544 5428 1762 5497; baseline -0.002 -13"><span class='ocrx_word' id='word_1_655' title='bbox 544 5431 639 5485; x_wconf 85' lang='lat' dir='ltr'><strong>tibi</strong></span> <span class='ocrx_word' id='word_1_656' title='bbox 698 5429 1026 5497; x_wconf 79' lang='lat' dir='ltr'><strong>exemplaria</strong></span> <span class='ocrx_word' id='word_1_657' title='bbox 1078 5429 1370 5485; x_wconf 55' lang='lat' dir='ltr'><strong>transmisi.</strong></span> <span class='ocrx_word' id='word_1_658' title='bbox 1409 5449 1428 5481; x_wconf 83' lang='grc'>›</span> <span class='ocrx_word' id='word_1_659' title='bbox 1460 5428 1762 5485; x_wconf 62' lang='grc' dir='ltr'>Οουδτλκτ.</span> 
     </span>
    </p>
   </div>
   <div class='ocr_carea' id='block_1_89' title="bbox 617 5498 2130 5571">
    <p class='ocr_par' dir='ltr' id='par_1_89' title="bbox 617 5498 2130 5571">
     <span class='ocr_line' id='line_1_89' title="bbox 617 5498 2130 5571; baseline 0.001 -17"><span class='ocrx_word' id='word_1_660' title='bbox 617 5500 793 5554; x_wconf 71' lang='grc' dir='ltr'>Εριετ.</span> <span class='ocrx_word' id='word_1_661' title='bbox 820 5500 881 5554; x_wconf 89' lang='lat' dir='ltr'><strong>ll.</strong></span> <span class='ocrx_word' id='word_1_662' title='bbox 909 5529 981 5539; x_wconf 83' lang='lat'><strong>—-</strong></span> <span class='ocrx_word' id='word_1_663' title='bbox 1007 5498 1345 5571; x_wconf 76' lang='lat' dir='ltr'><strong>Fragmentis</strong></span> <span class='ocrx_word' id='word_1_664' title='bbox 1380 5503 1674 5571; x_wconf 88' lang='lat' dir='ltr'><strong>superioris</strong></span> <span class='ocrx_word' id='word_1_665' title='bbox 1711 5502 1951 5568; x_wconf 65' lang='lat' dir='ltr'><strong>epistolae</strong></span> <span class='ocrx_word' id='word_1_666' title='bbox 1989 5503 2130 5556; x_wconf 87' lang='lat' dir='ltr'><strong>istud</strong></span> 
     </span>
    </p>
   </div>
   <div class='ocr_carea' id='block_1_90' title="bbox 545 5570 2142 5643">
    <p class='ocr_par' dir='ltr' id='par_1_90' title="bbox 545 5570 2142 5643">
     <span class='ocr_line' id='line_1_90' title="bbox 545 5570 2142 5643; baseline 0.004 -23"><span class='ocrx_word' id='word_1_667' title='bbox 545 5570 810 5643; x_wconf 68' lang='lat' dir='ltr'><strong>Eusebius</strong></span> <span class='ocrx_word' id='word_1_668' title='bbox 830 5572 1073 5643; x_wconf 51' lang='lat' dir='ltr'><strong>prosinte</strong></span> <span class='ocrx_word' id='word_1_669' title='bbox 1100 5570 1379 5643; x_wconf 81' lang='lat' dir='ltr'><strong>subnectit</strong></span> <span class='ocrx_word' id='word_1_670' title='bbox 1400 5570 1479 5627; x_wconf 81' lang='lat' dir='ltr'><strong>his</strong></span> <span class='ocrx_word' id='word_1_671' title='bbox 1509 5574 1720 5625; x_wconf 81' lang='lat' dir='ltr'><strong>verbis;</strong></span> <span class='ocrx_word' id='word_1_672' title='bbox 1748 5571 1816 5626; x_wconf 77' lang='lat' dir='ltr'><strong>In</strong></span> <span class='ocrx_word' id='word_1_673' title='bbox 1837 5571 2054 5643; x_wconf 72' lang='lat' dir='ltr'><strong>epistola</strong></span> <span class='ocrx_word' id='word_1_674' title='bbox 2072 5572 2142 5627; x_wconf 84' lang='lat' dir='ltr'><strong>ad</strong></span> 
     </span>
    </p>
   </div>
   <div class='ocr_carea' id='block_1_91' title="bbox 548 5639 2145 5713">
    <p class='ocr_par' dir='ltr' id='par_1_91' title="bbox 548 5639 2145 5713">
     <span class='ocr_line' id='line_1_91' title="bbox 548 5639 2145 5713; baseline 0.001 -17"><span class='ocrx_word' id='word_1_675' title='bbox 548 5639 902 5713; x_wconf 79' lang='lat' dir='ltr'><strong>Philemonem</strong></span> <span class='ocrx_word' id='word_1_676' title='bbox 925 5641 1214 5696; x_wconf 79' lang='lat' dir='ltr'><strong>Romanum</strong></span> <span class='ocrx_word' id='word_1_677' title='bbox 1248 5642 1611 5713; x_wconf 79' lang='lat' dir='ltr'><strong>presbyterum,</strong></span> <span class='ocrx_word' id='word_1_678' title='bbox 1631 5658 1741 5709; x_wconf 71' lang='lat' dir='ltr'><strong>qua:</strong></span> <span class='ocrx_word' id='word_1_679' title='bbox 1763 5639 1992 5697; x_wconf 77' lang='lat' dir='ltr'><strong>intereas</strong></span> <span class='ocrx_word' id='word_1_680' title='bbox 2018 5661 2145 5710; x_wconf 76' lang='lat' dir='ltr'><strong>quas</strong></span> 
     </span>
    </p>
   </div>
   <div class='ocr_carea' id='block_1_92' title="bbox 548 5711 2145 5788">
    <p class='ocr_par' dir='ltr' id='par_1_92' title="bbox 548 5711 2145 5788">
     <span class='ocr_line' id='line_1_92' title="bbox 548 5711 2145 5788; baseline 0.002 -21"><span class='ocrx_word' id='word_1_681' title='bbox 548 5715 612 5788; x_wconf 76' lang='lat' dir='ltr'><strong>de</strong></span> <span class='ocrx_word' id='word_1_682' title='bbox 638 5711 885 5788; x_wconf 78' lang='lat' dir='ltr'><strong>baptismo</strong></span> <span class='ocrx_word' id='word_1_683' title='bbox 901 5714 1101 5788; x_wconf 53' lang='lat' dir='ltr'><strong>scripsit</strong></span> <span class='ocrx_word' id='word_1_684' title='bbox 1125 5724 1197 5767; x_wconf 74' lang='lat' dir='ltr'><strong>est</strong></span> <span class='ocrx_word' id='word_1_685' title='bbox 1222 5711 1469 5788; x_wconf 47' lang='grc' dir='ltr'>ιετιὶᾳίέν</span> <span class='ocrx_word' id='word_1_686' title='bbox 1490 5723 1552 5785; x_wconf 76' lang='grc' dir='ltr'>τῇ</span> <span class='ocrx_word' id='word_1_687' title='bbox 1580 5717 1853 5788; x_wconf 42' lang='grc' dir='ltr'>τρίτῃ-τῶν</span> <span class='ocrx_word' id='word_1_688' title='bbox 1870 5717 1987 5785; x_wconf 83' lang='grc' dir='ltr'>περί</span> <span class='ocrx_word' id='word_1_689' title='bbox 2008 5715 2145 5786; x_wconf 75' lang='grc' dir='ltr'>βαπ-</span> 
     </span>
    </p>
   </div>
   <div class='ocr_carea' id='block_1_93' title="bbox 551 5780 2144 5855">
    <p class='ocr_par' dir='ltr' id='par_1_93' title="bbox 551 5780 2144 5855">
     <span class='ocr_line' id='line_1_93' title="bbox 551 5780 2144 5855; baseline 0 -17"><span class='ocrx_word' id='word_1_690' title='bbox 551 5786 831 5854; x_wconf 84' lang='grc' dir='ltr'>τίσματος,</span> <span class='ocrx_word' id='word_1_691' title='bbox 856 5780 1300 5855; x_wconf 70' lang='grc' dir='ltr'>ἰάεηιρὶοηῃεὶιιε</span> <span class='ocrx_word' id='word_1_692' title='bbox 1340 5785 1447 5840; x_wconf 76' lang='lat' dir='ltr'><strong>Itazc</strong></span> <span class='ocrx_word' id='word_1_693' title='bbox 1484 5780 1661 5853; x_wconf 72' lang='lat' dir='ltr'><strong>refert.</strong></span> <span class='ocrx_word' id='word_1_694' title='bbox 1702 5780 1909 5850; x_wconf 80' lang='lat' dir='ltr'><strong>Nempe</strong></span> <span class='ocrx_word' id='word_1_695' title='bbox 1937 5780 2144 5840; x_wconf 52' lang='lat' dir='ltr'><strong>&#39;re&#39;ceno</strong></span> 
     </span>
    </p>
   </div>
   <div class='ocr_carea' id='block_1_94' title="bbox 555 5853 2147 5927">
    <p class='ocr_par' dir='ltr' id='par_1_94' title="bbox 555 5853 2147 5927">
     <span class='ocr_line' id='line_1_94' title="bbox 555 5853 2147 5927; baseline 0.004 -21"><span class='ocrx_word' id='word_1_696' title='bbox 555 5853 707 5927; x_wconf 40' lang='lat' dir='ltr'><strong>ﬂetur</strong></span> <span class='ocrx_word' id='word_1_697' title='bbox 757 5854 924 5927; x_wconf 77' lang='lat' dir='ltr'><strong>prima</strong></span> <span class='ocrx_word' id='word_1_698' title='bbox 967 5853 1032 5908; x_wconf 78' lang='lat' dir='ltr'><strong>ad</strong></span> <span class='ocrx_word' id='word_1_699' title='bbox 1082 5853 1447 5924; x_wconf 79' lang='lat' dir='ltr'><strong>Stephanum,</strong></span> <span class='ocrx_word' id='word_1_700' title='bbox 1500 5856 1735 5912; x_wconf 87' lang='lat' dir='ltr'><strong>secunda</strong></span> <span class='ocrx_word' id='word_1_701' title='bbox 1785 5857 2034 5927; x_wconf 82' lang='lat' dir='ltr'><strong>superior</strong></span> <span class='ocrx_word' id='word_1_702' title='bbox 2074 5854 2147 5927; x_wconf 85' lang='lat' dir='ltr'><strong>ad</strong></span> 
     </span>
    </p>
   </div>
   <div class='ocr_carea' id='block_1_95' title="bbox 556 5920 2151 5998">
    <p class='ocr_par' dir='ltr' id='par_1_95' title="bbox 556 5920 2151 5998">
     <span class='ocr_line' id='line_1_95' title="bbox 556 5920 2151 5998; baseline 0.002 -16"><span class='ocrx_word' id='word_1_703' title='bbox 556 5920 788 5992; x_wconf 76' lang='lat' dir='ltr'><strong>Xystum</strong></span> <span class='ocrx_word' id='word_1_704' title='bbox 811 5964 826 5992; x_wconf 91' lang='lat'><strong>,</strong></span> <span class='ocrx_word' id='word_1_705' title='bbox 864 5922 981 5980; x_wconf 69' lang='lat' dir='ltr'><strong>haec</strong></span> <span class='ocrx_word' id='word_1_706' title='bbox 1018 5920 1218 5981; x_wconf 47' lang='lat' dir='ltr'><strong>tertia’:</strong></span> <span class='ocrx_word' id='word_1_707' title='bbox 1254 5942 1424 5998; x_wconf 78' lang='lat' dir='ltr'><strong>eoque</strong></span> <span class='ocrx_word' id='word_1_708' title='bbox 1460 5928 1649 5985; x_wconf 85' lang='lat' dir='ltr'><strong>ordine</strong></span> <span class='ocrx_word' id='word_1_709' title='bbox 1691 5920 2151 5987; x_wconf 58' lang='lat' dir='ltr'><strong>notat&#39;Eusebius</strong></span> 
     </span>
    </p>
   </div>
   <div class='ocr_carea' id='block_1_96' title="bbox 2233 4702 3827 4784">
    <p class='ocr_par' dir='ltr' id='par_1_96' title="bbox 2233 4702 3827 4784">
     <span class='ocr_line' id='line_1_96' title="bbox 2233 4702 3827 4784; baseline -0.007 -13"><span class='ocrx_word' id='word_1_710' title='bbox 2233 4702 2520 4784; x_wconf 75' lang='lat' dir='ltr'><strong>utramque</strong></span> <span class='ocrx_word' id='word_1_711' title='bbox 2570 4702 2858 4772; x_wconf 76' lang='lat' dir='ltr'><strong>censentits</strong></span> <span class='ocrx_word' id='word_1_712' title='bbox 2912 4702 3101 4771; x_wconf 37' lang='lat' dir='ltr'><strong>simul.</strong></span> <span class='ocrx_word' id='word_1_713' title='bbox 3134 4716 3375 4769; x_wconf 89' lang='lat' dir='ltr'><strong>missam.</strong></span> <span class='ocrx_word' id='word_1_714' title='bbox 3451 4702 3562 4767; x_wconf 66' lang='lat' dir='ltr'><strong>Nec</strong></span> <span class='ocrx_word' id='word_1_715' title='bbox 3608 4702 3732 4764; x_wconf 63' lang='lat' dir='ltr'><strong>alia&#39;</strong></span> <span class='ocrx_word' id='word_1_716' title='bbox 3761 4702 3827 4784; x_wconf 58' lang='lat' dir='ltr'><strong>de</strong></span> 
     </span>
    </p>
   </div>
   <div class='ocr_carea' id='block_1_97' title="bbox 2228 4773 3826 4843">
    <p class='ocr_par' dir='ltr' id='par_1_97' title="bbox 2228 4773 3826 4843">
     <span class='ocr_line' id='line_1_97' title="bbox 2228 4773 3826 4843; baseline -0.007 0"><span class='ocrx_word' id='word_1_717' title='bbox 2228 4803 2389 4843; x_wconf 85' lang='lat' dir='ltr'><strong>causa</strong></span> <span class='ocrx_word' id='word_1_718' title='bbox 2417 4773 2552 4843; x_wconf 80' lang='lat' dir='ltr'><strong>lianc</strong></span> <span class='ocrx_word' id='word_1_719' title='bbox 2586 4789 2639 4843; x_wconf 90' lang='lat' dir='ltr'><strong>in</strong></span> <span class='ocrx_word' id='word_1_720' title='bbox 2677 4788 2769 4843; x_wconf 89' lang='lat' dir='ltr'><strong>illa</strong></span> <span class='ocrx_word' id='word_1_721' title='bbox 2802 4798 3276 4843; x_wconf 87' lang='lat' dir='ltr'><strong>commemoratam</strong></span> <span class='ocrx_word' id='word_1_722' title='bbox 3308 4786 3700 4843; x_wconf 81' lang='lat' dir='ltr'><strong>existimamus,</strong></span> <span class='ocrx_word' id='word_1_723' title='bbox 3724 4773 3826 4832; x_wconf 75' lang='lat' dir='ltr'><strong>nisi</strong></span> 
     </span>
    </p>
   </div>
   <div class='ocr_carea' id='block_1_98' title="bbox 2229 4844 3825 4931">
    <p class='ocr_par' dir='ltr' id='par_1_98' title="bbox 2229 4844 3825 4931">
     <span class='ocr_line' id='line_1_98' title="bbox 2229 4844 3825 4931; baseline -0.006 -18"><span class='ocrx_word' id='word_1_724' title='bbox 2229 4870 2288 4913; x_wconf 95' lang='lat' dir='ltr'><strong>ut</strong></span> <span class='ocrx_word' id='word_1_725' title='bbox 2328 4875 2451 4913; x_wconf 92' lang='lat' dir='ltr'><strong>cum</strong></span> <span class='ocrx_word' id='word_1_726' title='bbox 2496 4859 2668 4931; x_wconf 79' lang='lat' dir='ltr'><strong>Xysto</strong></span> <span class='ocrx_word' id='word_1_727' title='bbox 2708 4859 3217 4915; x_wconf 84' lang='lat' dir='ltr'><strong>comnmnicaretur.</strong></span> <span class='ocrx_word' id='word_1_728' title='bbox 3252 4855 3349 4931; x_wconf 38' lang='lat' dir='ltr'><strong>~Et</strong></span> <span class='ocrx_word' id='word_1_729' title='bbox 3392 4855 3509 4910; x_wconf 63' lang='lat' dir='ltr'><strong>hinc</strong></span> <span class='ocrx_word' id='word_1_730' title='bbox 3535 4853 3715 4931; x_wconf 61' lang='lat' dir='ltr'><strong>igitur</strong></span> <span class='ocrx_word' id='word_1_731' title='bbox 3760 4844 3825 4931; x_wconf 66' lang='lat' dir='ltr'><strong>at!</strong></span> 
     </span>
    </p>
   </div>
   <div class='ocr_carea' id='block_1_99' title="bbox 2230 4925 3825 5003">
    <p class='ocr_par' dir='ltr' id='par_1_99' title="bbox 2230 4925 3825 5003">
     <span class='ocr_line' id='line_1_99' title="bbox 2230 4925 3825 5003; baseline -0.011 -16"><span class='ocrx_word' id='word_1_732' title='bbox 2230 4932 2457 5003; x_wconf 85' lang='lat' dir='ltr'><strong>Xystum</strong></span> <span class='ocrx_word' id='word_1_733' title='bbox 2497 4925 2679 5001; x_wconf 82' lang='lat' dir='ltr'><strong>aliquo</strong></span> <span class='ocrx_word' id='word_1_734' title='bbox 2730 4931 2891 4986; x_wconf 90' lang='lat' dir='ltr'><strong>modo</strong></span> <span class='ocrx_word' id='word_1_735' title='bbox 2936 4931 3170 5003; x_wconf 85' lang='lat' dir='ltr'><strong>pertinet</strong></span> <span class='ocrx_word' id='word_1_736' title='bbox 3202 4946 3215 4983; x_wconf 91' lang='lat'><strong>:</strong></span> <span class='ocrx_word' id='word_1_737' title='bbox 3249 4925 3825 5003; x_wconf 33' lang='lat' dir='ltr'><strong>ideoqneufragmen‘ta</strong></span> 
     </span>
    </p>
   </div>
   <div class='ocr_carea' id='block_1_100' title="bbox 2231 4997 3826 5074">
    <p class='ocr_par' dir='ltr' id='par_1_100' title="bbox 2231 4997 3826 5074">
     <span class='ocr_line' id='line_1_100' title="bbox 2231 4997 3826 5074; baseline -0.012 -14"><span class='ocrx_word' id='word_1_738' title='bbox 2231 4997 2348 5074; x_wconf 80' lang='lat' dir='ltr'><strong>ejus</strong></span> <span class='ocrx_word' id='word_1_739' title='bbox 2374 5006 2531 5060; x_wconf 86' lang='lat' dir='ltr'><strong>nobis</strong></span> <span class='ocrx_word' id='word_1_740' title='bbox 2558 4997 2625 5060; x_wconf 88' lang='lat' dir='ltr'><strong>ab</strong></span> <span class='ocrx_word' id='word_1_741' title='bbox 2652 5004 2892 5059; x_wconf 86' lang='lat' dir='ltr'><strong>Eusebio</strong></span> <span class='ocrx_word' id='word_1_742' title='bbox 2914 4997 3235 5058; x_wconf 78' lang='lat' dir='ltr'><strong>transmissa</strong></span> <span class='ocrx_word' id='word_1_743' title='bbox 3260 4999 3347 5074; x_wconf 73' lang='lat' dir='ltr'><strong>hic</strong></span> <span class='ocrx_word' id='word_1_744' title='bbox 3378 4997 3639 5074; x_wconf 75' lang='lat' dir='ltr'><strong>exhibere</strong></span> <span class='ocrx_word' id='word_1_745' title='bbox 3662 4997 3826 5074; x_wconf 76' lang='lat' dir='ltr'><strong>nostri</strong></span> 
     </span>
    </p>
   </div>
   <div class='ocr_carea' id='block_1_101' title="bbox 2233 5068 3823 5133">
    <p class='ocr_par' dir='ltr' id='par_1_101' title="bbox 2233 5068 3823 5133">
     <span class='ocr_line' id='line_1_101' title="bbox 2233 5068 3823 5133; baseline -0.009 -3"><span class='ocrx_word' id='word_1_746' title='bbox 2233 5068 2443 5130; x_wconf 76' lang='lat' dir='ltr'><strong>videtur</strong></span> <span class='ocrx_word' id='word_1_747' title='bbox 2470 5077 2724 5133; x_wconf 79' lang='lat' dir='ltr'><strong>inStituti.</strong></span> <span class='ocrx_word' id='word_1_748' title='bbox 2756 5075 2847 5131; x_wconf 82' lang='lat' dir='ltr'><strong>Illa</strong></span> <span class='ocrx_word' id='word_1_749' title='bbox 2878 5086 3057 5129; x_wconf 88' lang='lat' dir='ltr'><strong>autem</strong></span> <span class='ocrx_word' id='word_1_750' title='bbox 3088 5088 3154 5128; x_wconf 88' lang='lat' dir='ltr'><strong>eo</strong></span> <span class='ocrx_word' id='word_1_751' title='bbox 3180 5071 3503 5127; x_wconf 82' lang='lat' dir='ltr'><strong>exhibemus</strong></span> <span class='ocrx_word' id='word_1_752' title='bbox 3537 5068 3823 5122; x_wconf 86' lang='lat' dir='ltr'><strong>libentius,</strong></span> 
     </span>
    </p>
   </div>
   <div class='ocr_carea' id='block_1_102' title="bbox 2234 5138 3824 5219">
    <p class='ocr_par' dir='ltr' id='par_1_102' title="bbox 2234 5138 3824 5219">
     <span class='ocr_line' id='line_1_102' title="bbox 2234 5138 3824 5219; baseline -0.008 -18"><span class='ocrx_word' id='word_1_753' title='bbox 2234 5148 2374 5218; x_wconf 85' lang='lat' dir='ltr'><strong>quod</strong></span> <span class='ocrx_word' id='word_1_754' title='bbox 2406 5150 2471 5204; x_wconf 88' lang='lat' dir='ltr'><strong>ad</strong></span> <span class='ocrx_word' id='word_1_755' title='bbox 2500 5150 2856 5219; x_wconf 70' lang='lat' dir='ltr'><strong>quaestionem</strong></span> <span class='ocrx_word' id='word_1_756' title='bbox 2889 5146 2956 5201; x_wconf 90' lang='lat' dir='ltr'><strong>de</strong></span> <span class='ocrx_word' id='word_1_757' title='bbox 2986 5144 3255 5216; x_wconf 82' lang='lat' dir='ltr'><strong>baptismo</strong></span> <span class='ocrx_word' id='word_1_758' title='bbox 3295 5138 3672 5198; x_wconf 86' lang='lat' dir='ltr'><strong>illustrandam</strong></span> <span class='ocrx_word' id='word_1_759' title='bbox 3722 5142 3824 5188; x_wconf 81' lang='lat' dir='ltr'><strong>non</strong></span> 
     </span>
    </p>
   </div>
   <div class='ocr_carea' id='block_1_103' title="bbox 2236 5217 3612 5294">
    <p class='ocr_par' dir='ltr' id='par_1_103' title="bbox 2236 5217 3612 5294">
     <span class='ocr_line' id='line_1_103' title="bbox 2236 5217 3612 5294; baseline -0.005 -20"><span class='ocrx_word' id='word_1_760' title='bbox 2236 5217 2425 5294; x_wconf 74' lang='lat' dir='ltr'><strong>parum</strong></span> <span class='ocrx_word' id='word_1_761' title='bbox 2458 5217 2762 5294; x_wconf 77' lang='lat' dir='ltr'><strong>conferant.</strong></span> <span class='ocrx_word' id='word_1_762' title='bbox 2807 5217 3124 5294; x_wconf 49' lang='lat' dir='ltr'><strong>Consi-amr.</strong></span> <span class='ocrx_word' id='word_1_763' title='bbox 3264 5286 3278 5294; x_wconf 85' lang='lat'><em>_</em></span> <span class='ocrx_word' id='word_1_764' title='bbox 3436 5283 3450 5294; x_wconf 43' lang='lat'><strong>.</strong></span> <span class='ocrx_word' id='word_1_765' title='bbox 3525 5282 3536 5294; x_wconf 45' lang='lat'>.</span> <span class='ocrx_word' id='word_1_766' title='bbox 3601 5282 3612 5294; x_wconf 43' lang='lat'><strong>&#39;</strong></span> 
     </span>
    </p>
   </div>
   <div class='ocr_carea' id='block_1_104' title="bbox 2313 5283 3826 5361">
    <p class='ocr_par' dir='ltr' id='par_1_104' title="bbox 2313 5283 3826 5361">
     <span class='ocr_line' id='line_1_104' title="bbox 2313 5283 3826 5361; baseline -0.007 -15"><span class='ocrx_word' id='word_1_767' title='bbox 2313 5290 2484 5346; x_wconf 81' lang='lat' dir='ltr'><strong>Estote</strong></span> <span class='ocrx_word' id='word_1_768' title='bbox 2502 5291 2652 5361; x_wconf 79' lang='lat' dir='ltr'><strong>periti</strong></span> <span class='ocrx_word' id='word_1_769' title='bbox 2670 5288 3149 5361; x_wconf 83' lang='lat' dir='ltr'><strong>numularii.Verba</strong></span> <span class='ocrx_word' id='word_1_770' title='bbox 3179 5286 3371 5341; x_wconf 84' lang='lat' dir='ltr'><strong>eadem</strong></span> <span class='ocrx_word' id='word_1_771' title='bbox 3386 5283 3615 5361; x_wconf 68' lang='lat' dir='ltr'><strong>plurimi</strong></span> <span class='ocrx_word' id='word_1_772' title='bbox 3634 5285 3826 5361; x_wconf 34' lang='lat' dir='ltr'><strong>patriast,</strong></span> 
     </span>
    </p>
   </div>
   <div class='ocr_carea' id='block_1_105' title="bbox 2233 5344 3832 5429">
    <p class='ocr_par' dir='ltr' id='par_1_105' title="bbox 2233 5344 3832 5429">
     <span class='ocr_line' id='line_1_105' title="bbox 2233 5344 3832 5429; baseline -0.011 -11"><span class='ocrx_word' id='word_1_773' title='bbox 2233 5379 2263 5418; x_wconf 89' lang='lat' dir='ltr'><strong>a</strong></span> <span class='ocrx_word' id='word_1_774' title='bbox 2294 5344 2566 5418; x_wconf 66' lang='grc' dir='ltr'><strong>(ἱόιέιέτῖο</strong></span> <span class='ocrx_word' id='word_1_775' title='bbox 2590 5364 2645 5418; x_wconf 91' lang='lat' dir='ltr'><strong>in</strong></span> <span class='ocrx_word' id='word_1_776' title='bbox 2674 5363 2768 5417; x_wconf 90' lang='lat' dir='ltr'><strong>lib.</strong></span> <span class='ocrx_word' id='word_1_777' title='bbox 2800 5377 2837 5417; x_wconf 91' lang='lat' dir='ltr'><strong>u</strong></span> <span class='ocrx_word' id='word_1_778' title='bbox 2866 5360 3293 5429; x_wconf 74' lang='lat' dir='ltr'><strong>Constit.apost.,</strong></span> <span class='ocrx_word' id='word_1_779' title='bbox 3317 5344 3477 5429; x_wconf 12' lang='lat' dir='ltr'><strong>c.1367.</strong></span> <span class='ocrx_word' id='word_1_780' title='bbox 3493 5344 3696 5429; x_wconf 81' lang='lat' dir='ltr'><strong>summa</strong></span> <span class='ocrx_word' id='word_1_781' title='bbox 3715 5344 3832 5429; x_wconf 51' lang='lat' dir='ltr'><strong>dili-</strong></span> 
     </span>
    </p>
   </div>
   <div class='ocr_carea' id='block_1_106' title="bbox 2236 5413 3829 5506">
    <p class='ocr_par' dir='ltr' id='par_1_106' title="bbox 2236 5413 3829 5506">
     <span class='ocr_line' id='line_1_106' title="bbox 2236 5413 3829 5506; baseline -0.013 -14"><span class='ocrx_word' id='word_1_782' title='bbox 2236 5413 2426 5506; x_wconf 47' lang='lat' dir='ltr'><strong>gentia</strong></span> <span class='ocrx_word' id='word_1_783' title='bbox 2676 5413 3098 5506; x_wconf 9' lang='lat' dir='ltr'><strong>vel-utriCltristi</strong></span> <span class='ocrx_word' id='word_1_784' title='bbox 3121 5413 3221 5506; x_wconf 65' lang='lat' dir='ltr'><strong>aut</strong></span> <span class='ocrx_word' id='word_1_785' title='bbox 3241 5413 3474 5506; x_wconf 75' lang='lat' dir='ltr'><strong>apostoli</strong></span> <span class='ocrx_word' id='word_1_786' title='bbox 3495 5424 3730 5506; x_wconf 41' lang='lat' dir='ltr'><strong>laud-aut.</strong></span> <span class='ocrx_word' id='word_1_787' title='bbox 3747 5413 3829 5506; x_wconf 38' lang='lat'><strong>1|.“</strong></span> 
     </span>
    </p>
   </div>
   <div class='ocr_carea' id='block_1_107' title="bbox 2247 5486 3830 5576">
    <p class='ocr_par' dir='ltr' id='par_1_107' title="bbox 2247 5486 3830 5576">
     <span class='ocr_line' id='line_1_107' title="bbox 2247 5486 3830 5576; baseline -0.007 -15"><span class='ocrx_word' id='word_1_788' title='bbox 2247 5486 2651 5561; x_wconf 54' lang='grc' dir='ltr'><strong>ῗιόὲιὶῖεῖέὲιῐέὴ</strong></span> <span class='ocrx_word' id='word_1_789' title='bbox 2678 5486 3104 5576; x_wconf 25' lang='lat' dir='ltr'><strong>seuwgirtncisseu</strong></span> <span class='ocrx_word' id='word_1_790' title='bbox 3135 5486 3313 5556; x_wconf 71' lang='lat' dir='ltr'><strong>latinis</strong></span> <span class='ocrx_word' id='word_1_791' title='bbox 3331 5486 3830 5576; x_wconf 55' lang='lat' dir='ltr'><strong>exemplaribusfif‘</strong></span> 
     </span>
    </p>
   </div>
   <div class='ocr_carea' id='block_1_108' title="bbox 2248 5571 3829 5641">
    <p class='ocr_par' dir='ltr' id='par_1_108' title="bbox 2248 5571 3829 5641">
     <span class='ocr_line' id='line_1_108' title="bbox 2248 5571 3829 5641; baseline -0.014 -9"><span class='ocrx_word' id='word_1_792' title='bbox 2248 5577 2575 5633; x_wconf 88' lang='lat' dir='ltr'><strong>siderantur.</strong></span> <span class='ocrx_word' id='word_1_793' title='bbox 2605 5571 2946 5632; x_wconf 47' lang='lat' dir='ltr'><strong>Eorum&#39;loco</strong></span> <span class='ocrx_word' id='word_1_794' title='bbox 2976 5571 3221 5637; x_wconf 83' lang='lat' dir='ltr'><strong>Rufinus,</strong></span> <span class='ocrx_word' id='word_1_795' title='bbox 3245 5586 3406 5641; x_wconf 89' lang='lat' dir='ltr'><strong>quem</strong></span> <span class='ocrx_word' id='word_1_796' title='bbox 3440 5577 3719 5639; x_wconf 83' lang='lat' dir='ltr'><strong>propterea</strong></span> <span class='ocrx_word' id='word_1_797' title='bbox 3749 5572 3829 5641; x_wconf 79' lang='lat' dir='ltr'><strong>tu-</strong></span> 
     </span>
    </p>
   </div>
   <div class='ocr_carea' id='block_1_109' title="bbox 2249 5639 3826 5720">
    <p class='ocr_par' dir='ltr' id='par_1_109' title="bbox 2249 5639 3826 5720">
     <span class='ocr_line' id='line_1_109' title="bbox 2249 5639 3826 5720; baseline -0.01 -17"><span class='ocrx_word' id='word_1_798' title='bbox 2249 5650 2423 5720; x_wconf 74' lang='lat' dir='ltr'><strong>gentis</strong></span> <span class='ocrx_word' id='word_1_799' title='bbox 2450 5648 2791 5720; x_wconf 55' lang='lat' dir='ltr'><strong>cnnlidentiaa</strong></span> <span class='ocrx_word' id='word_1_800' title='bbox 2820 5649 2994 5711; x_wconf 73' lang='lat' dir='ltr'><strong>arguit</strong></span> <span class='ocrx_word' id='word_1_801' title='bbox 3024 5639 3346 5720; x_wconf 79' lang='lat' dir='ltr'><strong>Cotelerius.</strong></span> <span class='ocrx_word' id='word_1_802' title='bbox 3377 5639 3826 5720; x_wconf 47' lang='lat' dir='ltr'><strong>substituercttglj</strong></span> 
     </span>
    </p>
   </div>
   <div class='ocr_carea' id='block_1_110' title="bbox 2252 5696 3829 5793">
    <p class='ocr_par' dir='ltr' id='par_1_110' title="bbox 2252 5696 3829 5793">
     <span class='ocr_line' id='line_1_110' title="bbox 2252 5696 3829 5793; baseline -0.008 -17"><span class='ocrx_word' id='word_1_803' title='bbox 3078 5696 3552 5793; x_wconf 34' lang='lat' dir='ltr'><strong>bo&#39;no—sutzitenete,</strong></span> <span class='ocrx_word' id='word_1_804' title='bbox 3567 5696 3829 5793; x_wconf 54' lang='grc' dir='ltr'><strong>ηειθηξρξξρ</strong></span> 
     </span>
    </p>
   </div>
   <div class='ocr_carea' id='block_1_111' title="bbox 2252 5768 3828 5852">
    <p class='ocr_par' dir='ltr' id='par_1_111' title="bbox 2252 5768 3828 5852">
     <span class='ocr_line' id='line_1_111' title="bbox 2252 5768 3828 5852; baseline -0.017 -5"><span class='ocrx_word' id='word_1_805' title='bbox 2252 5768 2460 5847; x_wconf 56' lang='lat' dir='ltr'><strong>ganea</strong></span> <span class='ocrx_word' id='word_1_806' title='bbox 2477 5768 2970 5846; x_wconf 49' lang='lat' dir='ltr'><strong>Tmaait‘m‘r&#39;iat‘:</strong></span> <span class='ocrx_word' id='word_1_807' title='bbox 2987 5768 3204 5843; x_wconf 56' lang='lat' dir='ltr'><strong>lT/iéai.</strong></span> <span class='ocrx_word' id='word_1_808' title='bbox 3233 5802 3289 5850; x_wconf 70' lang='grc' dir='ltr'>γ,</span> <span class='ocrx_word' id='word_1_809' title='bbox 3306 5784 3373 5840; x_wconf 72' lang='grc' dir='ltr'>ειι</span> <span class='ocrx_word' id='word_1_810' title='bbox 3394 5768 3723 5852; x_wconf 79' lang='lat' dir='ltr'><strong>Augu&#39;siinus</strong></span> <span class='ocrx_word' id='word_1_811' title='bbox 3740 5768 3828 5827; x_wconf 87' lang='lat' dir='ltr'><strong>lib.</strong></span> 
     </span>
    </p>
   </div>
   <div class='ocr_carea' id='block_1_112' title="bbox 2254 5857 3552 5934">
    <p class='ocr_par' dir='ltr' id='par_1_112' title="bbox 2254 5857 3552 5934">
     <span class='ocr_line' id='line_1_112' title="bbox 2254 5857 3552 5934; baseline -0.007 -16"><span class='ocrx_word' id='word_1_812' title='bbox 2254 5863 2317 5921; x_wconf 83' lang='lat' dir='ltr'><strong>de</strong></span> <span class='ocrx_word' id='word_1_813' title='bbox 2342 5862 2470 5919; x_wconf 77' lang='lat' dir='ltr'><strong>Nat.</strong></span> <span class='ocrx_word' id='word_1_814' title='bbox 2495 5871 2542 5918; x_wconf 84' lang='lat' dir='ltr'><strong>et</strong></span> <span class='ocrx_word' id='word_1_815' title='bbox 2564 5869 2722 5934; x_wconf 82' lang='lat' dir='ltr'><strong>grat.,</strong></span> <span class='ocrx_word' id='word_1_816' title='bbox 2756 5875 2858 5932; x_wconf 86' lang='lat' dir='ltr'><strong>cap</strong></span> <span class='ocrx_word' id='word_1_817' title='bbox 2886 5858 2980 5927; x_wconf 77' lang='lat'><strong>&#39;59,</strong></span> <span class='ocrx_word' id='word_1_818' title='bbox 3001 5860 3227 5931; x_wconf 86' lang='lat' dir='ltr'><strong>profert.</strong></span> <span class='ocrx_word' id='word_1_819' title='bbox 3251 5857 3552 5915; x_wconf 68' lang='lat' dir='ltr'><strong>Consum.</strong></span> 
     </span>
    </p>
   </div>
  </div>
