4018 6308
536 380 608 438 9ὕ
956 388 963 399 ‘
1312 377 1798 438 EPISTOLARUM
1836 376 2004 447 ρυλε
2045 379 2135 435 AD

2255 379 2435 437 ΚΤοΜ
2473 379 2707 438 PAPAM
2745 377 3092 436 ATTINENT
3123 378 3133 443 ἶ
3789 376 3858 435 96

534 500 673 557 siam
721 498 969 567 discidit,
1017 507 1072 555 et
1099 513 1163 555 ex
1196 498 1447 556 fratribus
1484 501 1751 572 quosdam
1782 501 1846 556 ad
1873 501 2122 573 impieta-

2255 503 2388 558 Dawn
2411 507 2501 562 τὴν
2531 503 2821 568 ἐκκλησίαν,
2849 504 2936 556 καί
2963 522 3103 562 τινας
3130 507 3229 556 τῶν
3251 496 3474 575 ἀδελφῶν
3500 499 3571 561 εἱς
3596 499 3864 561 ἀσεϐείας

541 600 730 652 temet
757 591 1116 662 blasphemias
1144 593 1439 663 pertraxit;
1494 594 1584 665 qui
1642 595 2013 665 impiissimam
2063 595 2131 652 de

540 682 655 740 Deo
683 682 982 739 doctrinam
1013 683 1066 737 in
1093 683 1281 739 orbem
1305 684 1542 751 invexit,
1568 696 1622 741 et
1651 686 2128 743 clementissimum

536 775 821 832 Dominum
860 783 1107 830 nostrum
1139 774 1322 831 Jesnm
1354 772 1648 830 Christum'
1682 778 1833 847 quasi
1886 778 2130 833 immise-

532 867 802 926 ricordem
830 868 1224 937 calumniatur;
1262 884 1324 923 ac
1348 880 1543 939 prteter
1568 869 1684 925 lucc
1711 872 1890 926 omnia
1918 888 2130 928 sacrum

534 961 811 1019 lavacrum
863 963 1078 1018 irritum
1130 962 1293 1018 habet
1355 978 1419 1018 ac
1479 964 1688 1034 rejicit,
1758 964 2031 1037 ﬁdemque
2081 977 2135 1023 et

532 1053 952 1123 confessionem,
971 1070 1093 1126 qua:
1114 1054 1383 1125 baptismo
1408 1056 1827 1126 prmmittuntur,
1848 1058 2133 1119 subvertit,

534 1157 591 1206 et
615 1148 871 1220 Spiritum
901 1157 1147 1205 sanctum
1196 1149 1264 1206 ab
1305 1149 1370 1205 iis
1416 1150 1632 1221 penitus
1686 1148 1867 1222 fugat,
1922 1151 2132 1207 etiamsi

531 1255 655 1313 spes
704 1239 881 1312 aliqua
936 1240 1141 1308 subsit;
1193 1242 1277 1297 vel
1326 1244 1468 1311 quod
1515 1242 1571 1298 in
1596 1242 1704 1299 illis
1733 1245 2131 1314 permanserit,

529 1335 615 1392 vel
637 1333 781 1407 quod
805 1335 873 1390 ad
900 1349 995 1392 eos
1019 1349 1242 1391 reversu
1262 1351 1288 1393 s
1317 1337 1407 1392 sit.

2234 598 2319 650 κάὶ
2356 597 2681 668 βλασφημίας
2712 595 3013 651 ἐλλκύσαντι
3038 635 3051 656 .
3081 598 3169 648 καὶ
3206 597 3327 670 περὶ
3365 601 3457 648 τοῦ
3489 598 3621 649 Θεοῦ
3664 590 3863 649 διδασ-

2234 689 2410 743 καλίαν
2437 690 2790 747 άνοσιὼτατην
2824 687 3287 748 ἐπεισκυκλήσαντι
3306 729 3321 754 ,
3356 691 3444 743 καὶ
3483 690 3568 743 τὸν
3593 688 3861 765 χρηστό-

2234 804 2388 837 τατον
2416 784 2589 858 κύριον
2619 785 2758 855 ἡμῶν
2785 782 2977 859 Ἰησοῦν
3010 785 3231 859 Χριστὸν
3274 785 3343 844 ὡς
3383 784 3563 843 ἀνηλεῆ
3594 805 3861 857 συκοφαν-

2235 886 2429 939 τοῦντι.
2464 880 2551 932 ἐπὶ
2588 882 2724 932 πᾶσι
2775 876 2831 932 δὲ
2872 880 3076 938 τούτοις
3117 880 3175 933 τὸ
3223 877 3432 954 λουτρὸν
3485 878 3752 933 άθετοῦντι
3800 879 3861 933 τὸ

2238 972 2400 1047 ἅγιον,
2430 975 2519 1026 καί
2543 975 2633 1031 τήν
2656 993 2713 1027 τε
2757 972 2858 1048 πρό
2905 974 3065 1027 αὐτοῦ
3095 974 3271 1028 πίστιν
3302 975 3389 1027 καί
3428 971 3700 1046 ὁμολογίαν
3737 974 3865 1026 ἀνα·

2238 1068 2499 1142 τρέποντι,
2523 1070 2580 1122 τὸ
2625 1086 2681 1121 τε
2714 1072 2918 1138 πνεῦμα
2942 1069 3000 1123 τὸ
3027 1066 3170 1141 ἅγιον
3201 1068 3253 1132 ἐξ
3281 1068 3471 1131 αὐτῶν,
3501 1068 3546 1121 εἰ
3572 1069 3664 1123 καί
3690 1088 3772 1127 τις
3801 1064 3862 1125 ἦν

2239 1160 2379 1221 ἐλπὶς
2432 1166 2521 1213 τοῦ
2575 1168 2893 1235 παραμεῖναι
2952 1161 2985 1221 ἥ
3056 1161 3335 1217 ἐπανελθεῖν
3412 1161 3540 1238 πρὸς
3614 1163 3816 1222 αὐτοὺς
3845 1201 3860 1224 ,

2241 1252 2502 1312 παντελῶς
2548 1250 2909 1326 φυγαδεύοντι.

850 1535 1401 1613 EPISTOLKE
1461 1539 1612 1630 IV,
1672 1539 2159 1617 DIONYSII
2216 1540 2977 1618 ALEXANDRINI
3037 1539 3535 1616 EPISCOPI

1539 1726 1631 1784 AD
1673 1726 1934 1785 SIXTUM
1975 1726 2041 1783 ll.
2082 1727 2315 1784 PAPAM
2353 1725 2853 1783 FRAGMENTUM.

531 1880 610 1936 De
633 1884 834 1937 homine
855 1888 941 1951 qui
955 1886 1205 1951 baptismo
1226 1885 1466 1939 Ecclesiae
1488 1889 1677 1938 initiari
1704 1889 1997 1953 expetebat,
2016 1866 2129 1939 cum
2147 1888 2438 1953 baptismum
2463 1889 2574 1939 aliis
2597 1888 2765 1939 verbis
2797 1899 2852 1937 ac
2875 1888 3029 1937 rebus
3050 1886 3177 1951 apud
3204 1886 3469 1937 htereticos
3492 1888 3785 1951 suscepisse
3811 1899 3866 1937 se

2114 1979 2327 2030 diceret.

607 2127 750 2185 Vere
778 2126 977 2185 etenim
998 2170 1014 2196 ,
1046 2126 1232 2195 frater,
1264 2127 1490 2184 consilio
1518 2143 1655 2198 opus
1686 2128 1892 2195 habeo,
1926 2139 1982 2186 et
2006 2144 2135 2186 sen-
2166 2136 2214 2196 Β

537 2223 760 2280 tentiam
792 2229 939 2277 tuam
971 2230 1199 2293 expeto,
1232 2238 1302 2279 ne
1333 2222 1470 2278 forte
1502 2223 1819 2291 halluciner,
1855 2238 2018 2296 super
2051 2241 2146 2282 ne-

537 2315 686 2388 gotio
722 2314 865 2386 quod
909 2313 1041 2369 mihi
1085 2315 1191 2370 tale
1231 2315 1447 2371 accidit.
1481 2315 1709 2385 Quidam
1751 2333 1815 2373 ex
1851 2316 2145 2385 fratribus,

541 2407 634 2479 qui
671 2406 740 2463 ad
766 2406 1055 2464 ecclesiam
1082 2408 1445 2475 conveniunt,
1473 2409 1584 2480 jam
1619 2409 1828 2480 pridem
1860 2426 1959 2482 pro
2001 2412 2148 2467 fideli

539 2500 778 2569 habitus,
802 2509 859 2558 et
878 2502 968 2573 qui
995 2511 1120 2557 ante
1148 2517 1323 2559 meam
1354 2503 1770 2569 ordinationem,
1796 2519 1858 2560 ac
1888 2506 1941 2560 ni
1965 2505 2144 2574 fallor,

541 2605 670 2652 ante
697 2595 869 2666 ipsius
898 2612 1117 2668 quoque
1148 2596 1392 2653 Heraclaa
1417 2597 1787 2668 episcopatum
1814 2610 1986 2655 coetus
2018 2598 2148 2654 fide—

542 2689 673 2746 lium
704 2691 973 2760 particeps
1002 2691 1212 2757 fuerat,
1246 2706 1367 2746 cum
1397 2691 1732 2748 interfuisset
1761 2693 2029 2763 baptismo
2059 2709 2152 2749 eo-

541 2798 664 2840 rum
691 2785 782 2856 qui
814 2800 986 2855 nuper
1018 2785 1444 2857 baptizabantur,
1477 2794 1531 2841 et
1560 2786 2011 2857 interrogationes
2042 2801 2153 2841 res-

543 2879 943 2951 ponsionesque
971 2879 1243 2944 audisset,
1272 2879 1339 2935 ad
1370 2895 1454 2936 me
1480 2882 1713 2937 accessit
1739 2881 1871 2938 flens
1899 2891 1953 2938 et
1981 2882 2151 2937 vicem

545 2985 696 3026 suam
728 2970 1110 3039 ingemiscens.
1140 2971 1486 3044 l’edibusque
1514 2973 1649 3028 meis
1672 2974 1958 3029 advolutus
1977 3017 1991 3040 ,
2027 2988 2155 3030 con-

547 3061 685 3118 fiteri
709 3071 872 3134 atque
899 3063 1144 3135 dejerare
1170 3065 1364 3134 carpit,
1393 3065 1714 3135 baptismum
1743 3082 1850 3137 quo
1875 3067 2017 3138 apud
2047 3069 2155 3122 hae-

545 3156 745 3212 reticos
775 3154 1018 3212 initiatus
1047 3155 1259 3226 fuerat,
1295 3173 1399 3212 non
1435 3157 1744 3227 lmjusmodi
1779 3173 1935 3226 esse,
1979 3174 2154 3228 neque

544 3250 833 3322 quidquam
860 3252 1082 3307 omnino
1109 3252 1309 3309 habere
1334 3269 1455 3308 cum
1484 3253 1589 3309 hoc
1618 3263 1803 3309 nostro
1830 3270 2148 3310 commune:

545 3344 742 3416 quippe
769 3344 989 3415 plenum
1020 3344 1190 3401 fuisse
1220 3346 1512 3417 impietatis
1540 3355 1594 3402 et
1624 3346 1995 3415 blasphemiae.
2027 3348 2151 3401 Aie-

2313 2135 2407 2188 Καί
2429 2134 2529 2209 γάρ
2557 2130 2737 2198 ὅντως,
2766 2131 2963 2208 ἀδελφέ,
2988 2133 3284 2207 συμϐουλῆς
3308 2130 3507 2208 δέομαι.
3536 2137 3625 2191 καὶ
3647 2137 3866 2210 γνώμην

2249 2228 2378 2282 αἰτῶ
2404 2228 2553 2301 παρὰ
2600 2231 2719 2292 σοῦ,
2746 2228 2985 2281 τοιούτου
3012 2227 3148 2287 τινός
3177 2248 3263 2299 μοι
3289 2225 3659 2303 προσελτὸντος
3688 2231 3873 2305 πράγο

2252 2342 2439 2394 ματος,
2481 2318 2658 2381 δεδιὼς
2695 2324 2765 2392 μὴ
2803 2316 2907 2396 ἄρα
2937 2320 3256 2393 σφάλλωμαι.
3302 2328 3402 2375 τῶν
3433 2323 3536 2396 γάρ
3568 2325 3871 2397 συναγομέ-

2251 2436 2348 2467 νων
2377 2411 2599 2488 ἀδελφῶν
2646 2412 2831 2473 πιστὸς
2860 2413 3187 2485 νομιζόμενος
3215 2415 3444 2488 ἀρχαῖος
3482 2416 3569 2467 καὶ
3613 2415 3717 2489 πρό
3773 2424 3872 2475 τῆς

2255 2510 2377 2579 ἐμῆς
2422 2507 2767 2581 χειροτονίας,
2806 2498 2948 2577 οἶμαι
2978 2502 3150 2560 δὲκαὶ
3192 2508 3293 2582 πρὸ
3338 2515 3431 2568 τῆς
3472 2512 3563 2561 τοῦ
3594 2511 3869 2584 μακαρίου

2253 2597 2474 2674 ’Πρακλᾶ
2518 2597 2893 2657 καταστάσεως
2936 2606 3029 2658 τῆς
3076 2608 3380 2673 συναγωγῆς
3405 2604 3715 2672 μετασχὼν,
3754 2610 3873 2663 τοῖς

2254 2691 2472 2763 ὑπὸγνον
2497 2689 2887 2762 βαπτιζομένοις
2901 2712 3113 2767 παρατυ
3119 2695 3254 2763 χῶν,
3274 2695 3473 2747 καὶτῶν
3493 2695 3872 2768 ἐπερωτήσεων

2256 2787 2341 2838 καὶ
2390 2785 2709 2858 ἀποκρίσεων
2754 2783 3076 2845 ἐπακούσας.
3108 2784 3367 2860 προσῆλτὲ
3405 2806 3491 2858 μοι
3540 2786 3725 2840 κλαίων
3768 2792 3869 2843 καὶ

2258 2882 2581 2954 καταθρηνῶν
2602 2878 2800 2934 ἑαυτὸν.
2831 2884 2923 2933 Καὶ
2938 2881 3139 2934 πίπτων
3158 2880 3258 2955 πρὸ
3277 2886 3375 2933 τῶν
3396 2877 3565 2934 ποδῶν
3586 2902 3708 2952 μου,
3741 2882 3863 2945 ἑξο-

2261 2975 2628 3047 μοὶογούμενος
2655 2976 2745 3045 μέν
2765 2976 2852 3027 καὶ
2890 2974 3221 3044 ἐξομνύμενος
3250 2972 3307 3026 τὸ
3332 2971 3631 3046 βάπτισμα,
3661 2971 3689 3027 ὅ
3714 2976 3873 3048 παρὰ

2261 3077 2365 3129 τοῖς
2408 3070 2681 3142 αἱρετικοῖς
2731 3066 3071 3129 ϐεϐάπτιστο,
3117 3070 3187 3137 μὴ
3227 3071 3454 3120 τοιοῦτον
3498 3061 3644 3131 εἶναι,
3691 3071 3762 3139 μὴ
3807 3066 3868 3122 δέ

2259 3160 2385 3221 ὅλως
2428 3158 2569 3232 ἒχειν
2621 3163 2731 3215 τινά
2780 3161 2907 3235 πρὸς
2933 3165 3084 3214 τοῦτο
3112 3160 3371 3213 κοινωνίαν
3398 3175 3411 3187 ⁶
3460 3160 3704 3220 ἀσεϐείας
3753 3163 3867 3237 γὰρ

2258 3255 2412 3308 ἐκείνο
2442 3258 2530 3308 καὶ
2559 3254 2891 3328 βλασφημιῶν
2919 3253 3305 3328 πεπληρῶσθαι.
3334 3255 3504 3328 Λέγων
3546 3252 3600 3309 δὲ
3646 3256 3781 3309 πάνυ
3813 3277 3871 3310 τι

2257 3354 2346 3408 τήν
2390 3348 2575 3421 ψυχὴν
2616 3356 2702 3402 νῦν
2745 3349 3162 3419 κατανενύχται,
3214 3351 3301 3401 καί
3349 3351 3419 3420 μὴ
3459 3346 3512 3402 δέ
3559 3349 3868 3424 παρρησίαν

546 3439 745 3511 batque
769 3440 1009 3497 animum
1036 3456 1192 3496 suum
1216 3442 1568 3498 acerbissimo
1591 3441 1795 3496 doloris
1819 3456 1980 3497 sensu
2002 3456 2145 3496 com~

2255 3444 2398 3517 ἔχειν
2420 3446 2609 3519 ἐπᾶραι
2635 3445 2756 3504 τοὺς
2793 3442 3081 3516 ὀφταλμοὺς
3127 3443 3255 3518 πρὸς
3298 3442 3382 3497 τὸν
3426 3445 3569 3507 Θεὸν,
3610 3445 3712 3498 άπὸ
3756 3452 3867 3498 τῶν

546 3534 747 3608 pungi,
799 3549 865 3592 ac
898 3549 968 3592 ne
1006 3535 1196 3592 oculos
1227 3536 1445 3608 quidem
1483 3536 1550 3592 ad
1594 3536 1763 3593 Deum
1803 3537 2051 3593 attollere
2088 3552 2147 3593 se

2254 3540 2470 3593 ἀνοσίων
2509 3538 2705 3591 ἐκείνων
2742 3536 2982 3610 ῥημάτων
3020 3537 3107 3606 καί
3152 3534 3472 3612 πραγμάτων
3520 3533 3815 3611 ὁρμώμενος
3847 3553 3862 3566 ⁸

1877 3676 2237 3734 VARIORUM
2275 3674 2501 3732 ΝΟΤᾸΕ.

546 3813 799 3886 colligere
821 3822 937 3886 est,
967 3828 1033 3869 eo
1062 3812 1179 3883 ipso
1210 3823 1485 3885 tempore,
1518 3830 1624 3886 quo
1654 3813 1963 3882 Stephanus
1992 3829 2129 3884 papa

547 3886 619 3941 de
647 3884 915 3940 hmreticis
939 3900 1044 3940 non
1075 3887 1467 3955 rebaptizandis
1495 3884 1707 3955 scripsit
1726 3928 1743 3954 ,
1765 3886 2138 3941 Philemonem

549 3972 613 4029 ac
639 3956 947 4029 Dionysium
974 3956 1322 4029 presbyteros
1351 3957 1538 4014 eadem
1588 3958 1656 4013 de
1702 3974 1761 4013 re
1813 3959 2017 4013 litteras
2071 3956 2138 4011 ad

550 4028 861 4099 Dionysium
919 4028 1340 4084 Alexandrinum
1394 4030 1626 4084 misisse.
1680 4029 1873 4084 iisdem
1927 4043 2140 4099 quoque

552 4099 838 4225 Dionysius
863 4099 1261 4156 Alexandrinus
1285 4101 1454 4171 primo
1478 4102 1679 4169 paucis,
1708 4116 1771 4155 ac
1800 4099 1995 4155 deinde
2019 4115 2141 4155 cum

552 4170 659 4225 iam
736 4173 967 4225 tenhano
994 4170 1198 4225 Xvstns
1222 4172 1607 4225 successisset.
1642 4172 1884 4225 nluribus
1913 4172 2141 4225 rescrip-

546 4170 659 4243 jam
690 4170 967 4243 Stephano
994 4170 1198 4243 Xystus
1222 4170 1607 4239 successisset,
1642 4172 1884 4241 pluribus
1913 4172 2147 4240 rescrip-

551 4242 654 4304 sit,
684 4250 740 4298 et
766 4241 982 4312 quidem
1010 4241 1329 4308 separatim,
1383 4253 1439 4297 ut
1464 4259 1531 4299 ex
1563 4260 1628 4298 eo
1656 4245 1956 4307 conﬁcitur,
2005 4243 2145 4312 quod

551 4313 778 4386 epistola
806 4329 926 4384 quae
964 4314 1030 4369 ad
1058 4314 1431 4370 Philemonem
1464 4317 1724 4386 rescripta
1756 4324 1861 4380 est,
1910 4314 2149 4386 tertiaide

552 4384 806 4458 baptismo
828 4402 847 4439 :
874 4395 934 4458 et
957 4402 1077 4458 qua:
1107 4386 1173 4440 ad
1210 4387 1540 4458 Dionysium.
1571 4384 1750 4457 quarta
1798 4387 1864 4441 ab
1916 4385 2147 4458 Eusebio

553 4455 878 4526 appelletur.
912 4456 986 4512 De
1020 4457 1119 4512 hac
1147 4472 1307 4526 porro
1338 4455 1478 4511 idem
1524 4455 1789 4513 Eusebius
1836 4458 1907 4512 ita
1957 4457 2146 4526 praelo-

555 4530 736 4598 quitur
762 4546 786 4601 :_
813 4529 1070 4601 {Quarta
1103 4528 1219 4599 ejns
1261 4528 1551 4601 (Dionysii)
1605 4531 1674 4585 de
1721 4530 1986 4601 baptismo
2032 4528 2145 4597 epi-

556 4600 690 4671 stola
722 4599 789 4653 ad
820 4598 1139 4671 Dionysium
1162 4598 1359 4671 scripta
1376 4598 1480 4662 est.
1504 4598 1631 4655 tunc
1651 4600 1867 4670 quidem
1890 4600 2143 4653 [initiatae

556 4668 704 4744 urbis
728 4668 1098 4744 presbyterum
1118 4713 1132 4737 ,
1162 4668 1283 4725 sed
1309 4672 1395 4738 qui
1427 4668 1702 4744 aliquanto
1734 4681 1855 4741 post
1903 4681 2145 4744 tempore

555 4741 796 4809 ejusdem
820 4741 968 4797 urbis
994 4742 1277 4810 episc0pns
1305 4743 1628 4798 constitutus
1655 4754 1756 4797 est.
1782 4744 1855 4797 Ex
1880 4760 1980 4810 qua
2004 4743 2146 4795 hunc

558 4812 730 4884 ipsum
761 4812 1061 4884 Romanum
1095 4814 1402 4884 Dionysium
1427 4815 1850 4869 eruditissimum
1883 4815 2145 4883 planeque

555 4881 931 4956 admirandum
956 4884 1127 4938 virum
1159 4881 1323 4940 fuisse
1340 4885 1650 4956 testiinoiiio
1667 4881 1903 4956 Dionysii
1921 4884 2146 4956 Alexan-

556 4952 698 5007 drini
745 4955 867 5025 licet
907 4969 1255 5025 cognoscere.
1289 4975 1307 5007 ›
1339 4955 1473 5010 Tum
1528 4958 1644 5011 hinc
1675 4952 1962 5024 prwfatus,
2017 4955 2143 5010 sub-

557 5039 754 5079 nexum
783 5023 1136 5094 fragmentum
1161 5027 1393 5095 subjicit.
1423 5026 1727 5084 Consum.

628 5096 1136 5169 Lavacruni_irititm
1183 5099 1350 5152 habet.
1397 5098 1656 5167 Quocirca
1707 5101 1758 5154 in
1809 5099 2032 5169 epistola
2078 5099 2148 5152 75

553 5166 811 5241 Cypriani
841 5168 908 5221 ad
937 5166 1292 5223 Jubanianum
1325 5166 1550 5241 legimus
1571 5213 1584 5235 ,
1617 5166 2023 5226 Novatiaizenses
2063 5186 2145 5223 re-

554 5239 815 5312 baptizare
840 5255 925 5294 eos
944 5256 1109 5312 .quos
1135 5257 1167 5293 a
1192 5241 1335 5295 nobis
1363 5239 1655 5296 sollicitant.
1686 5242 1751 5297 Et
1773 5242 1913 5311 apud
1939 5244 2149 5312 Augus-

556 5311 725 5365 tinum
769 5311 1002 5380 append.
1036 5320 1165 5366 tom.
1198 5328 1255 5367 ιιι
1282 5315 1533 5380 antiquus
1561 5324 1750 5368 auctor
1776 5325 1885 5368 vet.
1919 5324 1974 5367 et
2018 5311 2144 5366 nov.

553 5381 794 5437 Testam.
816 5392 1009 5452 quaest.
1032 5382 1135 5438 102
1150 5425 1164 5447 ,
1191 5384 1258 5439 de
1281 5386 1398 5453 ipso
1417 5383 1712 5439 Novatiano
1732 5387 1837 5440 ait:
1858 5382 1926 5437 In
1950 5395 2147 5437 tantum

551 5454 787 5528 irascitur
811 5454 987 5520 nobis,
1021 5465 1074 5528 ut
1099 5466 1152 5528 et
1181 5472 1272 5510 nos
1293 5456 1626 5528 Christianos
1662 5467 1805 5528 neget
1826 5497 1838 5519 ,
1874 5454 1894 5528 (
1920 5456 2149 5528 ideoque

554 5524 876 5594 baptismum
909 5526 1063 5581 nobis
1097 5527 1397 5580 iterandum
1430 5523 2027 5597 censeat),'cum'sciat
2057 5523 2151 5597 nos

553 5612 612 5650 ea
642 5598 744 5667 ﬁde
773 5598 1017 5659 initiatos.
1052 5598 1115 5651 de
1141 5614 1242 5667 qua
1271 5599 1380 5664 ipse
1410 5598 1693 5664 prwsnmit.
1726 5599 1929 5661 Quibus
1961 5596 2147 5650 conci-

552 5667 627 5721 nit
662 5666 786 5721 illud
818 5669 1014 5738 vulgati
1043 5666 1311 5722 Ambrosii
1338 5669 1638 5738 Comment.
1671 5670 1722 5722 in
1752 5667 1919 5722 lCnr.
1950 5681 2069 5735 cap.
2095 5682 2143 5738 ιε

558 5757 577 5790 ι
608 5737 697 5796 Sic
720 5740 861 5794 enim
890 5736 1079 5803 erant,
1111 5741 1249 5793 sicut
1276 5753 1419 5792 nunc
1443 5736 1722 5793 Novatiani
1750 5749 1804 5794 et
1834 5737 2111 5792 Donatiani
2130 5779 2145 5805 ,

551 5811 643 5881 qui
686 5809 1145 5881 baptismunrsibi
1175 5809 1483 5879 vindicant,
1522 5825 1553 5864 a
1600 5812 1801 5867 nostris
1849 5811 2144 5880 baptizatos

554 5878 933 5952 reprobantes.
960 5899 980 5934 ι
999 5878 1312 5937 Οουετιιητ.

2169 4572 2223 4632 D

2322 3812 2536 3868 Etiamsi
2565 3828 2679 3881 spes
2708 3812 2881 3881 aliqua
2910 3812 3086 3867 subsit.
3119 3812 3307 3867 Grzeca
3350 3828 3451 3867 vox
3493 3812 3648 3877 ἕλπις
3690 3813 3863 3869 inter-

2249 3886 2375 3941 dum
2402 3899 2502 3956 pro
2529 3884 2793 3956 opinione
2813 3892 3116 3953 usurpatur.
3157 3884 3223 3938 Et
3253 3884 3339 3939 hic
3365 3884 3578 3951 quidem
3607 3896 3863 3941 constru-

2246 3960 2352 4013 otio
2384 3954 2502 4024 ejus
2531 3970 2652 4009 cum
2684 3954 2850 4009 verbo
2887 3956 3142 4024 prmteriti
3176 3957 3431 4025 temporis
3467 3956 3742 4026 postulare
3775 3959 3858 4013 vi-

2248 4029 2427 4086 detur.
2465 4039 2519 4081 ut
2552 4028 2694 4082 illam
2733 4041 2797 4083 ea
2838 4028 3047 4081 ratione
3089 4026 3471 4097 intelligamus.
3516 4027 3701 4096 Neque
3728 4044 3862 4083 vero

2250 4115 2371 4155 cum
2394 4098 2611 4154 Valesio
2630 4098 2773 4152 hunc
2796 4098 2967 4152 locmn
2998 4098 3064 4151 de
3088 4098 3254 4163 lapsis
3280 4099 3331 4151 in
3352 4098 3735 4165 idololatriam,
3761 4102 3859 4155 sed

2250 4171 2319 4227 de
2359 4169 2651 4225 Catliolicis
2690 4184 2717 4222 a
2762 4168 3057 4223 Novatiaoo
3098 4170 3373 4223 subversis
3411 4170 3856 4238 interpretamur,

2250 4258 2479 4314 quorum
2514 4240 2955 4314 il|e_baptismnm
2980 4240 3297 4304 exsufﬂans,
3324 4239 3581 4314 Spiritum
3606 4254 3855 4297 sanctum

2251 4310 2576 4368 sacramenti
2605 4311 2764 4378 hujus
2793 4327 3015 4366 munere
3042 4320 3319 4382 acceptum
3344 4310 3588 4381 fugabat,
3609 4316 3860 4382 quamvis

2252 4386 2302 4439 in
2335 4401 2522 4440 eorum
2565 4383 2866 4455 aliquibus,
2900 4393 3186 4452 antequam
3228 4384 3691 4455 subverterentur.
3726 4386 3858 4455 Spi-

2250 4457 2410 4511 ritum
2444 4465 2686 4511 sanctnm
2721 4454 2802 4509 vel
2835 4454 3201 4521 permansisse
3237 4470 3329 4522 per
3358 4454 3722 4509 innocentiam
3770 4458 3857 4511 vel

2250 4540 2331 4583 est
2354 4538 2411 4582 ut
2431 4544 2550 4582 cum
2576 4524 2792 4580 Valesio
2816 4541 2913 4596 per
2942 4525 3312 4594 ptenitentiam
3342 4525 3565 4580 rediisse
3594 4527 3858 4582 credibile

2250 4599 2339 4653 sit.
2368 4599 2441 4652 Ita
2472 4598 2761 4671 nihiloan
2782 4612 3105 4671 quierantns,
3139 4597 3200 4651 lu
3226 4598 3383 4666 lapsis
3408 4599 3659 4669 quomodo
3689 4609 3857 4671 potest

2250 4686 2510 4724 remanere
2530 4667 2756 4738 Spiritus
2783 4669 3025 4723 sanctus?
3050 4667 3354 4723 COUSTANT.

2324 4740 2561 4811 Dionysii
2596 4740 2930 4811 Alexandrini
2963 4743 3323 4811 fragmentum.
3371 4742 3443 4795 De
3484 4740 3582 4794 hac
3623 4740 3855 4811 epistola

2250 4810 2517 4867 Eusebius
2550 4814 2619 4864 ita
2655 4810 3037 4881 praaloquitnr:
3075 4832 3091 4863 ι
3128 4816 3282 4865 Instat
3311 4821 3365 4866 et
3393 4813 3579 4881 quinta
3607 4812 3855 4881 ejusdem

2248 4884 2473 4951 cpistola
2502 4884 2564 4937 ad
2592 4882 2815 4953 Xysttnn
2841 4885 3097 4936 Ιὶοιιιςιιιίυ
3126 4884 3273 4937 urbis
3299 4885 3607 4951 episeopum
3626 4925 3641 4949 ,
3669 4885 3718 4934 in
3744 4899 3851 4953 qua

2252 4966 2531 5026 postquam
2559 4954 2818 5009 adversus
2846 4955 3132 5008 haereticos
3158 4957 3316 5008 nmlta
3345 4954 3628 5026 di~scruit,
3658 4953 3852 5023 hujus-

2253 5026 2396 5081 modi
2420 5025 2673 5095 quiddam
2701 5042 2794 5080 sna
2825 5034 2981 5078 :clatc
3003 5027 3291 5094 contigisse
3319 5035 3519 5080 narrat.
3550 5044 3569 5078 ι
3596 5025 3651 5080 in
3674 5040 3738 5079 ea
3765 5042 3855 5078 au-

2254 5107 2360 5152 tem
2399 5110 2581 5153 narrat
2627 5098 2911 5168 Dionysius
2949 5097 3088 5162 quod
3131 5113 3301 5161 nuper
3339 5097 3670 5165 contigerat,
3694 5112 3842 5168 ﬁcum

2253 5170 2518 5239 baptisma
2575 5167 2785 5236 publice
2840 5186 2901 5223 ac
2943 5170 3279 5223 sollemniter
3320 5169 3647 5222 tradidisset.
3693 5167 3851 5223 Unde

2256 5242 2394 5295 hanc
2422 5242 2702 5308 epistolam
2738 5242 2896 5309 paulo
2925 5253 3044 5309 post
3079 5240 3281 5294 Pascha
3304 5281 3318 5303 ,
3354 5239 3437 5293 vel
3467 5250 3614 5294 certe
3650 5239 3849 5294 Pente-

2252 5321 2459 5374 costen,
2486 5313 2609 5365 anni
2632 5310 2772 5372 2.58,
2797 5314 3049 5380 scriptam
3077 5326 3198 5365 esse
3222 5310 3510 5376 colligitur.
3537 5311 3846 5365 Consum.

2322 5382 2644 5450 Baptismum
2673 5400 2769 5454 quo
2799 5383 2938 5454 apud
2969 5384 3228 5437 ltwreticos
3258 5383 3485 5435 initiatus
3519 5384 3702 5454 fuerat.
3737 5382 3849 5436 Btt-

2254 5454 2394 5507 llnus
2422 5454 2535 5507 lucc
2563 5454 2633 5508 ita
2663 5452 2923 5508 reddidit:
2956 5472 2976 5503 ι
3002 5455 3270 5522 Baptisma
3298 5457 3367 5506 ab
3397 5452 3664 5507 limi-elicis
3690 5453 3848 5508 aliter

2253 5540 2313 5580 se
2343 5527 2675 5596 suscepisse:
2712 5526 2853 5595 quod
2890 5536 3064 5580 tamen
3096 5524 3395 5579 secundum
3425 5539 3487 5579 ea
3508 5565 3525 5590 ,
3555 5539 3676 5593 qua:
3707 5540 3849 5579 nunc

2251 5596 2457 5650 videret
2484 5611 2514 5650 a
2545 5599 2697 5651 nobis
2726 5596 3017 5652 ministrari
3040 5638 3054 5659 ,
3086 5612 3184 5651 nec
3213 5597 3472 5665 baptisma
3501 5596 3744 5665 duceret,
3779 5611 3844 5651 eo

2250 5667 2391 5737 (μιωιΙ
2420 5680 2562 5722 esset
2590 5669 2796 5736 repleta
2827 5668 3173 5738 plaspltemiis
3197 5663 3371 5720 omnis
3397 5667 3487 5720 illa
3510 5663 3838 5738 confessioa

2253 5739 2487 5810 Dionysii
2515 5740 2738 5809 ejusque
2766 5736 3123 5795 decessurum
3151 5754 3266 5792 aevo
3294 5736 3726 5810 inAlcxandrina
3755 5751 3849 5793 ec-

2249 5807 2412 5865 clesia
2433 5852 2447 5875 ,
2480 5807 2832 5881 ut‘baptismo
2869 5828 2975 5865 non
3008 5812 3198 5865 iterato
3226 5809 3627 5881 susciperentur
3668 5807 3847 5864 luere-

2250 5881 2337 5937 tici
2369 5897 2467 5939 usu
2495 5879 2772 5953 receptum
2803 5881 2971 5939 fuisse
2996 5896 3060 5937 ex
3092 5884 3195 5938 hoc
3221 5882 3338 5937 loco
3367 5879 3645 5936 evidenter
3673 5882 3844 5935 conli-
