4018 6280
557 328 625 388 99
1473 321 1564 380 DE
1603 319 1872 381 SANCTO
1912 315 2230 376 DlONYSlO
2261 313 2545 375 ROMANO
2574 313 2936 375 PONTIFICE

3761 303 3862 364 100

556 449 699 503 bono
737 444 920 502 animo
962 457 1082 502 esse
1117 442 1255 515 jussi
1278 484 1291 508 ,
1334 446 1389 496 et
1432 453 1553 495 eum
1589 438 1741 493 firma
1771 438 1874 492 ﬁde
1904 451 1969 491 ac
2007 434 2145 488 bona

2259 439 2541 512 προσιέναι.
2587 434 2613 491 ὁ
2655 434 2709 490 δὲ
2759 433 2878 490 οὔτε
2920 434 3114 489 πεντῶν
3152 424 3369 486 πάνετᾱι
3405 441 3420 460 ⁹
3451 423 3659 505 πέφρικέ
3692 446 3748 481 τε
3772 452 3775 455 ·
3801 433 3861 501 τῇ

556 538 885 595 conscientia
914 535 1173 591 accedere
1199 533 1265 589 ad
1292 532 1488 589 Sancta
1509 571 1522 595 ,
1548 539 1603 586 et
1631 530 1941 599 participem
1972 541 2162 582 eorum

557 631 696 686 ﬁeri.
728 629 923 688 Verum
948 628 1040 683 ille
1064 625 1279 698 lugendi
1310 625 1472 680 tinem
1502 638 1609 678 non
1637 621 1797 688 facit,
1828 629 1885 676 et
1912 617 1978 673 ad
2007 632 2163 672 men-

554 737 668 778 sam
707 719 966 777 accedere
992 717 1367 784 exhorrescit,
1400 714 1596 787 vixque
1625 722 1850 786 rogatus
1890 712 2163 768 interesse

554 813 887 871 orationibus
908 811 1161 869 sustinet.

2267 531 2496 605 τραπέζῃ
2521 528 2793 603 προσιέναι
2811 543 2823 556 ’
2840 529 2927 581 καὶ
2967 525 3109 597 μόλις
3129 522 3585 600 παρακαλούμενθς
3616 518 3863 576 συνεστάη

2265 646 2348 679 ναι
2374 630 2486 684 ταῖς
2506 627 2837 698 προσευχαῖς
2863 620 3131 691 ἀνέχεται.

1907 921 2272 982 VARIOBUM
2309 918 2535 978 ΝΟΤᾹΞ.

551 1080 777 1137 levavit:
808 1077 895 1135 ubi
928 1077 1300 1149 praemittens,
1344 1072 1411 1129 In
1454 1071 1632 1149 primis
1672 1069 1847 1149 itaque
1883 1064 2150 1149 providere

551 1153 807 1219 debemus,
839 1167 902 1205 ne
929 1139 1052 1203 dum
1076 1139 1295 1217 speciem
1319 1139 1597 1219 quon—idum
1626 1139 1873 1195 cautionis
1905 1147 2151 1219 (euentus,

551 1207 806 1278 damnum,
818 1207 1280 1290 regenerandanmi
1300 1207 1589 1290 incidaiitus
1599 1217 1903 1290 enituerunt
1915 1253 1930 1277 ,
1960 1207 2154 1261 fatetur

549 1298 765 1365 quidem
805 1282 1036 1358 deinde,
1079 1288 1390 1365 inexpiabile
1434 1303 1542 1342 esse
1586 1285 1813 1365 facinus,
1858 1282 2150 1365 lauacrum,

548 1352 682 1438 quod
722 1352 1259 1438 t'egencrandis_scniel
1286 1360 1528 1438 tributum
1566 1352 1780 1438 estnbis
1809 1352 2023 1438 subire;
2065 1364 2157 1406 ve-

552 1425 670 1492 rum
703 1425 829 1492 mox
861 1436 1205 1490 nihilmninus
1251 1431 1431 1486 addit:
1471 1429 1575 1483 Sed
1600 1429 1653 1481 in
1683 1428 1778 1478 hoc
1804 1425 1997 1494 (quem
2028 1436 2159 1476 vere

548 1509 876 1579 baptizatum
909 1522 1066 1561 nemo
1095 1501 1263 1573 srit,)
1296 1503 1423 1556 nihil
1453 1500 1617 1553 simile
1646 1496 1986 1569 formidatur;
2011 1509 2153 1617 gua-

549 1581 687 1617 niam
719 1597 819 1617 nnn
851 1587 1012 1617 union!
1041 1578 1094 1617 in
1138 1575 1417 1617 “orationis
1448 1573 1636 1617 crimen
1676 1568 1877 1617 venire-
1909 1582 2007 1617 auo
2077 1567 2153 1617 fa-

549 1567 688 1634 ηἱὰηι
719 1597 820 1633 non
850 1587 1012 1649 potest
1041 1578 1096 1630 in
1138 1567 1417 1649 iterationis
1448 1567 1877 1649 crimett'_venire,
1909 1567 2044 1635 quod
2074 1567 2158 1646 [a-

547 1660 683 1706 ctum
713 1667 822 1706 esse
850 1640 1058 1703 omnino
1087 1648 1329 1702 nescitur.
1374 1646 1540 1700 Porro
1572 1644 1637 1695 de
1666 1640 1932 1708 baptismo
1955 1680 1970 1701 ,
2001 1640 2156 1704 cujus

546 1738 705 1778 causa
739 1721 1028 1793 Dionysius
1056 1717 1286 1793 Xystum
1328 1716 1438 1793 sibi.
1461 1711 1861 1793 consulendum
1886 1708 2149 1793 duxerat,

545 1794 674 1851 illud
704 1803 852 1850 certo
880 1778 1203 1861 constabat,
1236 1804 1360 1846 eum
1389 1786 1459 1844 ab
1488 1782 1759 1842 haereticis
1792 1780 1959 1836 fuisse
1987 1778 2159 1834 colla-

2258 1072 2391 1117 tum.
2434 1060 2544 1117 Nec
2583 1056 2805 1113 dubium
2847 1055 2973 1125 quin
3016 1055 3059 1111 si
3103 1054 3267 1109 homo
3301 1052 3381 1109 sic
3422 1051 3725 1125 baptizatus
3766 1047 3868 1121 Cy-

2257 1134 2501 1205 prianum
2533 1140 2586 1185 et
2611 1145 2739 1205 eos,
2767 1121 3007 1205 quicum
3037 1127 3132 1205 illo
3158 1126 3404 1205 Africana
3434 1121 3723 1195 in’synndo
3750 1136 3868 1205 con-

2259 1194 2552 1269 venerant,
2604 1194 2857 1268 adiisset,
2914 1199 3055 1253 hunc
3101 1196 3480 1268 baptizandum
3520 1194 3642 1250 esse
3675 1194 3865 1269 statim

2258 1264 2647 1333 decrevissent.
2689 1274 2753 1325 Et
2795 1264 2919 1326 inde
2957 1272 3117 1341 igitur
3160 1264 3471 1341 Dionysium
3511 1281 3630 1320 cum
3673 1264 3865 1319 iisdem

2261 1349 2484 1404 minime
2513 1344 2855 1402 consensisse
2886 1340 3257 1397 conﬁrmatur.
3305 1340 3440 1394 Hinc
3473 1347 3620 1392 certe
3658 1343 3869 1391 constat

2262 1421 2536 1475 hominem
2567 1418 2715 1472 illum
2740 1456 2754 1476 ,
2785 1416 2875 1485 qui
2908 1414 3204 1483 baptizatus
3244 1412 3311 1466 ab
3354 1409 3619 1485 haereticis
3660 1407 3865 1485 trierat,

2265 1496 2333 1548 ah
2370 1490 2591 1547 Ht‘l‘ﬂClﬂ
2626 1491 2678 1542 in
2721 1478 3018 1540 Ecclesiam
3060 1485 3176 1538 sine
3218 1498 3357 1538 novo
3400 1480 3666 1551 baptismo
3704 1478 3872 1551 luisse

2267 1564 2580 1618 admissum.
2601 1560 2852 1629 Ipsevero
2887 1556 3170 1627 Dionysius
3198 1554 3436 1629 Heraclre
3460 1548 3519 1629 in
3549 1548 3873 1629 recipiendis

2265 1635 2536 1691 luereticis
2564 1623 2767 1687 morem
2794 1629 2945 1701 seqai
2973 1623 3039 1684 se
3063 1628 3339 1754 cortcEptis
3364 1624 3541 1679 verbis
3563 1623 3871 1695 proﬁtetur.

3248 1710 3510 1754 oos'ranr.

3248 1710 3488 1754 ουετΑΜ·
3498 1734 3510 1750 .

1985 1905 2440 1986 NOTITIA

1255 2055 1697 2117 SCRII’TORUM
1726 2050 2169 2127 QUORUMDAM
2196 2047 2363 2119 QU/E
2405 2046 2496 2102 AD
2534 2042 2794 2101 SIXTUM
2834 2034 3205 2097 ATTINENT.

620 2206 661 2264 l.
716 2205 985 2263 Prteterea
1031 2200 1318 2273 Dionysius
1365 2199 1524 2255 aliam
1568 2196 1635 2253 ad
1680 2195 1889 2253 Sixtum
1938 2191 2155 2263 scripsit
2182 2193 2231 2253 B
2259 2188 2534 2263 adeoque,
2568 2185 2613 2240 si
2641 2182 2817 2239 Pontii
2850 2187 3132 2236 assecutus
3163 2184 3248 2233 est
3292 2182 3564 2240 mentem,
3607 2166 3877 2226 dicendus

544 2301 826 2373 epistolam
851 2341 865 2365 ,
894 2312 1054 2370 quam
1098 2295 1396 2361 Eusebius,
1432 2293 1526 2348 lib.
1557 2307 1664 2361 vn,
1702 2289 1866 2358 llist.,
1897 2304 1947 2344 c.
1979 2289 2035 2356 9,
2070 2286 2156 2341 his

549 2397 727 2453 verbis
757 2394 998 2451 indicare
1026 2394 1157 2449 satis
1186 2390 1405 2447 habuit:
1435 2408 1454 2441 ι
1482 2389 1580 2444 Est
1607 2396 1663 2443 et
1689 2386 1873 2458 quinta
1906 2381 2152 2453 ejusdem

548 2489 785 2563 Dionysii
810 2488 1038 2559 epistola
1057 2486 1126 2541 de
1147 2482 1435 2554 baptismo,
1462 2482 1633 2552 ipsius
1651 2486 1708 2535 et
1726 2478 1971 2534 ecclesiae
1992 2488 2154 2546 quam

548 2583 768 2656 regebat
795 2581 1051 2648 nomine,
1101 2578 1168 2633 ad
1199 2578 1411 2634 Sixtum
1444 2586 1500 2632 ct
1527 2574 1817 2632 ecclesiam
1860 2572 2008 2627 urbis
2050 2570 2156 2625 Ro-

548 2694 650 2737 mae
671 2719 686 2743 ,
722 2677 775 2732 in
801 2691 908 2747 qua
935 2677 1004 2730 de
1034 2672 1308 2744 proposita
1339 2670 1641 2741 quaestione
1673 2666 1939 2739 prolixam
1963 2663 2153 2721 admo-

548 2772 675 2826 dum
702 2770 1123 2841 disputationem
1151 2766 1404 2822 instituit.
1434 2784 1452 2817 ι

617 2864 683 2921 ll.
709 2862 934 2923 Pontius
960 2863 1012 2917 in
1033 2860 1153 2916 Vita
1176 2860 1234 2917 S.
1256 2859 1513 2932 Cypriani
1542 2857 1660 2913 hmo
1680 2856 1871 2913 habet:
1901 2874 1921 2908 ι
1944 2854 2063 2911 Jam
2088 2852 2155 2908 de

547 2956 699 3013 Sixto
728 2958 870 3013 bono
900 2966 954 3012 et
982 2956 1208 3027 pacilieo
1237 2952 1549 3020 sacerdote,
1602 2966 1667 3006 ac
1698 2958 1981 3021 propterea
2025 2947 2153 3003 bea-

550 3049 756 3105 tissimo
792 3057 1064 3119 martyre,
1109 3046 1329 3101 nuntius
1370 3051 1613 3098 venerat.
1649 3039 1982 3110 Sperabatur
2006 3035 2150 3107 jam-

540 3142 760 3214 jamque
789 3141 1028 3198 carnifex
1057 3141 1300 3196 veniens.
1330 3157 1349 3191 ι
1378 3138 1509 3207 Quae
1535 3137 1699 3192 verba
1730 3134 1810 3189 sic
1837 3131 2147 3189 summatim

546 3236 722 3292 reddit
765 3234 1089 3291 Oxoniensis
1129 3233 1304 3290 editor
1342 3250 1356 3286 :
1394 3249 1413 3284 ι
1455 3229 1639 3286 Sixtus
1685 3224 1925 3297 pontifex
1969 3238 2149 3279 roma-

547 3345 646 3385 nus
671 3328 739 3384 de
764 3328 1142 3399 persecutione
1167 3334 1418 3381 secutura
1447 3322 1780 3395 Cyprianum
1806 3318 2092 3380 admonet;
2122 3334 2141 3367 ι

1353 3482 1404 3489 Kx:

1422 3445 1712 3455 .————.———

852 3449 1343 3462 .-.η-...-

557 3451 1350 3507 W

1405 3480 1678 3492 m3

1823 3474 2156 3490 π

2261 2288 2343 2333 est
2383 2260 2574 2334 ‘Sixtus
2603 2273 2869 2346 passionis
2898 2271 3180 2343 proximus
3209 2264 3276 2320 ad
3304 2264 3633 2337 Cyprianum
3665 2260 3878 2316 litteras

2260 2374 2474 2430 misisse
2494 2414 2509 2440 ,
2537 2370 2733 2442 quibus
2756 2382 2881 2424 eum
2906 2366 2976 2421 de
3004 2360 3379 2436 persecutione
3405 2356 3727 2414 imminente
3755 2369 3877 2410 cer-

2261 2466 2453 2521 tiorem
2484 2464 2705 2519 faceret.
2734 2460 2938 2517 Verum
2969 2458 3072 2512 hoc
3099 2464 3307 2510 tantum
3334 2451 3437 2507 sibi
3462 2449 3581 2507 vult
3612 2447 3875 2515 Pontius,

2259 2560 2699 2632 persecutionem
2730 2556 2915 2610 Romae
2944 2551 3193 2621 ﬂagrare,
3213 2547 3432 2620 jamque
3472 2544 3542 2598 de
3569 2541 3708 2598 Sixti
3738 2554 3880 2595 mar-

2261 2631 2401 2725 tyrio
2428 2667 2490 2706 ac
2519 2665 2650 2705 nece
2681 2646 2925 2703 nuntium
2956 2643 3205 2708 venisse,
3233 2649 3289 2695 et
3311 2635 3639 2707 Carthagine
3665 2635 3723 2689 in
3756 2631 3878 2687 dies

2259 2748 2568 2802 carnilicem
2600 2740 2899 2812 expectari.
2944 2738 3022 2794 lbi
3053 2736 3194 2791 enim
3231 2731 3541 2804 perstringit
3568 2729 3654 2784 hic
3690 2726 3875 2782 diaco-

2259 2856 2362 2896 nus
2384 2838 2524 2909 quod
2547 2834 2847 2905 Cyprianus
2871 2832 3033 2901 epist.
3054 2828 3147 2895 82,
3174 2826 3240 2882 ad
3262 2826 3586 2883 SucccSSum
3609 2821 3875 2891 explicat,

2258 2947 2354 2990 eos
2396 2945 2589 3001 nempe
2619 2929 2834 2984 venisse
2854 2966 2869 2993 ,
2901 2938 3037 2996 quos
3077 2922 3303 2978 Romam
3324 2961 3339 2988 ,
3372 2926 3431 2974 ut
3457 2916 3748 2973 veritatem
3789 2928 3880 2970 ex-

2257 3028 2533 3098 plorarent
2553 3067 2568 3091 ,
2602 3025 2721 3094 ipse
2751 3022 3009 3084 miserat;
3041 3034 3071 3073 a
3098 3017 3292 3088 quibus
3318 3023 3374 3070 et
3400 3011 3754 3069 Valerianum
3787 3006 3878 3064 ad-

2255 3136 2445 3177 versus
2485 3117 2811 3174 christianos
2850 3113 2919 3168 ad
2960 3119 3206 3168 senatum
3238 3106 3625 3176 rescripsisse,
3653 3112 3712 3158 et
3753 3102 3878 3160 Six-

2260 3227 2371 3272 tum
2417 3212 2887 3279 animadversum,
2940 3217 2994 3263 et
3041 3207 3167 3263 huic
3208 3202 3574 3278 persecutioni
3621 3200 3675 3256 in
3728 3198 3876 3257 Urbe

2260 3310 2542 3384 prtefectos
2570 3307 2807 3379 quotidie
2837 3305 3091 3360 insistere
3117 3300 3327 3357 didicit.
3360 3299 3423 3354 D.
3453 3297 3767 3354 Consum.

2806 3431 2901 3433 ηη,
2960 3430 2967 3433 .
3004 3417 3849 3433 ῌ---Μ

1417 3433 3850 3466 ω

1678 3466 3051 3495 ΕΜ--κ-γνκ
2898 3466 2901 3467 ν
3054 3466 3848 3478 ____....____._—__——_

2891 3436 3078 3443 mm

2323 3433 2889 3446 Μ

2250 3437 2318 3446 ...-

2156 3474 2647 3488 W
2660 3474 3321 3482 ——————————fV

1183 3486 2266 3677 “Mm
2343 3543 3226 3665 DIONYSIO

1617 3746 2108 3825 ROMANO
2168 3736 2751 3819 PONTIFICE

1924 3874 2466 3939 PROLEGOMENA.

1634 4020 2743 4065 AO?—

1080 4176 1371 4223 ARTICULUS
1406 4171 1620 4217 PBIIUS.

1100 4279 1221 4343 Ejus
1242 4278 1355 4329 vitae
1377 4272 1600 4325 historia.

622 4389 909 4464 Dionysius
933 4386 1140 4460 origine
1170 4385 1412 4450 Graecus,
1445 4391 1501 4437 et
1525 4379 1697 4452 patria
1734 4375 1966 4432 Calaber
1993 4371 2153 4464 vulgo

549 4462 788 4543 creditur
805 4483 908 4557 (1).
943 4483 1017 4538 De
1042 4481 1158 4553 ejus
1183 4478 1344 4535 rebus
1360 4474 1527 4548 gestis
1544 4486 1716 4542 usque
1741 4468 1808 4524 ad
1825 4481 2025 4523 annum
2044 4462 2153 4519 256

547 4582 674 4639 Jesu
698 4577 899 4637 Christi
921 4575 1051 4632 nihil
1069 4571 1204 4630 certi
1228 4577 1565 4641 compertum
1592 4557 1872 4621 habemus.
1907 4560 1982 4615 Ea
2010 4568 2150 4615 tem-

549 4685 751 4746 pestate
779 4686 1017 4730 romanae
1046 4665 1421 4742 presbyterum
1453 4660 1647 4733 agebat
1673 4655 1953 4718 Ecclesice,
1990 4666 2151 4724 quem

549 4768 801 4840 Epistolis
829 4766 943 4822 suis
984 4764 1116 4819 adiit
1148 4759 1434 4832 Dionysius
1465 4752 1882 4812 Alexandrinus.
1925 4748 2007 4804 Ex
2032 4746 2147 4812 illa,

547 4877 667 4934 quae
688 4867 875 4931 quarta
906 4857 1104 4914 eratde
1119 4856 1392 4927 Baptismo
1410 4850 1513 4925 (ἓ),
1536 4869 1554 4903 ι
1591 4848 1925 4918 hunc'ipsum
1944 4844 2149 4899 Roma-

544 4970 672 5010 num
696 4951 1004 5023 Dionysium
1028 4948 1469 5009 eruditissimum,
1489 4945 1755 5014 planeque
1773 4937 2147 4995 admirandum

548 5051 731 5117 fuisse,
767 5047 1076 5103 testimonio
1111 5044 1347 5113 Dionysii
1393 5040 1738 5096 Alexandrini
1784 5040 1908 5094 licet
1942 5049 2145 5107 cogno-

544 5157 719 5199 scere.
760 5160 780 5194 ›
814 5138 1090 5211 Stephano
1139 5137 1342 5192 faverat
1387 5135 1703 5206 Dionysius;
1734 5132 1995 5203 siquidem
2030 5131 2146 5198 ipse

542 5251 604 5291 ac
639 5234 920 5290 Philemon
958 5231 1332 5289 Firmilianum
1363 5240 1416 5285 et
1449 5227 1711 5284 Helenum
1761 5225 2141 5282 hazreticorum

538 5328 861 5400 baptismum
908 5326 1216 5396 rejicieutes
1264 5339 1294 5379 a
1345 5323 1724 5380 communione
1773 5318 2137 5392 segregandos

607 5467 689 5536 (ι)
728 5466 908 5524 Cave.
948 5463 1362 5536 Histztitte‘rar”
1414 5470 1457 5517 t.
1508 5477 1568 5526 ι,
1599 5474 1740 5536 pag._
1777 5457 1914 5536 [δῷ
1962 5455 2126 5536 Joan.

537 5527 736 5606 Georg.
764 5536 1002 5599 Walch.,
1040 5533 1178 5589 Hist.
1211 5534 1578 5606 Eccles.,pag.
1602 5527 1772 5606 1091.
1798 5529 1959 5606 Liber
1988 5527 2129 5606 Ppu-

539 5599 772 5691 liﬁc_alis,
797 5610 1109 5664 monachum
1138 5606 1304 5663 fuisse
1335 5599 1518 5672 tradit,
1530 5599 1696 5674 'quod
1726 5609 1811 5655 est.
1836 5600 1997 5667 longe
2026 5599 2130 5653 lal-

531 5695 943 5884 διςὲἑηιέῗέθδη
990 5750 1130 5807 Hist.
1172 5749 1504 5811 Ecclesium,
1537 5743 1636 5800 lib.
1675 5758 1787 5823 vtt_,
1817 5755 1938 5811 cap.
1979 5740 2048 5805 7;
2079 5746 2134 5799 et

531 5838 597 5884 ao
697 5824 971 5884 Calland..
1002 5833 1135 5883 tom.
1165 5838 1247 5884 ut,
1276 5820 1382 5884 Ep.
1410 5818 1467 5884 8,
1497 5832 1552 5884 ν.
1585 5814 1714 5884 525,
1748 5829 1803 5871 1n
1834 5822 1949 5870 not.
1979 5812 2033 5869 5.

529 5812 674 5899 apud
697 5812 971 5895 Calland.,
1002 5833 1135 5883 tom.
1165 5838 1247 5889 ut,
1276 5820 1382 5891 Ep.
1410 5818 1467 5888 8,
1497 5832 1552 5890 p.
1585 5814 1714 5888 525,
1748 5812 1803 5871 in
1834 5822 1949 5870 not.
1979 5812 2033 5869 5.

2258 4150 2381 4192 cum
2408 4131 2684 4203 Stephano
2712 4144 2851 4204 papa
2879 4130 3174 4187 censebant
3202 4126 3307 4204 (3).
3341 4126 3446 4185 Sed
3476 4125 3545 4183 de
3593 4124 3866 4183 sententia

2258 4225 2517 4297 Stephani
2547 4225 2798 4282 discessit
2841 4223 3183 4295 postmodum
3208 4265 3223 4291 ,
3257 4222 3370 4278 sive
3415 4220 3705 4277 haereticos
3741 4232 3868 4275 cum

2179 4350 2224 4415 Ο
2258 4319 2526 4415 Cypriano
2555 4317 2908 4415 baptizandus
2935 4333 3057 4373 esse
3079 4316 3331 4388 judicarit
3359 4314 3442 4387 (Δ)
3466 4357 3481 4382 ,
3514 4314 3634 4371 sive
3677 4311 3867 4370 durius

2259 4413 2521 4483 Stephani
2552 4410 2713 4467 Afros
2744 4413 2827 4467 vel
2866 4410 3405 4476 excommunicantis,
3433 4408 3518 4463 vel
3547 4407 3740 4463 saltem
3769 4421 3867 4462 ex-

2257 4508 2802 4565 cnmmunieationem
2834 4506 3132 4562 minitantis
3178 4506 3375 4560 factum
3426 4502 3769 4573 improbarit.
3805 4498 3864 4556 Id

2257 4600 2417 4656 docet
2466 4598 2754 4669 Dionysius
2797 4597 3200 4656 Alexandrinus
3245 4596 3313 4652 ad
3361 4595 3567 4653 Sixtum
3616 4591 3863 4666 Dionysii

2260 4693 2489 4749 Romani
2528 4691 2872 4747 deccssorem
2913 4690 3140 4761 epistola
3166 4730 3180 4755 ,
3224 4705 3343 4761 qua:
3388 4698 3473 4744 est
3510 4687 3749 4743 secunda
3797 4684 3866 4741 de

2260 4788 2543 4858 Baptismo
2569 4803 2582 4840 :
2618 4805 2637 4838 ‹
2676 4786 2780 4842 Sed
2810 4794 2865 4840 et
2885 4784 3219 4841 eharissimis
3250 4782 3501 4838 fratribus
3529 4790 3585 4837 et
3614 4797 3864 4852 compre-

2256 4880 2490 4953 sbyteris
2530 4881 2729 4936 nostris
2774 4879 3033 4951 Dionysio
3085 4886 3140 4934 et
3182 4876 3484 4933 Philomeni
3513 4919 3528 4945 ,
3574 4877 3666 4947 qui
3712 4875 3861 4947 prius

2253 4974 2397 5030 idem
2438 4990 2559 5029 cum
2591 4973 2867 5044 Stephano
2896 4982 3209 5040 senserant,
3236 4979 3397 5026 antea
3426 4969 3643 5041 quidem
3673 4969 3859 5026 brevi-

2253 5078 2355 5136 ter,
2386 5084 2525 5125 nunc
2547 5083 2675 5125 vero
2698 5067 2936 5138 pluribus
2958 5064 3139 5120 verbis
3164 5063 3373 5134 scripsi.
3410 5082 3429 5116 ι
3464 5062 3666 5118 Horum
3693 5063 3859 5135 igitur

2252 5160 2480 5215 duorum
2507 5161 2767 5214 Romana:
2790 5158 3045 5213 Ecclesia;-
3072 5156 3519 5229 Preshyterorum
3543 5155 3843 5226 Sapientia,

2249 5253 2422 5324 inquit
2447 5252 2530 5307 Cl.
2566 5251 2811 5307 Maranus
2843 5250 2952 5324 (5),
2985 5264 3086 5304 nec
3114 5249 3385 5304 immerito
3413 5247 3716 5319 mitigatum
3739 5246 3855 5305 exi-

2320 5387 2401 5460 (5)
2442 5386 2581 5460 Vide
2615 5384 2886 5444 Coutantii
2929 5397 3042 5460 not.
3072 5386 3108 5442 6
3132 5429 3147 5454 ,
3171 5387 3230 5460 in
3263 5384 3362 5460 Ep.
3406 5385 3461 5452 6,
3489 5401 3610 5457 qua:
3647 5395 3731 5442 est
3759 5400 3853 5460 se-

2242 5454 2416 5531 cunda
2446 5460 2509 5514 de
2537 5458 2803 5531 Baptismo
2822 5460 2891 5514 ad
2918 5459 3123 5516 Sixtum
3156 5457 3183 5513 l
3192 5457 3243 5523 1,
3269 5454 3323 5513 in
3346 5457 3447 5515 hoc
3474 5454 3643 5523 tumo,
3661 5454 3849 5531 supra.

2316 5529 2515 5605 (ιλιαδ
2547 5529 2763 5601 quidem
2812 5540 2997 5605 censet
3032 5531 3526 5605 Latmoyus_._tom.
3558 5546 3685 5605 vnt,
3722 5529 3845 5605 pagg.

2242 5599 2506 5674 6033Scd
2530 5599 2834 5674 perpaucos
2862 5604 2995 5670 fore,
3028 5603 3197 5671 inquit
3224 5599 3305 5674 Cl.
3336 5600 3622 5674 Maranus,
3643 5602 3708 5674 in;
3730 5599 3851 5674 Vita

2241 5676 2310 5755 ξε
2333 5672 2615 5755 Cypriani,
2652 5674 2680 5747 ᾗ
2710 5675 2812 5755 ὃςλ,
2849 5674 3137 5755 pag.__100,
3185 5673 3315 5730 edit.
3358 5672 3542 5728 Venet.
3581 5672 3757 5755 17:58.,
3788 5673 3849 5755 in

2236 5745 2358 5813 fol.,
2379 5744 2642 5813 arbitror,
2658 5744 2763 5817 'qui
2782 5744 3002 5801 Launoii
3018 5746 3381 5814 conjecturam
3399 5760 3508 5803 non
3525 5744 3845 5817 explodant.

2315 5817 2395 5892 (5)
2435 5818 2665 5891 Maran.,
2691 5817 2819 5877 loco
2849 5818 3023 5886 citat.,
3058 5832 3178 5890 pag.
3209 5831 3282 5875 et.
