  <div class='ocr_page' id='page_1' title='image "/cluster/home/n/w/nwhite01/storage/ocr_20150623/5/umn.31951002477299b/062.png"; bbox 0 0 4018 6332; ppageno 0'>
   <div class='ocr_carea' id='block_1_1' title="bbox 188 413 295 471">
    <p class='ocr_par' dir='ltr' id='par_1_1' title="bbox 188 413 295 471">
     <span class='ocr_line' id='line_1_1' title="bbox 188 413 295 471; baseline 0.009 -1"><span class='ocrx_word' id='word_1_1' title='bbox 188 413 295 471; x_wconf 71' lang='grc'><strong>105</strong></span> 
     </span>
    </p>
   </div>
   <div class='ocr_carea' id='block_1_2' title="bbox 1086 404 2643 471">
    <p class='ocr_par' dir='ltr' id='par_1_2' title="bbox 1086 404 2643 471">
     <span class='ocr_line' id='line_1_2' title="bbox 1086 404 2643 471; baseline -0.003 -3"><span class='ocrx_word' id='word_1_2' title='bbox 1086 409 1176 469; x_wconf 87' lang='lat' dir='ltr'><strong>DE</strong></span> <span class='ocrx_word' id='word_1_3' title='bbox 1212 408 1481 471; x_wconf 71' lang='lat' dir='ltr'><strong>SANCTO</strong></span> <span class='ocrx_word' id='word_1_4' title='bbox 1514 408 1828 468; x_wconf 84' lang='lat' dir='ltr'><strong>DIONYSIO</strong></span> <span class='ocrx_word' id='word_1_5' title='bbox 1866 405 2150 465; x_wconf 73' lang='lat' dir='ltr'><strong>ROMANO</strong></span> <span class='ocrx_word' id='word_1_6' title='bbox 2191 404 2574 466; x_wconf 82' lang='lat' dir='ltr'><strong>PONTIFICE.</strong></span> <span class='ocrx_word' id='word_1_7' title='bbox 2638 408 2643 414; x_wconf 82' lang='grc'><strong>’</strong></span> 
     </span>
    </p>
   </div>
   <div class='ocr_carea' id='block_1_3' title="bbox 3398 412 3501 469">
    <p class='ocr_par' dir='ltr' id='par_1_3' title="bbox 3398 412 3501 469">
     <span class='ocr_line' id='line_1_3' title="bbox 3398 412 3501 469; baseline 0.01 -1"><span class='ocrx_word' id='word_1_8' title='bbox 3398 412 3501 469; x_wconf 70' lang='grc'><strong>106</strong></span> 
     </span>
    </p>
   </div>
   <div class='ocr_carea' id='block_1_4' title="bbox 185 524 3497 602">
    <p class='ocr_par' dir='ltr' id='par_1_4' title="bbox 185 524 3497 602">
     <span class='ocr_line' id='line_1_4' title="bbox 185 524 3497 602; baseline 0.002 -18"><span class='ocrx_word' id='word_1_9' title='bbox 185 528 448 599; x_wconf 84' lang='lat' dir='ltr'><strong>illumque</strong></span> <span class='ocrx_word' id='word_1_10' title='bbox 510 528 650 600; x_wconf 85' lang='lat' dir='ltr'><strong>apud</strong></span> <span class='ocrx_word' id='word_1_11' title='bbox 709 528 1081 600; x_wconf 77' lang='lat' dir='ltr'><strong>cognominem</strong></span> <span class='ocrx_word' id='word_1_12' title='bbox 1131 528 1441 602; x_wconf 81' lang='lat' dir='ltr'><strong>Dionysium</strong></span> <span class='ocrx_word' id='word_1_13' title='bbox 1480 527 1781 584; x_wconf 84' lang='lat' dir='ltr'><strong>Romanum</strong></span> <span class='ocrx_word' id='word_1_14' title='bbox 1810 524 2099 589; x_wconf 76' lang='lat' dir='ltr'><strong>Avidetur</strong></span> <span class='ocrx_word' id='word_1_15' title='bbox 2147 524 2364 580; x_wconf 88' lang='lat' dir='ltr'><strong>Baronii</strong></span> <span class='ocrx_word' id='word_1_16' title='bbox 2412 524 2703 582; x_wconf 75' lang='lat' dir='ltr'><strong>sententia.</strong></span> <span class='ocrx_word' id='word_1_17' title='bbox 2744 525 2927 583; x_wconf 90' lang='lat' dir='ltr'><strong>Primo</strong></span> <span class='ocrx_word' id='word_1_18' title='bbox 2972 528 3116 585; x_wconf 90' lang='lat' dir='ltr'><strong>enim</strong></span> <span class='ocrx_word' id='word_1_19' title='bbox 3164 527 3497 590; x_wconf 76' lang='lat' dir='ltr'><strong>Athanasius</strong></span> 
     </span>
    </p>
   </div>
   <div class='ocr_carea' id='block_1_5' title="bbox 187 619 1797 693">
    <p class='ocr_par' dir='ltr' id='par_1_5' title="bbox 187 619 1797 693">
     <span class='ocr_line' id='line_1_5' title="bbox 187 619 1797 693; baseline -0.002 -15"><span class='ocrx_word' id='word_1_20' title='bbox 187 622 517 693; x_wconf 83' lang='lat' dir='ltr'><strong>Episcopum</strong></span> <span class='ocrx_word' id='word_1_21' title='bbox 547 631 888 687; x_wconf 87' lang='lat' dir='ltr'><strong>accusarunt,</strong></span> <span class='ocrx_word' id='word_1_22' title='bbox 920 642 939 675; x_wconf 77' lang='grc' dir='ltr'><strong>ι</strong></span> <span class='ocrx_word' id='word_1_23' title='bbox 967 620 1108 693; x_wconf 87' lang='lat' dir='ltr'><strong>quod</strong></span> <span class='ocrx_word' id='word_1_24' title='bbox 1135 620 1386 677; x_wconf 84' lang='lat' dir='ltr'><strong>nimirum</strong></span> <span class='ocrx_word' id='word_1_25' title='bbox 1413 662 1429 687; x_wconf 92' lang='lat'><strong>,</strong></span> <span class='ocrx_word' id='word_1_26' title='bbox 1458 630 1513 675; x_wconf 91' lang='lat' dir='ltr'><strong>ut</strong></span> <span class='ocrx_word' id='word_1_27' title='bbox 1550 629 1604 677; x_wconf 91' lang='lat' dir='ltr'><strong>et</strong></span> <span class='ocrx_word' id='word_1_28' title='bbox 1630 619 1797 676; x_wconf 86' lang='lat' dir='ltr'><strong>Atha-</strong></span> 
     </span>
    </p>
   </div>
   <div class='ocr_carea' id='block_1_6' title="bbox 186 712 1791 785">
    <p class='ocr_par' dir='ltr' id='par_1_6' title="bbox 186 712 1791 785">
     <span class='ocr_line' id='line_1_6' title="bbox 186 712 1791 785; baseline -0.003 -14"><span class='ocrx_word' id='word_1_29' title='bbox 186 715 405 780; x_wconf 86' lang='lat' dir='ltr'><strong>nasius,</strong></span> <span class='ocrx_word' id='word_1_30' title='bbox 456 713 587 771; x_wconf 86' lang='lat' dir='ltr'><strong>ibid.</strong></span> <span class='ocrx_word' id='word_1_31' title='bbox 617 730 767 769; x_wconf 91' lang='lat' dir='ltr'><strong>num.</strong></span> <span class='ocrx_word' id='word_1_32' title='bbox 818 714 874 782; x_wconf 76' lang='grc' dir='ltr'><strong>ι,</strong></span> <span class='ocrx_word' id='word_1_33' title='bbox 904 714 1119 785; x_wconf 91' lang='lat' dir='ltr'><strong>prodit,</strong></span> <span class='ocrx_word' id='word_1_34' title='bbox 1154 715 1205 769; x_wconf 91' lang='lat' dir='ltr'><strong>in</strong></span> <span class='ocrx_word' id='word_1_35' title='bbox 1230 713 1485 785; x_wconf 64' lang='lat' dir='ltr'><strong>praedicta</strong></span> <span class='ocrx_word' id='word_1_36' title='bbox 1516 712 1755 783; x_wconf 87' lang='lat' dir='ltr'><strong>Epistoia</strong></span> <span class='ocrx_word' id='word_1_37' title='bbox 1776 754 1791 779; x_wconf 93' lang='lat'><strong>,</strong></span> 
     </span>
    </p>
   </div>
   <div class='ocr_carea' id='block_1_7' title="bbox 186 805 1793 878">
    <p class='ocr_par' dir='ltr' id='par_1_7' title="bbox 186 805 1793 878">
     <span class='ocr_line' id='line_1_7' title="bbox 186 805 1793 878; baseline -0.003 -14"><span class='ocrx_word' id='word_1_38' title='bbox 186 821 246 864; x_wconf 86' lang='grc' dir='ltr'>ιι.</span> <span class='ocrx_word' id='word_1_39' title='bbox 282 808 337 875; x_wconf 63' lang='grc' dir='ltr'>ὁ,</span> <span class='ocrx_word' id='word_1_40' title='bbox 368 806 633 863; x_wconf 73' lang='lat' dir='ltr'><strong>dixisset:</strong></span> <span class='ocrx_word' id='word_1_41' title='bbox 664 826 683 860; x_wconf 83' lang='grc' dir='ltr'><strong>ι</strong></span> <span class='ocrx_word' id='word_1_42' title='bbox 708 806 855 878; x_wconf 89' lang='lat' dir='ltr'><strong>Opus</strong></span> <span class='ocrx_word' id='word_1_43' title='bbox 881 817 935 863; x_wconf 91' lang='lat' dir='ltr'><strong>et</strong></span> <span class='ocrx_word' id='word_1_44' title='bbox 958 822 1074 864; x_wconf 89' lang='lat' dir='ltr'><strong>rem</strong></span> <span class='ocrx_word' id='word_1_45' title='bbox 1102 806 1297 863; x_wconf 86' lang='lat' dir='ltr'><strong>factam</strong></span> <span class='ocrx_word' id='word_1_46' title='bbox 1320 821 1440 862; x_wconf 88' lang='lat' dir='ltr'><strong>esse</strong></span> <span class='ocrx_word' id='word_1_47' title='bbox 1462 805 1652 860; x_wconf 82' lang='lat' dir='ltr'><strong>Filium</strong></span> <span class='ocrx_word' id='word_1_48' title='bbox 1678 805 1793 874; x_wconf 89' lang='lat' dir='ltr'><strong>Dei,</strong></span> 
     </span>
    </p>
   </div>
   <div class='ocr_carea' id='block_1_8' title="bbox 187 896 1794 971">
    <p class='ocr_par' dir='ltr' id='par_1_8' title="bbox 187 896 1794 971">
     <span class='ocr_line' id='line_1_8' title="bbox 187 896 1794 971; baseline -0.003 -14"><span class='ocrx_word' id='word_1_49' title='bbox 187 916 301 957; x_wconf 88' lang='lat' dir='ltr'><strong>non</strong></span> <span class='ocrx_word' id='word_1_50' title='bbox 331 908 518 956; x_wconf 87' lang='lat' dir='ltr'><strong>natura</strong></span> <span class='ocrx_word' id='word_1_51' title='bbox 544 900 846 971; x_wconf 89' lang='lat' dir='ltr'><strong>proprium,</strong></span> <span class='ocrx_word' id='word_1_52' title='bbox 875 899 971 956; x_wconf 88' lang='lat' dir='ltr'><strong>sed</strong></span> <span class='ocrx_word' id='word_1_53' title='bbox 998 900 1233 956; x_wconf 91' lang='lat' dir='ltr'><strong>alienum</strong></span> <span class='ocrx_word' id='word_1_54' title='bbox 1261 915 1291 954; x_wconf 91' lang='lat' dir='ltr'><strong>a</strong></span> <span class='ocrx_word' id='word_1_55' title='bbox 1314 899 1473 954; x_wconf 86' lang='lat' dir='ltr'><strong>Patre</strong></span> <span class='ocrx_word' id='word_1_56' title='bbox 1498 896 1794 954; x_wconf 88' lang='lat' dir='ltr'><strong>secundum</strong></span> 
     </span>
    </p>
   </div>
   <div class='ocr_carea' id='block_1_9' title="bbox 185 988 1795 1064">
    <p class='ocr_par' dir='ltr' id='par_1_9' title="bbox 185 988 1795 1064">
     <span class='ocr_line' id='line_1_9' title="bbox 185 988 1795 1064; baseline -0.002 -16"><span class='ocrx_word' id='word_1_57' title='bbox 185 993 569 1058; x_wconf 82' lang='lat' dir='ltr'><strong>substantiam,</strong></span> <span class='ocrx_word' id='word_1_58' title='bbox 623 992 796 1064; x_wconf 88' lang='lat' dir='ltr'><strong>qualis</strong></span> <span class='ocrx_word' id='word_1_59' title='bbox 849 1002 934 1048; x_wconf 89' lang='lat' dir='ltr'><strong>est</strong></span> <span class='ocrx_word' id='word_1_60' title='bbox 980 992 1219 1064; x_wconf 83' lang='lat' dir='ltr'><strong>agricola</strong></span> <span class='ocrx_word' id='word_1_61' title='bbox 1262 1006 1294 1046; x_wconf 90' lang='lat' dir='ltr'><strong>a</strong></span> <span class='ocrx_word' id='word_1_62' title='bbox 1321 991 1428 1047; x_wconf 89' lang='lat' dir='ltr'><strong>vite</strong></span> <span class='ocrx_word' id='word_1_63' title='bbox 1453 1031 1469 1056; x_wconf 92' lang='lat'><strong>,</strong></span> <span class='ocrx_word' id='word_1_64' title='bbox 1504 999 1559 1046; x_wconf 88' lang='lat' dir='ltr'><strong>et</strong></span> <span class='ocrx_word' id='word_1_65' title='bbox 1583 988 1735 1045; x_wconf 87' lang='lat' dir='ltr'><strong>faber</strong></span> <span class='ocrx_word' id='word_1_66' title='bbox 1763 1004 1795 1045; x_wconf 90' lang='lat' dir='ltr'><strong>a</strong></span> 
     </span>
    </p>
   </div>
   <div class='ocr_carea' id='block_1_10' title="bbox 184 1084 1791 1156">
    <p class='ocr_par' dir='ltr' id='par_1_10' title="bbox 184 1084 1791 1156">
     <span class='ocr_line' id='line_1_10' title="bbox 184 1084 1791 1156; baseline -0.004 -15"><span class='ocrx_word' id='word_1_67' title='bbox 184 1085 389 1156; x_wconf 81' lang='lat' dir='ltr'><strong>scapha</strong></span> <span class='ocrx_word' id='word_1_68' title='bbox 411 1104 424 1141; x_wconf 91' lang='lat'>:</span> <span class='ocrx_word' id='word_1_69' title='bbox 446 1085 648 1141; x_wconf 89' lang='lat' dir='ltr'><strong>etenim</strong></span> <span class='ocrx_word' id='word_1_70' title='bbox 670 1100 792 1141; x_wconf 90' lang='lat' dir='ltr'><strong>cum</strong></span> <span class='ocrx_word' id='word_1_71' title='bbox 821 1086 891 1141; x_wconf 88' lang='lat' dir='ltr'><strong>sit</strong></span> <span class='ocrx_word' id='word_1_72' title='bbox 907 1100 995 1141; x_wconf 87' lang='lat' dir='ltr'><strong>res</strong></span> <span class='ocrx_word' id='word_1_73' title='bbox 1023 1084 1184 1151; x_wconf 85' lang='lat' dir='ltr'><strong>facta,</strong></span> <span class='ocrx_word' id='word_1_74' title='bbox 1207 1098 1315 1140; x_wconf 89' lang='lat' dir='ltr'><strong>non</strong></span> <span class='ocrx_word' id='word_1_75' title='bbox 1337 1091 1477 1151; x_wconf 90' lang='lat' dir='ltr'><strong>erat,</strong></span> <span class='ocrx_word' id='word_1_76' title='bbox 1506 1090 1791 1152; x_wconf 85' lang='lat' dir='ltr'><strong>antequam</strong></span> 
     </span>
    </p>
   </div>
   <div class='ocr_carea' id='block_1_11' title="bbox 185 1174 1790 1248">
    <p class='ocr_par' dir='ltr' id='par_1_11' title="bbox 185 1174 1790 1248">
     <span class='ocr_line' id='line_1_11' title="bbox 185 1174 1790 1248; baseline -0.004 -14"><span class='ocrx_word' id='word_1_77' title='bbox 185 1178 362 1236; x_wconf 82' lang='lat' dir='ltr'><strong>iicret.</strong></span> <span class='ocrx_word' id='word_1_78' title='bbox 393 1178 601 1246; x_wconf 85' lang='lat' dir='ltr'><strong>Quibus</strong></span> <span class='ocrx_word' id='word_1_79' title='bbox 629 1178 825 1234; x_wconf 89' lang='lat' dir='ltr'><strong>auditis</strong></span> <span class='ocrx_word' id='word_1_80' title='bbox 857 1197 903 1247; x_wconf 84' lang='grc' dir='ltr'><strong>ι,</strong></span> <span class='ocrx_word' id='word_1_81' title='bbox 951 1178 1124 1248; x_wconf 88' lang='lat' dir='ltr'><strong>inquit</strong></span> <span class='ocrx_word' id='word_1_82' title='bbox 1154 1176 1500 1244; x_wconf 81' lang='lat' dir='ltr'><strong>Athanasius,</strong></span> <span class='ocrx_word' id='word_1_83' title='bbox 1530 1190 1678 1230; x_wconf 90' lang='lat' dir='ltr'><strong>num.</strong></span> <span class='ocrx_word' id='word_1_84' title='bbox 1700 1174 1790 1241; x_wconf 74' lang='lat' dir='ltr'><strong>i5,</strong></span> 
     </span>
    </p>
   </div>
   <div class='ocr_carea' id='block_1_12' title="bbox 190 1269 1793 1345">
    <p class='ocr_par' dir='ltr' id='par_1_12' title="bbox 190 1269 1793 1345">
     <span class='ocr_line' id='line_1_12' title="bbox 190 1269 1793 1345; baseline -0.001 -20"><span class='ocrx_word' id='word_1_85' title='bbox 190 1290 210 1325; x_wconf 82' lang='grc' dir='ltr'><strong>ι</strong></span> <span class='ocrx_word' id='word_1_86' title='bbox 247 1272 536 1345; x_wconf 85' lang='lat' dir='ltr'><strong>Dionysius</strong></span> <span class='ocrx_word' id='word_1_87' title='bbox 580 1273 769 1330; x_wconf 66' lang='lat' dir='ltr'><strong>Romae</strong></span> <span class='ocrx_word' id='word_1_88' title='bbox 813 1271 1102 1343; x_wconf 90' lang='lat' dir='ltr'><strong>cpiscopus</strong></span> <span class='ocrx_word' id='word_1_89' title='bbox 1143 1271 1363 1341; x_wconf 87' lang='lat' dir='ltr'><strong>scripsit</strong></span> <span class='ocrx_word' id='word_1_90' title='bbox 1390 1269 1490 1344; x_wconf 76' lang='lat' dir='ltr'><strong>(i),</strong></span> <span class='ocrx_word' id='word_1_91' title='bbox 1522 1279 1573 1326; x_wconf 91' lang='lat' dir='ltr'><strong>et</strong></span> <span class='ocrx_word' id='word_1_92' title='bbox 1605 1278 1793 1325; x_wconf 90' lang='lat' dir='ltr'><strong>contra</strong></span> 
     </span>
    </p>
   </div>
   <div class='ocr_carea' id='block_1_13' title="bbox 184 1364 1796 1437">
    <p class='ocr_par' dir='ltr' id='par_1_13' title="bbox 184 1364 1796 1437">
     <span class='ocr_line' id='line_1_13' title="bbox 184 1364 1796 1437; baseline -0.004 -12"><span class='ocrx_word' id='word_1_93' title='bbox 184 1368 410 1425; x_wconf 83' lang='lat' dir='ltr'><strong>Sabellii</strong></span> <span class='ocrx_word' id='word_1_94' title='bbox 458 1378 779 1435; x_wconf 84' lang='lat' dir='ltr'><strong>sectatores,</strong></span> <span class='ocrx_word' id='word_1_95' title='bbox 838 1375 891 1423; x_wconf 90' lang='lat' dir='ltr'><strong>et</strong></span> <span class='ocrx_word' id='word_1_96' title='bbox 938 1375 1128 1423; x_wconf 85' lang='lat' dir='ltr'><strong>centra</strong></span> <span class='ocrx_word' id='word_1_97' title='bbox 1174 1380 1287 1433; x_wconf 91' lang='lat' dir='ltr'><strong>eos,</strong></span> <span class='ocrx_word' id='word_1_98' title='bbox 1319 1365 1408 1437; x_wconf 90' lang='lat' dir='ltr'><strong>qui</strong></span> <span class='ocrx_word' id='word_1_99' title='bbox 1449 1364 1567 1434; x_wconf 85' lang='lat' dir='ltr'><strong>ejus</strong></span> <span class='ocrx_word' id='word_1_100' title='bbox 1612 1371 1796 1420; x_wconf 90' lang='lat' dir='ltr'><strong>essent</strong></span> 
     </span>
    </p>
   </div>
   <div class='ocr_carea' id='block_1_14' title="bbox 187 1458 1795 1534">
    <p class='ocr_par' dir='ltr' id='par_1_14' title="bbox 187 1458 1795 1534">
     <span class='ocr_line' id='line_1_14' title="bbox 187 1458 1795 1534; baseline -0.002 -18"><span class='ocrx_word' id='word_1_101' title='bbox 187 1463 481 1519; x_wconf 74' lang='lat' dir='ltr'><strong>sententia:</strong></span> <span class='ocrx_word' id='word_1_102' title='bbox 536 1462 713 1534; x_wconf 88' lang='lat' dir='ltr'><strong>(cujus</strong></span> <span class='ocrx_word' id='word_1_103' title='bbox 767 1462 1055 1534; x_wconf 87' lang='lat' dir='ltr'><strong>Dionysius</strong></span> <span class='ocrx_word' id='word_1_104' title='bbox 1108 1458 1502 1517; x_wconf 87' lang='lat' dir='ltr'><strong>Alexandrinus</strong></span> <span class='ocrx_word' id='word_1_105' title='bbox 1558 1469 1795 1515; x_wconf 88' lang='lat' dir='ltr'><strong>assertor</strong></span> 
     </span>
    </p>
   </div>
   <div class='ocr_carea' id='block_1_15' title="bbox 182 1551 1793 1627">
    <p class='ocr_par' dir='ltr' id='par_1_15' title="bbox 182 1551 1793 1627">
     <span class='ocr_line' id='line_1_15' title="bbox 182 1551 1793 1627; baseline -0.003 -16"><span class='ocrx_word' id='word_1_106' title='bbox 182 1556 527 1627; x_wconf 88' lang='lat' dir='ltr'><strong>putabatur),</strong></span> <span class='ocrx_word' id='word_1_107' title='bbox 579 1564 634 1612; x_wconf 90' lang='lat' dir='ltr'><strong>et</strong></span> <span class='ocrx_word' id='word_1_108' title='bbox 666 1574 679 1613; x_wconf 89' lang='lat'><strong>:</strong></span> <span class='ocrx_word' id='word_1_109' title='bbox 708 1555 790 1613; x_wconf 91' lang='lat' dir='ltr'><strong>Ob</strong></span> <span class='ocrx_word' id='word_1_110' title='bbox 833 1570 991 1627; x_wconf 91' lang='lat' dir='ltr'><strong>quam</strong></span> <span class='ocrx_word' id='word_1_111' title='bbox 1021 1554 1182 1610; x_wconf 88' lang='lat' dir='ltr'><strong>Arius</strong></span> <span class='ocrx_word' id='word_1_112' title='bbox 1212 1561 1401 1624; x_wconf 89' lang='lat' dir='ltr'><strong>postea</strong></span> <span class='ocrx_word' id='word_1_113' title='bbox 1451 1552 1519 1609; x_wconf 89' lang='lat' dir='ltr'><strong>ab</strong></span> <span class='ocrx_word' id='word_1_114' title='bbox 1552 1551 1793 1608; x_wconf 88' lang='lat' dir='ltr'><strong>Ecclesia</strong></span> 
     </span>
    </p>
   </div>
   <div class='ocr_carea' id='block_1_16' title="bbox 177 1644 1793 1719">
    <p class='ocr_par' dir='ltr' id='par_1_16' title="bbox 177 1644 1793 1719">
     <span class='ocr_line' id='line_1_16' title="bbox 177 1644 1793 1719; baseline -0.001 -16"><span class='ocrx_word' id='word_1_115' title='bbox 177 1649 392 1719; x_wconf 86' lang='lat' dir='ltr'><strong>cjectus</strong></span> <span class='ocrx_word' id='word_1_116' title='bbox 417 1657 520 1704; x_wconf 87' lang='lat' dir='ltr'><strong>est.</strong></span> <span class='ocrx_word' id='word_1_117' title='bbox 547 1647 776 1719; x_wconf 86' lang='lat' dir='ltr'><strong>Scripsit</strong></span> <span class='ocrx_word' id='word_1_118' title='bbox 802 1646 887 1719; x_wconf 73' lang='lat'><strong>(2)</strong></span> <span class='ocrx_word' id='word_1_119' title='bbox 927 1662 1141 1719; x_wconf 86' lang='lat' dir='ltr'><strong>quoque</strong></span> <span class='ocrx_word' id='word_1_120' title='bbox 1183 1646 1250 1701; x_wconf 87' lang='lat' dir='ltr'><strong>ad</strong></span> <span class='ocrx_word' id='word_1_121' title='bbox 1295 1646 1608 1717; x_wconf 87' lang='lat' dir='ltr'><strong>Dionysium</strong></span> <span class='ocrx_word' id='word_1_122' title='bbox 1644 1644 1793 1717; x_wconf 86' lang='lat' dir='ltr'><strong>(Ale-</strong></span> 
     </span>
    </p>
   </div>
   <div class='ocr_carea' id='block_1_17' title="bbox 180 1737 1793 1810">
    <p class='ocr_par' dir='ltr' id='par_1_17' title="bbox 180 1737 1793 1810">
     <span class='ocr_line' id='line_1_17' title="bbox 180 1737 1793 1810; baseline -0.001 -15"><span class='ocrx_word' id='word_1_123' title='bbox 180 1740 537 1810; x_wconf 86' lang='lat' dir='ltr'><strong>xandrinum)</strong></span> <span class='ocrx_word' id='word_1_124' title='bbox 570 1739 808 1806; x_wconf 87' lang='lat' dir='ltr'><strong>litteras,</strong></span> <span class='ocrx_word' id='word_1_125' title='bbox 838 1748 897 1794; x_wconf 87' lang='lat' dir='ltr'><strong>ut</strong></span> <span class='ocrx_word' id='word_1_126' title='bbox 921 1740 1238 1810; x_wconf 84' lang='lat' dir='ltr'><strong>explanaret</strong></span> <span class='ocrx_word' id='word_1_127' title='bbox 1263 1752 1346 1803; x_wconf 90' lang='lat' dir='ltr'><strong>ea,</strong></span> <span class='ocrx_word' id='word_1_128' title='bbox 1393 1737 1463 1793; x_wconf 90' lang='lat' dir='ltr'><strong>de</strong></span> <span class='ocrx_word' id='word_1_129' title='bbox 1503 1737 1696 1807; x_wconf 87' lang='lat' dir='ltr'><strong>quibus</strong></span> <span class='ocrx_word' id='word_1_130' title='bbox 1723 1738 1793 1793; x_wconf 92' lang='lat' dir='ltr'><strong>ab</strong></span> 
     </span>
    </p>
   </div>
   <div class='ocr_carea' id='block_1_18' title="bbox 180 1830 1786 1906">
    <p class='ocr_par' dir='ltr' id='par_1_18' title="bbox 180 1830 1786 1906">
     <span class='ocr_line' id='line_1_18' title="bbox 180 1830 1786 1906; baseline -0.004 -17"><span class='ocrx_word' id='word_1_131' title='bbox 180 1832 297 1889; x_wconf 88' lang='lat' dir='ltr'><strong>illis</strong></span> <span class='ocrx_word' id='word_1_132' title='bbox 350 1831 632 1906; x_wconf 82' lang='lat' dir='ltr'><strong>(fratribus</strong></span> <span class='ocrx_word' id='word_1_133' title='bbox 677 1847 840 1903; x_wconf 84' lang='lat' dir='ltr'><strong>supra</strong></span> <span class='ocrx_word' id='word_1_134' title='bbox 886 1832 1224 1903; x_wconf 88' lang='lat' dir='ltr'><strong>memoratis)</strong></span> <span class='ocrx_word' id='word_1_135' title='bbox 1256 1839 1535 1886; x_wconf 87' lang='lat' dir='ltr'><strong>accusatus</strong></span> <span class='ocrx_word' id='word_1_136' title='bbox 1558 1830 1786 1885; x_wconf 66' lang='lat' dir='ltr'><strong>fuerat.»</strong></span> 
     </span>
    </p>
   </div>
   <div class='ocr_carea' id='block_1_19' title="bbox 1900 616 3507 695">
    <p class='ocr_par' dir='ltr' id='par_1_19' title="bbox 1900 616 3507 695">
     <span class='ocr_line' id='line_1_19' title="bbox 1900 616 3507 695; baseline 0.006 -24"><span class='ocrx_word' id='word_1_137' title='bbox 1900 616 2142 689; x_wconf 88' lang='lat' dir='ltr'><strong>Dionysii</strong></span> <span class='ocrx_word' id='word_1_138' title='bbox 2198 616 2431 673; x_wconf 79' lang='lat' dir='ltr'><strong>Romani</strong></span> <span class='ocrx_word' id='word_1_139' title='bbox 2483 628 2672 674; x_wconf 87' lang='lat' dir='ltr'><strong>contra</strong></span> <span class='ocrx_word' id='word_1_140' title='bbox 2721 619 3050 677; x_wconf 89' lang='lat' dir='ltr'><strong>sabellianos</strong></span> <span class='ocrx_word' id='word_1_141' title='bbox 3089 636 3229 691; x_wconf 86' lang='lat' dir='ltr'><strong>Opus</strong></span> <span class='ocrx_word' id='word_1_142' title='bbox 3273 623 3507 695; x_wconf 88' lang='lat' dir='ltr'><strong>simplici</strong></span> 
     </span>
    </p>
   </div>
   <div class='ocr_carea' id='block_1_20' title="bbox 1899 709 3508 785">
    <p class='ocr_par' dir='ltr' id='par_1_20' title="bbox 1899 709 3508 785">
     <span class='ocr_line' id='line_1_20' title="bbox 1899 709 3508 785; baseline 0.006 -20"><span class='ocrx_word' id='word_1_143' title='bbox 1899 709 2064 766; x_wconf 87' lang='lat' dir='ltr'><strong>verbo</strong></span> <span class='ocrx_word' id='word_1_144' title='bbox 2094 710 2285 785; x_wconf 74' lang='grc' dir='ltr'><strong>ἐγράψε</strong></span> <span class='ocrx_word' id='word_1_145' title='bbox 2329 709 2612 783; x_wconf 84' lang='lat' dir='ltr'><strong>designat;</strong></span> <span class='ocrx_word' id='word_1_146' title='bbox 2655 726 2719 768; x_wconf 93' lang='lat' dir='ltr'><strong>ac</strong></span> <span class='ocrx_word' id='word_1_147' title='bbox 2754 712 2881 769; x_wconf 91' lang='lat' dir='ltr'><strong>inde</strong></span> <span class='ocrx_word' id='word_1_148' title='bbox 2910 713 3132 785; x_wconf 76' lang='lat' dir='ltr'><strong>adjicit:</strong></span> <span class='ocrx_word' id='word_1_149' title='bbox 3166 718 3422 773; x_wconf 71' lang='grc' dir='ltr'><strong>ἐπέστειλε</strong></span> <span class='ocrx_word' id='word_1_150' title='bbox 3453 717 3508 774; x_wconf 80' lang='grc' dir='ltr'><strong>δὲ</strong></span> 
     </span>
    </p>
   </div>
   <div class='ocr_carea' id='block_1_21' title="bbox 1899 806 3508 882">
    <p class='ocr_par' dir='ltr' id='par_1_21' title="bbox 1899 806 3508 882">
     <span class='ocr_line' id='line_1_21' title="bbox 1899 806 3508 882; baseline 0.007 -24"><span class='ocrx_word' id='word_1_151' title='bbox 1899 806 1985 859; x_wconf 81' lang='grc' dir='ltr'><strong>καί</strong></span> <span class='ocrx_word' id='word_1_152' title='bbox 2021 807 2265 877; x_wconf 79' lang='grc' dir='ltr'><strong>Διονυσίῳ</strong></span> <span class='ocrx_word' id='word_1_153' title='bbox 2298 821 2316 860; x_wconf 84' lang='lat'><strong>:</strong></span> <span class='ocrx_word' id='word_1_154' title='bbox 2348 806 2437 861; x_wconf 91' lang='lat' dir='ltr'><strong>ubi</strong></span> <span class='ocrx_word' id='word_1_155' title='bbox 2483 807 2764 877; x_wconf 65' lang='lat' dir='ltr'><strong>particula}</strong></span> <span class='ocrx_word' id='word_1_156' title='bbox 2807 807 2863 863; x_wconf 83' lang='grc' dir='ltr'><strong>δὲ</strong></span> <span class='ocrx_word' id='word_1_157' title='bbox 2904 811 2988 863; x_wconf 83' lang='grc' dir='ltr'><strong>καί</strong></span> <span class='ocrx_word' id='word_1_158' title='bbox 3024 807 3336 865; x_wconf 90' lang='lat' dir='ltr'><strong>distinctum</strong></span> <span class='ocrx_word' id='word_1_159' title='bbox 3378 811 3508 882; x_wconf 90' lang='lat' dir='ltr'><strong>qttid</strong></span> 
     </span>
    </p>
   </div>
   <div class='ocr_carea' id='block_1_22' title="bbox 1898 898 3507 975">
    <p class='ocr_par' dir='ltr' id='par_1_22' title="bbox 1898 898 3507 975">
     <span class='ocr_line' id='line_1_22' title="bbox 1898 898 3507 975; baseline 0.007 -23"><span class='ocrx_word' id='word_1_160' title='bbox 1898 905 2085 953; x_wconf 88' lang='lat' dir='ltr'><strong>notant</strong></span> <span class='ocrx_word' id='word_1_161' title='bbox 2106 941 2120 966; x_wconf 94' lang='lat'><strong>,</strong></span> <span class='ocrx_word' id='word_1_162' title='bbox 2168 898 2394 953; x_wconf 80' lang='lat' dir='ltr'><strong>verbum</strong></span> <span class='ocrx_word' id='word_1_163' title='bbox 2426 901 2684 957; x_wconf 82' lang='grc' dir='ltr'><strong>ἐπέστειλε</strong></span> <span class='ocrx_word' id='word_1_164' title='bbox 2702 943 2715 964; x_wconf 88' lang='grc'><strong>,</strong></span> <span class='ocrx_word' id='word_1_165' title='bbox 2744 899 3034 971; x_wconf 74' lang='lat' dir='ltr'><strong>Epistolam</strong></span> <span class='ocrx_word' id='word_1_166' title='bbox 3058 904 3262 975; x_wconf 82' lang='lat' dir='ltr'><strong>scripsit</strong></span> <span class='ocrx_word' id='word_1_167' title='bbox 3290 908 3507 975; x_wconf 89' lang='lat' dir='ltr'><strong>proprie</strong></span> 
     </span>
    </p>
   </div>
   <div class='ocr_carea' id='block_1_23' title="bbox 1898 990 3509 1071">
    <p class='ocr_par' dir='ltr' id='par_1_23' title="bbox 1898 990 3509 1071">
     <span class='ocr_line' id='line_1_23' title="bbox 1898 990 3509 1071; baseline 0.007 -27"><span class='ocrx_word' id='word_1_168' title='bbox 1898 999 2076 1056; x_wconf 91' lang='lat' dir='ltr'><strong>sonat,</strong></span> <span class='ocrx_word' id='word_1_169' title='bbox 2099 1005 2162 1045; x_wconf 91' lang='lat' dir='ltr'><strong>ac</strong></span> <span class='ocrx_word' id='word_1_170' title='bbox 2174 990 2416 1061; x_wconf 91' lang='lat' dir='ltr'><strong>subjecta</strong></span> <span class='ocrx_word' id='word_1_171' title='bbox 2438 1006 2546 1048; x_wconf 85' lang='lat' dir='ltr'><strong>vox</strong></span> <span class='ocrx_word' id='word_1_172' title='bbox 2563 996 2830 1066; x_wconf 79' lang='grc' dir='ltr'><strong>Διονυσίῳ,</strong></span> <span class='ocrx_word' id='word_1_173' title='bbox 2852 995 2938 1050; x_wconf 91' lang='lat' dir='ltr'><strong>cui</strong></span> <span class='ocrx_word' id='word_1_174' title='bbox 2959 995 3219 1067; x_wconf 85' lang='lat' dir='ltr'><strong>inscripta</strong></span> <span class='ocrx_word' id='word_1_175' title='bbox 3242 1009 3359 1054; x_wconf 90' lang='lat' dir='ltr'><strong>erat</strong></span> <span class='ocrx_word' id='word_1_176' title='bbox 3376 999 3509 1071; x_wconf 64' lang='lat' dir='ltr'><strong>Epi—</strong></span> 
     </span>
    </p>
   </div>
   <div class='ocr_carea' id='block_1_24' title="bbox 1898 1082 3509 1154">
    <p class='ocr_par' dir='ltr' id='par_1_24' title="bbox 1898 1082 3509 1154">
     <span class='ocr_line' id='line_1_24' title="bbox 1898 1082 3509 1154; baseline 0.008 -18"><span class='ocrx_word' id='word_1_177' title='bbox 1898 1082 2032 1136; x_wconf 87' lang='lat' dir='ltr'><strong>stola</strong></span> <span class='ocrx_word' id='word_1_178' title='bbox 2074 1082 2189 1149; x_wconf 90' lang='lat' dir='ltr'><strong>illa,</strong></span> <span class='ocrx_word' id='word_1_179' title='bbox 2222 1082 2446 1139; x_wconf 89' lang='lat' dir='ltr'><strong>indicat.</strong></span> <span class='ocrx_word' id='word_1_180' title='bbox 2482 1083 2602 1154; x_wconf 90' lang='lat' dir='ltr'><strong>Ipsa</strong></span> <span class='ocrx_word' id='word_1_181' title='bbox 2630 1084 2796 1141; x_wconf 89' lang='lat' dir='ltr'><strong>etiam</strong></span> <span class='ocrx_word' id='word_1_182' title='bbox 2830 1086 3016 1143; x_wconf 89' lang='lat' dir='ltr'><strong>decori</strong></span> <span class='ocrx_word' id='word_1_183' title='bbox 3046 1088 3208 1154; x_wconf 89' lang='lat' dir='ltr'><strong>ratio,</strong></span> <span class='ocrx_word' id='word_1_184' title='bbox 3253 1089 3420 1146; x_wconf 89' lang='lat' dir='ltr'><strong>immo</strong></span> <span class='ocrx_word' id='word_1_185' title='bbox 3451 1099 3509 1149; x_wconf 86' lang='lat' dir='ltr'><strong>et.</strong></span> 
     </span>
    </p>
   </div>
   <div class='ocr_carea' id='block_1_25' title="bbox 1897 1174 3508 1250">
    <p class='ocr_par' dir='ltr' id='par_1_25' title="bbox 1897 1174 3508 1250">
     <span class='ocr_line' id='line_1_25' title="bbox 1897 1174 3508 1250; baseline 0.006 -20"><span class='ocrx_word' id='word_1_186' title='bbox 1897 1174 2123 1245; x_wconf 64' lang='lat' dir='ltr'><strong>aequitas</strong></span> <span class='ocrx_word' id='word_1_187' title='bbox 2155 1176 2484 1245; x_wconf 87' lang='lat' dir='ltr'><strong>postulabat,</strong></span> <span class='ocrx_word' id='word_1_188' title='bbox 2517 1186 2577 1232; x_wconf 91' lang='lat' dir='ltr'><strong>ut</strong></span> <span class='ocrx_word' id='word_1_189' title='bbox 2603 1192 2863 1234; x_wconf 90' lang='lat' dir='ltr'><strong>romanus</strong></span> <span class='ocrx_word' id='word_1_190' title='bbox 2902 1179 3143 1250; x_wconf 78' lang='lat' dir='ltr'><strong>pontifex</strong></span> <span class='ocrx_word' id='word_1_191' title='bbox 3173 1190 3332 1238; x_wconf 85' lang='lat' dir='ltr'><strong>tantae</strong></span> <span class='ocrx_word' id='word_1_192' title='bbox 3359 1183 3508 1240; x_wconf 87' lang='lat' dir='ltr'><strong>sedis</strong></span> 
     </span>
    </p>
   </div>
   <div class='ocr_carea' id='block_1_26' title="bbox 1897 1268 3509 1343">
    <p class='ocr_par' dir='ltr' id='par_1_26' title="bbox 1897 1268 3509 1343">
     <span class='ocr_line' id='line_1_26' title="bbox 1897 1268 3509 1343; baseline 0.007 -21"><span class='ocrx_word' id='word_1_193' title='bbox 1897 1268 2147 1337; x_wconf 89' lang='lat' dir='ltr'><strong>antistiti,</strong></span> <span class='ocrx_word' id='word_1_194' title='bbox 2187 1270 2365 1341; x_wconf 90' lang='lat' dir='ltr'><strong>qualis</strong></span> <span class='ocrx_word' id='word_1_195' title='bbox 2388 1278 2508 1326; x_wconf 89' lang='lat' dir='ltr'><strong>erat</strong></span> <span class='ocrx_word' id='word_1_196' title='bbox 2534 1271 2941 1340; x_wconf 85' lang='lat' dir='ltr'><strong>alexandrinus,</strong></span> <span class='ocrx_word' id='word_1_197' title='bbox 2976 1276 3108 1330; x_wconf 87' lang='lat' dir='ltr'><strong>tanti</strong></span> <span class='ocrx_word' id='word_1_198' title='bbox 3140 1277 3337 1343; x_wconf 88' lang='lat' dir='ltr'><strong>meriti,</strong></span> <span class='ocrx_word' id='word_1_199' title='bbox 3373 1285 3509 1333; x_wconf 82' lang='lat' dir='ltr'><strong>tam-</strong></span> 
     </span>
    </p>
   </div>
   <div class='ocr_carea' id='block_1_27' title="bbox 1896 1367 3505 1443">
    <p class='ocr_par' dir='ltr' id='par_1_27' title="bbox 1896 1367 3505 1443">
     <span class='ocr_line' id='line_1_27' title="bbox 1896 1367 3505 1443; baseline 0.007 -27"><span class='ocrx_word' id='word_1_200' title='bbox 1896 1376 2002 1432; x_wconf 88' lang='lat' dir='ltr'><strong>que</strong></span> <span class='ocrx_word' id='word_1_201' title='bbox 2029 1373 2176 1418; x_wconf 91' lang='lat' dir='ltr'><strong>arcta</strong></span> <span class='ocrx_word' id='word_1_202' title='bbox 2206 1378 2329 1419; x_wconf 92' lang='lat' dir='ltr'><strong>cum</strong></span> <span class='ocrx_word' id='word_1_203' title='bbox 2352 1367 2593 1422; x_wconf 87' lang='lat' dir='ltr'><strong>romanis</strong></span> <span class='ocrx_word' id='word_1_204' title='bbox 2618 1368 2940 1437; x_wconf 63' lang='lat' dir='ltr'><strong>praesulibus</strong></span> <span class='ocrx_word' id='word_1_205' title='bbox 2968 1369 3203 1425; x_wconf 85' lang='lat' dir='ltr'><strong>amicitia</strong></span> <span class='ocrx_word' id='word_1_206' title='bbox 3232 1370 3505 1443; x_wconf 82' lang='lat' dir='ltr'><strong>devincta,</strong></span> 
     </span>
    </p>
   </div>
   <div class='ocr_carea' id='block_1_28' title="bbox 1896 1455 3512 1532">
    <p class='ocr_par' dir='ltr' id='par_1_28' title="bbox 1896 1455 3512 1532">
     <span class='ocr_line' id='line_1_28' title="bbox 1896 1455 3512 1532; baseline 0.01 -24"><span class='ocrx_word' id='word_1_207' title='bbox 1896 1455 2071 1525; x_wconf 86' lang='lat' dir='ltr'><strong>qualis</strong></span> <span class='ocrx_word' id='word_1_208' title='bbox 2101 1465 2221 1511; x_wconf 91' lang='lat' dir='ltr'><strong>erat</strong></span> <span class='ocrx_word' id='word_1_209' title='bbox 2254 1458 2574 1529; x_wconf 90' lang='lat' dir='ltr'><strong>Dionysius,</strong></span> <span class='ocrx_word' id='word_1_210' title='bbox 2610 1475 2671 1515; x_wconf 91' lang='lat' dir='ltr'><strong>ea</strong></span> <span class='ocrx_word' id='word_1_211' title='bbox 2692 1504 2705 1527; x_wconf 94' lang='lat'><strong>,</strong></span> <span class='ocrx_word' id='word_1_212' title='bbox 2740 1478 2859 1532; x_wconf 75' lang='lat' dir='ltr'><strong>qua:</strong></span> <span class='ocrx_word' id='word_1_213' title='bbox 2899 1462 3158 1519; x_wconf 85' lang='lat' dir='ltr'><strong>adversus</strong></span> <span class='ocrx_word' id='word_1_214' title='bbox 3188 1465 3337 1520; x_wconf 92' lang='lat' dir='ltr'><strong>illum</strong></span> <span class='ocrx_word' id='word_1_215' title='bbox 3366 1466 3512 1524; x_wconf 86' lang='lat' dir='ltr'><strong>dicta</strong></span> 
     </span>
    </p>
   </div>
   <div class='ocr_carea' id='block_1_29' title="bbox 1898 1546 3509 1630">
    <p class='ocr_par' dir='ltr' id='par_1_29' title="bbox 1898 1546 3509 1630">
     <span class='ocr_line' id='line_1_29' title="bbox 1898 1546 3509 1630; baseline 0.009 -28"><span class='ocrx_word' id='word_1_216' title='bbox 1898 1546 2144 1616; x_wconf 79' lang='lat' dir='ltr'><strong>fuerant,</strong></span> <span class='ocrx_word' id='word_1_217' title='bbox 2173 1560 2228 1606; x_wconf 89' lang='lat' dir='ltr'><strong>et</strong></span> <span class='ocrx_word' id='word_1_218' title='bbox 2259 1567 2379 1622; x_wconf 70' lang='lat' dir='ltr'><strong>quae</strong></span> <span class='ocrx_word' id='word_1_219' title='bbox 2409 1552 2478 1609; x_wconf 93' lang='lat' dir='ltr'><strong>de</strong></span> <span class='ocrx_word' id='word_1_220' title='bbox 2515 1553 2581 1608; x_wconf 90' lang='lat' dir='ltr'><strong>iis</strong></span> <span class='ocrx_word' id='word_1_221' title='bbox 2625 1564 2772 1610; x_wconf 84' lang='lat' dir='ltr'><strong>esset</strong></span> <span class='ocrx_word' id='word_1_222' title='bbox 2800 1558 3066 1612; x_wconf 88' lang='lat' dir='ltr'><strong>sententia</strong></span> <span class='ocrx_word' id='word_1_223' title='bbox 3107 1572 3363 1625; x_wconf 87' lang='lat' dir='ltr'><strong>romana,</strong></span> <span class='ocrx_word' id='word_1_224' title='bbox 3398 1561 3509 1630; x_wconf 88' lang='lat' dir='ltr'><strong>pri-</strong></span> 
     </span>
    </p>
   </div>
   <div class='ocr_carea' id='block_1_30' title="bbox 1896 1640 3505 1717">
    <p class='ocr_par' dir='ltr' id='par_1_30' title="bbox 1896 1640 3505 1717">
     <span class='ocr_line' id='line_1_30' title="bbox 1896 1640 3505 1717; baseline 0.011 -26"><span class='ocrx_word' id='word_1_225' title='bbox 1896 1640 2035 1695; x_wconf 80' lang='lat' dir='ltr'><strong>vatis</strong></span> <span class='ocrx_word' id='word_1_226' title='bbox 2060 1641 2289 1709; x_wconf 86' lang='lat' dir='ltr'><strong>litteris,</strong></span> <span class='ocrx_word' id='word_1_227' title='bbox 2324 1659 2431 1700; x_wconf 91' lang='lat' dir='ltr'><strong>non</strong></span> <span class='ocrx_word' id='word_1_228' title='bbox 2463 1645 2681 1714; x_wconf 90' lang='lat' dir='ltr'><strong>publico</strong></span> <span class='ocrx_word' id='word_1_229' title='bbox 2708 1647 2914 1717; x_wconf 89' lang='lat' dir='ltr'><strong>scripto</strong></span> <span class='ocrx_word' id='word_1_230' title='bbox 2939 1658 3065 1705; x_wconf 88' lang='lat' dir='ltr'><strong>nota</strong></span> <span class='ocrx_word' id='word_1_231' title='bbox 3102 1649 3326 1707; x_wconf 87' lang='lat' dir='ltr'><strong>faceret.</strong></span> <span class='ocrx_word' id='word_1_232' title='bbox 3355 1652 3505 1708; x_wconf 85' lang='lat' dir='ltr'><strong>Prae-</strong></span> 
     </span>
    </p>
   </div>
   <div class='ocr_carea' id='block_1_31' title="bbox 1896 1736 3505 1813">
    <p class='ocr_par' dir='ltr' id='par_1_31' title="bbox 1896 1736 3505 1813">
     <span class='ocr_line' id='line_1_31' title="bbox 1896 1736 3505 1813; baseline 0.009 -25"><span class='ocrx_word' id='word_1_233' title='bbox 1896 1741 2047 1792; x_wconf 87' lang='lat' dir='ltr'><strong>terea</strong></span> <span class='ocrx_word' id='word_1_234' title='bbox 2071 1736 2362 1808; x_wconf 87' lang='lat' dir='ltr'><strong>Dionysius</strong></span> <span class='ocrx_word' id='word_1_235' title='bbox 2384 1738 2664 1797; x_wconf 80' lang='lat' dir='ltr'><strong>Romanus</strong></span> <span class='ocrx_word' id='word_1_236' title='bbox 2690 1741 2740 1796; x_wconf 91' lang='lat' dir='ltr'><strong>in</strong></span> <span class='ocrx_word' id='word_1_237' title='bbox 2769 1757 2936 1813; x_wconf 88' lang='lat' dir='ltr'><strong>opere</strong></span> <span class='ocrx_word' id='word_1_238' title='bbox 2956 1754 3145 1800; x_wconf 90' lang='lat' dir='ltr'><strong>contra</strong></span> <span class='ocrx_word' id='word_1_239' title='bbox 3177 1746 3505 1803; x_wconf 85' lang='lat' dir='ltr'><strong>sabellianos</strong></span> 
     </span>
    </p>
   </div>
   <div class='ocr_carea' id='block_1_32' title="bbox 1897 1833 3502 1909">
    <p class='ocr_par' dir='ltr' id='par_1_32' title="bbox 1897 1833 3502 1909">
     <span class='ocr_line' id='line_1_32' title="bbox 1897 1833 3502 1909; baseline 0.007 -26"><span class='ocrx_word' id='word_1_240' title='bbox 1897 1842 2005 1884; x_wconf 91' lang='lat' dir='ltr'><strong>non</strong></span> <span class='ocrx_word' id='word_1_241' title='bbox 2043 1845 2206 1884; x_wconf 90' lang='lat' dir='ltr'><strong>unum</strong></span> <span class='ocrx_word' id='word_1_242' title='bbox 2247 1833 2576 1903; x_wconf 80' lang='lat' dir='ltr'><strong>singularem</strong></span> <span class='ocrx_word' id='word_1_243' title='bbox 2621 1835 2966 1905; x_wconf 71' lang='lat' dir='ltr'><strong>episcolium,</strong></span> <span class='ocrx_word' id='word_1_244' title='bbox 3007 1837 3102 1892; x_wconf 93' lang='lat' dir='ltr'><strong>sed</strong></span> <span class='ocrx_word' id='word_1_245' title='bbox 3148 1838 3328 1909; x_wconf 89' lang='lat' dir='ltr'><strong>plures</strong></span> <span class='ocrx_word' id='word_1_246' title='bbox 3359 1839 3502 1895; x_wconf 89' lang='lat' dir='ltr'><strong>allo-</strong></span> 
     </span>
    </p>
   </div>
   <div class='ocr_carea' id='block_1_33' title="bbox 179 1903 3508 1999">
    <p class='ocr_par' dir='ltr' id='par_1_33' title="bbox 179 1903 3508 1999">
     <span class='ocr_line' id='line_1_33' title="bbox 179 1903 3508 1999; baseline 0.001 -19"><span class='ocrx_word' id='word_1_247' title='bbox 179 1924 263 1981; x_wconf 91' lang='lat' dir='ltr'><strong>De</strong></span> <span class='ocrx_word' id='word_1_248' title='bbox 293 1903 484 1982; x_wconf 86' lang='lat' dir='ltr'><strong>iisdem</strong></span> <span class='ocrx_word' id='word_1_249' title='bbox 525 1926 721 1982; x_wconf 89' lang='lat' dir='ltr'><strong>litteris</strong></span> <span class='ocrx_word' id='word_1_250' title='bbox 751 1926 896 1983; x_wconf 89' lang='lat' dir='ltr'><strong>idem</strong></span> <span class='ocrx_word' id='word_1_251' title='bbox 918 1926 1269 1994; x_wconf 83' lang='lat' dir='ltr'><strong>Athanasius,</strong></span> <span class='ocrx_word' id='word_1_252' title='bbox 1300 1925 1391 1981; x_wconf 91' lang='lat' dir='ltr'><strong>lib.</strong></span> <span class='ocrx_word' id='word_1_253' title='bbox 1427 1924 1495 1981; x_wconf 86' lang='lat' dir='ltr'><strong>de</strong></span> <span class='ocrx_word' id='word_1_254' title='bbox 1524 1925 1786 1996; x_wconf 88' lang='lat' dir='ltr'><strong>Synodis,</strong></span> <span class='ocrx_word' id='word_1_255' title='bbox 1817 1903 1865 1963; x_wconf 77' lang='grc' dir='ltr'><strong>Β</strong></span> <span class='ocrx_word' id='word_1_256' title='bbox 1891 1921 2093 1991; x_wconf 84' lang='lat' dir='ltr'><strong>quitur.</strong></span> <span class='ocrx_word' id='word_1_257' title='bbox 2138 1921 2380 1993; x_wconf 87' lang='lat' dir='ltr'><strong>Denique</strong></span> <span class='ocrx_word' id='word_1_258' title='bbox 2425 1926 2477 1980; x_wconf 90' lang='lat' dir='ltr'><strong>in</strong></span> <span class='ocrx_word' id='word_1_259' title='bbox 2530 1903 2847 1998; x_wconf 84' lang='lat' dir='ltr'><strong>Dionysium</strong></span> <span class='ocrx_word' id='word_1_260' title='bbox 2896 1943 2990 1985; x_wconf 88' lang='lat' dir='ltr'><strong>seu</strong></span> <span class='ocrx_word' id='word_1_261' title='bbox 3030 1903 3366 1999; x_wconf 78' lang='lat' dir='ltr'><strong>Romanum,</strong></span> <span class='ocrx_word' id='word_1_262' title='bbox 3409 1949 3508 1990; x_wconf 83' lang='lat' dir='ltr'><strong>seu</strong></span> 
     </span>
    </p>
   </div>
   <div class='ocr_carea' id='block_1_34' title="bbox 178 2016 1792 2088">
    <p class='ocr_par' dir='ltr' id='par_1_34' title="bbox 178 2016 1792 2088">
     <span class='ocr_line' id='line_1_34' title="bbox 178 2016 1792 2088; baseline -0.001 -14"><span class='ocrx_word' id='word_1_263' title='bbox 178 2035 239 2074; x_wconf 87' lang='grc' dir='ltr'>ιι.</span> <span class='ocrx_word' id='word_1_264' title='bbox 267 2019 375 2088; x_wconf 72' lang='grc'><strong>45,</strong></span> <span class='ocrx_word' id='word_1_265' title='bbox 420 2020 536 2076; x_wconf 73' lang='lat' dir='ltr'><strong>haac</strong></span> <span class='ocrx_word' id='word_1_266' title='bbox 583 2020 860 2076; x_wconf 77' lang='lat' dir='ltr'><strong>memorire</strong></span> <span class='ocrx_word' id='word_1_267' title='bbox 906 2019 1308 2075; x_wconf 88' lang='lat' dir='ltr'><strong>commendavit</strong></span> <span class='ocrx_word' id='word_1_268' title='bbox 1338 2037 1351 2072; x_wconf 90' lang='lat'><strong>:</strong></span> <span class='ocrx_word' id='word_1_269' title='bbox 1382 2037 1401 2069; x_wconf 76' lang='grc' dir='ltr'><strong>ι</strong></span> <span class='ocrx_word' id='word_1_270' title='bbox 1430 2016 1568 2073; x_wconf 89' lang='lat' dir='ltr'><strong>Cum</strong></span> <span class='ocrx_word' id='word_1_271' title='bbox 1611 2025 1792 2073; x_wconf 87' lang='lat' dir='ltr'><strong>autem</strong></span> 
     </span>
    </p>
   </div>
   <div class='ocr_carea' id='block_1_35' title="bbox 182 2111 1794 2184">
    <p class='ocr_par' dir='ltr' id='par_1_35' title="bbox 182 2111 1794 2184">
     <span class='ocr_line' id='line_1_35' title="bbox 182 2111 1794 2184; baseline 0.002 -17"><span class='ocrx_word' id='word_1_272' title='bbox 182 2112 407 2184; x_wconf 89' lang='lat' dir='ltr'><strong>quidam</strong></span> <span class='ocrx_word' id='word_1_273' title='bbox 455 2112 521 2168; x_wconf 88' lang='lat' dir='ltr'><strong>ad</strong></span> <span class='ocrx_word' id='word_1_274' title='bbox 573 2112 874 2169; x_wconf 81' lang='lat' dir='ltr'><strong>Romanum</strong></span> <span class='ocrx_word' id='word_1_275' title='bbox 929 2113 1257 2183; x_wconf 86' lang='lat' dir='ltr'><strong>Episcopum</strong></span> <span class='ocrx_word' id='word_1_276' title='bbox 1309 2111 1380 2168; x_wconf 90' lang='lat' dir='ltr'><strong>de</strong></span> <span class='ocrx_word' id='word_1_277' title='bbox 1426 2111 1794 2170; x_wconf 88' lang='lat' dir='ltr'><strong>Alexandrino</strong></span> 
     </span>
    </p>
   </div>
   <div class='ocr_carea' id='block_1_36' title="bbox 180 2206 1790 2279">
    <p class='ocr_par' dir='ltr' id='par_1_36' title="bbox 180 2206 1790 2279">
     <span class='ocr_line' id='line_1_36' title="bbox 180 2206 1790 2279; baseline -0.002 -15"><span class='ocrx_word' id='word_1_278' title='bbox 180 2207 533 2273; x_wconf 86' lang='lat' dir='ltr'><strong>detulissent,</strong></span> <span class='ocrx_word' id='word_1_279' title='bbox 584 2207 728 2279; x_wconf 90' lang='lat' dir='ltr'><strong>quod</strong></span> <span class='ocrx_word' id='word_1_280' title='bbox 782 2207 975 2263; x_wconf 87' lang='lat' dir='ltr'><strong>Filium</strong></span> <span class='ocrx_word' id='word_1_281' title='bbox 1024 2223 1137 2264; x_wconf 90' lang='lat' dir='ltr'><strong>rem</strong></span> <span class='ocrx_word' id='word_1_282' title='bbox 1181 2207 1373 2262; x_wconf 88' lang='lat' dir='ltr'><strong>factam</strong></span> <span class='ocrx_word' id='word_1_283' title='bbox 1421 2216 1474 2263; x_wconf 90' lang='lat' dir='ltr'><strong>et</strong></span> <span class='ocrx_word' id='word_1_284' title='bbox 1508 2206 1653 2262; x_wconf 89' lang='lat' dir='ltr'><strong>Patri</strong></span> <span class='ocrx_word' id='word_1_285' title='bbox 1683 2222 1790 2261; x_wconf 91' lang='lat' dir='ltr'><strong>non</strong></span> 
     </span>
    </p>
   </div>
   <div class='ocr_carea' id='block_1_37' title="bbox 178 2286 1789 2371">
    <p class='ocr_par' dir='ltr' id='par_1_37' title="bbox 178 2286 1789 2371">
     <span class='ocr_line' id='line_1_37' title="bbox 178 2286 1789 2371; baseline 0 -16"><span class='ocrx_word' id='word_1_286' title='bbox 178 2299 699 2356; x_wconf 86' lang='lat' dir='ltr'><strong>consubstantialem</strong></span> <span class='ocrx_word' id='word_1_287' title='bbox 734 2286 1075 2367; x_wconf 66' lang='lat' dir='ltr'><strong>affirmaret,</strong></span> <span class='ocrx_word' id='word_1_288' title='bbox 1131 2300 1375 2356; x_wconf 78' lang='lat' dir='ltr'><strong>Romana</strong></span> <span class='ocrx_word' id='word_1_289' title='bbox 1418 2298 1669 2371; x_wconf 87' lang='lat' dir='ltr'><strong>Synodus</strong></span> <span class='ocrx_word' id='word_1_290' title='bbox 1710 2299 1789 2371; x_wconf 87' lang='lat'><strong>(5)</strong></span> 
     </span>
    </p>
   </div>
   <div class='ocr_carea' id='block_1_38' title="bbox 182 2395 1788 2467">
    <p class='ocr_par' dir='ltr' id='par_1_38' title="bbox 182 2395 1788 2467">
     <span class='ocr_line' id='line_1_38' title="bbox 182 2395 1788 2467; baseline -0.002 -16"><span class='ocrx_word' id='word_1_291' title='bbox 182 2410 302 2451; x_wconf 84' lang='lat' dir='ltr'><strong>rem</strong></span> <span class='ocrx_word' id='word_1_292' title='bbox 331 2395 548 2467; x_wconf 76' lang='lat' dir='ltr'><strong>indigne</strong></span> <span class='ocrx_word' id='word_1_293' title='bbox 577 2396 728 2461; x_wconf 92' lang='lat' dir='ltr'><strong>tulit;</strong></span> <span class='ocrx_word' id='word_1_294' title='bbox 769 2395 1046 2453; x_wconf 78' lang='lat' dir='ltr'><strong>Romanus</strong></span> <span class='ocrx_word' id='word_1_295' title='bbox 1087 2404 1268 2452; x_wconf 87' lang='lat' dir='ltr'><strong>autem</strong></span> <span class='ocrx_word' id='word_1_296' title='bbox 1314 2395 1613 2466; x_wconf 87' lang='lat' dir='ltr'><strong>Episcopus</strong></span> <span class='ocrx_word' id='word_1_297' title='bbox 1652 2396 1788 2450; x_wconf 88' lang='lat' dir='ltr'><strong>scri-</strong></span> 
     </span>
    </p>
   </div>
   <div class='ocr_carea' id='block_1_39' title="bbox 184 2490 1787 2562">
    <p class='ocr_par' dir='ltr' id='par_1_39' title="bbox 184 2490 1787 2562">
     <span class='ocr_line' id='line_1_39' title="bbox 184 2490 1787 2562; baseline 0.001 -18"><span class='ocrx_word' id='word_1_298' title='bbox 184 2491 291 2559; x_wconf 88' lang='lat' dir='ltr'><strong>ptis</strong></span> <span class='ocrx_word' id='word_1_299' title='bbox 320 2490 388 2545; x_wconf 90' lang='lat' dir='ltr'><strong>ad</strong></span> <span class='ocrx_word' id='word_1_300' title='bbox 416 2491 791 2562; x_wconf 76' lang='lat' dir='ltr'><strong>cognominem</strong></span> <span class='ocrx_word' id='word_1_301' title='bbox 818 2505 972 2547; x_wconf 91' lang='lat' dir='ltr'><strong>suum</strong></span> <span class='ocrx_word' id='word_1_302' title='bbox 1003 2492 1217 2559; x_wconf 90' lang='lat' dir='ltr'><strong>litteris,</strong></span> <span class='ocrx_word' id='word_1_303' title='bbox 1241 2493 1481 2547; x_wconf 91' lang='lat' dir='ltr'><strong>omnium</strong></span> <span class='ocrx_word' id='word_1_304' title='bbox 1506 2492 1593 2562; x_wconf 90' lang='lat' dir='ltr'><strong>(ea</strong></span> <span class='ocrx_word' id='word_1_305' title='bbox 1617 2491 1685 2546; x_wconf 90' lang='lat' dir='ltr'><strong>de</strong></span> <span class='ocrx_word' id='word_1_306' title='bbox 1703 2490 1787 2560; x_wconf 92' lang='lat' dir='ltr'><strong>re)</strong></span> 
     </span>
    </p>
   </div>
   <div class='ocr_carea' id='block_1_40' title="bbox 181 2582 1027 2640">
    <p class='ocr_par' dir='ltr' id='par_1_40' title="bbox 181 2582 1027 2640">
     <span class='ocr_line' id='line_1_40' title="bbox 181 2582 1027 2640; baseline 0 -2"><span class='ocrx_word' id='word_1_307' title='bbox 181 2582 512 2638; x_wconf 88' lang='lat' dir='ltr'><strong>sententiam</strong></span> <span class='ocrx_word' id='word_1_308' title='bbox 541 2593 723 2639; x_wconf 90' lang='lat' dir='ltr'><strong>notam</strong></span> <span class='ocrx_word' id='word_1_309' title='bbox 750 2584 799 2640; x_wconf 90' lang='lat' dir='ltr'><strong>ci</strong></span> <span class='ocrx_word' id='word_1_310' title='bbox 829 2584 973 2640; x_wconf 85' lang='lat' dir='ltr'><strong>fecit.</strong></span> <span class='ocrx_word' id='word_1_311' title='bbox 1008 2605 1027 2638; x_wconf 74' lang='grc' dir='ltr'><strong>ι</strong></span> 
     </span>
    </p>
   </div>
   <div class='ocr_carea' id='block_1_41' title="bbox 260 2674 1790 2747">
    <p class='ocr_par' dir='ltr' id='par_1_41' title="bbox 260 2674 1790 2747">
     <span class='ocr_line' id='line_1_41' title="bbox 260 2674 1790 2747; baseline 0.005 -20"><span class='ocrx_word' id='word_1_312' title='bbox 260 2674 616 2731; x_wconf 80' lang='lat' dir='ltr'><strong>Atltanasiana</strong></span> <span class='ocrx_word' id='word_1_313' title='bbox 642 2676 791 2731; x_wconf 82' lang='lat' dir='ltr'><strong>verba</strong></span> <span class='ocrx_word' id='word_1_314' title='bbox 819 2678 1199 2747; x_wconf 75' lang='lat' dir='ltr'><strong>expenduntur.</strong></span> <span class='ocrx_word' id='word_1_315' title='bbox 1236 2677 1416 2733; x_wconf 85' lang='lat' dir='ltr'><strong>Potior</strong></span> <span class='ocrx_word' id='word_1_316' title='bbox 1443 2678 1658 2735; x_wconf 87' lang='lat' dir='ltr'><strong>Barom&#39;i</strong></span> <span class='ocrx_word' id='word_1_317' title='bbox 1677 2694 1790 2734; x_wconf 86' lang='lat' dir='ltr'><strong>sen-</strong></span> 
     </span>
    </p>
   </div>
   <div class='ocr_carea' id='block_1_42' title="bbox 190 2769 1791 2845">
    <p class='ocr_par' dir='ltr' id='par_1_42' title="bbox 190 2769 1791 2845">
     <span class='ocr_line' id='line_1_42' title="bbox 190 2769 1791 2845; baseline 0.002 -21"><span class='ocrx_word' id='word_1_318' title='bbox 190 2769 353 2824; x_wconf 78' lang='lat' dir='ltr'><strong>tentia</strong></span> <span class='ocrx_word' id='word_1_319' title='bbox 391 2769 751 2842; x_wconf 78' lang='lat' dir='ltr'><strong>distinguentis</strong></span> <span class='ocrx_word' id='word_1_320' title='bbox 790 2772 1035 2843; x_wconf 83' lang='lat' dir='ltr'><strong>scriptum</strong></span> <span class='ocrx_word' id='word_1_321' title='bbox 1074 2770 1312 2845; x_wconf 76' lang='lat' dir='ltr'><strong>Dionysii</strong></span> <span class='ocrx_word' id='word_1_322' title='bbox 1352 2772 1572 2831; x_wconf 83' lang='lat' dir='ltr'><strong>Romani</strong></span> <span class='ocrx_word' id='word_1_323' title='bbox 1611 2785 1791 2829; x_wconf 84' lang='lat' dir='ltr'><strong>contra</strong></span> 
     </span>
    </p>
   </div>
   <div class='ocr_carea' id='block_1_43' title="bbox 185 2861 1789 2939">
    <p class='ocr_par' dir='ltr' id='par_1_43' title="bbox 185 2861 1789 2939">
     <span class='ocr_line' id='line_1_43' title="bbox 185 2861 1789 2939; baseline 0.002 -20"><span class='ocrx_word' id='word_1_324' title='bbox 185 2861 474 2919; x_wconf 80' lang='lat' dir='ltr'><strong>Sabeltium</strong></span> <span class='ocrx_word' id='word_1_325' title='bbox 504 2864 567 2918; x_wconf 84' lang='lat' dir='ltr'><strong>ab</strong></span> <span class='ocrx_word' id='word_1_326' title='bbox 596 2863 826 2935; x_wconf 79' lang='lat' dir='ltr'><strong>ejusdem</strong></span> <span class='ocrx_word' id='word_1_327' title='bbox 863 2865 1097 2936; x_wconf 76' lang='lat' dir='ltr'><strong>Epistula</strong></span> <span class='ocrx_word' id='word_1_328' title='bbox 1138 2865 1391 2939; x_wconf 83' lang='lat' dir='ltr'><strong>Dionysio</strong></span> <span class='ocrx_word' id='word_1_329' title='bbox 1434 2868 1789 2923; x_wconf 73' lang='lat' dir='ltr'><strong>Alexandrino</strong></span> 
     </span>
    </p>
   </div>
   <div class='ocr_carea' id='block_1_44' title="bbox 183 2955 1787 3029">
    <p class='ocr_par' dir='ltr' id='par_1_44' title="bbox 183 2955 1787 3029">
     <span class='ocr_line' id='line_1_44' title="bbox 183 2955 1787 3029; baseline 0.004 -19"><span class='ocrx_word' id='word_1_330' title='bbox 183 2955 454 3027; x_wconf 86' lang='lat' dir='ltr'><strong>inscripta.</strong></span> <span class='ocrx_word' id='word_1_331' title='bbox 482 2985 554 2995; x_wconf 93' lang='grc'><strong>--</strong></span> <span class='ocrx_word' id='word_1_332' title='bbox 596 2955 866 3026; x_wconf 87' lang='lat' dir='ltr'><strong>Scriptum</strong></span> <span class='ocrx_word' id='word_1_333' title='bbox 920 2957 1067 3013; x_wconf 76' lang='lat' dir='ltr'><strong>illud</strong></span> <span class='ocrx_word' id='word_1_334' title='bbox 1098 2958 1252 3029; x_wconf 88' lang='lat' dir='ltr'><strong>cujus</strong></span> <span class='ocrx_word' id='word_1_335' title='bbox 1296 2958 1476 3029; x_wconf 90' lang='lat' dir='ltr'><strong>priore</strong></span> <span class='ocrx_word' id='word_1_336' title='bbox 1518 2959 1641 3015; x_wconf 90' lang='lat' dir='ltr'><strong>loco</strong></span> <span class='ocrx_word' id='word_1_337' title='bbox 1668 2975 1787 3016; x_wconf 88' lang='lat' dir='ltr'><strong>me-</strong></span> 
     </span>
    </p>
   </div>
   <div class='ocr_carea' id='block_1_45' title="bbox 179 3048 1786 3125">
    <p class='ocr_par' dir='ltr' id='par_1_45' title="bbox 179 3048 1786 3125">
     <span class='ocr_line' id='line_1_45' title="bbox 179 3048 1786 3125; baseline 0.002 -19"><span class='ocrx_word' id='word_1_338' title='bbox 179 3049 342 3106; x_wconf 87' lang='lat' dir='ltr'><strong>minit</strong></span> <span class='ocrx_word' id='word_1_339' title='bbox 372 3048 735 3116; x_wconf 83' lang='lat' dir='ltr'><strong>Athanasius,</strong></span> <span class='ocrx_word' id='word_1_340' title='bbox 766 3050 835 3107; x_wconf 88' lang='lat' dir='ltr'><strong>ab</strong></span> <span class='ocrx_word' id='word_1_341' title='bbox 872 3051 1111 3121; x_wconf 90' lang='lat' dir='ltr'><strong>Epistola</strong></span> <span class='ocrx_word' id='word_1_342' title='bbox 1142 3051 1209 3108; x_wconf 93' lang='lat' dir='ltr'><strong>ad</strong></span> <span class='ocrx_word' id='word_1_343' title='bbox 1247 3052 1593 3124; x_wconf 89' lang='lat' dir='ltr'><strong>Dionysium,</strong></span> <span class='ocrx_word' id='word_1_344' title='bbox 1625 3068 1786 3125; x_wconf 90' lang='lat' dir='ltr'><strong>quam</strong></span> 
     </span>
    </p>
   </div>
   <div class='ocr_carea' id='block_1_46' title="bbox 181 3146 1787 3220">
    <p class='ocr_par' dir='ltr' id='par_1_46' title="bbox 181 3146 1787 3220">
     <span class='ocr_line' id='line_1_46' title="bbox 181 3146 1787 3220; baseline 0 -17"><span class='ocrx_word' id='word_1_345' title='bbox 181 3146 382 3203; x_wconf 80' lang='lat' dir='ltr'><strong>exinde</strong></span> <span class='ocrx_word' id='word_1_346' title='bbox 409 3146 501 3203; x_wconf 89' lang='lat' dir='ltr'><strong>ille</strong></span> <span class='ocrx_word' id='word_1_347' title='bbox 528 3154 829 3214; x_wconf 88' lang='lat' dir='ltr'><strong>memorat,</strong></span> <span class='ocrx_word' id='word_1_348' title='bbox 872 3146 1307 3220; x_wconf 86' lang='lat' dir='ltr'><strong>distinguendum</strong></span> <span class='ocrx_word' id='word_1_349' title='bbox 1353 3163 1477 3204; x_wconf 89' lang='lat' dir='ltr'><strong>esse</strong></span> <span class='ocrx_word' id='word_1_350' title='bbox 1520 3148 1787 3204; x_wconf 90' lang='lat' dir='ltr'><strong>Baronius</strong></span> 
     </span>
    </p>
   </div>
   <div class='ocr_carea' id='block_1_47' title="bbox 178 3239 1784 3314">
    <p class='ocr_par' dir='ltr' id='par_1_47' title="bbox 178 3239 1784 3314">
     <span class='ocr_line' id='line_1_47' title="bbox 178 3239 1784 3314; baseline -0.003 -13"><span class='ocrx_word' id='word_1_351' title='bbox 178 3249 373 3302; x_wconf 85' lang='lat' dir='ltr'><strong>censet</strong></span> <span class='ocrx_word' id='word_1_352' title='bbox 403 3259 417 3297; x_wconf 89' lang='lat'><strong>:</strong></span> <span class='ocrx_word' id='word_1_353' title='bbox 451 3240 545 3296; x_wconf 86' lang='lat' dir='ltr'><strong>alii</strong></span> <span class='ocrx_word' id='word_1_354' title='bbox 571 3240 641 3297; x_wconf 92' lang='lat' dir='ltr'><strong>de</strong></span> <span class='ocrx_word' id='word_1_355' title='bbox 666 3241 767 3297; x_wconf 91' lang='lat' dir='ltr'><strong>hac</strong></span> <span class='ocrx_word' id='word_1_356' title='bbox 792 3255 852 3297; x_wconf 83' lang='lat' dir='ltr'><strong>re</strong></span> <span class='ocrx_word' id='word_1_357' title='bbox 873 3240 1118 3297; x_wconf 89' lang='lat' dir='ltr'><strong>dubitant</strong></span> <span class='ocrx_word' id='word_1_358' title='bbox 1142 3239 1245 3313; x_wconf 71' lang='grc'><strong>(4).</strong></span> <span class='ocrx_word' id='word_1_359' title='bbox 1280 3241 1387 3298; x_wconf 88' lang='lat' dir='ltr'><strong>Sed</strong></span> <span class='ocrx_word' id='word_1_360' title='bbox 1418 3243 1596 3314; x_wconf 89' lang='lat' dir='ltr'><strong>potior</strong></span> <span class='ocrx_word' id='word_1_361' title='bbox 1624 3241 1784 3297; x_wconf 90' lang='lat' dir='ltr'><strong>nobis</strong></span> 
     </span>
    </p>
   </div>
   <div class='ocr_carea' id='block_1_48' title="bbox 177 3374 1781 3449">
    <p class='ocr_par' dir='ltr' id='par_1_48' title="bbox 177 3374 1781 3449">
     <span class='ocr_line' id='line_1_48' title="bbox 177 3374 1781 3449; baseline -0.001 -18"><span class='ocrx_word' id='word_1_362' title='bbox 177 3376 444 3449; x_wconf 82' lang='lat' dir='ltr'><strong>scriptum</strong></span> <span class='ocrx_word' id='word_1_363' title='bbox 468 3375 584 3432; x_wconf 85' lang='lat' dir='ltr'><strong>est?</strong></span> <span class='ocrx_word' id='word_1_364' title='bbox 607 3377 686 3449; x_wconf 86' lang='lat' dir='ltr'><strong>An</strong></span> <span class='ocrx_word' id='word_1_365' title='bbox 718 3376 974 3449; x_wconf 82' lang='lat' dir='ltr'><strong>ignoratis</strong></span> <span class='ocrx_word' id='word_1_366' title='bbox 1000 3375 1138 3432; x_wconf 90' lang='lat' dir='ltr'><strong>hanc</strong></span> <span class='ocrx_word' id='word_1_367' title='bbox 1166 3388 1287 3449; x_wconf 85' lang='lat' dir='ltr'><strong>esse</strong></span> <span class='ocrx_word' id='word_1_368' title='bbox 1312 3374 1781 3449; x_wconf 83' lang='lat' dir='ltr'><strong>consuetudinem,</strong></span> 
     </span>
    </p>
   </div>
   <div class='ocr_carea' id='block_1_49' title="bbox 177 3447 1787 3518">
    <p class='ocr_par' dir='ltr' id='par_1_49' title="bbox 177 3447 1787 3518">
     <span class='ocr_line' id='line_1_49' title="bbox 177 3447 1787 3518; baseline 0 -17"><span class='ocrx_word' id='word_1_369' title='bbox 177 3463 245 3501; x_wconf 81' lang='lat' dir='ltr'><strong>ac</strong></span> <span class='ocrx_word' id='word_1_370' title='bbox 280 3447 510 3517; x_wconf 80' lang='lat' dir='ltr'><strong>primum</strong></span> <span class='ocrx_word' id='word_1_371' title='bbox 539 3447 808 3503; x_wconf 85' lang='lat' dir='ltr'><strong>scribatur</strong></span> <span class='ocrx_word' id='word_1_372' title='bbox 838 3448 1012 3515; x_wconf 90' lang='lat' dir='ltr'><strong>nobis,</strong></span> <span class='ocrx_word' id='word_1_373' title='bbox 1050 3458 1104 3502; x_wconf 91' lang='lat' dir='ltr'><strong>et</strong></span> <span class='ocrx_word' id='word_1_374' title='bbox 1136 3447 1260 3503; x_wconf 89' lang='lat' dir='ltr'><strong>hinc</strong></span> <span class='ocrx_word' id='word_1_375' title='bbox 1291 3447 1432 3518; x_wconf 91' lang='lat' dir='ltr'><strong>quod</strong></span> <span class='ocrx_word' id='word_1_376' title='bbox 1470 3447 1672 3518; x_wconf 90' lang='lat' dir='ltr'><strong>justum</strong></span> <span class='ocrx_word' id='word_1_377' title='bbox 1702 3455 1787 3501; x_wconf 87' lang='lat' dir='ltr'><strong>est</strong></span> 
     </span>
    </p>
   </div>
   <div class='ocr_carea' id='block_1_50' title="bbox 175 3517 1785 3575">
    <p class='ocr_par' dir='ltr' id='par_1_50' title="bbox 175 3517 1785 3575">
     <span class='ocr_line' id='line_1_50' title="bbox 175 3517 1785 3575; baseline -0.001 0"><span class='ocrx_word' id='word_1_378' title='bbox 175 3519 573 3575; x_wconf 66' lang='lat' dir='ltr'><strong>decernatur?»</strong></span> <span class='ocrx_word' id='word_1_379' title='bbox 610 3518 736 3574; x_wconf 59' lang='lat' dir='ltr'><strong>Haec</strong></span> <span class='ocrx_word' id='word_1_380' title='bbox 780 3528 958 3575; x_wconf 90' lang='lat' dir='ltr'><strong>autem</strong></span> <span class='ocrx_word' id='word_1_381' title='bbox 996 3517 1333 3574; x_wconf 82' lang='lat' dir='ltr'><strong>consuetudo</strong></span> <span class='ocrx_word' id='word_1_382' title='bbox 1387 3534 1511 3573; x_wconf 93' lang='lat' dir='ltr'><strong>num</strong></span> <span class='ocrx_word' id='word_1_383' title='bbox 1545 3517 1785 3575; x_wconf 75' lang='lat' dir='ltr'><strong>Dionysii</strong></span> 
     </span>
    </p>
   </div>
   <div class='ocr_carea' id='block_1_51' title="bbox 178 3589 1783 3661">
    <p class='ocr_par' dir='ltr' id='par_1_51' title="bbox 178 3589 1783 3661">
     <span class='ocr_line' id='line_1_51' title="bbox 178 3589 1783 3661; baseline -0.001 -16"><span class='ocrx_word' id='word_1_384' title='bbox 178 3591 522 3659; x_wconf 86' lang='lat' dir='ltr'><strong>temporibus</strong></span> <span class='ocrx_word' id='word_1_385' title='bbox 547 3590 819 3661; x_wconf 88' lang='lat' dir='ltr'><strong>antiquior</strong></span> <span class='ocrx_word' id='word_1_386' title='bbox 841 3591 932 3657; x_wconf 89' lang='lat' dir='ltr'><strong>sit,</strong></span> <span class='ocrx_word' id='word_1_387' title='bbox 956 3591 1298 3661; x_wconf 82' lang='lat' dir='ltr'><strong>ignoramus;</strong></span> <span class='ocrx_word' id='word_1_388' title='bbox 1330 3589 1416 3645; x_wconf 92' lang='lat' dir='ltr'><strong>hic</strong></span> <span class='ocrx_word' id='word_1_389' title='bbox 1441 3599 1589 3644; x_wconf 91' lang='lat' dir='ltr'><strong>certe</strong></span> <span class='ocrx_word' id='word_1_390' title='bbox 1612 3589 1783 3643; x_wconf 83' lang='lat' dir='ltr'><strong>Atha-</strong></span> 
     </span>
    </p>
   </div>
   <div class='ocr_carea' id='block_1_52' title="bbox 176 3660 1779 3732">
    <p class='ocr_par' dir='ltr' id='par_1_52' title="bbox 176 3660 1779 3732">
     <span class='ocr_line' id='line_1_52' title="bbox 176 3660 1779 3732; baseline -0.001 -16"><span class='ocrx_word' id='word_1_391' title='bbox 176 3663 371 3732; x_wconf 85' lang='lat' dir='ltr'><strong>nasius</strong></span> <span class='ocrx_word' id='word_1_392' title='bbox 423 3660 759 3717; x_wconf 84' lang='lat' dir='ltr'><strong>alexandrini</strong></span> <span class='ocrx_word' id='word_1_393' title='bbox 808 3662 1046 3732; x_wconf 87' lang='lat' dir='ltr'><strong>episcopi</strong></span> <span class='ocrx_word' id='word_1_394' title='bbox 1095 3660 1368 3732; x_wconf 88' lang='lat' dir='ltr'><strong>delatores</strong></span> <span class='ocrx_word' id='word_1_395' title='bbox 1417 3674 1526 3732; x_wconf 80' lang='lat' dir='ltr'><strong>non</strong></span> <span class='ocrx_word' id='word_1_396' title='bbox 1579 3661 1779 3732; x_wconf 83' lang='lat' dir='ltr'><strong>culpat,</strong></span> 
     </span>
    </p>
   </div>
   <div class='ocr_carea' id='block_1_53' title="bbox 174 3730 1781 3804">
    <p class='ocr_par' dir='ltr' id='par_1_53' title="bbox 174 3730 1781 3804">
     <span class='ocr_line' id='line_1_53' title="bbox 174 3730 1781 3804; baseline -0.001 -17"><span class='ocrx_word' id='word_1_397' title='bbox 174 3731 327 3804; x_wconf 88' lang='lat' dir='ltr'><strong>quod</strong></span> <span class='ocrx_word' id='word_1_398' title='bbox 354 3746 552 3804; x_wconf 85' lang='lat' dir='ltr'><strong>nomen</strong></span> <span class='ocrx_word' id='word_1_399' title='bbox 580 3733 699 3804; x_wconf 92' lang='lat' dir='ltr'><strong>ejus</strong></span> <span class='ocrx_word' id='word_1_400' title='bbox 724 3732 793 3788; x_wconf 89' lang='lat' dir='ltr'><strong>ad</strong></span> <span class='ocrx_word' id='word_1_401' title='bbox 822 3730 1102 3788; x_wconf 79' lang='lat' dir='ltr'><strong>romanum</strong></span> <span class='ocrx_word' id='word_1_402' title='bbox 1131 3731 1441 3804; x_wconf 82' lang='lat' dir='ltr'><strong>pontificem</strong></span> <span class='ocrx_word' id='word_1_403' title='bbox 1468 3730 1781 3804; x_wconf 81' lang='lat' dir='ltr'><strong>detulerint,</strong></span> 
     </span>
    </p>
   </div>
   <div class='ocr_carea' id='block_1_54' title="bbox 176 3802 1784 3874">
    <p class='ocr_par' dir='ltr' id='par_1_54' title="bbox 176 3802 1784 3874">
     <span class='ocr_line' id='line_1_54' title="bbox 176 3802 1784 3874; baseline -0.001 -15"><span class='ocrx_word' id='word_1_404' title='bbox 176 3802 278 3860; x_wconf 78' lang='lat' dir='ltr'><strong>sed</strong></span> <span class='ocrx_word' id='word_1_405' title='bbox 309 3802 455 3874; x_wconf 86' lang='lat' dir='ltr'><strong>quod</strong></span> <span class='ocrx_word' id='word_1_406' title='bbox 480 3802 627 3874; x_wconf 85' lang='lat' dir='ltr'><strong>prius</strong></span> <span class='ocrx_word' id='word_1_407' title='bbox 650 3818 771 3874; x_wconf 64' lang='lat' dir='ltr'><strong>qua:</strong></span> <span class='ocrx_word' id='word_1_408' title='bbox 795 3819 922 3861; x_wconf 91' lang='lat' dir='ltr'><strong>vera</strong></span> <span class='ocrx_word' id='word_1_409' title='bbox 948 3812 1094 3860; x_wconf 90' lang='lat' dir='ltr'><strong>esset</strong></span> <span class='ocrx_word' id='word_1_410' title='bbox 1122 3803 1266 3859; x_wconf 90' lang='lat' dir='ltr'><strong>illius</strong></span> <span class='ocrx_word' id='word_1_411' title='bbox 1300 3805 1569 3860; x_wconf 87' lang='lat' dir='ltr'><strong>sententia</strong></span> <span class='ocrx_word' id='word_1_412' title='bbox 1596 3802 1784 3859; x_wconf 86' lang='lat' dir='ltr'><strong>scisci-</strong></span> 
     </span>
    </p>
   </div>
   <div class='ocr_carea' id='block_1_55' title="bbox 177 3875 701 3935">
    <p class='ocr_par' dir='ltr' id='par_1_55' title="bbox 177 3875 701 3935">
     <span class='ocr_line' id='line_1_55' title="bbox 177 3875 701 3935; baseline -0.002 -4"><span class='ocrx_word' id='word_1_413' title='bbox 177 3875 286 3931; x_wconf 85' lang='lat' dir='ltr'><strong>tari</strong></span> <span class='ocrx_word' id='word_1_414' title='bbox 318 3875 701 3935; x_wconf 63' lang='lat' dir='ltr'><strong>neglexissent.</strong></span> 
     </span>
    </p>
   </div>
   <div class='ocr_carea' id='block_1_56' title="bbox 255 3943 1782 4024">
    <p class='ocr_par' dir='ltr' id='par_1_56' title="bbox 255 3943 1782 4024">
     <span class='ocr_line' id='line_1_56' title="bbox 255 3943 1782 4024; baseline 0.001 -23"><span class='ocrx_word' id='word_1_415' title='bbox 255 3946 339 4024; x_wconf 93' lang='lat'>(</span> <span class='ocrx_word' id='word_1_416' title='bbox 366 3943 832 4024; x_wconf 59' lang='lat' dir='ltr'><strong>erce_s&#39;1rs&#39;qﬂtls</strong></span> <span class='ocrx_word' id='word_1_417' title='bbox 860 3947 1297 4024; x_wconf 25' lang='lat' dir='ltr'><strong>3é_n‘ai‘ALowatcji</strong></span> <span class='ocrx_word' id='word_1_418' title='bbox 1326 3947 1551 4024; x_wconf 44' lang='grc' dir='ltr'><strong>δηλ-ὥᾳαι</strong></span> <span class='ocrx_word' id='word_1_419' title='bbox 1570 3950 1691 4024; x_wconf 80' lang='grc' dir='ltr'><strong>περί</strong></span> <span class='ocrx_word' id='word_1_420' title='bbox 1714 3944 1782 4002; x_wconf 77' lang='grc' dir='ltr'><strong>ὧν</strong></span> 
     </span>
    </p>
   </div>
   <div class='ocr_carea' id='block_1_57' title="bbox 173 4018 1784 4089">
    <p class='ocr_par' dir='ltr' id='par_1_57' title="bbox 173 4018 1784 4089">
     <span class='ocr_line' id='line_1_57' title="bbox 173 4018 1784 4089; baseline 0.001 -16"><span class='ocrx_word' id='word_1_421' title='bbox 173 4020 422 4089; x_wconf 76' lang='grc' dir='ltr'><strong>εἰρήκασι</strong></span> <span class='ocrx_word' id='word_1_422' title='bbox 471 4018 582 4074; x_wconf 77' lang='grc' dir='ltr'><strong>κατ’</strong></span> <span class='ocrx_word' id='word_1_423' title='bbox 637 4021 830 4085; x_wconf 75' lang='grc' dir='ltr'><strong>αὐτοῦς</strong></span> <span class='ocrx_word' id='word_1_424' title='bbox 892 4019 979 4074; x_wconf 93' lang='lat' dir='ltr'><strong>ubi</strong></span> <span class='ocrx_word' id='word_1_425' title='bbox 1035 4018 1353 4076; x_wconf 87' lang='lat' dir='ltr'><strong>Pearsonius</strong></span> <span class='ocrx_word' id='word_1_426' title='bbox 1402 4018 1647 4080; x_wconf 61' lang='grc' dir='ltr'><strong>δηλώσατέ</strong></span> <span class='ocrx_word' id='word_1_427' title='bbox 1686 4035 1784 4089; x_wconf 91' lang='lat' dir='ltr'><strong>pro</strong></span> 
     </span>
    </p>
   </div>
   <div class='ocr_carea' id='block_1_58' title="bbox 174 4088 1827 4163">
    <p class='ocr_par' dir='ltr' id='par_1_58' title="bbox 174 4088 1827 4163">
     <span class='ocr_line' id='line_1_58' title="bbox 174 4088 1827 4163; baseline 0 -17"><span class='ocrx_word' id='word_1_428' title='bbox 174 4090 449 4163; x_wconf 54' lang='lat' dir='ltr'><strong>dulcisceu,</strong></span> <span class='ocrx_word' id='word_1_429' title='bbox 478 4088 761 4163; x_wconf 82' lang='lat' dir='ltr'><strong>legendum</strong></span> <span class='ocrx_word' id='word_1_430' title='bbox 803 4104 925 4163; x_wconf 88' lang='lat' dir='ltr'><strong>esse</strong></span> <span class='ocrx_word' id='word_1_431' title='bbox 962 4089 1267 4163; x_wconf 87' lang='lat' dir='ltr'><strong>conjectat;</strong></span> <span class='ocrx_word' id='word_1_432' title='bbox 1301 4090 1544 4160; x_wconf 86' lang='lat' dir='ltr'><strong>adeoque</strong></span> <span class='ocrx_word' id='word_1_433' title='bbox 1587 4088 1783 4163; x_wconf 86' lang='lat' dir='ltr'><strong>Diony-</strong></span> <span class='ocrx_word' id='word_1_434' title='bbox 1823 4110 1827 4113; x_wconf 94' lang='grc'><strong>·</strong></span> 
     </span>
    </p>
   </div>
   <div class='ocr_carea' id='block_1_59' title="bbox 174 4160 1782 4233">
    <p class='ocr_par' dir='ltr' id='par_1_59' title="bbox 174 4160 1782 4233">
     <span class='ocr_line' id='line_1_59' title="bbox 174 4160 1782 4233; baseline 0.002 -18"><span class='ocrx_word' id='word_1_435' title='bbox 174 4163 323 4215; x_wconf 87' lang='lat' dir='ltr'><strong>sium</strong></span> <span class='ocrx_word' id='word_1_436' title='bbox 354 4160 654 4233; x_wconf 82' lang='lat' dir='ltr'><strong>Romanum</strong></span> <span class='ocrx_word' id='word_1_437' title='bbox 680 4162 1046 4233; x_wconf 83' lang='lat' dir='ltr'><strong>Alexandrino</strong></span> <span class='ocrx_word' id='word_1_438' title='bbox 1073 4160 1403 4230; x_wconf 85' lang='lat' dir='ltr'><strong>scripsisse,</strong></span> <span class='ocrx_word' id='word_1_439' title='bbox 1441 4170 1500 4217; x_wconf 93' lang='lat' dir='ltr'><strong>ut</strong></span> <span class='ocrx_word' id='word_1_440' title='bbox 1538 4176 1657 4233; x_wconf 88' lang='lat' dir='ltr'><strong>quae</strong></span> <span class='ocrx_word' id='word_1_441' title='bbox 1684 4160 1782 4218; x_wconf 81' lang='lat' dir='ltr'><strong>ad-</strong></span> 
     </span>
    </p>
   </div>
   <div class='ocr_carea' id='block_1_60' title="bbox 177 4232 1782 4302">
    <p class='ocr_par' dir='ltr' id='par_1_60' title="bbox 177 4232 1782 4302">
     <span class='ocr_line' id='line_1_60' title="bbox 177 4232 1782 4302; baseline 0.002 -15"><span class='ocrx_word' id='word_1_442' title='bbox 177 4246 381 4287; x_wconf 84' lang='lat' dir='ltr'><strong>versus</strong></span> <span class='ocrx_word' id='word_1_443' title='bbox 420 4232 595 4302; x_wconf 89' lang='lat' dir='ltr'><strong>ipsum</strong></span> <span class='ocrx_word' id='word_1_444' title='bbox 637 4232 779 4288; x_wconf 90' lang='lat' dir='ltr'><strong>dicta</strong></span> <span class='ocrx_word' id='word_1_445' title='bbox 832 4233 1073 4300; x_wconf 89' lang='lat' dir='ltr'><strong>fuerant,</strong></span> <span class='ocrx_word' id='word_1_446' title='bbox 1101 4242 1229 4289; x_wconf 89' lang='lat' dir='ltr'><strong>nota</strong></span> <span class='ocrx_word' id='word_1_447' title='bbox 1272 4234 1323 4291; x_wconf 91' lang='lat' dir='ltr'><strong>ei</strong></span> <span class='ocrx_word' id='word_1_448' title='bbox 1357 4235 1576 4289; x_wconf 86' lang='lat' dir='ltr'><strong>faceret.</strong></span> <span class='ocrx_word' id='word_1_449' title='bbox 1608 4233 1677 4289; x_wconf 90' lang='lat' dir='ltr'><strong>Et</strong></span> <span class='ocrx_word' id='word_1_450' title='bbox 1720 4248 1782 4290; x_wconf 89' lang='lat' dir='ltr'><strong>ea</strong></span> 
     </span>
    </p>
   </div>
   <div class='ocr_carea' id='block_1_61' title="bbox 175 4302 1785 4374">
    <p class='ocr_par' dir='ltr' id='par_1_61' title="bbox 175 4302 1785 4374">
     <span class='ocr_line' id='line_1_61' title="bbox 175 4302 1785 4374; baseline 0.004 -19"><span class='ocrx_word' id='word_1_451' title='bbox 175 4302 397 4374; x_wconf 86' lang='lat' dir='ltr'><strong>quidem</strong></span> <span class='ocrx_word' id='word_1_452' title='bbox 442 4304 750 4374; x_wconf 81' lang='lat' dir='ltr'><strong>conjectura</strong></span> <span class='ocrx_word' id='word_1_453' title='bbox 798 4321 919 4360; x_wconf 92' lang='lat' dir='ltr'><strong>cum</strong></span> <span class='ocrx_word' id='word_1_454' title='bbox 975 4304 1251 4359; x_wconf 79' lang='lat' dir='ltr'><strong>Athanasii</strong></span> <span class='ocrx_word' id='word_1_455' title='bbox 1301 4305 1612 4361; x_wconf 86' lang='lat' dir='ltr'><strong>narratione</strong></span> <span class='ocrx_word' id='word_1_456' title='bbox 1652 4306 1785 4361; x_wconf 87' lang='lat' dir='ltr'><strong>satis</strong></span> 
     </span>
    </p>
   </div>
   <div class='ocr_carea' id='block_1_62' title="bbox 174 4376 1785 4448">
    <p class='ocr_par' dir='ltr' id='par_1_62' title="bbox 174 4376 1785 4448">
     <span class='ocr_line' id='line_1_62' title="bbox 174 4376 1785 4448; baseline 0.002 -19"><span class='ocrx_word' id='word_1_457' title='bbox 174 4376 442 4448; x_wconf 71' lang='lat' dir='ltr'><strong>cohzeret,</strong></span> <span class='ocrx_word' id='word_1_458' title='bbox 476 4390 651 4446; x_wconf 88' lang='lat' dir='ltr'><strong>eoque</strong></span> <span class='ocrx_word' id='word_1_459' title='bbox 680 4376 797 4448; x_wconf 86' lang='lat' dir='ltr'><strong>veri</strong></span> <span class='ocrx_word' id='word_1_460' title='bbox 827 4376 1041 4432; x_wconf 88' lang='lat' dir='ltr'><strong>videtur</strong></span> <span class='ocrx_word' id='word_1_461' title='bbox 1067 4376 1312 4444; x_wconf 88' lang='lat' dir='ltr'><strong>similior,</strong></span> <span class='ocrx_word' id='word_1_462' title='bbox 1341 4376 1482 4448; x_wconf 89' lang='lat' dir='ltr'><strong>quod</strong></span> <span class='ocrx_word' id='word_1_463' title='bbox 1504 4376 1785 4447; x_wconf 77' lang='lat' dir='ltr'><strong>ignorabat</strong></span> 
     </span>
    </p>
   </div>
   <div class='ocr_carea' id='block_1_63' title="bbox 175 4446 1783 4521">
    <p class='ocr_par' dir='ltr' id='par_1_63' title="bbox 175 4446 1783 4521">
     <span class='ocr_line' id='line_1_63' title="bbox 175 4446 1783 4521; baseline 0.001 -19"><span class='ocrx_word' id='word_1_464' title='bbox 175 4446 475 4519; x_wconf 87' lang='lat' dir='ltr'><strong>Dionysius</strong></span> <span class='ocrx_word' id='word_1_465' title='bbox 523 4446 951 4521; x_wconf 78' lang='lat' dir='ltr'><strong>Alexandrinus,</strong></span> <span class='ocrx_word' id='word_1_466' title='bbox 997 4463 1118 4521; x_wconf 70' lang='lat' dir='ltr'><strong>qua:</strong></span> <span class='ocrx_word' id='word_1_467' title='bbox 1145 4446 1431 4505; x_wconf 79' lang='lat' dir='ltr'><strong>adversum</strong></span> <span class='ocrx_word' id='word_1_468' title='bbox 1474 4446 1783 4521; x_wconf 13' lang='lat' dir='ltr'><strong>se’rprolata</strong></span> 
     </span>
    </p>
   </div>
   <div class='ocr_carea' id='block_1_64' title="bbox 175 4517 1785 4589">
    <p class='ocr_par' dir='ltr' id='par_1_64' title="bbox 175 4517 1785 4589">
     <span class='ocr_line' id='line_1_64' title="bbox 175 4517 1785 4589; baseline 0.001 -15"><span class='ocrx_word' id='word_1_469' title='bbox 175 4517 387 4582; x_wconf 85' lang='lat' dir='ltr'><strong>essent,</strong></span> <span class='ocrx_word' id='word_1_470' title='bbox 421 4532 523 4574; x_wconf 91' lang='lat' dir='ltr'><strong>nec</strong></span> <span class='ocrx_word' id='word_1_471' title='bbox 548 4517 779 4589; x_wconf 18' lang='lat' dir='ltr'><strong>aliunde,</strong></span> <span class='ocrx_word' id='word_1_472' title='bbox 795 4520 898 4574; x_wconf 88' lang='lat' dir='ltr'><strong>nisi</strong></span> <span class='ocrx_word' id='word_1_473' title='bbox 925 4517 1141 4589; x_wconf 86' lang='lat' dir='ltr'><strong>scriptis</strong></span> <span class='ocrx_word' id='word_1_474' title='bbox 1165 4534 1231 4575; x_wconf 87' lang='lat' dir='ltr'><strong>ex</strong></span> <span class='ocrx_word' id='word_1_475' title='bbox 1260 4521 1394 4576; x_wconf 87' lang='lat' dir='ltr'><strong>urbe</strong></span> <span class='ocrx_word' id='word_1_476' title='bbox 1421 4517 1598 4574; x_wconf 85' lang='lat' dir='ltr'><strong>missis</strong></span> <span class='ocrx_word' id='word_1_477' title='bbox 1621 4534 1785 4575; x_wconf 92' lang='lat' dir='ltr'><strong>com—</strong></span> 
     </span>
    </p>
   </div>
   <div class='ocr_carea' id='block_1_65' title="bbox 255 4588 1784 4661">
    <p class='ocr_par' dir='ltr' id='par_1_65' title="bbox 255 4588 1784 4661">
     <span class='ocr_line' id='line_1_65' title="bbox 255 4588 1784 4661; baseline 0.001 -17"><span class='ocrx_word' id='word_1_478' title='bbox 255 4590 364 4645; x_wconf 87' lang='lat' dir='ltr'><strong>rire</strong></span> <span class='ocrx_word' id='word_1_479' title='bbox 395 4598 637 4661; x_wconf 85' lang='lat' dir='ltr'><strong>poterat.</strong></span> <span class='ocrx_word' id='word_1_480' title='bbox 676 4588 786 4644; x_wconf 90' lang='lat' dir='ltr'><strong>Sed</strong></span> <span class='ocrx_word' id='word_1_481' title='bbox 817 4591 945 4661; x_wconf 87' lang='lat' dir='ltr'><strong>quia</strong></span> <span class='ocrx_word' id='word_1_482' title='bbox 981 4588 1090 4646; x_wconf 88' lang='lat' dir='ltr'><strong>non</strong></span> <span class='ocrx_word' id='word_1_483' title='bbox 1127 4592 1231 4645; x_wconf 91' lang='lat' dir='ltr'><strong>alia</strong></span> <span class='ocrx_word' id='word_1_484' title='bbox 1268 4592 1337 4647; x_wconf 92' lang='lat' dir='ltr'><strong>de</strong></span> <span class='ocrx_word' id='word_1_485' title='bbox 1377 4605 1537 4646; x_wconf 89' lang='lat' dir='ltr'><strong>causa</strong></span> <span class='ocrx_word' id='word_1_486' title='bbox 1575 4592 1784 4646; x_wconf 79' lang='lat' dir='ltr'><strong>curavit</strong></span> 
     </span>
    </p>
   </div>
   <div class='ocr_carea' id='block_1_66' title="bbox 231 4660 1780 4734">
    <p class='ocr_par' dir='ltr' id='par_1_66' title="bbox 231 4660 1780 4734">
     <span class='ocr_line' id='line_1_66' title="bbox 231 4660 1780 4734; baseline 0.001 -19"><span class='ocrx_word' id='word_1_487' title='bbox 231 4660 475 4734; x_wconf 70' lang='lat' dir='ltr'><strong>ienysius</strong></span> <span class='ocrx_word' id='word_1_488' title='bbox 507 4660 783 4734; x_wconf 79' lang='lat' dir='ltr'><strong>Romanus</strong></span> <span class='ocrx_word' id='word_1_489' title='bbox 811 4660 1210 4726; x_wconf 83' lang='lat' dir='ltr'><strong>Alexandrino,</strong></span> <span class='ocrx_word' id='word_1_490' title='bbox 1244 4678 1365 4734; x_wconf 85' lang='lat' dir='ltr'><strong>quae</strong></span> <span class='ocrx_word' id='word_1_491' title='bbox 1393 4671 1583 4718; x_wconf 88' lang='lat' dir='ltr'><strong>contra</strong></span> <span class='ocrx_word' id='word_1_492' title='bbox 1608 4662 1780 4731; x_wconf 90' lang='lat' dir='ltr'><strong>ipsum</strong></span> 
     </span>
    </p>
   </div>
   <div class='ocr_carea' id='block_1_67' title="bbox 178 4731 1784 4803">
    <p class='ocr_par' dir='ltr' id='par_1_67' title="bbox 178 4731 1784 4803">
     <span class='ocr_line' id='line_1_67' title="bbox 178 4731 1784 4803; baseline 0.002 -18"><span class='ocrx_word' id='word_1_493' title='bbox 178 4731 340 4786; x_wconf 76' lang='lat' dir='ltr'><strong>dicta</strong></span> <span class='ocrx_word' id='word_1_494' title='bbox 365 4731 615 4797; x_wconf 86' lang='lat' dir='ltr'><strong>fuerant,</strong></span> <span class='ocrx_word' id='word_1_495' title='bbox 662 4733 933 4800; x_wconf 84' lang='lat' dir='ltr'><strong>indicare,</strong></span> <span class='ocrx_word' id='word_1_496' title='bbox 982 4734 1084 4789; x_wconf 92' lang='lat' dir='ltr'><strong>nisi</strong></span> <span class='ocrx_word' id='word_1_497' title='bbox 1113 4743 1173 4788; x_wconf 89' lang='lat' dir='ltr'><strong>ut</strong></span> <span class='ocrx_word' id='word_1_498' title='bbox 1202 4731 1435 4790; x_wconf 53' lang='lat' dir='ltr'><strong>is&#39;suam</strong></span> <span class='ocrx_word' id='word_1_499' title='bbox 1481 4748 1644 4803; x_wconf 84' lang='lat' dir='ltr'><strong>super</strong></span> <span class='ocrx_word' id='word_1_500' title='bbox 1676 4735 1784 4789; x_wconf 90' lang='lat' dir='ltr'><strong>illis</strong></span> 
     </span>
    </p>
   </div>
   <div class='ocr_carea' id='block_1_68' title="bbox 180 4803 1784 4874">
    <p class='ocr_par' dir='ltr' id='par_1_68' title="bbox 180 4803 1784 4874">
     <span class='ocr_line' id='line_1_68' title="bbox 180 4803 1784 4874; baseline 0.001 -16"><span class='ocrx_word' id='word_1_501' title='bbox 180 4814 424 4858; x_wconf 90' lang='lat' dir='ltr'><strong>mentem</strong></span> <span class='ocrx_word' id='word_1_502' title='bbox 452 4818 516 4858; x_wconf 91' lang='lat' dir='ltr'><strong>ac</strong></span> <span class='ocrx_word' id='word_1_503' title='bbox 541 4803 861 4859; x_wconf 87' lang='lat' dir='ltr'><strong>sententiam</strong></span> <span class='ocrx_word' id='word_1_504' title='bbox 899 4806 1225 4874; x_wconf 84' lang='lat' dir='ltr'><strong>explicaret,</strong></span> <span class='ocrx_word' id='word_1_505' title='bbox 1260 4806 1396 4861; x_wconf 91' lang='lat' dir='ltr'><strong>nihil</strong></span> <span class='ocrx_word' id='word_1_506' title='bbox 1436 4814 1519 4862; x_wconf 92' lang='lat' dir='ltr'><strong>est</strong></span> <span class='ocrx_word' id='word_1_507' title='bbox 1562 4804 1784 4874; x_wconf 88' lang='lat' dir='ltr'><strong>periculi</strong></span> 
     </span>
    </p>
   </div>
   <div class='ocr_carea' id='block_1_69' title="bbox 179 4875 1785 4948">
    <p class='ocr_par' dir='ltr' id='par_1_69' title="bbox 179 4875 1785 4948">
     <span class='ocr_line' id='line_1_69' title="bbox 179 4875 1785 4948; baseline 0.002 -20"><span class='ocrx_word' id='word_1_508' title='bbox 179 4875 448 4948; x_wconf 80' lang='lat' dir='ltr'><strong>utramvis</strong></span> <span class='ocrx_word' id='word_1_509' title='bbox 469 4875 765 4948; x_wconf 86' lang='lat' dir='ltr'><strong>lectionem</strong></span> <span class='ocrx_word' id='word_1_510' title='bbox 802 4876 923 4944; x_wconf 87' lang='lat' dir='ltr'><strong>quis</strong></span> <span class='ocrx_word' id='word_1_511' title='bbox 952 4887 1227 4948; x_wconf 87' lang='lat' dir='ltr'><strong>sequatur.</strong></span> <span class='ocrx_word' id='word_1_512' title='bbox 1259 4877 1458 4933; x_wconf 76' lang='lat' dir='ltr'><strong>Verum</strong></span> <span class='ocrx_word' id='word_1_513' title='bbox 1486 4876 1631 4948; x_wconf 89' lang='lat' dir='ltr'><strong>quod</strong></span> <span class='ocrx_word' id='word_1_514' title='bbox 1662 4877 1785 4932; x_wconf 90' lang='lat' dir='ltr'><strong>Dio-</strong></span> 
     </span>
    </p>
   </div>
   <div class='ocr_carea' id='block_1_70' title="bbox 180 4946 1785 5019">
    <p class='ocr_par' dir='ltr' id='par_1_70' title="bbox 180 4946 1785 5019">
     <span class='ocr_line' id='line_1_70' title="bbox 180 4946 1785 5019; baseline 0.001 -18"><span class='ocrx_word' id='word_1_515' title='bbox 180 4946 376 5019; x_wconf 84' lang='lat' dir='ltr'><strong>nysius</strong></span> <span class='ocrx_word' id='word_1_516' title='bbox 416 4947 812 5019; x_wconf 75' lang='lat' dir='ltr'><strong>Alexandrinus</strong></span> <span class='ocrx_word' id='word_1_517' title='bbox 841 4946 1041 5004; x_wconf 85' lang='lat' dir='ltr'><strong>exinde</strong></span> <span class='ocrx_word' id='word_1_518' title='bbox 1085 4949 1363 5019; x_wconf 85' lang='lat' dir='ltr'><strong>praestitit,</strong></span> <span class='ocrx_word' id='word_1_519' title='bbox 1402 4946 1652 5018; x_wconf 32' lang='lat' dir='ltr'><strong>ea,‘quae</strong></span> <span class='ocrx_word' id='word_1_520' title='bbox 1680 4948 1785 5019; x_wconf 88' lang='lat' dir='ltr'><strong>sibi</strong></span> 
     </span>
    </p>
   </div>
   <div class='ocr_carea' id='block_1_71' title="bbox 180 5017 1783 5091">
    <p class='ocr_par' dir='ltr' id='par_1_71' title="bbox 180 5017 1783 5091">
     <span class='ocr_line' id='line_1_71' title="bbox 180 5017 1783 5091; baseline 0.001 -18"><span class='ocrx_word' id='word_1_521' title='bbox 180 5017 396 5091; x_wconf 81' lang='lat' dir='ltr'><strong>objecta</strong></span> <span class='ocrx_word' id='word_1_522' title='bbox 427 5017 638 5073; x_wconf 88' lang='lat' dir='ltr'><strong>fuerant</strong></span> <span class='ocrx_word' id='word_1_523' title='bbox 665 5019 899 5087; x_wconf 88' lang='lat' dir='ltr'><strong>diluens,</strong></span> <span class='ocrx_word' id='word_1_524' title='bbox 935 5017 1204 5091; x_wconf 81' lang='lat' dir='ltr'><strong>vulgatam</strong></span> <span class='ocrx_word' id='word_1_525' title='bbox 1232 5020 1519 5076; x_wconf 88' lang='lat' dir='ltr'><strong>lectionem</strong></span> <span class='ocrx_word' id='word_1_526' title='bbox 1549 5017 1783 5089; x_wconf 85' lang='lat' dir='ltr'><strong>quodam</strong></span> 
     </span>
    </p>
   </div>
   <div class='ocr_carea' id='block_1_72' title="bbox 179 5088 683 5146">
    <p class='ocr_par' dir='ltr' id='par_1_72' title="bbox 179 5088 683 5146">
     <span class='ocr_line' id='line_1_72' title="bbox 179 5088 683 5146; baseline 0.002 -1"><span class='ocrx_word' id='word_1_527' title='bbox 179 5088 347 5145; x_wconf 87' lang='lat' dir='ltr'><strong>modo</strong></span> <span class='ocrx_word' id='word_1_528' title='bbox 376 5091 683 5146; x_wconf 88' lang='lat' dir='ltr'><strong>coulirmat.</strong></span> 
     </span>
    </p>
   </div>
   <div class='ocr_carea' id='block_1_73' title="bbox 254 5158 1783 5236">
    <p class='ocr_par' dir='ltr' id='par_1_73' title="bbox 254 5158 1783 5236">
     <span class='ocr_line' id='line_1_73' title="bbox 254 5158 1783 5236; baseline 0.003 -22"><span class='ocrx_word' id='word_1_529' title='bbox 254 5158 658 5236; x_wconf 33' lang='lat' dir='ltr'><strong>(2)AA_thanas.,</strong></span> <span class='ocrx_word' id='word_1_530' title='bbox 684 5162 771 5217; x_wconf 85' lang='lat' dir='ltr'><strong>tib.</strong></span> <span class='ocrx_word' id='word_1_531' title='bbox 802 5163 866 5218; x_wconf 87' lang='lat' dir='ltr'><strong>de</strong></span> <span class='ocrx_word' id='word_1_532' title='bbox 886 5163 1112 5236; x_wconf 86' lang='lat' dir='ltr'><strong>Synod.,</strong></span> <span class='ocrx_word' id='word_1_533' title='bbox 1132 5180 1187 5221; x_wconf 88' lang='grc' dir='ltr'><strong>ιι.</strong></span> <span class='ocrx_word' id='word_1_534' title='bbox 1210 5163 1304 5231; x_wconf 72' lang='grc'><strong>45,</strong></span> <span class='ocrx_word' id='word_1_535' title='bbox 1335 5171 1479 5221; x_wconf 85' lang='grc' dir='ltr'>ιοιιιο</span> <span class='ocrx_word' id='word_1_536' title='bbox 1500 5179 1539 5233; x_wconf 89' lang='grc' dir='ltr'><strong>ι,</strong></span> <span class='ocrx_word' id='word_1_537' title='bbox 1563 5170 1701 5235; x_wconf 88' lang='lat' dir='ltr'><strong>part.</strong></span> <span class='ocrx_word' id='word_1_538' title='bbox 1724 5179 1783 5231; x_wconf 91' lang='grc' dir='ltr'><strong>ιι,</strong></span> 
     </span>
    </p>
   </div>
   <div class='ocr_carea' id='block_1_74' title="bbox 181 5230 841 5304">
    <p class='ocr_par' dir='ltr' id='par_1_74' title="bbox 181 5230 841 5304">
     <span class='ocr_line' id='line_1_74' title="bbox 181 5230 841 5304; baseline 0.006 -21"><span class='ocrx_word' id='word_1_539' title='bbox 181 5230 469 5304; x_wconf 55' lang='grc' dir='ltr'><strong>ρειέζϐθὸ.</strong></span> <span class='ocrx_word' id='word_1_540' title='bbox 497 5232 630 5289; x_wconf 91' lang='lat' dir='ltr'><strong>edit.</strong></span> <span class='ocrx_word' id='word_1_541' title='bbox 664 5243 841 5302; x_wconf 89' lang='lat' dir='ltr'><strong>patav.</strong></span> 
     </span>
    </p>
   </div>
   <div class='ocr_carea' id='block_1_75' title="bbox 257 5303 1789 5379">
    <p class='ocr_par' dir='ltr' id='par_1_75' title="bbox 257 5303 1789 5379">
     <span class='ocr_line' id='line_1_75' title="bbox 257 5303 1789 5379; baseline 0.003 -21"><span class='ocrx_word' id='word_1_542' title='bbox 257 5303 341 5375; x_wconf 86' lang='lat'><strong>(5)</strong></span> <span class='ocrx_word' id='word_1_543' title='bbox 379 5304 514 5379; x_wconf 75' lang='lat' dir='ltr'><strong>liinc</strong></span> <span class='ocrx_word' id='word_1_544' title='bbox 536 5307 919 5379; x_wconf 73' lang='lat' dir='ltr'><strong>comprobatur</strong></span> <span class='ocrx_word' id='word_1_545' title='bbox 936 5306 1201 5365; x_wconf 89' lang='lat' dir='ltr'><strong>hactenus</strong></span> <span class='ocrx_word' id='word_1_546' title='bbox 1221 5316 1477 5366; x_wconf 89' lang='lat' dir='ltr'><strong>constans</strong></span> <span class='ocrx_word' id='word_1_547' title='bbox 1505 5323 1656 5375; x_wconf 89' lang='lat' dir='ltr'><strong>usus,</strong></span> <span class='ocrx_word' id='word_1_548' title='bbox 1681 5323 1789 5379; x_wconf 91' lang='lat' dir='ltr'><strong>quo</strong></span> 
     </span>
    </p>
   </div>
   <div class='ocr_carea' id='block_1_76' title="bbox 184 5375 1787 5450">
    <p class='ocr_par' dir='ltr' id='par_1_76' title="bbox 184 5375 1787 5450">
     <span class='ocr_line' id='line_1_76' title="bbox 184 5375 1787 5450; baseline 0.002 -18"><span class='ocrx_word' id='word_1_549' title='bbox 184 5375 400 5450; x_wconf 79' lang='lat' dir='ltr'><strong>romani</strong></span> <span class='ocrx_word' id='word_1_550' title='bbox 432 5376 714 5450; x_wconf 82' lang='lat' dir='ltr'><strong>pontiﬁces</strong></span> <span class='ocrx_word' id='word_1_551' title='bbox 756 5378 826 5434; x_wconf 92' lang='lat' dir='ltr'><strong>de</strong></span> <span class='ocrx_word' id='word_1_552' title='bbox 862 5380 1022 5435; x_wconf 89' lang='lat' dir='ltr'><strong>rebus</strong></span> <span class='ocrx_word' id='word_1_553' title='bbox 1057 5379 1125 5435; x_wconf 89' lang='lat' dir='ltr'><strong>ad</strong></span> <span class='ocrx_word' id='word_1_554' title='bbox 1160 5395 1219 5436; x_wconf 90' lang='lat' dir='ltr'><strong>se</strong></span> <span class='ocrx_word' id='word_1_555' title='bbox 1261 5380 1454 5436; x_wconf 86' lang='lat' dir='ltr'><strong>delatis</strong></span> <span class='ocrx_word' id='word_1_556' title='bbox 1495 5382 1625 5435; x_wconf 88' lang='lat' dir='ltr'><strong>nihil</strong></span> <span class='ocrx_word' id='word_1_557' title='bbox 1657 5375 1787 5450; x_wconf 79' lang='lat' dir='ltr'><strong>pro-</strong></span> 
     </span>
    </p>
   </div>
   <div class='ocr_carea' id='block_1_77' title="bbox 184 5445 1785 5523">
    <p class='ocr_par' dir='ltr' id='par_1_77' title="bbox 184 5445 1785 5523">
     <span class='ocr_line' id='line_1_77' title="bbox 184 5445 1785 5523; baseline 0.003 -22"><span class='ocrx_word' id='word_1_558' title='bbox 184 5445 445 5502; x_wconf 78' lang='lat' dir='ltr'><strong>nuntiare</strong></span> <span class='ocrx_word' id='word_1_559' title='bbox 463 5449 584 5523; x_wconf 80' lang='lat' dir='ltr'><strong>sine</strong></span> <span class='ocrx_word' id='word_1_560' title='bbox 602 5449 818 5523; x_wconf 83' lang='lat' dir='ltr'><strong>synodo</strong></span> <span class='ocrx_word' id='word_1_561' title='bbox 843 5450 1112 5507; x_wconf 89' lang='lat' dir='ltr'><strong>solebant.</strong></span> <span class='ocrx_word' id='word_1_562' title='bbox 1143 5451 1280 5508; x_wconf 91' lang='lat' dir='ltr'><strong>Eum</strong></span> <span class='ocrx_word' id='word_1_563' title='bbox 1312 5467 1524 5523; x_wconf 84' lang='lat' dir='ltr'><strong>quoque</strong></span> <span class='ocrx_word' id='word_1_564' title='bbox 1556 5445 1785 5519; x_wconf 78' lang='lat' dir='ltr'><strong>morem,</strong></span> 
     </span>
    </p>
   </div>
   <div class='ocr_carea' id='block_1_78' title="bbox 185 5520 1790 5590">
    <p class='ocr_par' dir='ltr' id='par_1_78' title="bbox 185 5520 1790 5590">
     <span class='ocr_line' id='line_1_78' title="bbox 185 5520 1790 5590; baseline 0.003 -17"><span class='ocrx_word' id='word_1_565' title='bbox 185 5533 293 5590; x_wconf 84' lang='lat' dir='ltr'><strong>quo</strong></span> <span class='ocrx_word' id='word_1_566' title='bbox 340 5520 537 5590; x_wconf 87' lang='lat' dir='ltr'><strong>synodi</strong></span> <span class='ocrx_word' id='word_1_567' title='bbox 584 5520 799 5578; x_wconf 83' lang='lat' dir='ltr'><strong>decreta</strong></span> <span class='ocrx_word' id='word_1_568' title='bbox 854 5522 1073 5577; x_wconf 91' lang='lat' dir='ltr'><strong>nomine</strong></span> <span class='ocrx_word' id='word_1_569' title='bbox 1120 5539 1220 5579; x_wconf 90' lang='lat' dir='ltr'><strong>suo</strong></span> <span class='ocrx_word' id='word_1_570' title='bbox 1267 5520 1485 5579; x_wconf 83' lang='lat' dir='ltr'><strong>mittere</strong></span> <span class='ocrx_word' id='word_1_571' title='bbox 1544 5538 1608 5579; x_wconf 90' lang='lat' dir='ltr'><strong>ac</strong></span> <span class='ocrx_word' id='word_1_572' title='bbox 1662 5534 1790 5579; x_wconf 90' lang='lat' dir='ltr'><strong>nota</strong></span> 
     </span>
    </p>
   </div>
   <div class='ocr_carea' id='block_1_79' title="bbox 186 5588 1792 5663">
    <p class='ocr_par' dir='ltr' id='par_1_79' title="bbox 186 5588 1792 5663">
     <span class='ocr_line' id='line_1_79' title="bbox 186 5588 1792 5663; baseline 0.004 -20"><span class='ocrx_word' id='word_1_573' title='bbox 186 5588 387 5663; x_wconf 76' lang='lat' dir='ltr'><strong>facere</strong></span> <span class='ocrx_word' id='word_1_574' title='bbox 417 5589 580 5647; x_wconf 91' lang='lat' dir='ltr'><strong>iidem</strong></span> <span class='ocrx_word' id='word_1_575' title='bbox 627 5592 909 5663; x_wconf 80' lang='lat' dir='ltr'><strong>pontiﬁces</strong></span> <span class='ocrx_word' id='word_1_576' title='bbox 937 5604 1363 5657; x_wconf 84' lang='lat' dir='ltr'><strong>consueverant.</strong></span> <span class='ocrx_word' id='word_1_577' title='bbox 1409 5592 1589 5650; x_wconf 82' lang='lat' dir='ltr'><strong>firmat</strong></span> <span class='ocrx_word' id='word_1_578' title='bbox 1622 5594 1792 5650; x_wconf 86' lang='lat' dir='ltr'><strong>Atha-</strong></span> 
     </span>
    </p>
   </div>
   <div class='ocr_carea' id='block_1_80' title="bbox 187 5662 1794 5739">
    <p class='ocr_par' dir='ltr' id='par_1_80' title="bbox 187 5662 1794 5739">
     <span class='ocr_line' id='line_1_80' title="bbox 187 5662 1794 5739; baseline 0.003 -22"><span class='ocrx_word' id='word_1_579' title='bbox 187 5662 409 5739; x_wconf 74' lang='lat' dir='ltr'><strong>nasius,</strong></span> <span class='ocrx_word' id='word_1_580' title='bbox 458 5678 579 5739; x_wconf 79' lang='lat' dir='ltr'><strong>cum</strong></span> <span class='ocrx_word' id='word_1_581' title='bbox 612 5662 816 5739; x_wconf 78' lang='lat' dir='ltr'><strong>litteras</strong></span> <span class='ocrx_word' id='word_1_582' title='bbox 859 5664 926 5739; x_wconf 88' lang='lat' dir='ltr'><strong>ad</strong></span> <span class='ocrx_word' id='word_1_583' title='bbox 964 5666 1372 5739; x_wconf 82' lang='lat' dir='ltr'><strong>alexandrinum</strong></span> <span class='ocrx_word' id='word_1_584' title='bbox 1418 5667 1733 5739; x_wconf 87' lang='lat' dir='ltr'><strong>episcopum</strong></span> <span class='ocrx_word' id='word_1_585' title='bbox 1763 5681 1794 5722; x_wconf 93' lang='lat' dir='ltr'><strong>e</strong></span> 
     </span>
    </p>
   </div>
   <div class='ocr_carea' id='block_1_81' title="bbox 185 5732 1401 5807">
    <p class='ocr_par' dir='ltr' id='par_1_81' title="bbox 185 5732 1401 5807">
     <span class='ocr_line' id='line_1_81' title="bbox 185 5732 1401 5807; baseline 0.005 -22"><span class='ocrx_word' id='word_1_586' title='bbox 185 5732 408 5807; x_wconf 75' lang='lat' dir='ltr'><strong>synon</strong></span> <span class='ocrx_word' id='word_1_587' title='bbox 431 5734 642 5807; x_wconf 54' lang='lat' dir='ltr'><strong>missas</strong></span> <span class='ocrx_word' id='word_1_588' title='bbox 658 5737 913 5806; x_wconf 88' lang='lat' dir='ltr'><strong>Dionysio</strong></span> <span class='ocrx_word' id='word_1_589' title='bbox 945 5753 1096 5807; x_wconf 77' lang='lat' dir='ltr'><strong>papa:</strong></span> <span class='ocrx_word' id='word_1_590' title='bbox 1120 5738 1401 5793; x_wconf 86' lang='lat' dir='ltr'><strong>adscribit.</strong></span> 
     </span>
    </p>
   </div>
   <div class='ocr_carea' id='block_1_82' title="bbox 257 5803 1795 5933">
    <p class='ocr_par' dir='ltr' id='par_1_82' title="bbox 257 5803 1795 5933">
     <span class='ocr_line' id='line_1_82' title="bbox 257 5803 1795 5933; baseline 0.004 -74"><span class='ocrx_word' id='word_1_591' title='bbox 257 5803 578 5933; x_wconf 41' lang='lat' dir='ltr'><strong>(iéVidesis</strong></span> <span class='ocrx_word' id='word_1_592' title='bbox 601 5803 915 5874; x_wconf 80' lang='lat' dir='ltr'><strong>Tillembnt,</strong></span> <span class='ocrx_word' id='word_1_593' title='bbox 942 5803 1236 5892; x_wconf 58' lang='lat' dir='ltr'><strong>tliémoires,</strong></span> <span class='ocrx_word' id='word_1_594' title='bbox 1263 5818 1393 5865; x_wconf 93' lang='lat' dir='ltr'><strong>tom.</strong></span> <span class='ocrx_word' id='word_1_595' title='bbox 1419 5824 1643 5894; x_wconf 29' lang='lat' dir='ltr'><strong>tynpag.</strong></span> <span class='ocrx_word' id='word_1_596' title='bbox 1671 5810 1795 5894; x_wconf 52' lang='grc' dir='ltr'><strong>με,</strong></span> 
     </span>
     <span class='ocr_line' id='line_1_83' title="bbox 257 5876 1792 5933; baseline 0.002 -3"><span class='ocrx_word' id='word_1_597' title='bbox 257 5891 281 5930; x_wconf 87' lang='grc' dir='ltr'>ι·</span> <span class='ocrx_word' id='word_1_598' title='bbox 362 5917 375 5930; x_wconf 93' lang='grc'><em>.</em></span> <span class='ocrx_word' id='word_1_599' title='bbox 410 5876 607 5933; x_wconf 87' lang='lat' dir='ltr'><strong>Dents.</strong></span> <span class='ocrx_word' id='word_1_600' title='bbox 651 5892 828 5933; x_wconf 83' lang='lat' dir='ltr'><strong>naue.</strong></span> <span class='ocrx_word' id='word_1_601' title='bbox 880 5877 1010 5933; x_wconf 86' lang='lat' dir='ltr'><strong>édtt.</strong></span> <span class='ocrx_word' id='word_1_602' title='bbox 1064 5880 1330 5933; x_wconf 80' lang='lat' dir='ltr'><strong>Bruxell.:</strong></span> <span class='ocrx_word' id='word_1_603' title='bbox 1367 5878 1604 5933; x_wconf 83' lang='lat' dir='ltr'><strong>Cetllter.</strong></span> <span class='ocrx_word' id='word_1_604' title='bbox 1656 5880 1792 5933; x_wconf 75' lang='lat' dir='ltr'><strong>Hist.</strong></span> 
     </span>
    </p>
   </div>
   <div class='ocr_carea' id='block_1_83' title="bbox 187 5876 1792 5952">
    <p class='ocr_par' dir='ltr' id='par_1_83' title="bbox 187 5876 1792 5952">
     <span class='ocr_line' id='line_1_84' title="bbox 187 5876 1792 5952; baseline 0.003 -20"><span class='ocrx_word' id='word_1_605' title='bbox 187 5889 281 5952; x_wconf 78' lang='lat' dir='ltr'><strong>sur</strong></span> <span class='ocrx_word' id='word_1_606' title='bbox 311 5876 375 5952; x_wconf 67' lang='grc' dir='ltr'><strong>β.</strong></span> <span class='ocrx_word' id='word_1_607' title='bbox 410 5876 607 5947; x_wconf 89' lang='lat' dir='ltr'><strong>Denis,</strong></span> <span class='ocrx_word' id='word_1_608' title='bbox 651 5892 787 5949; x_wconf 89' lang='lat' dir='ltr'><strong>pape</strong></span> <span class='ocrx_word' id='word_1_609' title='bbox 812 5919 828 5945; x_wconf 93' lang='lat'><strong>,</strong></span> <span class='ocrx_word' id='word_1_610' title='bbox 855 5877 1020 5952; x_wconf 73' lang='lat' dir='ltr'><strong>edit.</strong></span> <span class='ocrx_word' id='word_1_611' title='bbox 1064 5880 1330 5948; x_wconf 85' lang='lat' dir='ltr'><strong>Bruxell.;</strong></span> <span class='ocrx_word' id='word_1_612' title='bbox 1367 5876 1617 5952; x_wconf 52' lang='lat' dir='ltr'><strong>Ceilli&#39;er,‘</strong></span> <span class='ocrx_word' id='word_1_613' title='bbox 1656 5876 1792 5940; x_wconf 74' lang='lat' dir='ltr'><strong>Hist.</strong></span> 
     </span>
    </p>
   </div>
   <div class='ocr_carea' id='block_1_84' title="bbox 190 5948 1293 6028">
    <p class='ocr_par' dir='ltr' id='par_1_84' title="bbox 190 5948 1293 6028">
     <span class='ocr_line' id='line_1_85' title="bbox 190 5948 1293 6028; baseline 0.008 -26"><span class='ocrx_word' id='word_1_614' title='bbox 190 5948 395 6028; x_wconf 75' lang='lat' dir='ltr'><strong>génér.,</strong></span> <span class='ocrx_word' id='word_1_615' title='bbox 427 5957 561 6008; x_wconf 91' lang='lat' dir='ltr'><strong>tom.</strong></span> <span class='ocrx_word' id='word_1_616' title='bbox 596 5948 674 6017; x_wconf 87' lang='grc' dir='ltr'>ιιι,</span> <span class='ocrx_word' id='word_1_617' title='bbox 704 5948 826 6023; x_wconf 85' lang='lat' dir='ltr'><strong>pag.</strong></span> <span class='ocrx_word' id='word_1_618' title='bbox 851 5951 979 6019; x_wconf 75' lang='lat'><strong>527,</strong></span> <span class='ocrx_word' id='word_1_619' title='bbox 1009 5951 1064 6008; x_wconf 93' lang='lat' dir='ltr'><strong>in</strong></span> <span class='ocrx_word' id='word_1_620' title='bbox 1095 5961 1209 6011; x_wconf 87' lang='lat' dir='ltr'><strong>not.</strong></span> <span class='ocrx_word' id='word_1_621' title='bbox 1241 5969 1293 6011; x_wconf 90' lang='lat' dir='ltr'><strong>a.</strong></span> 
     </span>
    </p>
   </div>
   <div class='ocr_carea' id='block_1_85' title="bbox 642 6044 1044 6111">
    <p class='ocr_par' dir='ltr' id='par_1_85' title="bbox 642 6044 1044 6111">
     <span class='ocr_line' id='line_1_86' title="bbox 642 6044 1044 6111; baseline 0 0"><span class='ocrx_word' id='word_1_622' title='bbox 642 6044 918 6111; x_wconf 62' lang='lat' dir='ltr'><strong>Parnm.</strong></span> <span class='ocrx_word' id='word_1_623' title='bbox 964 6044 1044 6111; x_wconf 85' lang='lat' dir='ltr'><strong>V.</strong></span> 
     </span>
    </p>
   </div>
   <div class='ocr_carea' id='block_1_86' title="bbox 1898 2012 3513 2095">
    <p class='ocr_par' dir='ltr' id='par_1_86' title="bbox 1898 2012 3513 2095">
     <span class='ocr_line' id='line_1_87' title="bbox 1898 2012 3513 2095; baseline 0.009 -28"><span class='ocrx_word' id='word_1_624' title='bbox 1898 2012 2322 2071; x_wconf 80' lang='lat' dir='ltr'><strong>Alexandrinum</strong></span> <span class='ocrx_word' id='word_1_625' title='bbox 2370 2017 2592 2073; x_wconf 88' lang='lat' dir='ltr'><strong>minime</strong></span> <span class='ocrx_word' id='word_1_626' title='bbox 2641 2022 2900 2076; x_wconf 86' lang='lat' dir='ltr'><strong>convenit</strong></span> <span class='ocrx_word' id='word_1_627' title='bbox 2946 2022 3175 2079; x_wconf 84' lang='lat' dir='ltr'><strong>subnexi</strong></span> <span class='ocrx_word' id='word_1_628' title='bbox 3222 2022 3513 2095; x_wconf 82' lang='lat' dir='ltr'><strong>fragmenti</strong></span> 
     </span>
    </p>
   </div>
   <div class='ocr_carea' id='block_1_87' title="bbox 1897 2105 3509 2181">
    <p class='ocr_par' dir='ltr' id='par_1_87' title="bbox 1897 2105 3509 2181">
     <span class='ocr_line' id='line_1_88' title="bbox 1897 2105 3509 2181; baseline 0.009 -22"><span class='ocrx_word' id='word_1_629' title='bbox 1897 2105 2201 2173; x_wconf 84' lang='lat' dir='ltr'><strong>exordium,</strong></span> <span class='ocrx_word' id='word_1_630' title='bbox 2233 2107 2287 2162; x_wconf 91' lang='lat' dir='ltr'><strong>in</strong></span> <span class='ocrx_word' id='word_1_631' title='bbox 2314 2123 2420 2179; x_wconf 91' lang='lat' dir='ltr'><strong>quo</strong></span> <span class='ocrx_word' id='word_1_632' title='bbox 2456 2109 2743 2181; x_wconf 89' lang='lat' dir='ltr'><strong>Dionysius</strong></span> <span class='ocrx_word' id='word_1_633' title='bbox 2771 2112 3048 2169; x_wconf 81' lang='lat' dir='ltr'><strong>Romanus</strong></span> <span class='ocrx_word' id='word_1_634' title='bbox 3071 2123 3182 2170; x_wconf 90' lang='lat' dir='ltr'><strong>tres</strong></span> <span class='ocrx_word' id='word_1_635' title='bbox 3216 2115 3455 2174; x_wconf 90' lang='lat' dir='ltr'><strong>Deitates</strong></span> <span class='ocrx_word' id='word_1_636' title='bbox 3475 2133 3509 2173; x_wconf 90' lang='lat' dir='ltr'><strong>a</strong></span> 
     </span>
    </p>
   </div>
   <div class='ocr_carea' id='block_1_88' title="bbox 1896 2197 3508 2279">
    <p class='ocr_par' dir='ltr' id='par_1_88' title="bbox 1896 2197 3508 2279">
     <span class='ocr_line' id='line_1_89' title="bbox 1896 2197 3508 2279; baseline 0.009 -29"><span class='ocrx_word' id='word_1_637' title='bbox 1896 2197 2221 2268; x_wconf 88' lang='lat' dir='ltr'><strong>quibusdam</strong></span> <span class='ocrx_word' id='word_1_638' title='bbox 2252 2199 2430 2257; x_wconf 87' lang='lat' dir='ltr'><strong>induci</strong></span> <span class='ocrx_word' id='word_1_639' title='bbox 2457 2202 2737 2272; x_wconf 84' lang='lat' dir='ltr'><strong>praefatus,</strong></span> <span class='ocrx_word' id='word_1_640' title='bbox 2760 2206 2942 2262; x_wconf 90' lang='lat' dir='ltr'><strong>statim</strong></span> <span class='ocrx_word' id='word_1_641' title='bbox 2970 2206 3211 2279; x_wconf 90' lang='lat' dir='ltr'><strong>adjungit</strong></span> <span class='ocrx_word' id='word_1_642' title='bbox 3238 2227 3250 2264; x_wconf 93' lang='lat'><strong>:</strong></span> <span class='ocrx_word' id='word_1_643' title='bbox 3281 2228 3300 2261; x_wconf 87' lang='grc'><strong>‹</strong></span> <span class='ocrx_word' id='word_1_644' title='bbox 3331 2209 3508 2265; x_wconf 88' lang='lat' dir='ltr'><strong>Audio</strong></span> 
     </span>
    </p>
   </div>
   <div class='ocr_carea' id='block_1_89' title="bbox 1895 2290 3507 2373">
    <p class='ocr_par' dir='ltr' id='par_1_89' title="bbox 1895 2290 3507 2373">
     <span class='ocr_line' id='line_1_90' title="bbox 1895 2290 3507 2373; baseline 0.008 -29"><span class='ocrx_word' id='word_1_645' title='bbox 1895 2290 2041 2344; x_wconf 88' lang='lat' dir='ltr'><strong>enim</strong></span> <span class='ocrx_word' id='word_1_646' title='bbox 2072 2291 2335 2361; x_wconf 91' lang='lat' dir='ltr'><strong>quosdam</strong></span> <span class='ocrx_word' id='word_1_647' title='bbox 2355 2335 2367 2357; x_wconf 90' lang='lat'><strong>,</strong></span> <span class='ocrx_word' id='word_1_648' title='bbox 2399 2294 2489 2364; x_wconf 91' lang='lat' dir='ltr'><strong>qui</strong></span> <span class='ocrx_word' id='word_1_649' title='bbox 2520 2294 2766 2350; x_wconf 89' lang='lat' dir='ltr'><strong>divinum</strong></span> <span class='ocrx_word' id='word_1_650' title='bbox 2796 2295 3033 2353; x_wconf 79' lang='lat' dir='ltr'><strong>Verbum</strong></span> <span class='ocrx_word' id='word_1_651' title='bbox 3064 2299 3205 2370; x_wconf 90' lang='lat' dir='ltr'><strong>apud</strong></span> <span class='ocrx_word' id='word_1_652' title='bbox 3235 2315 3333 2355; x_wconf 88' lang='lat' dir='ltr'><strong>vos</strong></span> <span class='ocrx_word' id='word_1_653' title='bbox 3362 2317 3507 2373; x_wconf 78' lang='lat' dir='ltr'><strong>prte-</strong></span> 
     </span>
    </p>
   </div>
   <div class='ocr_carea' id='block_1_90' title="bbox 1896 2381 3498 2463">
    <p class='ocr_par' dir='ltr' id='par_1_90' title="bbox 1896 2381 3498 2463">
     <span class='ocr_line' id='line_1_91' title="bbox 1896 2381 3498 2463; baseline 0.008 -27"><span class='ocrx_word' id='word_1_654' title='bbox 1896 2381 2106 2448; x_wconf 91' lang='lat' dir='ltr'><strong>dicant,</strong></span> <span class='ocrx_word' id='word_1_655' title='bbox 2139 2392 2194 2439; x_wconf 89' lang='lat' dir='ltr'><strong>et</strong></span> <span class='ocrx_word' id='word_1_656' title='bbox 2222 2384 2451 2452; x_wconf 86' lang='lat' dir='ltr'><strong>docent,</strong></span> <span class='ocrx_word' id='word_1_657' title='bbox 2488 2386 2648 2458; x_wconf 87' lang='lat' dir='ltr'><strong>hujus</strong></span> <span class='ocrx_word' id='word_1_658' title='bbox 2676 2390 2947 2459; x_wconf 86' lang='lat' dir='ltr'><strong>opinionis</strong></span> <span class='ocrx_word' id='word_1_659' title='bbox 2975 2394 3262 2463; x_wconf 86' lang='lat' dir='ltr'><strong>magistros</strong></span> <span class='ocrx_word' id='word_1_660' title='bbox 3291 2407 3435 2449; x_wconf 89' lang='lat' dir='ltr'><strong>esse.</strong></span> <span class='ocrx_word' id='word_1_661' title='bbox 3478 2414 3498 2449; x_wconf 76' lang='grc' dir='ltr'><strong>ι</strong></span> 
     </span>
    </p>
   </div>
   <div class='ocr_carea' id='block_1_91' title="bbox 1894 2474 3506 2556">
    <p class='ocr_par' dir='ltr' id='par_1_91' title="bbox 1894 2474 3506 2556">
     <span class='ocr_line' id='line_1_92' title="bbox 1894 2474 3506 2556; baseline 0.007 -25"><span class='ocrx_word' id='word_1_662' title='bbox 1894 2474 2010 2531; x_wconf 87' lang='grc' dir='ltr'>Νοιι</span> <span class='ocrx_word' id='word_1_663' title='bbox 2038 2477 2181 2533; x_wconf 91' lang='lat' dir='ltr'><strong>enim</strong></span> <span class='ocrx_word' id='word_1_664' title='bbox 2215 2478 2261 2533; x_wconf 92' lang='lat' dir='ltr'><strong>is</strong></span> <span class='ocrx_word' id='word_1_665' title='bbox 2289 2479 2523 2534; x_wconf 91' lang='lat' dir='ltr'><strong>amicum</strong></span> <span class='ocrx_word' id='word_1_666' title='bbox 2554 2482 2704 2552; x_wconf 84' lang='lat' dir='ltr'><strong>vagis</strong></span> <span class='ocrx_word' id='word_1_667' title='bbox 2734 2498 2797 2538; x_wconf 92' lang='lat' dir='ltr'><strong>ac</strong></span> <span class='ocrx_word' id='word_1_668' title='bbox 2821 2484 3168 2554; x_wconf 82' lang='lat' dir='ltr'><strong>generalibus</strong></span> <span class='ocrx_word' id='word_1_669' title='bbox 3195 2486 3506 2556; x_wconf 86' lang='lat' dir='ltr'><strong>hujusmodi</strong></span> 
     </span>
    </p>
   </div>
   <div class='ocr_carea' id='block_1_92' title="bbox 1895 2568 3503 2646">
    <p class='ocr_par' dir='ltr' id='par_1_92' title="bbox 1895 2568 3503 2646">
     <span class='ocr_line' id='line_1_93' title="bbox 1895 2568 3503 2646; baseline 0.009 -24"><span class='ocrx_word' id='word_1_670' title='bbox 1895 2568 2074 2624; x_wconf 87' lang='lat' dir='ltr'><strong>verbis</strong></span> <span class='ocrx_word' id='word_1_671' title='bbox 2111 2571 2396 2642; x_wconf 81' lang='lat' dir='ltr'><strong>arguebat,</strong></span> <span class='ocrx_word' id='word_1_672' title='bbox 2426 2573 2521 2627; x_wconf 88' lang='lat' dir='ltr'><strong>sed</strong></span> <span class='ocrx_word' id='word_1_673' title='bbox 2560 2574 2827 2644; x_wconf 89' lang='lat' dir='ltr'><strong>speciales</strong></span> <span class='ocrx_word' id='word_1_674' title='bbox 2861 2577 2962 2646; x_wconf 91' lang='lat' dir='ltr'><strong>ipsi</strong></span> <span class='ocrx_word' id='word_1_675' title='bbox 2995 2578 3244 2635; x_wconf 85' lang='lat' dir='ltr'><strong>mittebat</strong></span> <span class='ocrx_word' id='word_1_676' title='bbox 3278 2590 3503 2636; x_wconf 86' lang='lat' dir='ltr'><strong>senten-</strong></span> 
     </span>
    </p>
   </div>
   <div class='ocr_carea' id='block_1_93' title="bbox 1896 2660 3505 2744">
    <p class='ocr_par' dir='ltr' id='par_1_93' title="bbox 1896 2660 3505 2744">
     <span class='ocr_line' id='line_1_94' title="bbox 1896 2660 3505 2744; baseline 0.009 -30"><span class='ocrx_word' id='word_1_677' title='bbox 1896 2660 1997 2716; x_wconf 89' lang='lat' dir='ltr'><strong>tias</strong></span> <span class='ocrx_word' id='word_1_678' title='bbox 2023 2675 2090 2717; x_wconf 86' lang='lat' dir='ltr'><strong>ex</strong></span> <span class='ocrx_word' id='word_1_679' title='bbox 2114 2663 2333 2733; x_wconf 87' lang='lat' dir='ltr'><strong>scriptis</strong></span> <span class='ocrx_word' id='word_1_680' title='bbox 2364 2664 2508 2719; x_wconf 91' lang='lat' dir='ltr'><strong>illius</strong></span> <span class='ocrx_word' id='word_1_681' title='bbox 2537 2680 2846 2738; x_wconf 84' lang='lat' dir='ltr'><strong>excerptas,</strong></span> <span class='ocrx_word' id='word_1_682' title='bbox 2875 2681 2931 2725; x_wconf 92' lang='lat' dir='ltr'><strong>et</strong></span> <span class='ocrx_word' id='word_1_683' title='bbox 2960 2679 3021 2725; x_wconf 90' lang='lat' dir='ltr'><strong>ut</strong></span> <span class='ocrx_word' id='word_1_684' title='bbox 3048 2685 3144 2727; x_wconf 90' lang='lat' dir='ltr'><strong>eas</strong></span> <span class='ocrx_word' id='word_1_685' title='bbox 3165 2672 3505 2744; x_wconf 80' lang='lat' dir='ltr'><strong>explanaret,</strong></span> 
     </span>
    </p>
   </div>
   <div class='ocr_carea' id='block_1_94' title="bbox 1893 2755 2238 2812">
    <p class='ocr_par' dir='ltr' id='par_1_94' title="bbox 1893 2755 2238 2812">
     <span class='ocr_line' id='line_1_95' title="bbox 1893 2755 2238 2812; baseline 0.003 -3"><span class='ocrx_word' id='word_1_686' title='bbox 1893 2755 2238 2812; x_wconf 87' lang='lat' dir='ltr'><strong>admonebat.</strong></span> 
     </span>
    </p>
   </div>
   <div class='ocr_carea' id='block_1_95' title="bbox 1964 2846 3499 2930">
    <p class='ocr_par' dir='ltr' id='par_1_95' title="bbox 1964 2846 3499 2930">
     <span class='ocr_line' id='line_1_96' title="bbox 1964 2846 3499 2930; baseline 0.009 -27"><span class='ocrx_word' id='word_1_687' title='bbox 1964 2849 2216 2919; x_wconf 79' lang='lat' dir='ltr'><strong>Epistola:</strong></span> <span class='ocrx_word' id='word_1_688' title='bbox 2231 2866 2265 2906; x_wconf 86' lang='grc' dir='ltr'><strong>ιι</strong></span> <span class='ocrx_word' id='word_1_689' title='bbox 2284 2849 2331 2923; x_wconf 80' lang='lat' dir='ltr'><strong>(i</strong></span> <span class='ocrx_word' id='word_1_690' title='bbox 2347 2850 2388 2923; x_wconf 90' lang='lat'><strong>),</strong></span> <span class='ocrx_word' id='word_1_691' title='bbox 2406 2870 2495 2909; x_wconf 83' lang='lat' dir='ltr'><strong>seu</strong></span> <span class='ocrx_word' id='word_1_692' title='bbox 2525 2856 2694 2926; x_wconf 86' lang='lat' dir='ltr'><strong>aperis</strong></span> <span class='ocrx_word' id='word_1_693' title='bbox 2711 2854 2947 2929; x_wconf 77' lang='lat' dir='ltr'><strong>Dionysii</strong></span> <span class='ocrx_word' id='word_1_694' title='bbox 2962 2874 3111 2930; x_wconf 72' lang='lat' dir='ltr'><strong>papa:</strong></span> <span class='ocrx_word' id='word_1_695' title='bbox 3131 2846 3373 2918; x_wconf 74' lang='lat' dir='ltr'><strong>adversus</strong></span> <span class='ocrx_word' id='word_1_696' title='bbox 3394 2863 3499 2919; x_wconf 83' lang='lat' dir='ltr'><strong>Sa-</strong></span> 
     </span>
    </p>
   </div>
   <div class='ocr_carea' id='block_1_96' title="bbox 1892 2942 3502 3024">
    <p class='ocr_par' dir='ltr' id='par_1_96' title="bbox 1892 2942 3502 3024">
     <span class='ocr_line' id='line_1_97' title="bbox 1892 2942 3502 3024; baseline 0.01 -29"><span class='ocrx_word' id='word_1_697' title='bbox 1892 2942 2140 2998; x_wconf 84' lang='lat' dir='ltr'><strong>beltianos</strong></span> <span class='ocrx_word' id='word_1_698' title='bbox 2196 2942 2502 3015; x_wconf 84' lang='lat' dir='ltr'><strong>Fragmenti</strong></span> <span class='ocrx_word' id='word_1_699' title='bbox 2546 2948 2746 3003; x_wconf 85' lang='lat' dir='ltr'><strong>notitia.</strong></span> <span class='ocrx_word' id='word_1_700' title='bbox 2780 2980 2850 2988; x_wconf 89' lang='lat'><strong>—</strong></span> <span class='ocrx_word' id='word_1_701' title='bbox 2884 2950 3099 3021; x_wconf 86' lang='lat' dir='ltr'><strong>Insigne</strong></span> <span class='ocrx_word' id='word_1_702' title='bbox 3142 2951 3502 3024; x_wconf 79' lang='lat' dir='ltr'><strong>fragmentum</strong></span> 
     </span>
    </p>
   </div>
   <div class='ocr_carea' id='block_1_97' title="bbox 1892 3034 3504 3116">
    <p class='ocr_par' dir='ltr' id='par_1_97' title="bbox 1892 3034 3504 3116">
     <span class='ocr_line' id='line_1_98' title="bbox 1892 3034 3504 3116; baseline 0.008 -26"><span class='ocrx_word' id='word_1_703' title='bbox 1892 3034 2152 3106; x_wconf 59' lang='lat' dir='ltr'><strong>Epistolas</strong></span> <span class='ocrx_word' id='word_1_704' title='bbox 2218 3047 2405 3093; x_wconf 90' lang='lat' dir='ltr'><strong>contra</strong></span> <span class='ocrx_word' id='word_1_705' title='bbox 2469 3038 2794 3095; x_wconf 89' lang='lat' dir='ltr'><strong>sabellianos</strong></span> <span class='ocrx_word' id='word_1_706' title='bbox 2850 3057 2881 3097; x_wconf 90' lang='lat' dir='ltr'><strong>a</strong></span> <span class='ocrx_word' id='word_1_707' title='bbox 2935 3042 3193 3116; x_wconf 90' lang='lat' dir='ltr'><strong>Dionysio</strong></span> <span class='ocrx_word' id='word_1_708' title='bbox 3256 3045 3504 3103; x_wconf 81' lang='lat' dir='ltr'><strong>Romano</strong></span> 
     </span>
    </p>
   </div>
   <div class='ocr_carea' id='block_1_98' title="bbox 1890 3128 3499 3206">
    <p class='ocr_par' dir='ltr' id='par_1_98' title="bbox 1890 3128 3499 3206">
     <span class='ocr_line' id='line_1_99' title="bbox 1890 3128 3499 3206; baseline 0.008 -22"><span class='ocrx_word' id='word_1_709' title='bbox 1890 3139 2122 3185; x_wconf 69' lang='lat' dir='ltr'><strong>exarata:</strong></span> <span class='ocrx_word' id='word_1_710' title='bbox 2161 3128 2420 3186; x_wconf 91' lang='lat' dir='ltr'><strong>debemus</strong></span> <span class='ocrx_word' id='word_1_711' title='bbox 2470 3132 2801 3201; x_wconf 84' lang='lat' dir='ltr'><strong>Athanasio,</strong></span> <span class='ocrx_word' id='word_1_712' title='bbox 2836 3148 2866 3188; x_wconf 90' lang='lat' dir='ltr'><strong>a</strong></span> <span class='ocrx_word' id='word_1_713' title='bbox 2905 3149 3013 3204; x_wconf 93' lang='lat' dir='ltr'><strong>quo</strong></span> <span class='ocrx_word' id='word_1_714' title='bbox 3052 3135 3107 3190; x_wconf 87' lang='lat' dir='ltr'><strong>in</strong></span> <span class='ocrx_word' id='word_1_715' title='bbox 3155 3136 3399 3206; x_wconf 87' lang='lat' dir='ltr'><strong>Epistola</strong></span> <span class='ocrx_word' id='word_1_716' title='bbox 3430 3139 3499 3197; x_wconf 90' lang='lat' dir='ltr'><strong>de</strong></span> 
     </span>
    </p>
   </div>
   <div class='ocr_carea' id='block_1_99' title="bbox 1892 3223 3502 3303">
    <p class='ocr_par' dir='ltr' id='par_1_99' title="bbox 1892 3223 3502 3303">
     <span class='ocr_line' id='line_1_100' title="bbox 1892 3223 3502 3303; baseline 0.004 -23"><span class='ocrx_word' id='word_1_717' title='bbox 1892 3223 2136 3280; x_wconf 89' lang='lat' dir='ltr'><strong>Decretis</strong></span> <span class='ocrx_word' id='word_1_718' title='bbox 2167 3224 2389 3281; x_wconf 84' lang='lat' dir='ltr'><strong>nicacnae</strong></span> <span class='ocrx_word' id='word_1_719' title='bbox 2435 3224 2626 3297; x_wconf 89' lang='lat' dir='ltr'><strong>synodi</strong></span> <span class='ocrx_word' id='word_1_720' title='bbox 2670 3242 2819 3281; x_wconf 91' lang='lat' dir='ltr'><strong>num.</strong></span> <span class='ocrx_word' id='word_1_721' title='bbox 2846 3224 2938 3294; x_wconf 77' lang='grc'><strong>26,</strong></span> <span class='ocrx_word' id='word_1_722' title='bbox 2971 3228 3051 3282; x_wconf 91' lang='lat' dir='ltr'><strong>sic</strong></span> <span class='ocrx_word' id='word_1_723' title='bbox 3092 3228 3343 3285; x_wconf 89' lang='lat' dir='ltr'><strong>laudatur</strong></span> <span class='ocrx_word' id='word_1_724' title='bbox 3373 3228 3454 3303; x_wconf 77' lang='lat'><strong>(2)</strong></span> <span class='ocrx_word' id='word_1_725' title='bbox 3483 3249 3502 3286; x_wconf 84' lang='lat'><strong>:</strong></span> 
     </span>
    </p>
   </div>
   <div class='ocr_carea' id='block_1_100' title="bbox 1816 3306 3500 3390">
    <p class='ocr_par' dir='ltr' id='par_1_100' title="bbox 1816 3306 3500 3390">
     <span class='ocr_line' id='line_1_101' title="bbox 1816 3306 3500 3390; baseline 0.004 -18"><span class='ocrx_word' id='word_1_726' title='bbox 1816 3306 1864 3372; x_wconf 89' lang='lat' dir='ltr'>C</span> <span class='ocrx_word' id='word_1_727' title='bbox 1902 3336 1921 3369; x_wconf 78' lang='grc' dir='ltr'><strong>ι</strong></span> <span class='ocrx_word' id='word_1_728' title='bbox 1958 3317 2242 3390; x_wconf 90' lang='lat' dir='ltr'><strong>Dionysius</strong></span> <span class='ocrx_word' id='word_1_729' title='bbox 2263 3332 2478 3388; x_wconf 88' lang='lat' dir='ltr'><strong>quoque</strong></span> <span class='ocrx_word' id='word_1_730' title='bbox 2502 3317 2690 3373; x_wconf 83' lang='lat' dir='ltr'><strong>Romae</strong></span> <span class='ocrx_word' id='word_1_731' title='bbox 2710 3319 3012 3389; x_wconf 88' lang='lat' dir='ltr'><strong>Episcopus</strong></span> <span class='ocrx_word' id='word_1_732' title='bbox 3041 3320 3284 3376; x_wconf 90' lang='lat' dir='ltr'><strong>scribens</strong></span> <span class='ocrx_word' id='word_1_733' title='bbox 3309 3332 3500 3379; x_wconf 91' lang='lat' dir='ltr'><strong>contra</strong></span> 
     </span>
    </p>
   </div>
   <div class='ocr_carea' id='block_1_101' title="bbox 1889 3409 3501 3484">
    <p class='ocr_par' dir='ltr' id='par_1_101' title="bbox 1889 3409 3501 3484">
     <span class='ocr_line' id='line_1_102' title="bbox 1889 3409 3501 3484; baseline 0.004 -18"><span class='ocrx_word' id='word_1_734' title='bbox 1889 3409 2236 3476; x_wconf 82' lang='lat' dir='ltr'><strong>sabellianos,</strong></span> <span class='ocrx_word' id='word_1_735' title='bbox 2269 3409 2533 3465; x_wconf 90' lang='lat' dir='ltr'><strong>adversus</strong></span> <span class='ocrx_word' id='word_1_736' title='bbox 2564 3410 2707 3475; x_wconf 89' lang='lat' dir='ltr'><strong>illos,</strong></span> <span class='ocrx_word' id='word_1_737' title='bbox 2742 3411 2834 3481; x_wconf 91' lang='lat' dir='ltr'><strong>qui</strong></span> <span class='ocrx_word' id='word_1_738' title='bbox 2868 3410 3065 3465; x_wconf 91' lang='lat' dir='ltr'><strong>talia...</strong></span> <span class='ocrx_word' id='word_1_739' title='bbox 3101 3412 3331 3484; x_wconf 87' lang='lat' dir='ltr'><strong>(scilicet</strong></span> <span class='ocrx_word' id='word_1_740' title='bbox 3358 3414 3501 3472; x_wconf 81' lang='lat' dir='ltr'><strong>Ver-</strong></span> 
     </span>
    </p>
   </div>
   <div class='ocr_carea' id='block_1_102' title="bbox 1890 3501 3503 3575">
    <p class='ocr_par' dir='ltr' id='par_1_102' title="bbox 1890 3501 3503 3575">
     <span class='ocr_line' id='line_1_103' title="bbox 1890 3501 3503 3575; baseline 0.004 -17"><span class='ocrx_word' id='word_1_741' title='bbox 1890 3502 2015 3558; x_wconf 89' lang='lat' dir='ltr'><strong>bum</strong></span> <span class='ocrx_word' id='word_1_742' title='bbox 2044 3502 2242 3559; x_wconf 90' lang='lat' dir='ltr'><strong>factum</strong></span> <span class='ocrx_word' id='word_1_743' title='bbox 2289 3511 2346 3558; x_wconf 90' lang='lat' dir='ltr'><strong>et</strong></span> <span class='ocrx_word' id='word_1_744' title='bbox 2387 3512 2633 3558; x_wconf 89' lang='lat' dir='ltr'><strong>creatum</strong></span> <span class='ocrx_word' id='word_1_745' title='bbox 2662 3501 2806 3575; x_wconf 89' lang='lat' dir='ltr'><strong>esse)</strong></span> <span class='ocrx_word' id='word_1_746' title='bbox 2847 3502 3049 3558; x_wconf 90' lang='lat' dir='ltr'><strong>audent</strong></span> <span class='ocrx_word' id='word_1_747' title='bbox 3089 3502 3305 3573; x_wconf 90' lang='lat' dir='ltr'><strong>dicere,</strong></span> <span class='ocrx_word' id='word_1_748' title='bbox 3358 3507 3503 3564; x_wconf 88' lang='lat' dir='ltr'><strong>indi-</strong></span> 
     </span>
    </p>
   </div>
   <div class='ocr_carea' id='block_1_103' title="bbox 1885 3595 3499 3668">
    <p class='ocr_par' dir='ltr' id='par_1_103' title="bbox 1885 3595 3499 3668">
     <span class='ocr_line' id='line_1_104' title="bbox 1885 3595 3499 3668; baseline 0.002 -16"><span class='ocrx_word' id='word_1_749' title='bbox 1885 3605 2080 3668; x_wconf 87' lang='lat' dir='ltr'><strong>gnatur</strong></span> <span class='ocrx_word' id='word_1_750' title='bbox 2129 3595 2214 3651; x_wconf 88' lang='lat' dir='ltr'><strong>his</strong></span> <span class='ocrx_word' id='word_1_751' title='bbox 2252 3596 2451 3652; x_wconf 90' lang='lat' dir='ltr'><strong>verbis.</strong></span> <span class='ocrx_word' id='word_1_752' title='bbox 2499 3615 2517 3648; x_wconf 79' lang='grc' dir='ltr'><strong>ι</strong></span> <span class='ocrx_word' id='word_1_753' title='bbox 2552 3595 2633 3650; x_wconf 86' lang='lat' dir='ltr'><strong>Ex</strong></span> <span class='ocrx_word' id='word_1_754' title='bbox 2678 3610 2747 3652; x_wconf 91' lang='lat' dir='ltr'><strong>eo</strong></span> <span class='ocrx_word' id='word_1_755' title='bbox 2797 3610 2963 3667; x_wconf 87' lang='lat' dir='ltr'><strong>opere</strong></span> <span class='ocrx_word' id='word_1_756' title='bbox 3011 3608 3329 3668; x_wconf 81' lang='lat' dir='ltr'><strong>excerptum</strong></span> <span class='ocrx_word' id='word_1_757' title='bbox 3379 3610 3499 3667; x_wconf 88' lang='lat' dir='ltr'><strong>est,</strong></span> 
     </span>
    </p>
   </div>
   <div class='ocr_carea' id='block_1_104' title="bbox 1885 3688 3499 3765">
    <p class='ocr_par' dir='ltr' id='par_1_104' title="bbox 1885 3688 3499 3765">
     <span class='ocr_line' id='line_1_105' title="bbox 1885 3688 3499 3765; baseline 0.002 -21"><span class='ocrx_word' id='word_1_758' title='bbox 1885 3690 2030 3762; x_wconf 91' lang='lat' dir='ltr'><strong>quod</strong></span> <span class='ocrx_word' id='word_1_759' title='bbox 2054 3690 2195 3746; x_wconf 90' lang='lat' dir='ltr'><strong>idem</strong></span> <span class='ocrx_word' id='word_1_760' title='bbox 2218 3690 2562 3755; x_wconf 88' lang='lat' dir='ltr'><strong>Athanasius,</strong></span> <span class='ocrx_word' id='word_1_761' title='bbox 2590 3688 2821 3760; x_wconf 92' lang='lat' dir='ltr'><strong>epistola</strong></span> <span class='ocrx_word' id='word_1_762' title='bbox 2845 3689 2915 3745; x_wconf 93' lang='lat' dir='ltr'><strong>de</strong></span> <span class='ocrx_word' id='word_1_763' title='bbox 2943 3693 3211 3748; x_wconf 83' lang='lat' dir='ltr'><strong>sententia</strong></span> <span class='ocrx_word' id='word_1_764' title='bbox 3236 3693 3499 3765; x_wconf 90' lang='lat' dir='ltr'><strong>Dionysii,</strong></span> 
     </span>
    </p>
   </div>
   <div class='ocr_carea' id='block_1_105' title="bbox 1886 3780 3502 3855">
    <p class='ocr_par' dir='ltr' id='par_1_105' title="bbox 1886 3780 3502 3855">
     <span class='ocr_line' id='line_1_106' title="bbox 1886 3780 3502 3855; baseline 0.002 -17"><span class='ocrx_word' id='word_1_765' title='bbox 1886 3798 2035 3838; x_wconf 90' lang='lat' dir='ltr'><strong>num.</strong></span> <span class='ocrx_word' id='word_1_766' title='bbox 2066 3782 2155 3850; x_wconf 74' lang='lat' dir='ltr'><strong>i5,</strong></span> <span class='ocrx_word' id='word_1_767' title='bbox 2184 3791 2372 3837; x_wconf 90' lang='lat' dir='ltr'><strong>contra</strong></span> <span class='ocrx_word' id='word_1_768' title='bbox 2402 3780 2769 3847; x_wconf 88' lang='lat' dir='ltr'><strong>sabellianos,</strong></span> <span class='ocrx_word' id='word_1_769' title='bbox 2809 3792 2866 3838; x_wconf 89' lang='lat' dir='ltr'><strong>et</strong></span> <span class='ocrx_word' id='word_1_770' title='bbox 2892 3797 3020 3849; x_wconf 91' lang='lat' dir='ltr'><strong>eos,</strong></span> <span class='ocrx_word' id='word_1_771' title='bbox 3052 3783 3143 3853; x_wconf 91' lang='lat' dir='ltr'><strong>qui</strong></span> <span class='ocrx_word' id='word_1_772' title='bbox 3174 3782 3293 3855; x_wconf 91' lang='lat' dir='ltr'><strong>ejus</strong></span> <span class='ocrx_word' id='word_1_773' title='bbox 3316 3794 3502 3842; x_wconf 84' lang='lat' dir='ltr'><strong>essent</strong></span> 
     </span>
    </p>
   </div>
   <div class='ocr_carea' id='block_1_106' title="bbox 1886 3873 3501 3949">
    <p class='ocr_par' dir='ltr' id='par_1_106' title="bbox 1886 3873 3501 3949">
     <span class='ocr_line' id='line_1_107' title="bbox 1886 3873 3501 3949; baseline 0.002 -20"><span class='ocrx_word' id='word_1_774' title='bbox 1886 3875 2192 3940; x_wconf 67' lang='lat' dir='ltr'><strong>sententiae,</strong></span> <span class='ocrx_word' id='word_1_775' title='bbox 2223 3873 2293 3929; x_wconf 92' lang='lat' dir='ltr'><strong>ob</strong></span> <span class='ocrx_word' id='word_1_776' title='bbox 2320 3888 2481 3943; x_wconf 90' lang='lat' dir='ltr'><strong>quam</strong></span> <span class='ocrx_word' id='word_1_777' title='bbox 2507 3873 2674 3929; x_wconf 89' lang='lat' dir='ltr'><strong>Arius</strong></span> <span class='ocrx_word' id='word_1_778' title='bbox 2703 3873 2771 3930; x_wconf 86' lang='lat' dir='ltr'><strong>ab</strong></span> <span class='ocrx_word' id='word_1_779' title='bbox 2798 3873 3043 3931; x_wconf 89' lang='lat' dir='ltr'><strong>Ecclesia</strong></span> <span class='ocrx_word' id='word_1_780' title='bbox 3074 3883 3263 3946; x_wconf 86' lang='lat' dir='ltr'><strong>postea</strong></span> <span class='ocrx_word' id='word_1_781' title='bbox 3293 3878 3501 3949; x_wconf 87' lang='lat' dir='ltr'><strong>ejectus</strong></span> 
     </span>
    </p>
   </div>
   <div class='ocr_carea' id='block_1_107' title="bbox 1887 3965 3500 4041">
    <p class='ocr_par' dir='ltr' id='par_1_107' title="bbox 1887 3965 3500 4041">
     <span class='ocr_line' id='line_1_108' title="bbox 1887 3965 3500 4041; baseline 0.002 -17"><span class='ocrx_word' id='word_1_782' title='bbox 1887 3977 2004 4035; x_wconf 89' lang='lat' dir='ltr'><strong>est,</strong></span> <span class='ocrx_word' id='word_1_783' title='bbox 2055 3969 2319 4038; x_wconf 89' lang='lat' dir='ltr'><strong>scriptum</strong></span> <span class='ocrx_word' id='word_1_784' title='bbox 2369 3965 2534 4034; x_wconf 90' lang='lat' dir='ltr'><strong>dicit,</strong></span> <span class='ocrx_word' id='word_1_785' title='bbox 2583 3967 2835 4038; x_wconf 89' lang='lat' dir='ltr'><strong>quodque</strong></span> <span class='ocrx_word' id='word_1_786' title='bbox 2874 3967 2942 4022; x_wconf 89' lang='lat' dir='ltr'><strong>ab</strong></span> <span class='ocrx_word' id='word_1_787' title='bbox 2984 3968 3210 4038; x_wconf 90' lang='lat' dir='ltr'><strong>epistola</strong></span> <span class='ocrx_word' id='word_1_788' title='bbox 3254 3970 3500 4041; x_wconf 89' lang='lat' dir='ltr'><strong>ejusdem</strong></span> 
     </span>
    </p>
   </div>
   <div class='ocr_carea' id='block_1_108' title="bbox 1887 4059 3496 4132">
    <p class='ocr_par' dir='ltr' id='par_1_108' title="bbox 1887 4059 3496 4132">
     <span class='ocr_line' id='line_1_109' title="bbox 1887 4059 3496 4132; baseline 0.002 -15"><span class='ocrx_word' id='word_1_789' title='bbox 1887 4062 2156 4132; x_wconf 82' lang='lat' dir='ltr'><strong>pontificis</strong></span> <span class='ocrx_word' id='word_1_790' title='bbox 2183 4060 2251 4116; x_wconf 90' lang='lat' dir='ltr'><strong>ad</strong></span> <span class='ocrx_word' id='word_1_791' title='bbox 2281 4060 2597 4131; x_wconf 89' lang='lat' dir='ltr'><strong>Dionysium</strong></span> <span class='ocrx_word' id='word_1_792' title='bbox 2646 4059 3073 4116; x_wconf 85' lang='lat' dir='ltr'><strong>Alexandrinum</strong></span> <span class='ocrx_word' id='word_1_793' title='bbox 3121 4061 3284 4118; x_wconf 90' lang='lat' dir='ltr'><strong>simul</strong></span> <span class='ocrx_word' id='word_1_794' title='bbox 3328 4063 3496 4120; x_wconf 88' lang='lat' dir='ltr'><strong>missa</strong></span> 
     </span>
    </p>
   </div>
   <div class='ocr_carea' id='block_1_109' title="bbox 1886 4153 3502 4227">
    <p class='ocr_par' dir='ltr' id='par_1_109' title="bbox 1886 4153 3502 4227">
     <span class='ocr_line' id='line_1_110' title="bbox 1886 4153 3502 4227; baseline 0.001 -15"><span class='ocrx_word' id='word_1_795' title='bbox 1886 4153 2331 4227; x_wconf 86' lang='lat' dir='ltr'><strong>distinguendum</strong></span> <span class='ocrx_word' id='word_1_796' title='bbox 2380 4168 2537 4222; x_wconf 89' lang='lat' dir='ltr'><strong>esse,</strong></span> <span class='ocrx_word' id='word_1_797' title='bbox 2585 4153 2640 4209; x_wconf 91' lang='lat' dir='ltr'><strong>in</strong></span> <span class='ocrx_word' id='word_1_798' title='bbox 2680 4155 2978 4226; x_wconf 87' lang='lat' dir='ltr'><strong>superioris</strong></span> <span class='ocrx_word' id='word_1_799' title='bbox 3027 4156 3274 4227; x_wconf 62' lang='lat' dir='ltr'><strong>epistolae</strong></span> <span class='ocrx_word' id='word_1_800' title='bbox 3312 4157 3502 4213; x_wconf 87' lang='lat' dir='ltr'><strong>notitia</strong></span> 
     </span>
    </p>
   </div>
   <div class='ocr_carea' id='block_1_110' title="bbox 1885 4245 3499 4319">
    <p class='ocr_par' dir='ltr' id='par_1_110' title="bbox 1885 4245 3499 4319">
     <span class='ocr_line' id='line_1_111' title="bbox 1885 4245 3499 4319; baseline 0.001 -16"><span class='ocrx_word' id='word_1_801' title='bbox 1885 4248 2258 4319; x_wconf 88' lang='lat' dir='ltr'><strong>probavimus.</strong></span> <span class='ocrx_word' id='word_1_802' title='bbox 2309 4246 2368 4302; x_wconf 90' lang='lat' dir='ltr'><strong>In</strong></span> <span class='ocrx_word' id='word_1_803' title='bbox 2427 4245 2534 4301; x_wconf 87' lang='lat' dir='ltr'><strong>hoc</strong></span> <span class='ocrx_word' id='word_1_804' title='bbox 2589 4259 2756 4315; x_wconf 88' lang='lat' dir='ltr'><strong>opere</strong></span> <span class='ocrx_word' id='word_1_805' title='bbox 2805 4246 3090 4319; x_wconf 88' lang='lat' dir='ltr'><strong>Dionysius</strong></span> <span class='ocrx_word' id='word_1_806' title='bbox 3135 4247 3499 4306; x_wconf 85' lang='lat' dir='ltr'><strong>tritbeitarum</strong></span> 
     </span>
    </p>
   </div>
   <div class='ocr_carea' id='block_1_111' title="bbox 1886 4337 3493 4412">
    <p class='ocr_par' dir='ltr' id='par_1_111' title="bbox 1886 4337 3493 4412">
     <span class='ocr_line' id='line_1_112' title="bbox 1886 4337 3493 4412; baseline 0.001 -16"><span class='ocrx_word' id='word_1_807' title='bbox 1886 4340 2112 4412; x_wconf 81' lang='lat' dir='ltr'><strong>dogma,</strong></span> <span class='ocrx_word' id='word_1_808' title='bbox 2160 4339 2246 4396; x_wconf 90' lang='lat' dir='ltr'><strong>cui</strong></span> <span class='ocrx_word' id='word_1_809' title='bbox 2288 4337 2688 4395; x_wconf 87' lang='lat' dir='ltr'><strong>Alexandrinus</strong></span> <span class='ocrx_word' id='word_1_810' title='bbox 2737 4339 2933 4409; x_wconf 57' lang='lat' dir='ltr'><strong>praesul</strong></span> <span class='ocrx_word' id='word_1_811' title='bbox 2980 4339 3164 4397; x_wconf 87' lang='lat' dir='ltr'><strong>favere</strong></span> <span class='ocrx_word' id='word_1_812' title='bbox 3194 4341 3493 4411; x_wconf 87' lang='lat' dir='ltr'><strong>videbatur,</strong></span> 
     </span>
    </p>
   </div>
   <div class='ocr_carea' id='block_1_112' title="bbox 1885 4431 3498 4508">
    <p class='ocr_par' dir='ltr' id='par_1_112' title="bbox 1885 4431 3498 4508">
     <span class='ocr_line' id='line_1_113' title="bbox 1885 4431 3498 4508; baseline 0.001 -19"><span class='ocrx_word' id='word_1_813' title='bbox 1885 4434 1960 4489; x_wconf 90' lang='lat' dir='ltr'><strong>ita</strong></span> <span class='ocrx_word' id='word_1_814' title='bbox 2007 4432 2239 4502; x_wconf 88' lang='lat' dir='ltr'><strong>refellit,</strong></span> <span class='ocrx_word' id='word_1_815' title='bbox 2274 4441 2415 4489; x_wconf 91' lang='lat' dir='ltr'><strong>utet</strong></span> <span class='ocrx_word' id='word_1_816' title='bbox 2458 4431 2879 4488; x_wconf 86' lang='lat' dir='ltr'><strong>sabellianorum</strong></span> <span class='ocrx_word' id='word_1_817' title='bbox 2929 4434 3285 4500; x_wconf 87' lang='lat' dir='ltr'><strong>sententiam,</strong></span> <span class='ocrx_word' id='word_1_818' title='bbox 3335 4450 3498 4508; x_wconf 89' lang='lat' dir='ltr'><strong>quam</strong></span> 
     </span>
    </p>
   </div>
   <div class='ocr_carea' id='block_1_113' title="bbox 1887 4524 3497 4599">
    <p class='ocr_par' dir='ltr' id='par_1_113' title="bbox 1887 4524 3497 4599">
     <span class='ocr_line' id='line_1_114' title="bbox 1887 4524 3497 4599; baseline 0.002 -19"><span class='ocrx_word' id='word_1_819' title='bbox 1887 4526 2232 4599; x_wconf 80' lang='lat' dir='ltr'><strong>impugnabat</strong></span> <span class='ocrx_word' id='word_1_820' title='bbox 2285 4524 2427 4581; x_wconf 89' lang='lat' dir='ltr'><strong>idem</strong></span> <span class='ocrx_word' id='word_1_821' title='bbox 2484 4524 2757 4587; x_wconf 87' lang='lat' dir='ltr'><strong>Antistes,</strong></span> <span class='ocrx_word' id='word_1_822' title='bbox 2803 4524 2965 4579; x_wconf 89' lang='lat' dir='ltr'><strong>simul</strong></span> <span class='ocrx_word' id='word_1_823' title='bbox 3016 4526 3278 4582; x_wconf 86' lang='lat' dir='ltr'><strong>confutet.</strong></span> <span class='ocrx_word' id='word_1_824' title='bbox 3310 4526 3497 4599; x_wconf 87' lang='lat' dir='ltr'><strong>anue</strong></span> 
     </span>
    </p>
   </div>
   <div class='ocr_carea' id='block_1_114' title="bbox 1885 4615 3497 4690">
    <p class='ocr_par' dir='ltr' id='par_1_114' title="bbox 1885 4615 3497 4690">
     <span class='ocr_line' id='line_1_115' title="bbox 1885 4615 3497 4690; baseline -0.001 -17"><span class='ocrx_word' id='word_1_825' title='bbox 1885 4618 2078 4690; x_wconf 81' lang='lat' dir='ltr'><strong>agendi</strong></span> <span class='ocrx_word' id='word_1_826' title='bbox 2121 4618 2329 4673; x_wconf 90' lang='lat' dir='ltr'><strong>ratione</strong></span> <span class='ocrx_word' id='word_1_827' title='bbox 2368 4616 2750 4673; x_wconf 86' lang='lat' dir='ltr'><strong>defensoribus</strong></span> <span class='ocrx_word' id='word_1_828' title='bbox 2788 4615 3049 4673; x_wconf 59' lang='lat' dir='ltr'><strong>Ecclesiae</strong></span> <span class='ocrx_word' id='word_1_829' title='bbox 3090 4633 3285 4689; x_wconf 82' lang='lat' dir='ltr'><strong>magno</strong></span> <span class='ocrx_word' id='word_1_830' title='bbox 3323 4619 3497 4674; x_wconf 82' lang='lat' dir='ltr'><strong>docu-</strong></span> 
     </span>
    </p>
   </div>
   <div class='ocr_carea' id='block_1_115' title="bbox 1805 4704 3495 4780">
    <p class='ocr_par' dir='ltr' id='par_1_115' title="bbox 1805 4704 3495 4780">
     <span class='ocr_line' id='line_1_116' title="bbox 1805 4704 3495 4780; baseline -0.001 -14"><span class='ocrx_word' id='word_1_831' title='bbox 1805 4704 2071 4768; x_wconf 85' lang='lat' dir='ltr'><strong>Dmento</strong></span> <span class='ocrx_word' id='word_1_832' title='bbox 2114 4710 2248 4776; x_wconf 88' lang='lat' dir='ltr'><strong>fuit,</strong></span> <span class='ocrx_word' id='word_1_833' title='bbox 2282 4723 2391 4780; x_wconf 91' lang='lat' dir='ltr'><strong>quo</strong></span> <span class='ocrx_word' id='word_1_834' title='bbox 2434 4717 2624 4765; x_wconf 88' lang='lat' dir='ltr'><strong>contra</strong></span> <span class='ocrx_word' id='word_1_835' title='bbox 2668 4707 2907 4765; x_wconf 69' lang='lat' dir='ltr'><strong>hmreses</strong></span> <span class='ocrx_word' id='word_1_836' title='bbox 2953 4723 3016 4763; x_wconf 87' lang='lat' dir='ltr'><strong>ea</strong></span> <span class='ocrx_word' id='word_1_837' title='bbox 3066 4708 3347 4778; x_wconf 83' lang='lat' dir='ltr'><strong>prudentia</strong></span> <span class='ocrx_word' id='word_1_838' title='bbox 3392 4709 3495 4765; x_wconf 81' lang='lat' dir='ltr'><strong>sibi</strong></span> 
     </span>
    </p>
   </div>
   <div class='ocr_carea' id='block_1_116' title="bbox 1889 4797 3496 4868">
    <p class='ocr_par' dir='ltr' id='par_1_116' title="bbox 1889 4797 3496 4868">
     <span class='ocr_line' id='line_1_117' title="bbox 1889 4797 3496 4868; baseline -0.001 -10"><span class='ocrx_word' id='word_1_839' title='bbox 1889 4801 2299 4865; x_wconf 89' lang='lat' dir='ltr'><strong>decertandum,</strong></span> <span class='ocrx_word' id='word_1_840' title='bbox 2332 4813 2453 4856; x_wconf 91' lang='lat' dir='ltr'><strong>esse</strong></span> <span class='ocrx_word' id='word_1_841' title='bbox 2483 4797 2705 4865; x_wconf 88' lang='lat' dir='ltr'><strong>scirent,</strong></span> <span class='ocrx_word' id='word_1_842' title='bbox 2735 4806 2793 4852; x_wconf 90' lang='lat' dir='ltr'><strong>ut</strong></span> <span class='ocrx_word' id='word_1_843' title='bbox 2813 4806 2869 4854; x_wconf 91' lang='lat' dir='ltr'><strong>et</strong></span> <span class='ocrx_word' id='word_1_844' title='bbox 2894 4797 3171 4868; x_wconf 87' lang='lat' dir='ltr'><strong>oppositas</strong></span> <span class='ocrx_word' id='word_1_845' title='bbox 3196 4815 3302 4855; x_wconf 91' lang='lat' dir='ltr'><strong>non</strong></span> <span class='ocrx_word' id='word_1_846' title='bbox 3332 4800 3496 4857; x_wconf 91' lang='lat' dir='ltr'><strong>modo</strong></span> 
     </span>
    </p>
   </div>
   <div class='ocr_carea' id='block_1_117' title="bbox 1888 4892 3500 4968">
    <p class='ocr_par' dir='ltr' id='par_1_117' title="bbox 1888 4892 3500 4968">
     <span class='ocr_line' id='line_1_118' title="bbox 1888 4892 3500 4968; baseline 0.001 -15"><span class='ocrx_word' id='word_1_847' title='bbox 1888 4904 2174 4962; x_wconf 87' lang='lat' dir='ltr'><strong>caverent,</strong></span> <span class='ocrx_word' id='word_1_848' title='bbox 2207 4908 2391 4951; x_wconf 87' lang='lat' dir='ltr'><strong>verum</strong></span> <span class='ocrx_word' id='word_1_849' title='bbox 2422 4893 2584 4948; x_wconf 90' lang='lat' dir='ltr'><strong>etiam</strong></span> <span class='ocrx_word' id='word_1_850' title='bbox 2611 4892 2770 4948; x_wconf 89' lang='lat' dir='ltr'><strong>simul</strong></span> <span class='ocrx_word' id='word_1_851' title='bbox 2798 4892 3151 4950; x_wconf 87' lang='lat' dir='ltr'><strong>debellarent.</strong></span> <span class='ocrx_word' id='word_1_852' title='bbox 3185 4894 3500 4968; x_wconf 87' lang='lat' dir='ltr'><strong>Fragmenti</strong></span> 
     </span>
    </p>
   </div>
   <div class='ocr_carea' id='block_1_118' title="bbox 1891 4980 3498 5061">
    <p class='ocr_par' dir='ltr' id='par_1_118' title="bbox 1891 4980 3498 5061">
     <span class='ocr_line' id='line_1_119' title="bbox 1891 4980 3498 5061; baseline 0 -17"><span class='ocrx_word' id='word_1_853' title='bbox 1891 4989 2053 5061; x_wconf 92' lang='lat' dir='ltr'><strong>hujus</strong></span> <span class='ocrx_word' id='word_1_854' title='bbox 2099 4987 2271 5059; x_wconf 90' lang='lat' dir='ltr'><strong>stylus</strong></span> <span class='ocrx_word' id='word_1_855' title='bbox 2310 4985 2594 5055; x_wconf 87' lang='lat' dir='ltr'><strong>epistolam</strong></span> <span class='ocrx_word' id='word_1_856' title='bbox 2627 4985 2796 5054; x_wconf 89' lang='lat' dir='ltr'><strong>sapit,</strong></span> <span class='ocrx_word' id='word_1_857' title='bbox 2830 4980 3087 5043; x_wconf 87' lang='lat' dir='ltr'><strong>tractatus</strong></span> <span class='ocrx_word' id='word_1_858' title='bbox 3125 5002 3189 5044; x_wconf 90' lang='lat' dir='ltr'><strong>ac</strong></span> <span class='ocrx_word' id='word_1_859' title='bbox 3226 4989 3498 5061; x_wconf 87' lang='lat' dir='ltr'><strong>discepta-</strong></span> 
     </span>
    </p>
   </div>
   <div class='ocr_carea' id='block_1_119' title="bbox 1893 5078 3499 5155">
    <p class='ocr_par' dir='ltr' id='par_1_119' title="bbox 1893 5078 3499 5155">
     <span class='ocr_line' id='line_1_120' title="bbox 1893 5078 3499 5155; baseline -0.001 -16"><span class='ocrx_word' id='word_1_860' title='bbox 1893 5083 2056 5140; x_wconf 85' lang='lat' dir='ltr'><strong>tionis</strong></span> <span class='ocrx_word' id='word_1_861' title='bbox 2097 5079 2313 5137; x_wconf 83' lang='lat' dir='ltr'><strong>fusioris</strong></span> <span class='ocrx_word' id='word_1_862' title='bbox 2353 5092 2505 5135; x_wconf 90' lang='lat' dir='ltr'><strong>more</strong></span> <span class='ocrx_word' id='word_1_863' title='bbox 2541 5078 2934 5149; x_wconf 89' lang='lat' dir='ltr'><strong>conscriptam,</strong></span> <span class='ocrx_word' id='word_1_864' title='bbox 2979 5080 3165 5151; x_wconf 87' lang='lat' dir='ltr'><strong>quales</strong></span> <span class='ocrx_word' id='word_1_865' title='bbox 3214 5082 3499 5155; x_wconf 89' lang='lat' dir='ltr'><strong>Dionysius</strong></span> 
     </span>
    </p>
   </div>
   <div class='ocr_carea' id='block_1_120' title="bbox 1892 5171 3494 5244">
    <p class='ocr_par' dir='ltr' id='par_1_120' title="bbox 1892 5171 3494 5244">
     <span class='ocr_line' id='line_1_121' title="bbox 1892 5171 3494 5244; baseline -0.004 -10"><span class='ocrx_word' id='word_1_866' title='bbox 1892 5175 2294 5234; x_wconf 76' lang='lat' dir='ltr'><strong>Alexandrinus</strong></span> <span class='ocrx_word' id='word_1_867' title='bbox 2324 5172 2567 5229; x_wconf 90' lang='lat' dir='ltr'><strong>scribens</strong></span> <span class='ocrx_word' id='word_1_868' title='bbox 2597 5172 2665 5228; x_wconf 90' lang='lat' dir='ltr'><strong>ad</strong></span> <span class='ocrx_word' id='word_1_869' title='bbox 2694 5171 2945 5244; x_wconf 80' lang='lat' dir='ltr'><strong>Xystum,</strong></span> <span class='ocrx_word' id='word_1_870' title='bbox 2997 5174 3163 5231; x_wconf 89' lang='lat' dir='ltr'><strong>fuisse</strong></span> <span class='ocrx_word' id='word_1_871' title='bbox 3192 5174 3351 5232; x_wconf 90' lang='lat' dir='ltr'><strong>docet</strong></span> <span class='ocrx_word' id='word_1_872' title='bbox 3378 5174 3494 5244; x_wconf 90' lang='lat' dir='ltr'><strong>epi-</strong></span> 
     </span>
    </p>
   </div>
   <div class='ocr_carea' id='block_1_121' title="bbox 1891 5265 3493 5340">
    <p class='ocr_par' dir='ltr' id='par_1_121' title="bbox 1891 5265 3493 5340">
     <span class='ocr_line' id='line_1_122' title="bbox 1891 5265 3493 5340; baseline -0.004 -13"><span class='ocrx_word' id='word_1_873' title='bbox 1891 5271 2089 5337; x_wconf 89' lang='lat' dir='ltr'><strong>stolas,</strong></span> <span class='ocrx_word' id='word_1_874' title='bbox 2142 5281 2275 5340; x_wconf 86' lang='lat' dir='ltr'><strong>quas</strong></span> <span class='ocrx_word' id='word_1_875' title='bbox 2318 5265 2579 5323; x_wconf 88' lang='lat' dir='ltr'><strong>adversus</strong></span> <span class='ocrx_word' id='word_1_876' title='bbox 2628 5275 2939 5322; x_wconf 89' lang='lat' dir='ltr'><strong>nascentem</strong></span> <span class='ocrx_word' id='word_1_877' title='bbox 2984 5265 3213 5323; x_wconf 87' lang='lat' dir='ltr'><strong>Sabellii</strong></span> <span class='ocrx_word' id='word_1_878' title='bbox 3244 5266 3493 5321; x_wconf 65' lang='lat' dir='ltr'><strong>haeresim</strong></span> 
     </span>
    </p>
   </div>
   <div class='ocr_carea' id='block_1_122' title="bbox 1891 5357 3492 5429">
    <p class='ocr_par' dir='ltr' id='par_1_122' title="bbox 1891 5357 3492 5429">
     <span class='ocr_line' id='line_1_123' title="bbox 1891 5357 3492 5429; baseline -0.004 -10"><span class='ocrx_word' id='word_1_879' title='bbox 1891 5364 2130 5419; x_wconf 91' lang='lat' dir='ltr'><strong>miserat.</strong></span> <span class='ocrx_word' id='word_1_880' title='bbox 2170 5359 2265 5415; x_wconf 76' lang='lat' dir='ltr'><strong>Vel</strong></span> <span class='ocrx_word' id='word_1_881' title='bbox 2292 5357 2356 5415; x_wconf 89' lang='lat' dir='ltr'><strong>ad</strong></span> <span class='ocrx_word' id='word_1_882' title='bbox 2387 5373 2481 5415; x_wconf 90' lang='lat' dir='ltr'><strong>eas</strong></span> <span class='ocrx_word' id='word_1_883' title='bbox 2504 5357 2861 5429; x_wconf 90' lang='lat' dir='ltr'><strong>Pentapoleos</strong></span> <span class='ocrx_word' id='word_1_884' title='bbox 2890 5357 3148 5415; x_wconf 88' lang='lat' dir='ltr'><strong>ecclesias</strong></span> <span class='ocrx_word' id='word_1_885' title='bbox 3167 5399 3180 5423; x_wconf 93' lang='lat'><strong>,</strong></span> <span class='ocrx_word' id='word_1_886' title='bbox 3209 5359 3262 5412; x_wconf 87' lang='lat' dir='ltr'><strong>in</strong></span> <span class='ocrx_word' id='word_1_887' title='bbox 3291 5357 3492 5429; x_wconf 88' lang='lat' dir='ltr'><strong>quibus</strong></span> 
     </span>
    </p>
   </div>
   <div class='ocr_carea' id='block_1_123' title="bbox 1893 5450 3494 5524">
    <p class='ocr_par' dir='ltr' id='par_1_123' title="bbox 1893 5450 3494 5524">
     <span class='ocr_line' id='line_1_124' title="bbox 1893 5450 3494 5524; baseline -0.004 -11"><span class='ocrx_word' id='word_1_888' title='bbox 1893 5464 2010 5514; x_wconf 88' lang='lat' dir='ltr'><strong>orta</strong></span> <span class='ocrx_word' id='word_1_889' title='bbox 2039 5464 2095 5510; x_wconf 91' lang='lat' dir='ltr'><strong>et</strong></span> <span class='ocrx_word' id='word_1_890' title='bbox 2126 5462 2419 5524; x_wconf 83' lang='lat' dir='ltr'><strong>propagata</strong></span> <span class='ocrx_word' id='word_1_891' title='bbox 2448 5460 2566 5507; x_wconf 91' lang='lat' dir='ltr'><strong>erat</strong></span> <span class='ocrx_word' id='word_1_892' title='bbox 2591 5450 2809 5507; x_wconf 88' lang='lat' dir='ltr'><strong>Sabellii</strong></span> <span class='ocrx_word' id='word_1_893' title='bbox 2838 5451 3081 5518; x_wconf 69' lang='lat' dir='ltr'><strong>haeresis,</strong></span> <span class='ocrx_word' id='word_1_894' title='bbox 3116 5451 3195 5506; x_wconf 90' lang='lat' dir='ltr'><strong>vel</strong></span> <span class='ocrx_word' id='word_1_895' title='bbox 3225 5450 3293 5505; x_wconf 92' lang='lat' dir='ltr'><strong>ad</strong></span> <span class='ocrx_word' id='word_1_896' title='bbox 3322 5451 3494 5521; x_wconf 81' lang='lat' dir='ltr'><strong>ipsam</strong></span> 
     </span>
    </p>
   </div>
   <div class='ocr_carea' id='block_1_124' title="bbox 1893 5542 3495 5617">
    <p class='ocr_par' dir='ltr' id='par_1_124' title="bbox 1893 5542 3495 5617">
     <span class='ocr_line' id='line_1_125' title="bbox 1893 5542 3495 5617; baseline -0.002 -12"><span class='ocrx_word' id='word_1_897' title='bbox 1893 5545 2331 5613; x_wconf 85' lang='lat' dir='ltr'><strong>alexandrinam,</strong></span> <span class='ocrx_word' id='word_1_898' title='bbox 2378 5543 2466 5599; x_wconf 91' lang='lat' dir='ltr'><strong>cui</strong></span> <span class='ocrx_word' id='word_1_899' title='bbox 2515 5553 2744 5614; x_wconf 66' lang='lat' dir='ltr'><strong>praeerat</strong></span> <span class='ocrx_word' id='word_1_900' title='bbox 2790 5542 3107 5615; x_wconf 90' lang='lat' dir='ltr'><strong>Dionysius,</strong></span> <span class='ocrx_word' id='word_1_901' title='bbox 3156 5542 3240 5598; x_wconf 90' lang='lat' dir='ltr'><strong>vel</strong></span> <span class='ocrx_word' id='word_1_902' title='bbox 3282 5543 3349 5600; x_wconf 91' lang='lat' dir='ltr'><strong>ad</strong></span> <span class='ocrx_word' id='word_1_903' title='bbox 3375 5545 3495 5617; x_wconf 85' lang='lat' dir='ltr'><strong>ejus</strong></span> 
     </span>
    </p>
   </div>
   <div class='ocr_carea' id='block_1_125' title="bbox 1968 5653 3489 5736">
    <p class='ocr_par' dir='ltr' id='par_1_125' title="bbox 1968 5653 3489 5736">
     <span class='ocr_line' id='line_1_126' title="bbox 1968 5653 3489 5736; baseline 0.001 -23"><span class='ocrx_word' id='word_1_904' title='bbox 1968 5661 2046 5735; x_wconf 89' lang='lat' dir='ltr'><strong>(-l)</strong></span> <span class='ocrx_word' id='word_1_905' title='bbox 2087 5657 2465 5736; x_wconf 73' lang='lat' dir='ltr'><strong>liaccepistola</strong></span> <span class='ocrx_word' id='word_1_906' title='bbox 2495 5656 2545 5736; x_wconf 92' lang='lat' dir='ltr'><strong>i_n</strong></span> <span class='ocrx_word' id='word_1_907' title='bbox 2568 5653 3168 5736; x_wconf 64' lang='lat' dir='ltr'><strong>nostraeditipnefacta</strong></span> <span class='ocrx_word' id='word_1_908' title='bbox 3185 5663 3275 5736; x_wconf 70' lang='lat' dir='ltr'><strong>est</strong></span> <span class='ocrx_word' id='word_1_909' title='bbox 3297 5659 3489 5727; x_wconf 83' lang='lat' dir='ltr'><strong>prima,</strong></span> 
     </span>
    </p>
   </div>
   <div class='ocr_carea' id='block_1_126' title="bbox 1898 5725 3497 5803">
    <p class='ocr_par' dir='ltr' id='par_1_126' title="bbox 1898 5725 3497 5803">
     <span class='ocr_line' id='line_1_127' title="bbox 1898 5725 3497 5803; baseline -0.003 -13"><span class='ocrx_word' id='word_1_910' title='bbox 1898 5725 2410 5803; x_wconf 59' lang='lat' dir='ltr'><strong>cum&#39;epistola&#39;qua:</strong></span> <span class='ocrx_word' id='word_1_911' title='bbox 2433 5730 2603 5797; x_wconf 89' lang='lat' dir='ltr'><strong>prima</strong></span> <span class='ocrx_word' id='word_1_912' title='bbox 2630 5726 2867 5803; x_wconf 75' lang='lat' dir='ltr'><strong>exhibita</strong></span> <span class='ocrx_word' id='word_1_913' title='bbox 2886 5725 3098 5803; x_wconf 90' lang='lat' dir='ltr'><strong>fuerit_a</strong></span> <span class='ocrx_word' id='word_1_914' title='bbox 3134 5727 3194 5782; x_wconf 92' lang='lat' dir='ltr'><strong>D.</strong></span> <span class='ocrx_word' id='word_1_915' title='bbox 3213 5725 3497 5803; x_wconf 83' lang='lat' dir='ltr'><strong>_Coustan-</strong></span> 
     </span>
    </p>
   </div>
   <div class='ocr_carea' id='block_1_127' title="bbox 1904 5795 3381 5872">
    <p class='ocr_par' dir='ltr' id='par_1_127' title="bbox 1904 5795 3381 5872">
     <span class='ocr_line' id='line_1_128' title="bbox 1904 5795 3381 5872; baseline -0.004 -11"><span class='ocrx_word' id='word_1_916' title='bbox 1904 5805 2000 5872; x_wconf 92' lang='lat' dir='ltr'><strong>tio,</strong></span> <span class='ocrx_word' id='word_1_917' title='bbox 2035 5795 2097 5859; x_wconf 67' lang='lat' dir='ltr'><strong>in&#39;</strong></span> <span class='ocrx_word' id='word_1_918' title='bbox 2110 5804 2209 5858; x_wconf 87' lang='lat' dir='ltr'><strong>hac</strong></span> <span class='ocrx_word' id='word_1_919' title='bbox 2229 5795 2341 5870; x_wconf 80' lang='lat' dir='ltr'><strong>ipsa</strong></span> <span class='ocrx_word' id='word_1_920' title='bbox 2369 5795 2515 5855; x_wconf 82' lang='lat' dir='ltr'><strong>extet</strong></span> <span class='ocrx_word' id='word_1_921' title='bbox 2540 5799 2748 5861; x_wconf 87' lang='lat' dir='ltr'><strong>nctitia,</strong></span> <span class='ocrx_word' id='word_1_922' title='bbox 2777 5795 2938 5866; x_wconf 90' lang='lat' dir='ltr'><strong>hujus</strong></span> <span class='ocrx_word' id='word_1_923' title='bbox 2966 5799 3125 5872; x_wconf 48' lang='lat' dir='ltr'><strong>artic:</strong></span> <span class='ocrx_word' id='word_1_924' title='bbox 3148 5815 3184 5854; x_wconf 93' lang='grc' dir='ltr'><strong>ιι</strong></span> <span class='ocrx_word' id='word_1_925' title='bbox 3212 5799 3381 5872; x_wconf 91' lang='lat' dir='ltr'><strong>initio.</strong></span> 
     </span>
    </p>
   </div>
   <div class='ocr_carea' id='block_1_128' title="bbox 1973 5869 3491 5947">
    <p class='ocr_par' dir='ltr' id='par_1_128' title="bbox 1973 5869 3491 5947">
     <span class='ocr_line' id='line_1_129' title="bbox 1973 5869 3491 5947; baseline -0.001 -18"><span class='ocrx_word' id='word_1_926' title='bbox 1973 5869 2051 5947; x_wconf 73' lang='grc'><strong>(2)</strong></span> <span class='ocrx_word' id='word_1_927' title='bbox 2105 5869 2391 5947; x_wconf 41' lang='lat' dir='ltr'><strong>Albanas”</strong></span> <span class='ocrx_word' id='word_1_928' title='bbox 2444 5878 2663 5947; x_wconf 42' lang='lat' dir='ltr'><strong>tom.“t,</strong></span> <span class='ocrx_word' id='word_1_929' title='bbox 2716 5877 2917 5947; x_wconf 70' lang='lat' dir='ltr'><strong>parm,</strong></span> <span class='ocrx_word' id='word_1_930' title='bbox 2969 5869 3033 5925; x_wconf 88' lang='lat' dir='ltr'><strong>de</strong></span> <span class='ocrx_word' id='word_1_931' title='bbox 3084 5869 3286 5926; x_wconf 79' lang='lat' dir='ltr'><strong>Decret.</strong></span> <span class='ocrx_word' id='word_1_932' title='bbox 3342 5871 3491 5947; x_wconf 83' lang='lat' dir='ltr'><strong>Nic.,</strong></span> 
     </span>
    </p>
   </div>
   <div class='ocr_carea' id='block_1_129' title="bbox 1904 5937 2866 6017">
    <p class='ocr_par' dir='ltr' id='par_1_129' title="bbox 1904 5937 2866 6017">
     <span class='ocr_line' id='line_1_130' title="bbox 1904 5937 2866 6017; baseline -0.016 -8"><span class='ocrx_word' id='word_1_933' title='bbox 1904 5965 1958 6009; x_wconf 88' lang='grc' dir='ltr'>ιι.</span> <span class='ocrx_word' id='word_1_934' title='bbox 1981 5937 2079 6015; x_wconf 69' lang='grc' dir='ltr'><strong>ἐϐ,</strong></span> <span class='ocrx_word' id='word_1_935' title='bbox 2107 5957 2225 6017; x_wconf 83' lang='lat' dir='ltr'><strong>pag.</strong></span> <span class='ocrx_word' id='word_1_936' title='bbox 2259 5940 2385 6012; x_wconf 70' lang='lat'><strong>182,</strong></span> <span class='ocrx_word' id='word_1_937' title='bbox 2415 5939 2546 5999; x_wconf 88' lang='lat' dir='ltr'><strong>edit.</strong></span> <span class='ocrx_word' id='word_1_938' title='bbox 2576 5937 2866 5996; x_wconf 81' lang='lat' dir='ltr'><strong>Patavinae.</strong></span> 
     </span>
    </p>
   </div>
   <div class='ocr_carea' id='block_1_130' title="bbox 3039 6036 3080 6108">
    <p class='ocr_par' dir='ltr' id='par_1_130' title="bbox 3039 6036 3080 6108">
     <span class='ocr_line' id='line_1_131' title="bbox 3039 6036 3080 6108; baseline 0 -1"><span class='ocrx_word' id='word_1_939' title='bbox 3039 6036 3080 6108; x_wconf 70' lang='grc' dir='ltr'><strong>ιι</strong></span> 
     </span>
    </p>
   </div>
  </div>
