4018 6280
553 250 676 358 107.

1466 291 1560 350 DE
1595 287 1867 350 ΞΛΜ]Το
1904 282 2224 350 DIONYSIO
2248 284 2540 348 ROMANO
2579 281 2968 346 PONTIFICE.
3026 319 3042 338 .

3759 284 3858 350 108

549 420 823 476 delatores
861 414 1212 488 probabiliter
1249 412 1416 470 missa
1445 420 1549 470 est.
1579 412 1662 469 Ad
1692 413 1900 468 initium
1931 411 2152 484 pontiti-
2180 411 2235 474 Α
2262 409 2422 467 1008.
2485 407 2718 466 Easdem
2785 405 3040 464 falsitatis
3097 394 3400 462 convictas-
3435 401 3618 462 videre
3673 412 3759 463 est
3809 407 3855 464 in

553 522 706 570 catus
733 510 968 582 Dionysii
995 524 1098 565 una
1123 523 1245 565 cum
1273 507 1555 578 superiore
1583 506 1797 563 videtur
1835 503 2118 561 referenda
2141 543 2156 569 ,

555 587 744 676 titpote
771 602 854 658 cui
880 601 1220 658 occasionem
1256 599 1406 656 dedit
1451 599 1757 667 accusatio,
1781 613 1940 670 quam
1968 597 2161 652 littera:

558 697 731 770 Xysto
768 709 919 766 papa:
959 694 1140 749 missae
1177 700 1524 764 pepererunt.
1559 690 1832 747 Hactenus
1871 689 2162 762 perdoctus

555 793 618 848 Ρ.
665 790 984 847 Coutantius
1027 789 1328 846 monachus
1369 785 1745 844 benedictinus
1787 799 1821 841 e
1865 797 2162 854 congrega-

553 887 701 942 tione
725 885 785 942 S.
816 885 1006 948 Mauri,
1043 893 1192 940 torno
1221 899 1240 938 ι
1271 882 1624 956 Epistolarum
1667 895 1997 936 romanorum
2034 892 2163 948 pon-

554 981 772 1051 tiﬁcum,
807 995 930 1051 pag.
962 978 1070 1034 272
1090 987 1145 1036 et
1173 992 1326 1050 seqq.

627 1073 899 1130 Editiones
937 1075 1094 1146 hujus
1137 1075 1366 1145 epistola:
1396 1071 1731 1144 Dionysianw
1769 1067 2063 1143 fragmenti.
2093 1095 2164 1107 --

555 1168 942 1240 Fragmentum
969 1167 1215 1238 epistola:
1235 1181 1333 1223 seu
1363 1166 1546 1238 operis
1571 1164 1883 1236 Dionysiani
1908 1161 2164 1218 adversus

549 1263 878 1320 sabellianos
925 1277 955 1317 a
1000 1246 1292 1318 Coutantio
1337 1260 1573 1326 editum,
1622 1255 1916 1326 reimprimi
1959 1251 2166 1311 curavit

549 1357 616 1415 P.
647 1357 853 1422 Mansi.
883 1363 1032 1412 tomo
1067 1371 1087 1411 ι
1128 1353 1360 1410 Collect.
1392 1353 1560 1423 ampl.
1592 1350 1874 1407 concilior.
1907 1363 2014 1404 una
2038 1361 2162 1402 cum

551 1451 1025 1510 observationibus
1051 1448 1399 1505 eruditissimi
1435 1447 1594 1517 hujus
1623 1443 1875 1500 monachi
1905 1441 2162 1497 benedic-

549 1547 671 1613 tini,
702 1561 732 1599 a
765 1560 884 1616 pag.
915 1542 1246 1600 1000-1016.
1279 1541 1429 1597 Idem
1459 1541 1818 1612 Fragmentum
1859 1535 2164 1592 indefessus

553 1638 898 1704 Gallandius,
931 1645 1081 1694 torno
1129 1652 1186 1692 ιιι
1241 1634 1582 1690 bibliotheca:
1625 1649 1736 1688 sua:
1787 1632 1887 1688 SS.
1918 1639 2162 1686 veterum

553 1743 764 1804 patrum
817 1732 1081 1797 inseruit,
1138 1737 1300 1800 atque
1348 1728 1402 1782 in
1451 1742 1516 1782 eo
1567 1724 1778 1782 edendo
1817 1720 2164 1778 Coutantium

2266 501 2532 558 Blondelli
2581 499 3085 568 Pseudo-lsidoro,
3139 513 3259 571 pag.
3307 497 3439 568 549,
3472 511 3587 571 seq.
3629 509 3688 556 et
3730 499 3859 570 apud

2267 595 2681 663 Sehelstratum,
2712 595 2976 666 Antiquit.
3011 594 3293 662 illustrat.,
3325 604 3455 650 tom.
3488 610 3545 649 ιι.

2267 721 2271 728 -
2338 689 2456 744 Atia
2485 705 2640 759 Opera
2667 687 2729 744 S.
2760 686 3013 760 Dionysio
3035 687 3170 742 male
3187 686 3548 758 adscripta.—-
3569 685 3861 745 Ludovicus

2265 783 2498 840 Iacobus
2527 798 2558 838 a
2583 791 2772 839 sancto
2795 780 2997 840 Carolo
3026 781 3132 854 (1),
3166 782 3314 838 varia
3333 781 3588 853 opuscula
3619 782 3861 855 Dionysio

2267 879 2513 934 Romano
2533 877 2791 933 adscribit
2821 895 2835 932 :
2864 877 3116 932 nimirum
3144 891 3215 932 ex
3241 874 3560 947 fragmentis
3585 872 3863 942 Commen-

2261 975 2368 1031 titii
2396 973 2711 1046 Luitprandi
2760 972 3036 1030 ticinensis
3082 972 3267 1028 librum
3315 972 3380 1026 de
3414 971 3533 1028 Situ
3561 971 3750 1038 Orbis;
3776 971 3862 1028 sed

2266 1078 2350 1126 est
2375 1085 2531 1125 error
2561 1069 2695 1125 satis
2725 1067 3065 1136 manifestus,
3095 1065 3311 1138 quando
3332 1067 3435 1138 ipsi
3461 1066 3714 1123 tribuitur
3741 1066 3862 1122 liber

2268 1165 2336 1222 de
2362 1163 2465 1220 situ
2492 1163 2659 1229 orbis,
2691 1177 2814 1218 cum
2848 1171 2961 1218 toto
2991 1161 3130 1218 cmlo
3156 1170 3212 1218 et
3233 1160 3468 1232 majore,
3497 1175 3662 1231 quam
3695 1159 3864 1215 saeculi

2267 1255 2554 1312 intervallo
2574 1253 2787 1311 diﬂ‘erat
2811 1255 2880 1310 ab
2899 1255 3158 1326 episcopo
3187 1254 3290 1310 hoc
3315 1252 3570 1324 Dionysio
3592 1251 3865 1324 Dionysius

2268 1348 2578 1420 Pcricgetes
2619 1348 2899 1416 ethnicus,
2943 1347 3098 1419 cujus
3137 1361 3357 1403 carmen
3389 1360 3624 1418 graecum
3671 1344 3865 1416 insigne

2269 1441 2428 1513 hujus
2453 1442 2760 1513 argumenti
2789 1440 3070 1498 habemus.
3102 1439 3358 1497 Similiter
3385 1436 3515 1494 ferri
3542 1453 3650 1493 non
3679 1446 3862 1507 potest,

2269 1537 2412 1608 quod
2462 1537 2531 1592 ab
2579 1535 2773 1592 eodem
2817 1543 3037 1591 auctore
3073 1551 3093 1586 ι
3128 1532 3566 1590 Commentarios
3620 1530 3864 1588 adversus

2266 1629 2480 1684 arianas
2509 1629 2744 1684 haereses
2766 1628 3025 1700 Dionysio
3054 1643 3209 1700 papae
3240 1625 3512 1694 tribuitur,
3545 1625 3704 1696 cujus
3736 1634 3863 1681 tem-

2271 1738 2402 1793 pore
2448 1721 2562 1779 Arii
2613 1722 2854 1778 haeretici
2904 1738 3100 1778 nomen
3150 1721 3390 1778 nondum
3447 1729 3565 1778 erat
3615 1720 3864 1786 auditum,

549 1827 618 1882 γ.
651 1825 713 1879 C.
745 1824 848 1881 sibi
890 1823 1227 1895 sequendum
1252 1820 1555 1876 constituit.
1594 1815 1934 1874 Christianus
1975 1812 2166 1869 Fridc—
2193 1820 2244 1882 B
2271 1817 2415 1888 quod
2456 1817 2577 1872 ﬁeri
2625 1819 2854 1888 primum
2886 1819 3047 1891 coepit
3075 1819 3144 1875 ab
3173 1833 3316 1874 anno
3345 1817 3472 1874 516.
3518 1816 3710 1888 Neque
3735 1837 3756 1872 ι
3785 1816 3867 1873 ad-

551 1920 698 1975 ricns
743 1917 1004 1974 Roslerus
1043 1915 1319 1970 laudatum
1363 1912 1746 1983 Fragmentum
1788 1906 2166 1979 dionysianum

549 2026 726 2083 graece
758 2017 966 2066 tantum
995 2007 1190 2063 additis
1231 2005 1550 2078 quibusdam
1580 2004 1633 2059 in
1659 2000 1947 2060 vernacula
1979 1999 2160 2068 lingua

549 2102 1020 2161 observationibus
1069 2117 1135 2156 ex
1192 2097 1470 2154 Athanasii
1521 2095 1749 2168 epistola
1803 2093 1873 2148 de
1925 2089 2166 2147 Decretis

552 2196 749 2270 synodi
797 2196 1017 2250 nictenae
1059 2193 1208 2263 juxta
1254 2190 1546 2247 editionem
1593 2184 1975 2244 Montl‘auconii
2015 2180 2165 2238 Pari-

553 2293 787 2349 siensem
829 2289 898 2346 de
938 2304 1082 2344 anno
1129 2286 1292 2352 1698,
1333 2285 1554 2341 exhibet
1595 2283 1647 2336 in
1694 2297 1789 2337 sua
1836 2276 2166 2335 Bibliotheca

552 2394 685 2442 vett.
715 2393 954 2456 patrum,
985 2390 1136 2452 parte
1164 2397 1224 2446 ll,
1253 2379 1470 2449 Lipsiae,
1499 2376 1661 2442 1777,
1693 2374 1854 2441 iit-8°,
1885 2387 2006 2444 pag.
2035 2371 2166 2427 581-

557 2479 686 2536 584.
736 2477 976 2549 Denique
1019 2474 1344 2532 indeiessus'
1375 2472 1432 2526 P.
1487 2467 1794 2525 Dominicus
1844 2464 2162 2530 Scbramm,

554 2581 704 2628 torno
736 2587 790 2626 vr
834 2568 1088 2640 Analysis
1121 2563 1220 2622 SS.
1254 2565 1474 2620 Patrum
1494 2605 1510 2628 ,
1541 2577 1683 2617 anno
1717 2559 1878 2624 1784,
1908 2557 2165 2627 Augustae

552 2662 954 2718 Vindelicorum
979 2661 1244 2731 impresso
1275 2657 1441 2712 latine
1473 2664 1679 2709 tantum
1715 2651 1998 2723 praefatum
2028 2647 2163 2703 Fra-

553 2764 833 2828 gmentum
861 2751 1160 2824 reimprimi
1183 2750 1391 2807 curavit
1415 2763 1444 2802 a
1468 2763 1590 2819 pag.
1621 2745 1886 2801 415-417.

625 2852 866 2924 Epistula
891 2847 1132 2919 Dionysii
1162 2845 1386 2900 Romani
1411 2843 1479 2897 ad
1507 2841 1846 2897 Caesarianae:
1870 2839 1925 2891 in
1951 2835 2164 2908 Cappa-

552 2946 702 3002 docia
737 2943 1024 3012 deperdita.
1058 2970 1121 2980 —
1161 2938 1392 2995 Sanctus
1435 2934 1666 2990 Basilius
1711 2932 1870 3004 paulo
1915 2931 2164 3001 superius

551 3041 813 3110 allegatus
842 3044 1089 3100 testatur,
1127 3031 1438 3104 Dionysium
1469 3043 1660 3100 papam
1689 3041 1851 3082 unam
1882 3024 1949 3079 ad
1979 3024 2160 3079 cccle-

549 3135 685 3190 siam
713 3132 975 3189 Caesarea:
998 3129 1051 3182 in
1074 3125 1412 3198 Cappadocia
1438 3120 1824 3194 perscripsisse
1851 3117 2158 3188 epistolam,

549 3240 610 3284 ut
635 3243 756 3284 eam
785 3224 1096 3282 consoletur
1135 3221 1203 3277 de
1248 3218 1558 3276 incursione
1602 3214 2004 3276 Barbarorum,
2055 3224 2160 3280 qua
2189 3215 2234 3278 ρ
2271 3214 2284 3284 έ

550 3329 743 3378 vexata
795 3320 998 3380 fuerat;
1045 3313 1199 3384 cujus
1244 3311 1564 3386 αὐτογράφον
1613 3307 1667 3361 in
1717 3305 1859 3360 illius
1905 3303 2164 3358 Ecclesia:

551 3413 792 3470 archivio
819 3421 1011 3481 magna
1031 3423 1162 3464 cura
1179 3405 1522 3460 adservatum
1549 3401 1666 3472 ipse
1689 3399 1862 3454 oculis
1890 3398 1999 3453 suis
2020 3397 2164 3453 vide-

546 3517 664 3574 rat;
698 3521 882 3563 verum
909 3499 1250 3573 sequioribus
1269 3494 1598 3566 temporibus
1613 3495 1871 3548 amissum
1887 3491 2158 3546 dolemus.

629 3597 891 3670 Epistola:
919 3594 1041 3650 dum
1085 3591 1279 3647 illustri
1329 3587 1570 3660 Dionysii
1615 3601 1770 3658 papae
1820 3584 2035 3640 nomine
2073 3598 2163 3638 or-

555 3703 700 3750 natae
731 3687 1206 3745 circumferuntur.
1234 3682 1390 3738 Prior
1421 3680 1487 3735 ad
1516 3679 1794 3736 Urbanum
1825 3675 2157 3748 praefectum,

556 3789 804 3844 hortatur
831 3797 974 3850 eum,
1013 3799 1033 3834 ι
1069 3780 1340 3850 sapienter
1361 3775 1672 3846 disponere,
1705 3781 1760 3829 et
1779 3773 2022 3842 judicare
2043 3787 2162 3840 qua:

553 3880 635 3936 illi
677 3877 964 3934 commissa
1011 3881 1155 3928 sunt.
1195 3889 1214 3924 ι
1251 3871 1380 3925 Data
1423 3878 1504 3924 est
1537 3884 1590 3923 Iv
1629 3881 1799 3922 nonas
1843 3863 2158 3928 Februarii,

559 3974 854 4032 Aureliano
875 3979 930 4026 et.
949 3970 1118 4025 Basso
1140 3966 1266 4021 viris
1287 3963 1600 4020 clarissimis
1621 3960 1950 4018 consulibus.
1972 3957 2163 4013 Poste-

555 4073 672 4128 rior
718 4069 923 4126 Severe
961 4063 1216 4121 scribitur
1245 4061 1500 4132 episcopo
1532 4076 1544 4112 :
1577 4057 1645 4113 de
1688 4055 1950 4112 Ecclesiis
1999 4068 2159 4124 paro-

559 4165 788 4228 chi-anis,
822 4171 882 4218 ut
907 4159 1133 4230 singula:
1159 4154 1388 4226 singulis
1414 4152 1611 4207 dentur
1641 4149 1992 4220 presbyteris,
2025 4155 2080 4202 ct
2107 4155 2165 4201 ut

558 4254 990 4318 nullttsalterius
1027 4247 1298 4322 parochias
1347 4245 1639 4312 terminos,
1666 4243 1751 4298 vel
1782 4242 1871 4312 jus
1919 4231 2159 4294 invadat.

557 4353 695 4409 Data
751 4357 834 4405 est
876 4363 908 4402 v
945 4345 1020 4400 id.
1050 4340 1344 4414 septembr.
1387 4337 1612 4394 Claudio
1653 4344 1708 4392 et
1752 4335 1984 4388 Paterno
2033 4329 2164 4386 viris

558 4441 875 4502 clarissimis
919 4454 1061 4496 coss.
1099 4434 1352 4492 Subditas
1399 4447 1521 4489 esse
1569 4429 1825 4502 Dionysio
1865 4426 2159 4498 epistolas,

559 4539 758 4595 docent
783 4545 836 4591 et
863 4532 1068 4606 Slylus,
1103 4529 1360 4600 Dionysio
1391 4527 1508 4580 viro
1537 4523 1850 4579 doctissimo
1879 4520 2158 4589 indignus,

556 4641 613 4688 et
639 4626 1036 4699 inscriptiones.
1067 4623 1280 4678 Annum
1313 4633 1526 4684 ccnxxr,
1551 4629 1813 4684 aperuere
1840 4611 2163 4666 Aurelianus
2186 4613 2242 4675 D

561 4734 616 4779 et
654 4723 884 4784 Bassus,
918 4733 1026 4790 quo
1059 4725 1304 4784 tempore
1347 4709 1630 4781 Dionysius
1667 4706 1732 4761 ad
1772 4707 1876 4760 l'ata
1906 4712 2167 4768 venerat;

564 4812 771 4869 Claudii
809 4811 1023 4882 quidem
1052 4819 1107 4863 et
1132 4803 1354 4862 Paterni
1399 4802 1682 4859 consulatu
1719 4797 2000 4868 epistolam
2031 4795 2166 4852 scri-

559 4909 693 4963 bere
717 4905 997 4976 Dionysius
1027 4902 1219 4972 potttit.
1250 4898 1330 4954 Ad
1363 4897 1624 4952 Severum
1655 4903 1832 4948 tamen
1864 4909 1969 4947 non
1995 4891 2166 4962 scrip-

561 5001 733 5064 sisse,
775 5013 840 5052 eo
881 4999 1126 5057 constat,
1169 4989 1311 5062 quod
1339 4987 1666 5058 ignoraverit
1709 4985 1945 5040 larvatus
1977 4993 2167 5039 auctor

559 5091 838 5166 epistolae,
887 5085 1103 5142 Paterni
1149 5083 1412 5152 collegam
1457 5078 1740 5133 Claudium
1781 5077 2164 5148 imperatorem

555 5189 761 5252 fuisse,
803 5179 948 5252 quod
996 5191 1182 5232 verum
1215 5171 1524 5245 Dionysium
1569 5171 1772 5237 latere,
1821 5186 1925 5224 non
1967 5169 2161 5241 potuit.

556 5280 776 5336 Initium
827 5274 1069 5346 epistola:
1131 5267 1410 5340 impostori
1473 5265 1756 5322 lwneravit
1801 5264 1998 5320 Leonis
2051 5262 2166 5332 epi—

563 5376 699 5434 stola
733 5389 858 5428 xxiv
889 5387 903 5424 :
945 5387 964 5419 ι
1003 5366 1144 5421 Olim
1175 5373 1229 5420 et
1259 5363 1326 5418 ab
1347 5363 1500 5418 initio
1526 5369 1726 5417 tantam
1769 5360 2108 5432 percepimus
2135 5375 2166 5414 ιι

555 5468 619 5524 Β.
670 5467 833 5523 Petro
883 5459 1254 5534 apostolorum
1305 5455 1544 5526 principe
1598 5452 1866 5510 ﬁduciam.
1922 5471 1940 5503 ι
1990 5451 2164 5506 Locos

557 5561 718 5616 etiam
765 5557 988 5613 inseruit
1033 5569 1098 5609 ex
1150 5549 1410 5622 Gregorio
1456 5548 1668 5618 Magno.
1701 5546 2065 5601 Consulantur
2113 5551 2169 5599 et

557 5653 680 5710 libri
706 5667 784 5716 tv,
808 5649 1032 5720 epistola
1055 5645 1148 5712 5‘2,
1177 5652 1234 5701 et
1261 5642 1380 5698 libri
1411 5657 1508 5705 vlt,
1539 5639 1762 5710 epiatola
1795 5638 1918 5703 115,
1945 5635 2000 5692 S.
2025 5635 2163 5692 Gre-

557 5745 692 5818 gorii
719 5741 893 5814 Magni
923 5741 1292 5811 epistularum.
1319 5735 1508 5791 Ambae
1529 5741 1716 5788 exta-nt
1733 5731 1786 5785 in
1807 5731 2008 5786 noviss.
2041 5730 2164 5786 Col-

558 5841 792 5900 lectione
819 5834 1172 5895 conciliorum
1206 5829 1347 5902 apud
1377 5824 1568 5894 Mansi,
1592 5833 1741 5883 tome
1770 5839 1803 5894 ι,
1839 5837 1960 5898 pag.
1990 5823 2159 5884 1004.

2270 1926 2458 1967 versus
2479 1908 2704 1966 Paulum
2727 1911 3142 1968 Samosatenum
3170 1909 3384 1980 scripsit
3411 1909 3702 1982 Dionysius
3722 1924 3864 1980 papa,

2271 2002 2346 2057 uti
2397 2000 2653 2074 praefatus
2697 2002 2932 2074 scriptor
2979 2012 3166 2074 putat,
3200 2001 3296 2058 sed
3329 2000 3621 2074 Dionysius
3666 2001 3868 2056 alexan-

2269 2095 2455 2150 drinus
2477 2095 2798 2168 Episcopus,
2819 2097 2956 2154 sicut
2985 2113 3016 2152 a
3043 2094 3316 2169 Caveo(%)
3336 2095 3448 2168 jam
3471 2093 3612 2152 bene
3636 2101 3865 2152 notatum

2273 2189 2452 2246 rideo.
3331 2205 3341 2215 -

2858 2278 3156 2320 ARTICULUS
3195 2277 3277 2319 Ill.

2537 2375 2767 2429 Doctrina
2789 2378 2843 2430 S.
2869 2377 3088 2443 Dionysii
3109 2377 3314 2430 Romani
3337 2377 3610 2430 Pontiﬁcis.

2589 2483 2617 2554 §
2658 2483 2696 2539 Ι.
2727 2513 2800 2526 —-
2835 2481 2915 2538 De
2937 2484 3253 2540 sanctissima
3282 2483 3545 2542 Trinitate.

2344 2600 2657 2671 Ilefutnntur
2685 2615 2718 2653 a
2750 2601 2811 2655 S.
2851 2599 3100 2672 Dionysio
3145 2599 3406 2656 Tritheitz
3442 2610 3488 2657 et
3533 2600 3864 2658 Marcionita.

2271 2689 2398 2746 Tres
2445 2693 2635 2748 divina:
2677 2690 2921 2748 Persona:
2959 2703 3167 2764 propter
3207 2704 3406 2750 natura
3436 2693 3482 2750 U
3489 2695 3705 2750 nitatem
3743 2695 3866 2750 inu-

2273 2787 2528 2854 pm-abiles
2547 2797 2765 2842 sttut.-—
2791 2787 2958 2844 Sicuti
2985 2788 3316 2844 marcionitse
3343 2787 3748 2860 quodammodo
3765 2799 3863 2844 tres

2270 2880 2411 2934 Deos
2454 2881 2892 2948 constituebant,
2923 2881 3051 2937 dum
3083 2883 3137 2938 in
3167 2891 3276 2938 tres
3315 2885 3648 2941 substantias
3696 2881 3867 2940 alieni-

2268 2989 2435 3045 genas
2453 3017 2466 3041 ,
2501 2985 2555 3030 et
2583 2975 2723 3032 inter
2753 2991 2813 3032 se
2837 2976 3060 3032 omnino
3087 2988 3398 3048 segregatas
3424 2987 3669 3034 sanctam
3702 2977 3868 3036 Unite-

2271 3079 2378 3123 tem
2405 3068 2898 3138 dispartiehantur;
2925 3069 3052 3126 hinc
3077 3081 3302 3127 sanctus
3328 3072 3620 3146 Dionysius
3647 3071 3866 3144 appellat

2268 3163 2567 3218 doctrinam
2600 3165 2740 3220 hanc
2769 3165 2971 3222 futilem
2993 3181 3057 3222 ac
3079 3165 3396 3223 diabolicam
3423 3187 3437 3225 :
3475 3185 3494 3220 ι
3529 3165 3667 3223 Nam
3694 3167 3863 3232 futilis,

2271 3255 2444 3325 inquit
2471 3254 2576 3327 (5),
2611 3255 2894 3312 Marcionis
2925 3258 3240 3315 doctrina...
3273 3259 3535 3316 diabolica
3563 3270 3672 3318 est.
3703 3280 3722 3313 ι
3747 3259 3866 3316 Sub-

2265 3348 2442 3417 jtmgit
2487 3349 2716 3417 deinde,
2769 3352 2906 3410 hanc
2948 3369 3056 3408 non
3113 3369 3236 3410 esse
3281 3354 3582 3410 doctrinam
3632 3368 3865 3412 verorum

2267 3439 2466 3495 Christi
2516 3442 2940 3513 discipulorum,
2987 3455 3043 3502 et
3091 3447 3547 3517 acquiescentium
3583 3445 3863 3504 Salvatoris

2267 3533 2554 3604 praeceptis
2585 3552 2597 3588 :
2635 3553 2653 3586 ι
2691 3535 2755 3590 Hi
2779 3537 2945 3606 enim,
2984 3557 3002 3590 ι
3035 3538 3285 3594 videlicet
3307 3535 3624 3606 Chrisriani,
3657 3559 3678 3592 ‹
3708 3535 3863 3594 Trini-

2266 3637 2431 3684 tatem
2469 3629 2688 3701 quidem
2721 3647 2830 3686 non
2858 3633 3108 3704 ignorant
3135 3633 3189 3687 in
3221 3632 3401 3688 divina
3426 3633 3705 3704 Scriptura
3737 3645 3860 3704 prte-

2266 3721 2468 3788 dicari;
2515 3734 2624 3781 tres
2665 3736 2847 3782 autem
2877 3741 2998 3784 esse
3027 3729 3198 3796 Deos,
3228 3743 3329 3784 nec
3366 3729 3420 3784 in
3453 3731 3664 3800 veteri,
3695 3743 3789 3786 nec
3813 3726 3858 3782 in

2268 3830 2409 3870 noro
2435 3816 2783 3874 Testamento
2811 3821 3016 3877 doceri.
3041 3821 3258 3892 Itaque,
3297 3840 3316 3874 ι
3353 3821 3634 3877 concludit
3659 3827 3858 3878 sanctus

2267 3910 2536 3977 Pontifex,
2571 3930 2590 3964 ι
2622 3913 2952 3970 admirabilis
2992 3914 3278 3985 divinaque
3310 3913 3494 3973 Unitas
3523 3916 3574 3971 in
3610 3927 3720 3973 tres
3743 3911 3858 3970 divi-

2267 4003 2464 4058 uitales
2508 4021 2615 4061 non
2655 4017 2738 4063 est
2767 4009 3091 4078 separanda.
3131 4029 3150 4062 ι
3187 4008 3377 4064 Tradit
3423 4008 3584 4082 paul-0
3631 4008 3858 4080 superius

2266 4088 2408 4150 idem
2449 4105 2668 4154 sanctus
2711 4099 3014 4171 Dionysius,
3044 4100 3286 4156 divinum
3323 4099 3556 4158 Verbum
3590 4101 3704 4160 Deo
3729 4099 3858 4157 Patri

2267 4188 2475 4242 unitum
2507 4203 2628 4245 esse
2648 4233 2662 4255 ,
2697 4201 2752 4245 et
2778 4191 3034 4262 Spiritum
3073 4206 3320 4250 sanctum
3347 4193 3400 4248 in
3436 4194 3546 4250 Deo
3575 4208 3794 4252 manere
3815 4197 3863 4247 et

2269 4280 2531 4348 habitare,
2552 4291 2608 4344 et
2627 4281 2942 4340 Trinitatem
2968 4286 3149 4341 reduci
3170 4297 3224 4342 et
3244 4286 3420 4358 colligi
3435 4288 3490 4342 in
3514 4304 3684 4344 unum
3709 4287 3861 4343 Deum

2267 4374 2736 4444 omnipotentem,
2790 4377 3074 4432 Dominum
3124 4379 3522 4435 universorum.
3575 4399 3596 4434 ι
3648 4380 3862 4437 Necesse

2267 4476 2352 4521 est
2395 4467 2569 4533 enim,
2617 4468 2856 4524 divinum
2902 4470 3140 4527 Verbum
3195 4473 3304 4530 Deo
3352 4474 3728 4530 universorum
3755 4484 3861 4530 esse

2269 4561 2498 4630 unitunt,
2526 4571 2580 4619 et
2604 4561 2863 4634 Spiritum
2897 4576 3142 4622 sanctum
3172 4567 3226 4622 in
3254 4567 3364 4624 Deo
3391 4584 3617 4626 manere
3643 4586 3706 4626 ac
3729 4564 3862 4623 habi-

2270 4663 2406 4722 tare,
2431 4670 2494 4710 ac
2515 4655 2746 4726 denique
2768 4657 3000 4712 divinam
3027 4658 3343 4716 Trinitatem
3370 4663 3422 4716 in
3447 4678 3684 4718 unum...
3707 4661 3859 4717 Deum

2273 4747 2650 4802 universorum
2699 4751 3200 4819 omnipotentem...
3252 4753 3436 4808 reduci
3489 4763 3541 4810 et
3595 4753 3790 4824 colligi.
3840 4767 3856 4801 ι

2271 4839 2402 4906 Quae
2456 4842 2618 4896 verba
2668 4843 3013 4913 apertissime
3059 4843 3354 4901 ostendunt
3403 4861 3564 4902 unum
3612 4848 3777 4903 Deum
3815 4841 3859 4896 in

2271 4941 2384 4988 tres
2413 4931 2723 4989 distinctum
2759 4935 3058 5002 Personas;
3087 4936 3330 5008 adeoque
3365 4947 3476 4994 tres
3512 4939 3710 4996 divinae
3747 4937 3861 4993 Per«

2271 5041 2420 5082 some
2450 5044 2515 5084 ex
2543 5030 2702 5084 allata
2733 5029 2977 5086 doctrina
3005 5041 3132 5086 sunt
3157 5030 3401 5102 ejusdem
3430 5036 3703 5101 essentne,
3734 5029 3861 5102 ejus-

2271 5121 2503 5193 demque
2535 5132 2762 5180 naturae.

2343 5214 2455 5270 Nec
2509 5217 2613 5270 nisi
2669 5230 2950 5288 perperam
2997 5217 3313 5292 detorqueri
3374 5231 3598 5292 possent
3651 5217 3854 5278 recitata

2412 5331 2428 5407 )
2453 5328 2815 5407 [sttdov._J_ac.,
2837 5332 3138 5407 Bibliothec.
3161 5335 3417 5404 ponti/ia,
3439 5337 3532 5392 lib.
3553 5353 3612 5403 ιι,
3633 5349 3751 5407 pag.
3775 5327 3859 5387 62.-

2455 5400 2614 5484 Cave,
2655 5402 2795 5484 Hist.
2830 5400 3438 5484 littera.r:,join._t,'pag.

2348 5472 2426 5544 (ὅ)
2447 5473 2674 5546 Dionys.
2699 5475 2884 5541 Rom.,
2913 5472 3052 5546 apud
3075 5477 3131 5534 S.
3157 5472 3443 5546 Athanasii,
3471 5480 3558 5534 lib.
3583 5479 3644 5534 de
3671 5475 3854 5532 Deerat.

2271 5544 2682 5626 ἓέωοά-,ηῑριησ
2719 5564 2758 5614 ι,
2812 5544 3062 5620 page?”
3101 5558 3156 5604 et
3191 5547 3322 5612 252,
3377 5544 3507 5626 edit.
3555 5548 3852 5626 mentione,

2271 5617 2468 5691 Paris,
2497 5616 2656 5691 1698,
2681 5629 2734 5672 et
2761 5616 2906 5676 tom.—
2925 5639 2964 5681 ι,
2989 5631 3127 5690 part.
3161 5638 3199 5684 t,
3227 5635 3346 5691 pag.
3378 5623 3503 5691 182,
3531 5639 3584 5679 η,
3613 5621 3700 5686 26,
3733 5617 3851 5691 edit.

2270 5687 2562 5763 Patavinae,
2599 5690 2776 5758 i777;
2821 5693 2948 5748 item
2990 5687 3138 5762 apud
3173 5687 3364 5754 mansi,
3401 5687 3532 5751 tom.
3567 5710 3604 5763 ι,
3645 5689 3849 5763 Condit.

2269 5774 2395 5838 pag.
2427 5760 2560 5816 1011
2594 5769 2852 5838 et_s_eqq.;
2878 5775 2933 5819 et
2959 5758 3104 5835 apud
3134 5763 3409 5838 Galland.,
3442 5758 3694 5836 tomfm,
3726 5758 3848 5818 Bibl.

2273 5828 2418 5901 PP.,
2453 5846 2575 5905 pag.
2607 5832 2714 5890 538
2742 5828 2802 5892 et
2823 5828 2977 5910 seqq.
