4018 6320
3043 488 3262 494 --

1447 624 2328 744 MONITUM

1413 844 1479 900 IN
1530 845 1873 903 SUBJECTA
1935 847 2382 904 FRAGMENTA.

416 980 470 1043 1.
532 979 681 1053 Opus
726 995 795 1036 ex
848 995 954 1054 quo
1002 982 1271 1056 descripta
1320 995 1445 1043 sunt
1505 985 1803 1057 fragmenta
1850 989 2125 1061 subjecta,
2184 993 2513 1051 Athanasius
2565 995 2658 1051 lib.
2713 996 2781 1051 de
2822 996 3056 1069 Synod.,
3106 1014 3162 1054 n.
3212 999 3325 1068 44,
3377 1001 3543 1071 epist.

227 1073 302 1131 de
343 1073 571 1133 decretis
619 1076 852 1134 Nicaeum
898 1080 1124 1152 synodi,
1188 1098 1242 1136 n.
1292 1082 1384 1146 25,
1427 1092 1482 1138 et
1523 1083 1681 1154 epist.
1715 1084 1783 1139 de
1833 1087 2099 1141 sententia
2150 1088 2390 1160 Dionysii
2441 1090 2637 1158 passim
2676 1090 2880 1146 laudat.
2937 1092 3193 1162 Ejusdem
3243 1095 3542 1150 meminere

227 1166 460 1225 Basilius
518 1170 613 1236 lib,
680 1172 749 1227 de
802 1172 1003 1242 Spiritu
1058 1185 1282 1242 sancto,
1350 1191 1469 1245 cap.
1540 1176 1649 1240 29,
1694 1186 1748 1233 et
1797 1178 2208 1251 {Ilieronymus,
2252 1182 2321 1237 dc
2382 1183 2584 1253 Script.
2647 1184 2811 1252 eccl.,
2878 1200 2927 1241 c.
2993 1186 3085 1254 79,
3155 1185 3259 1242 Sed
3324 1186 3377 1242 hi
3432 1187 3541 1255 duo

225 1264 490 1323 Doctores
553 1283 661 1323 non
731 1284 835 1325 una
901 1270 1140 1347 ratione.
1176 1270 1305 1326 illud
1373 1270 1630 1328 indicant.
1676 1272 2037 1346 Hieronymus
2109 1279 2253 1332 enim
2317 1281 2369 1333 in
2438 1278 2607 1334 libros
2659 1290 2891 1351 quatuor
2961 1281 3274 1337 distinctum
3340 1282 3540 1338 docet:

222 1359 459 1417 Basilius
516 1377 646 1418 vero
686 1364 927 1434 quaedam
981 1365 1124 1421 illius
1170 1366 1333 1421 verba
1377 1374 1650 1438 tamquam
1696 1384 1762 1422 ex
1810 1369 2045 1425 secunda
2100 1370 2167 1424 ad
2224 1371 2538 1443 Dionysium
2590 1374 2964 1444 cognominem
3011 1374 3241 1445 epistola
3304 1372 3532 1444 profert.

217 1454 307 1513 Re
372 1467 551 1513 autem
610 1473 737 1515 vera
806 1466 861 1514 et
931 1459 984 1514 in
1047 1459 1212 1516 libros
1287 1460 1602 1517 distinctum
1669 1475 1820 1531 esse,
1904 1472 1959 1519 et
2023 1464 2268 1534 epistola:
2344 1478 2539 1520 nomen
2614 1465 2663 1521 ei
2729 1480 3027 1537 congruere
3100 1481 3163 1520 ex
3241 1465 3540 1521 Athanasio

221 1557 491 1607 constat:
542 1552 633 1625 qui
680 1551 895 1624 quidem
946 1552 1000 1608 in
1049 1551 1238 1609 eadem
1281 1553 1508 1627 epistola
1557 1553 1625 1611 de
1678 1556 1944 1610 sententia
1992 1555 2233 1626 Dionysii
2282 1565 2336 1611 et
2381 1573 2531 1612 num.
2578 1557 2667 1624 15,
2720 1555 2851 1612 dicit
2899 1573 2915 1614 :
2974 1576 2993 1608 ι
3043 1556 3333 1629 Dionysius
3377 1573 3536 1629 quam

217 1648 461 1719 primum
520 1648 604 1702 sui
651 1648 911 1720 purgandi
967 1649 1138 1720 gratia
1205 1648 1369 1704 libros
1421 1648 1618 1715 edidit,
1667 1664 1802 1722 quos
1850 1649 2123 1719 inscripsit
2174 1649 2447 1705 Elenchus
2497 1658 2550 1704 et
2596 1650 2893 1721 Apologia,
2944 1671 2963 1703 r
3008 1660 3061 1706 et
3113 1666 3260 1705 num.
3312 1650 3400 1718 M,
3469 1650 3539 1706 de

218 1742 429 1815 scripto
478 1746 669 1801 eodem
717 1747 796 1801 sie
841 1747 1076 1820 loquitur
1120 1765 1131 1801 :
1173 1766 1190 1799 ‹
1228 1746 1524 1816 Epistolam
1574 1761 1724 1802 suam
1775 1745 1998 1801 Elencbi
2046 1754 2101 1800 et
2148 1744 2422 1816 Apologia:
2483 1744 2637 1800 titulo
2688 1734 2981 1815 inscripsit.
3020 1761 3038 1796 ι
3079 1743 3320 1815 Epistola
3378 1743 3539 1813 igitur

213 1845 338 1893 erat
400 1847 633 1909 quatuor
704 1839 756 1894 in
825 1839 990 1895 libros
1049 1839 1339 1905 distincta,
1405 1839 1647 1910 adeoque
1702 1854 1803 1894 una
1867 1853 1934 1893 ex
1984 1838 2088 1903 iis,
2157 1852 2288 1909 quas
2347 1838 2633 1909 Dionysius
2700 1852 2729 1889 a
2794 1851 2853 1892 se
2905 1836 3077 1892 fusius
3138 1843 3190 1891 et
3259 1834 3538 1892 tractantis

211 1945 374 1988 more
410 1930 662 2001 dictatas,
693 1933 1188 2013 διδασκαλικώτερον
1231 1936 1597 2008 ὑφηγούμενος,
1630 1942 1787 1987 vocat

1950 1933 2033 1986 ist.
2065 1932 2117 1998 l,
2156 1930 2224 1984 ad
2250 1928 2404 2000 Xyst.
2438 1930 2479 2000 ).
2525 1924 2753 1985 Non‘ab
2802 1943 2868 1984 eo
2906 1929 3123 1995 statim,
3173 1936 3231 1982 ut
3269 1926 3339 1982 de
3379 1942 3537 1984 accu—

211 2027 432 2083 satione
483 2042 579 2083 sua
628 2029 988 2088 commonitus
1028 2028 1159 2095 fuit,
1221 2027 1382 2082 missa
1428 2036 1531 2082 est.
1588 2024 1719 2079 Nam
1762 2040 1829 2080 ne
1875 2022 2211 2080 accusationi
2260 2021 2451 2076 deesse
2506 2021 2815 2087 videretur,
2863 2020 2910 2074 si
2956 2019 3260 2075 rescribere
3290 2018 3535 2074 Romano

209 2121 437 2190 praesuli
488 2121 687 2177 diutius
726 2122 1002 2188 differret,
1047 2121 1168 2176 huic
1213 2120 1496 2192 epistolam
1550 2119 1845 2189 prrcmisit,
1894 2133 2054 2188 quam
2101 2117 2270 2183 infra,
2314 2132 2461 2170 num.
2523 2115 2591 2182 6,
2647 2115 2820 2186 ipsum
2863 2113 3180 2186 Dionysium
3234 2114 3536 2171 Romanum

210 2213 501 2285 alloquens
529 2225 793 2270 memorat
821 2216 903 2271 his
923 2215 1135 2270 verbis:
1159 2219 1245 2270 καὶ
1272 2236 1355 2270 σοι
1382 2213 1447 2269 δι’
1470 2212 1619 2274 ἄλλης
1640 2216 1793 2269 ἑπιστ

1949 2210 2167 2287 ξίιραψα.
2198 2210 2458 2277 Quocirca
2491 2223 2598 2264 non
2633 2208 2794 2265 modo
2825 2206 3084 2279 Epistola,
3114 2207 3215 2264 sed
3245 2216 3301 2265 et
3322 2209 3536 2280 epistola

210 2313 441 2367 secunda
480 2314 550 2366 ad
593 2313 899 2385 Dionysium
945 2313 1291 2384 cognominem
1336 2327 1443 2367 non
1492 2312 1634 2366 male
1684 2327 1713 2365 a
1754 2311 1954 2367 Basilio
1995 2310 2319 2383 appellatur.
2354 2309 2528 2365 Simul
2554 2310 2712 2365 etiam
2745 2319 2829 2364 est
2859 2308 3120 2364 Elenclms
3146 2317 3201 2365 et
3244 2308 3536 2378 Apologia;

209 2404 483 2461 Elenchus
511 2406 726 2476 quidem
758 2406 1192 2462 adversariorum
1220 2414 1275 2460 et
1299 2414 1670 2459 accusatorum
1703 2402 1978 2474 Dionysii,
2022 2402 2113 2473 qni
2150 2403 2201 2456 in
2231 2401 2333 2457 hoc
2372 2416 2538 2473 opere
2569 2411 2936 2472 coarguuntur
2972 2414 3133 2471 atque
3158 2401 3525 2470 confutantur,

206 2499 470 2572 Apologia
497 2516 627 2557 vero
670 2502 837 2572 ipsius
877 2500 1111 2570 Dionysii
1153 2498 1242 2569 qui
1274 2500 1324 2553 in
1364 2499 1556 2554 eodem
1588 2496 1656 2552 de
1685 2496 1914 2566 objectis
1943 2496 2219 2552 erroribus
2260 2510 2381 2550 sese
2423 2511 2652 2566 purgare
2703 2496 2912 2551 nititur.
2941 2496 3097 2563 Quod
3142 2512 3263 2552 cum
3300 2495 3529 2552 feliciter

206 2591 553 2661 praistiterit,
593 2591 920 2661 impudentis
964 2589 1242 2645 calumnia:
1285 2589 1475 2645 merito
1520 2590 1694 2659 arguit
1720 2588 2047 2644 Athanasius
2078 2587 2345 2657 Ariauos,
2372 2587 2518 2658 quod
2547 2602 2610 2642 ea
2641 2587 2789 2644 velut
2829 2589 3063 2661 Dionysii
3106 2590 3380 2646 venditare
3421 2603 3529 2644 non

203 2683 553 2745 erubuerint.
580 2699 700 2754 qua:
756 2683 849 2739 ille
887 2683 1062 2754 palam
1091 2693 1383 2753 aperteque
1417 2682 1681 2752 rejecerit.
3468 2740 3471 2743 _

386 2776 454 2833 II.
498 2778 603 2833 Ista
636 2776 875 2849 Dionysii
917 2777 1161 2849 apologia
1202 2791 1269 2833 eo
1319 2776 1538 2846 majoris
1581 2784 1665 2831 est
1704 2774 1996 2841 momenti,
2038 2774 2182 2846 quod
2212 2776 2490 2845 specimini
2531 2774 2689 2831 nobis
2725 2775 2795 2831 sit
2838 2790 3060 2842 eorum,
3102 2791 3222 2845 qua:
3273 2775 3530 2833 fecissent

200 2871 387 2927 caeteri
441 2871 631 2927 Patres
693 2871 913 2926 Nicaeno
976 2870 1207 2925 concilio
1255 2870 1599 2940 superiores,
1656 2867 1854 2938 quibus
1906 2868 2169 2924 nonnulla
2235 2868 2552 2925 exciderunt
2614 2868 2815 2924 ariana:
2886 2869 3149 2939 impietati
3197 2871 3248 2925 in
3291 2870 3529 2942 speciem

197 2972 458 3033 cognata,
516 2967 561 3019 si
620 2979 715 3020 eos
776 2963 967 3020 similis
1026 2963 1320 3019 necessitas
1381 2961 1449 3017 ad
1522 2960 1897 3031 explicandam
1960 2962 2200 3032 apertius
2247 2971 2483 3018 mentem
2548 2977 2703 3018 suam
2747 2963 3118 3033 compulisset.
3180 2964 3307 3020 Inde
3380 2965 3523 3020 enim

196 3051 359 3109 facile
390 3053 676 3109 adducitur
714 3053 942 3125 quisque
976 3063 1034 3108 ut
1058 3052 1279 3119 credat,
1325 3052 1597 3109 neminem
1641 3066 1706 3107 ex
1755 3052 1832 3108 eis
1889 3051 2128 3108 futurum
2162 3051 2363 3119 fuisse,
2412 3054 2502 3124 qui
2550 3069 2655 3108 non
2703 3054 2928 3126 perinde
2984 3065 3145 3125 atque
3199 3056 3521 3129 Dionysius,

194 3146 444 3204 eamdem
475 3148 756 3219 perfidiam
787 3148 1116 3214 damnasset,
1165 3163 1232 3203 ex
1281 3146 1382 3201 hoc
1408 3161 1572 3216 opere
1615 3161 1734 3215 quae
1764 3144 2152 3211 exscribenda,
2201 3159 2319 3215 quae
2367 3145 2821 3215 praetermittenda
2868 3146 3105 3202 duxerit.
3156 3148 3515 3218 Athanasius,

193 3257 351 3297 nnm.
420 3241 511 3308 H,
560 3242 784 3313 exponit
840 3243 892 3296 in
942 3241 1084 3296 hunc
1141 3240 1392 3296 modum:
1426 3239 1649 3297 «Verba
1698 3238 1815 3309 ejus
1859 3253 2019 3308 quam
2062 3238 2319 3309 plurima,
2363 3238 2558 3308 quibus
2603 3254 2690 3294 res
2745 3238 2799 3293 in
2853 3239 3206 3311 quaestionem
3254 3241 3513 3299 adductas

199 3332 502 3403 expendit,
535 3341 628 3389 aut
672 3348 737 3388 ex
782 3332 959 3388 allatis
1001 3332 1297 3391 ratiociniis
1327 3331 1566 3403 colligit,
1612 3340 1705 3389 aut
1735 3332 2094 3400 interrogatos
2137 3330 2476 3386 adversarios
2527 3331 2767 3401 coarguit
2808 3331 2894 3387 vel
2942 3331 3338 3390 obtrectatores
3387 3351 3516 3392 suos

192 3426 552 3495 criminatur,
604 3426 675 3482 ob
724 3427 984 3482 librorum
1038 3427 1397 3497 prolixitatem
1448 3425 1730 3490 omittens,
1774 3439 1837 3479 ea
1876 3424 2049 3478 solum
2098 3439 2434 3494 proponam,
2490 3440 2610 3493 qua:
2653 3424 2720 3478 ad
2770 3425 3179 3483 criminationes
3229 3428 3514 3485 diluendas

191 3523 504 3578 necessaria
551 3522 899 3577 videbuntur.
941 3541 957 3573 ι
994 3522 1047 3577 1η
1096 3523 1161 3577 iis
1206 3537 1371 3588 vero,
1420 3537 1538 3591 qua:
1585 3520 1869 3587 exscribit,
1920 3518 2178 3573 librorum
2222 3517 2467 3573 ordinem
2520 3517 2739 3573 minime
2799 3527 3012 3585 servat,
3069 3519 3164 3573 scd
3215 3529 3375 3589 prout
3426 3536 3515 3579 res

191 3623 436 3670 tractata:
477 3614 854 3685 postulabant,
896 3629 1040 3670 nunc
1083 3630 1245 3668 unum
1288 3625 1344 3669 et
1384 3614 1607 3669 alterum
1656 3612 2013 3682 fragmentum
2053 3626 2120 3666 ex
2166 3609 2304 3664 libro
2346 3612 2521 3679 primo
2552 3608 2791 3679 profert,
2826 3619 2935 3665 tum
2968 3611 3111 3666 aliud
3138 3627 3205 3667 ex
3237 3615 3507 3684 secundo,

187 3706 424 3763 subinde
452 3716 699 3779 quartum
730 3721 920 3762 rursus
949 3722 1015 3762 ex
1062 3707 1268 3776 primo.
1303 3708 1388 3765 cui
1419 3707 1563 3763 aliud
1596 3722 1662 3762 cx
1694 3714 1885 3776 quarto
1916 3704 2180 3776 adjungit.
2211 3705 2279 3760 At
2306 3718 2426 3759 cum
2460 3704 2632 3760 nostri
2656 3705 2882 3759 instituti
2912 3706 2982 3760 sit
3011 3706 3193 3776 operis
3242 3708 3509 3778 ejusdem,

188 3808 381 3869 utpote
428 3800 495 3857 ad
554 3799 853 3855 Romanum
922 3801 1232 3871 pontiﬁcem
1297 3800 1517 3871 scripti,
1573 3798 1827 3870 reliquias
1897 3806 2148 3853 accurate
2172 3798 2460 3867 colligere,
2524 3798 2732 3868 singula
2810 3797 3116 3870 fragmenta
3190 3816 3257 3855 eo
3315 3802 3508 3859 ordine

188 3893 449 3951 exhibere
495 3897 664 3950 satius
714 3895 888 3951 visunt
919 3905 1032 3956 est,
1071 3912 1226 3968 quem
1259 3905 1477 3951 servant
1514 3897 1654 3951 inter
1683 3909 1743 3949 se
1772 3892 1923 3958 libri,
1982 3907 2049 3946 ex
2093 3891 2287 3961 quibus
2335 3890 2607 3962 descripta
2655 3903 2801 3948 sunt.
2857 3894 3082 3948 liemum
3126 3894 3171 3948 si
3225 3904 3502 3965 gestorum

186 4002 313 4059 qua:
361 3988 463 4043 hoc
508 4002 645 4059 opus
686 3996 1111 4056 praecesserunt,
1144 3989 1340 4043 seriem
1381 3987 1786 4058 expendamus,
1816 3984 1882 4039 ad
1936 3992 2145 4052 tempus
2172 3983 2314 4036 circa
2343 3982 2484 4051 quod
2531 3982 2865 4037 elaboratum
2914 3991 3026 4047 est,
3060 3984 3293 4055 quodam
3342 3987 3504 4042 modo

185 4080 497 4150 pertingere
552 4079 753 4134 licebit.
805 4079 1007 4148 Nempe
1062 4081 1265 4149 aliquot
1318 4081 1554 4147 Dionysii
1587 4077 1936 4135 Alexandrini
1985 4076 2249 4130 adversus
2292 4075 2627 4131 Sabellianos
2676 4078 2949 4146 epistolae,
3024 4078 3196 4149 Xysto
3246 4079 3503 4150 pontifice

183 4172 461 4243 vulgatae,
531 4171 861 4227 accusationi
930 4172 1074 4227 illius
1122 4173 1462 4227 occasionem
1513 4171 1797 4227 dederunt.
1845 4170 1974 4226 Inde
2026 4168 2257 4239 permoti
2301 4168 2545 4224 nonnulli
2594 4169 2890 4238 Catholici,
2938 4173 3059 4241 ipso
3129 4174 3499 4231 Alexandrino

126 4280 143 4293 ί
184 4265 421 4337 ρι’ωειιιυ
450 4265 655 4331 inscio,
690 4265 913 4319 lioniam
965 4267 1354 4331 convolarunt,
1386 4275 1437 4320 rt
1497 4280 1620 4334 quae
1663 4263 1766 4321 sibi
1840 4263 1895 4318 in
1936 4266 2054 4334 ejus
2105 4266 2317 4335 scriptis
2363 4265 2721 4337 displicebant
2751 4265 2818 4320 ad
2849 4266 3151 4321 Romanum
3178 4268 3489 4337 pontificem

182 4357 516 4414 detulerunt.
549 4356 737 4411 Statim
767 4357 1046 4413 admonuit
1094 4359 1375 4429 Dionysius
1407 4358 1681 4412 Romanus
1715 4358 2030 4429 Dionysium
2062 4359 2510 4415 Alexandrinum.
2555 4360 2604 4415 ls
2632 4375 2761 4416 vero
2786 4360 2859 4415 illi
2908 4360 3221 4418 satisfacere
3252 4364 3487 4433 primum

182 4450 471 4516 brevibus,
530 4466 761 4522 moxque
790 4452 1166 4521 prolixioribus
1216 4453 1409 4507 litteris
1435 4491 1449 4516 ,
1481 4468 1636 4521 quam
1667 4452 1887 4524 primum
1912 4493 1925 4517 ,
1960 4461 2018 4507 ut
2070 4452 2394 4508 Athanasius
2424 4460 2609 4521 notat,
2662 4453 2886 4509 studuit.
2920 4455 3181 4521 Quocirca
3234 4456 3308 4511 nil
3353 4465 3501 4512 vetat

178 4545 475 4618 quominus
520 4544 680 4607 .hanc
763 4545 998 4618 Dionysii
1064 4545 1365 4616 apologiam
1455 4544 1522 4599 ad
1570 4560 1769 4600 annum
1830 4545 1945 4600 ‘262
2020 4546 2249 4601 attinere
2324 4560 2660 4602 censeamus.
2746 4544 2883 4602 Eam
2957 4562 3171 4619 quoque
3239 4546 3487 4607 eruditus

179 4638 567 4700 Tillemontius
610 4637 676 4695 ad
730 4639 852 4696 anni
902 4639 1063 4710 hujus
1111 4640 1321 4696 exitum
1377 4637 1565 4695 referri
1616 4654 1775 4710 posse
1822 4640 2135 4697 arbitratur.
2187 4637 2493 4698 Cousnnr.

1502 4819 2045 4894 EPISTOL/E
2093 4820 2177 4893 ΙΙ

1023 5009 1252 5065 DlONYSll
1293 5022 1652 5065 ALEXANDRINI
1692 5019 1924 5063 EPISCOPI
1962 5022 2031 5063 AD
2070 5018 2347 5062 DIONYSIUH
2385 5016 2673 5070 ROIANUII,

724 5170 729 5221 ῖ
796 5167 901 5225 Seu
930 5169 1119 5240 Operis
1163 5167 1307 5240 quod
1351 5168 1617 5226 Elenchus
1667 5178 1720 5225 et
1767 5168 2026 5242 Apologia
2085 5167 2504 5235 inscribebatur,
2566 5166 2882 5240 fragmenta.

1709 5330 1781 5382 Er
1808 5335 1962 5396 primo
1982 5329 2124 5391 libro,

245 5470 300 5527 ι.
372 5464 492 5523 Non
524 5463 667 5522 enim
699 5472 814 5521 erat
854 5472 1084 5536 tempus,
1118 5463 1330 5535 quando
1358 5464 1498 5523 Deus
1526 5480 1632 5522 non
1664 5474 1781 5523 erat

1472 5479 1498 5522 s
1526 5480 1632 5522 non
1664 5474 1781 5523 erat
1957 5463 2008 5519 l.
2051 5465 2122 5519 οὐ
2146 5462 2244 5540 γάρ
2273 5458 2331 5524 ἦν
2355 5457 2437 5521 ὅτι
2465 5460 2491 5520 ὁ
2518 5462 2641 5526 Θεὸς
2670 5463 2761 5520 οὐκ
2786 5458 2845 5524 ἦν
2868 5466 3059 5537 Πατήρ.

174 5560 361 5618 Pater.

239 5655 305 5708 Et
328 5658 384 5706 in
400 5653 732 5718 sequentibus
746 5653 1251 5719 (inquitAthanasius)
1267 5655 1523 5718 profitetur
1536 5654 1778 5706 Christum
1945 5666 2018 5706 Καὶ
2037 5669 2148 5705 τοῦτο
2171 5660 2267 5705 eis"
2290 5653 2380 5717 (ait
2399 5651 2691 5701 Athanasius
2713 5652 2875 5700 statim
2895 5648 3038 5714 post)
3059 5661 3095 5699 ιν
3112 5662 3189 5709 τοῖς
3222 5657 3316 5709 urg,
3337 5660 3395 5702 an
3414 5662 3479 5700 τὸν

175 5753 387 5808 semper
428 5751 562 5800 esse,
588 5746 643 5790 ut
664 5748 778 5803 pote
805 5739 1010 5791 verbum
1032 5745 1083 5791 et
1102 5740 1392 5803 sapientiam
1416 5746 1469 5792 et
1490 5740 1738 5791 \irtutetu.

1343 5754 1392 5790 m
1416 5746 1469 5792 et
1490 5740 1738 5791 virtutem.
1883 5753 2038 5807 Χριστὸν
2064 5747 2167 5801 εἶναι,
2182 5753 2287 5805 λόγον
2313 5752 2417 5800 ὄντα,
2434 5751 2497 5791 ιιιί
2519 5752 2664 5801 σοφίαν,
2685 5748 2747 5787 καὶ
2764 5742 2928 5799 Magaw.

284 5866 341 5925 Ξ.
396 5866 583 5941 Neque
628 5880 754 5924 vero
800 5866 940 5925 Deus
991 5883 1108 5927 cum
1172 5867 1287 5927 haec
1353 5884 1457 5928 non
1508 5868 1805 5943 peperisset

1983 5870 2039 5928 2.
2081 5875 2150 5929 Οὐ
2174 5874 2273 5954 γὰρ
2307 5870 2369 5936 δή
2402 5872 2594 5940 τούτων
2624 5867 2801 5948 ἄγονος
2833 5868 2898 5930 ὢν
2942 5871 3065 5935 Θεὸς
3092 5911 3106 5945 ,
3136 5863 3245 5934 εἶτα
3287 5864 3490 5931 ἐπαιδο-

1289 6025 1345 6061 κ
