3970 6274
561 324 663 381 H9

1648 323 1937 380 DIONYSII
1976 317 2449 378 ALEXANDRINI
2492 321 2796 381 EPISCOPI

3764 333 3857 391 1‘20

556 446 742 508 postea
770 437 960 494 Filium
989 437 1173 509 genuit
1199 456 1211 492 :
1244 436 1336 492 sed
1365 437 1491 509 quia
1517 437 1682 495 Filius
1714 453 1820 494 non
1852 452 1881 493 a
1913 451 1973 494 sc
2003 435 2137 507 ipso,

2255 438 2531 501 ποιήσατο,
2565 436 2668 493 ἀλλ’
2696 434 2774 494 ὅτι
2818 442 2889 511 μὴ
2933 438 3057 516 παρ’
3088 439 3278 497 ἑαυτοῦ
3316 439 3342 499 ὁ
3370 440 3504 509 Υἱὸς,
3538 442 3640 499 ἀλλ’
3684 445 3735 499 ἐκ
3772 454 3855 502 τοῦ

556 546 745 588 verum
772 547 800 586 a
827 531 989 588 Patre
1020 531 1183 587 habet
1209 546 1355 588 esse.

616 690 681 741 Et
704 697 813 757 post
832 703 985 756 pauca
1001 690 1067 742 de
1087 694 1197 756 ipso
1212 691 1342 743 Filio
1364 692 1487 743 dicit
1518 708 1527 741 :

621 883 675 938 5.
726 880 861 937 Cum
904 883 977 938 sit
1018 881 1279 953 splendor
1326 881 1461 937 lucis
1506 889 1762 949 aeternas,
1817 895 2041 953 prorsus
2098 889 2153 936 et

547 973 667 1045 ipse
734 984 971 1029 :eternus
1041 983 1147 1031 est.
1203 974 1349 1030 Luce
1403 974 1548 1028 enim
1603 988 1820 1045 semper
1885 973 2154 1029 existente

548 1066 895 1123 manifestum
928 1078 1009 1124 est
1041 1076 1099 1124 et
1128 1066 1475 1137 splendorem
1509 1081 1729 1134 semper
1759 1067 2053 1121 exsistere:
2086 1079 2154 1120 eo

497 1161 747 1232 .quippe
797 1161 890 1216 lux
932 1176 1055 1216 esse
1114 1159 1465 1231 intelligitur,
1522 1158 1665 1229 quod
1713 1159 2028 1229 Splendeat,
2092 1171 2155 1213 ac

542 1254 663 1310 ﬁeri
705 1256 889 1324 nequit
937 1262 996 1309 ut
1032 1255 1119 1308 lux
1189 1269 1293 1309 nou
1341 1254 1538 1307 luceat.
1592 1252 1827 1306 Rursum
1886 1251 2033 1306 enim
2084 1250 2152 1305 ad

544 1348 791 1416 exempla
818 1346 1120 1401 veniamus.
1157 1345 1213 1401 Si
1243 1345 1328 1399 sol
1355 1354 1460 1411 est,
1495 1353 1582 1400 est
1610 1359 1826 1413 quoque
1856 1341 2115 1413 Splendor
2136 1386 2152 1408 ,

542 1450 627 1494 e5t
656 1448 712 1494 et
737 1438 884 1495 dies:
939 1439 1132 1493 horum
1161 1438 1207 1492 si
1235 1436 1370 1492 nihil
1401 1445 1505 1502 est,
1540 1436 1770 1491 multum
1798 1434 1954 1490 abest
1986 1442 2045 1488 ut
2070 1434 2156 1490 sol

546 1531 708 1586 adsit.
743 1531 894 1599 Quod
924 1533 970 1587 si
999 1532 1079 1586 sol
1122 1541 1358 1587 aeternus
1409 1540 1575 1598 esset,
1611 1530 1729 1586 dies
1756 1544 1974 1601 quoque
2002 1543 2159 1583 num-

537 1641 698 1696 quam
729 1625 1005 1680 deficeret.
1040 1624 1196 1679 Nunc
1226 1635 1405 1679 autem
1437 1622 1657 1697 (neque
1690 1623 1835 1679 enim
1865 1622 1939 1677 ita
1966 1636 2025 1677 se
2066 1635 2157 1677 res

2273 534 2469 608 Πατρός
2500 530 2616 604 ἕχει
2645 528 2876 590 τὸεῖναι.

2343 701 2419 739 Καὶ
2437 702 2516 751 μετ’
2539 702 2645 753 ὀλίγα
2668 689 2857 755 (pergit
2877 692 3048 744 dicere
3066 692 3380 759 Athanasius)
3405 709 3512 749 πάλι.
3548 711 3629 764 «ιρι
3656 715 3721 753 τοῦ
3753 714 3856 755 me:

2281 786 2403 835 φησιν’

2327 882 2382 936 5.
2422 882 2764 959 ’Λπαύγασμα
2784 886 2839 942 δὲ
2870 887 2936 943 ὢν
2957 892 3120 963 φωτὸς
3148 890 3337 959 ἀϊδίου,
3362 895 3567 957 πάντως
3598 899 3684 952 καί
3712 898 3858 959 αὐτὸς

2257 974 2426 1040 ἀΐδιὸς
2470 979 2629 1033 ἐστιν.
2683 975 2828 1043 ὄντος
2850 984 2951 1059 γὰρ
2998 985 3076 1037 ἀεὶ
3117 991 3212 1040 τοῦ
3254 989 3439 1059 φωτὸς,
3465 986 3610 1048 δῆλον
3640 992 3708 1052 ὡς
3733 988 3860 1048 ἔστιν

2257 1072 2425 1125 ἀεὶτὸ
2457 1073 2811 1147 ἀπαύγασμα.
2851 1077 3019 1149 τούτῳ
3063 1079 3183 1154 γὰρ,
3235 1082 3321 1133 καὶ
3351 1078 3429 1135 ὅτι
3476 1090 3578 1153 φῶς
3626 1085 3755 1148 ἐστι,
3796 1092 3863 1158 τῷ

2256 1167 2598 1237 καταυγάξειν
2628 1176 2838 1233 νοεῖται,
2872 1172 2957 1223 καί
2988 1179 3090 1244 φῶς
3118 1174 3176 1226 ού
3204 1171 3421 1230 δύναται
3445 1182 3515 1249 μή
3552 1182 3763 1250 φωτίζον
3794 1174 3859 1233 εἷ-

2260 1278 2364 1311 ναι.
2397 1258 2546 1313 πάλιν
2580 1260 2679 1336 γὰρ
2709 1257 2932 1333 ἔλθωμεν
2948 1264 3044 1318 ’ἐπὶ
3082 1266 3149 1320 τὰ
3186 1265 3607 1342 παραδείγματα.
3649 1273 3692 1324 εἰ
3734 1268 3863 1327 ἔστιν

2261 1351 2419 1412 ἥλιος.
2451 1349 2591 1407 ἔστιν
2618 1355 2784 1425 ἡμέρα
2809 1369 2821 1383 ⁸
2860 1358 2902 1409 εἰ
2928 1361 3173 1413 τοιούτων
3204 1358 3359 1432 μηδέν
3386 1365 3517 1426 ἐστι.
3551 1365 3680 1420 πολύ
3712 1386 3765 1437 γε
3796 1364 3869 1421 δεῖ

2262 1446 2347 1519 καὶ
2372 1454 2614 1517 παρεῖναι
2652 1448 2809 1506 ἥλιον.
2840 1453 2883 1504 εἰ
2923 1454 3015 1523 μὲν
3040 1448 3127 1506 οὖν
3156 1453 3319 1517 ἀΐδιος
3350 1457 3375 1511 ὁ
3407 1459 3567 1521 ἥλιος.
3602 1457 3863 1523 ἄπαυστος

2263 1530 2321 1589 ἂν
2349 1533 2408 1595 ῆν
2436 1541 2521 1592 καί
2558 1541 2588 1597 ἡ
2618 1541 2803 1614 ἡμέρα.
2836 1548 2926 1595 νῦν
2956 1541 3010 1597 δὲ
3036 1583 3050 1608 ,
3081 1547 3140 1598 ού
3169 1549 3269 1620 γὰρ
3300 1545 3439 1603 ἔστιν
3462 1590 3474 1612 ,
3506 1552 3787 1628 ἀρξαμένου
3813 1574 3861 1609 τε

2260 1627 2473 1703 ἤρξατο,
2527 1636 2614 1686 καὶ
2637 1637 2930 1707 παυομένου
2969 1638 3216 1693 παύεται.
3248 1640 3274 1694 ὁ
3317 1639 3369 1695 δέ
3398 1665 3454 1714 γε
3500 1646 3626 1705 Θεὸς
3677 1645 3863 1701 αἰώνιόν

536 1715 737 1786 habet)
772 1716 892 1772 dies
918 1716 1037 1772 sole
1066 1717 1358 1786 incipiente
1386 1715 1605 1785 incipit,
1637 1730 1700 1770 ac
1746 1715 2029 1769 desinente
2056 1712 2137 1768 dei

2263 1723 2375 1778 ἐστι
2404 1731 2530 1795 φῶς,
2560 1723 2679 1780 οὔτε
2710 1728 3011 1801 ἀρξάμενον,
3039 1726 3155 1784 οὔτε
3183 1731 3329 1795 λῆξόν
3358 1754 3507 1788 ποτε.
3540 1736 3721 1788 οὐκοῦν
3748 1737 3863 1788 αἰὼ-

536 1809 687 1864 sinit.
732 1808 873 1865 Deus
914 1817 1094 1864 autem
1137 1818 1343 1865 aeterna
1374 1809 1462 1863 lux
1493 1817 1598 1872 est,
1630 1824 1752 1874 qua:
1781 1822 1956 1878 neque
1983 1807 2157 1862 incoe-

532 1902 640 1974 pit,
704 1917 877 1972 neque
915 1901 1159 1958 deficiet
1222 1917 1478 1973 unquam.

536 2006 603 2048 ac
627 1994 915 2048 coexsistit
941 2002 1178 2050 aeternus
1207 1993 1490 2063 splendor,
1519 1994 1610 2063 qui
1638 1992 1757 2047 sine
1786 1990 1945 2046 initio
1985 1992 2156 2048 exsis-

535 2093 660 2142 tens
704 2094 758 2141 et
805 2100 1025 2154 semper
1074 2086 1307 2157 genitus,
1358 2095 1485 2140 ante
1530 2099 1653 2139 eum
1698 2083 1920 2149 emicat,
1954 2084 2157 2154 quique

535 2190 624 2239 ost
650 2198 711 2238 ea
740 2182 1002 2253 sapientia
1029 2224 1043 2250 ,
1074 2197 1196 2252 qua:
1224 2181 1394 2247 dicit,
1430 2180 1539 2253 Ego
1560 2196 1700 2235 eram
1728 2196 1829 2251 qua
1855 2179 2108 2251 gaudebat
2138 2196 2158 2233 :

538 2283 588 2329 et
627 2274 916 2329 delectabar
943 2274 1173 2346 quotidie
1215 2283 1335 2329 ante
1372 2273 1560 2344 faciem
1585 2273 1697 2344 ejus
1743 2272 1885 2328 omni
1942 2282 2167 2346 tempore

537 2361 725 2434 (Prov.
753 2384 868 2436 vm,
896 2368 1012 2438 30).

596 2500 660 2551 Et
678 2503 821 2566 paulo
843 2510 953 2567 post
974 2516 1259 2553 sermonem
1281 2504 1347 2554 de
1373 2506 1555 2555 eodem
1578 2507 1652 2555 sic
1685 2508 2004 2568 prosequitur
2035 2520 2045 2555 :
2100 2571 2105 2579 _

531 2634 535 2647 ί
605 2635 660 2688 4.
691 2634 826 2689 Cum
860 2650 991 2708 ergo
1021 2645 1261 2693 :eternus
1284 2637 1355 2691 sit
1385 2638 1564 2703 Pater,
1599 2645 1832 2693 aeternus
1860 2647 1942 2693 est
1966 2648 2022 2695 et
2047 2638 2141 2695 Fi-

549 2724 694 2793 lius,
742 2727 926 2783 lumen
960 2727 1027 2783 de
1047 2727 1273 2784 lumine.
1319 2727 1421 2784 Ubi
1473 2728 1617 2783 enim
1669 2736 1754 2784 est
1799 2730 2030 2801 genitor,
2064 2739 2150 2787 est

543 2828 601 2874 et
646 2820 845 2889 proles.
881 2821 939 2876 Si
981 2829 1159 2878 autem
1214 2821 1399 2893 proles
1454 2838 1561 2878 non
1604 2832 1721 2890 est,
1774 2823 2048 2894 quomodo
2096 2832 2152 2881 et

540 2911 699 2982 cujus
741 2921 924 2983 potest
964 2928 1088 2969 esse
1139 2915 1395 2986 genitor?
1440 2916 1601 2986 Atqui
1657 2916 1817 2971 ambo
1875 2926 2042 2985 sunt,
2099 2927 2154 2974 et

543 3020 764 3075 semper
789 3015 936 3062 sunt.
974 3008 1105 3063 Cum
1139 3008 1304 3080 igitur
1332 3009 1473 3065 Deus
1512 3010 1583 3065 sit
1627 3011 1716 3065 lux
1741 3053 1755 3076 ,
1790 3009 2039 3066 Christus
2066 3020 2151 3068 est

534 3103 815 3171 splendor.
861 3103 994 3160 Cum
1047 3114 1228 3162 autem
1276 3106 1511 3177 Spiritus
1551 3107 1661 3174 sit,
1691 3105 1921 3177 Spiritus
1964 3108 2146 3174 enim,

532 3197 746 3268 inquit,
798 3208 872 3252 est
902 3198 1039 3255 Deus
1083 3198 1388 3270 (Joan.1v,
1437 3199 1570 3270 21);
1613 3208 1983 3270 congruenter
2030 3214 2151 3254 rur—

528 3302 648 3343 sum
685 3287 938 3344 Christus
964 3304 1134 3360 vapor
1169 3289 1370 3344 dicitur
1399 3308 1412 3343 :
1453 3290 1545 3345 Est
1578 3291 1711 3344 enim
1734 3331 1749 3358 ,
1799 3289 2005 3361 inquit,
2054 3306 2147 3344 va-

517 3395 614 3450 por
642 3379 839 3433 virtutis
865 3379 963 3434 Dei
997 3380 1192 3451 (δίψη
1224 3396 1324 3447 vu,
1356 3381 1428 3436 25
1449 3381 1491 3450 ).

584 3536 896 3599 Rursumque
919 3537 1073 3587 dicit:

608 3666 664 3719 5.
697 3665 859 3719 Solus
890 3672 1070 3719 autem
1104 3663 1272 3720 Filius
1317 3680 1537 3737 semper
1581 3668 1917 3723 coexsistens
1953 3668 2098 3725 Patri
2122 3711 2137 3735 ,

531 3766 589 3812 et
614 3757 808 3826 plenus
840 3772 907 3813 eo
950 3757 1040 3827 qui
1098 3766 1220 3825 est,
1264 3758 1379 3829 ipse
1428 3759 1589 3815 etiam
1634 3771 1751 3827 est,
1783 3776 1904 3816 cum
1958 3761 2029 3816 sit
2074 3777 2139 3817 ex

536 3849 693 3909 Patre
724 3850 825 3923 (ex
855 3851 1043 3907 Athan.
1070 3894 1084 3920 ,
1115 3852 1240 3907 ibid.
1263 3895 1277 3922 ,
1324 3870 1377 3906 η.
1415 3854 1528 3925 i7).

1556 1901 1660 1971 Ipsi
1714 1916 1846 1972 ergo
1897 1900 2160 1971 praelucet

2263 1838 2362 1872 νιον
2392 1818 2685 1892 πρόκειται,
2714 1823 2799 1874 καὶ
2830 1822 3067 1877 σύνεστιν
3104 1825 3245 1896 αὐτῷ
3275 1826 3334 1879 τὸ
3356 1827 3687 1898 ἀπαύγασμα
3716 1823 3863 1899 ἄναρ-

2262 1934 2364 1984 χον
2395 1916 2481 1968 καί
2529 1916 2770 1990 ἀειγενές,
2816 1917 3215 1990 προφαινόμενον
3255 1919 3438 1983 αὐτοῦ,
3485 1916 3613 1992 ὅπερ
3657 1922 3790 1975 ἐστὶν
3836 1922 3863 1977 ἡ

2259 2006 2482 2081 λέγουσα
2508 2012 2682 2083 σοφία,
2714 2007 2839 2082 Ἐγώ
2882 2009 3016 2083 ἢμην
3112 2014 3437 2092 προσ-ἔχαιρε
3459 2032 3473 2045 ·
3524 2013 3634 2069 καθ’
3680 2015 3860 2089 ἡμέραν

2261 2096 2316 2154 δέ
2347 2101 2685 2177 εὐφραινόμην
2716 2104 2765 2156 ἐν
2795 2107 3063 2181 προσώπῳ
3092 2107 3252 2162 αὐτοῦ
3277 2108 3327 2161 ἐν
3355 2112 3511 2165 παντὶ
3544 2116 3725 2184 καιρῷ.

2334 2521 2406 2561 Καὶ
2417 2514 2521 2564 αὖθις
2538 2518 2663 2568 ἱκᾶγιι
2685 2520 2764 2568 μετ’
2784 2518 2889 2571 dli-fa.
2907 2506 3520 2576 (inquitAthanasius),mt
3536 2528 3601 2564 τοῦ
3620 2524 3732 2565 uincit
3746 2524 3860 2576 λέγων’

2335 2641 2387 2694 4.
2430 2638 2611 2701 ’Ὀντος
2661 2634 2748 2693 οὖν
2794 2640 2999 2694 αἰωνίου
3046 2646 3138 2695 τοῦ
3186 2645 3417 2718 Πατρός,
3465 2646 3719 2709 αἰώνιοςὸ
3755 2647 3861 2708 Υἱός

2257 2738 2389 2800 ἐστι,
2422 2744 2524 2808 φῶς
2553 2738 2608 2789 ἐκ
2637 2736 2800 2806 φωτὸς
2831 2733 2896 2787 ὥν
2922 2750 2936 2766 ⁶
2961 2730 3104 2796 ὄντος
3130 2739 3230 2811 γὰρ
3259 2739 3468 2810 γονέως,
3499 2738 3615 2795 ἔστι
3644 2742 3729 2794 καὶ
3753 2741 3859 2795 τέκ-

2255 2845 2358 2883 νον⁹
2393 2830 2437 2882 si
2463 2826 2516 2882 δὲ
2545 2832 2615 2900 μή
2645 2830 2813 2883 τέκνον
2841 2824 2937 2891 εἴη,
2967 2835 3078 2890 πῶς
3107 2833 3195 2883 καὶ
3215 2832 3349 2892 τίνος
3378 2826 3750 2889 εἶναι’δύναται
3776 2853 3860 2904 γο⁹

2256 2925 2407 2988 νεύς;
2437 2922 2542 2977 ἀλλ’
2571 2923 2699 2976 εἰσὶν
2729 2919 2900 2995 ἄμφω,
2923 2925 3011 2977 καί
3036 2925 3162 2977 εἰσίν
3192 2927 3290 2979 ἀεί.

2318 3022 2410 3066 Εἶτα
2431 3027 2539 3066 πάλιν
2563 3028 2783 3078 προστίθησι
2805 3031 2924 3066 ταῦτα
2947 3013 3267 3079 (Athanasius
3291 3018 3379 3085 ait)
3411 3036 3424 3068 .'

2322 3102 2491 3161 Φωτός
2518 3102 2609 3172 μὲν
2639 3093 2732 3153 οὖν
2759 3095 2903 3162 ὄντος
2929 3105 3022 3154 τοῦ
3043 3108 3196 3163 Θεοῦ.
3228 3103 3254 3157 ὁ
3279 3107 3507 3177 Χριστός
3537 3109 3676 3162 ἐστιν
3698 3104 3860 3162 ἀπαύ-

2250 3215 2451 3267 γασμα.
2470 3193 2766 3263 πνεύματος
2793 3189 2847 3245 δὲ
2878 3187 3042 3253 ὅντος⁶
3071 3200 3296 3267 Πνεῦμα,
3321 3199 3447 3271 γὰρ.
3477 3203 3650 3274 φησὶν,
3674 3199 3857 3261 ὁΘεὸς’

2253 3286 2512 3357 ἀναλόγως
2538 3283 2688 3338 πάλιν
2731 3282 2756 3337 ὁ
2795 3286 3019 3356 Χριστὸς·
3059 3286 3220 3357 ἀτμὸς
3257 3288 3481 3361 λέγεται·
3508 3290 3708 3365 Ἀτμὸς,
3739 3291 3853 3362 γάρ,

2254 3384 2424 3454 φησὶν,
2455 3381 2570 3435 ἐστι
2597 3386 2693 3440 τῆς
2721 3383 2814 3433 τοῦ
2844 3383 2975 3433 Θεοῦ
3004 3376 3293 3452 δυνάμεως.

2316 3552 2394 3592 Καὶ
2417 3553 2454 3590 ιι
2472 3554 2551 3589 τοῦ.
2562 3547 2729 3601 statim
2752 3537 2932 3601 (inquit
2953 3536 3270 3602 Athanasius)
3290 3553 3397 3591 πάλιν
3417 3558 3508 3605 φησί

2317 3667 2373 3722 5.
2412 3670 2573 3730 Μόνος
2600 3665 2653 3723 δέ
2686 3665 2711 3721 ὁ
2740 3667 2855 3728 Υἱὸς
2881 3668 2960 3721 ἀεὶ
2990 3671 3156 3721 συνὼν
3177 3676 3251 3741 τῷ
3272 3672 3457 3743 Πατρί,
3490 3675 3694 3730 καὶτοῦ
3714 3670 3854 3732 ὄντος

2245 3761 2618 3836 πληρούμενος,
2664 3760 2749 3813 καὶ
2777 3759 2929 3820 αὐτὸς
2961 3756 3131 3826 ἔστιν,
3163 3758 3229 3813 ὧν
3274 3762 3328 3815 ἐκ
3358 3768 3456 3817 τοῦ
3487 3767 3707 3838 Πατρός.
3738 3763 3855 3819 ch

2244 3853 2476 3906 excitata
2508 3856 2634 3903 sunt
2673 3848 2814 3902 serie
2841 3850 3097 3902 continua
3138 3864 3167 3903 a
3206 3849 3269 3906 S.
3304 3851 3592 3910 Athanasio
3639 3857 3694 3909 in
3732 3853 3855 3923 Epi-

2245 3941 2380 3996 stola
2410 3941 2473 3995 de
2501 3940 2767 3997 Sententia
2793 3937 3054 4011 Dionysii,
3089 3957 3236 3998 num.
3270 3942 3357 4012 15,
3387 3959 3438 4017 p.
3473 3947 3604 4017 255,
3639 3947 3722 4003 ed.
3752 3945 3852 4002 Bc.

2246 4036 2497 4091 nedictin.

1834 4166 1910 4217 Ex
1930 4168 2105 4219 eodem
2137 4168 2263 4222 libro
2287 4172 2444 4234 primo
2467 4169 2561 4234 (t).

528 4262 529 4267 “
603 4265 656 4321 6.
715 4265 983 4322 Caeterum
1032 4268 1121 4323 ubi
1166 4283 1256 4324 res
1304 4268 1471 4324 tactas
1518 4278 1574 4325 et
1617 4271 1832 4341 opiﬁcia
1882 4274 2129 4344 quaedam

2310 4276 2358 4331 6.
2406 4278 2531 4337 Πλὴν
2578 4280 2677 4352 ἐγὼ
2725 4280 2911 4352 γενητὰ
2954 4302 3069 4336 τινα
3118 4287 3282 4357 φήσας
3326 4291 3568 4357 νοεῖσθαι,
3613 4299 3714 4346 τῶν
3757 4293 3845 4362 μὲν

534 4357 929 4414 consideranda
981 4359 1131 4427 dixi,
1185 4360 1497 4428 hujusmodi
1546 4377 1728 4417 rerum
1762 4365 1907 4419 velut
1958 4371 2135 4423 minus

532 4450 859 4506 idonearum
897 4452 1097 4506 cursim
1146 4452 1345 4522 protuli
1394 4454 1677 4524 exempla,
1710 4456 1923 4523 quando
1966 4458 2080 4513 dixi
2118 4477 2132 4514 :

529 4543 717 4615 Neque
751 4545 928 4615 planta
960 4545 1010 4600 id
1044 4554 1127 4601 est
1152 4545 1295 4616 quod
1328 4545 1596 4615 agricola,
1633 4561 1807 4618 neque
1831 4549 2031 4618 scapha
2080 4550 2134 4607 id

523 4637 667 4708 quod
696 4640 911 4693 navium
939 4638 1093 4694 faber
1124 4642 1213 4708 (ea;
1257 4638 1450 4692 Athan.
1477 4682 1491 4705 ,
1528 4637 1657 4693 ibid.
1683 4681 1698 4705 ,
1748 4657 1802 4695 η.
1847 4641 1973 4711 18).
2025 4643 2132 4699 De-

521 4730 649 4786 inde
703 4733 960 4803 congruis
1020 4741 1072 4788 et
1126 4742 1334 4787 natura:
1388 4733 1465 4787 rei
1541 4733 2131 4793 accommodatioribus

525 4823 701 4894 magis
749 4838 868 4878 sum
915 4825 1264 4894 immoratus,
1320 4840 1384 4881 ac
1438 4827 1684 4897 pluribus
1734 4829 1969 4899 explicui
2010 4846 2130 4902 quae

522 4915 732 4972 veriora
789 4925 984 4986 erant,
1021 4918 1182 4976 variis
1227 4918 1548 4990 excogitatis
1583 4923 1955 4993 argumentis,
2007 4939 2130 4996 qua:

2239 4370 2482 4425 τοιούτων
2510 4373 2577 4432 ὡς
2616 4372 2966 4448 ἁχρειοτέρων
2994 4373 3044 4436 ἐξ
3072 4375 3351 4454 ἐπιδρομῆς
3394 4375 3538 4436 εἷπον
3566 4381 3843 4461 παραδείγ-

2239 4484 2379 4533 ματα
2402 4477 2416 4492 ’
2446 4465 2556 4518 ἐπεὶ
2584 4469 2711 4535 μήτε
2733 4467 2791 4520 τὸ
2813 4471 2967 4537 φυτὸν
2995 4468 3112 4543 ἔφην
3139 4469 3419 4543 (adderent
3445 4480 3507 4531 τὸ
3535 4480 3666 4535 αύτό
3698 4473 3842 4549 εἶναι)

2237 4561 2311 4627 τῷ
2338 4563 2567 4630 γεωργῷ,
2600 4560 2727 4629 μήτε
2779 4566 2852 4632 τῷ
2894 4572 3142 4638 ναυπηγῷ
3188 4567 3247 4620 τὸ
3299 4568 3515 4642 σκάφος.
3566 4566 3693 4627 Εἶτα
3743 4579 3848 4633 τοῖς

2237 4647 2517 4721 ἱκνουμένοι
2572 4655 2659 4706 καὶ
2711 4660 3150 4731 προσφυεστέροις
3204 4658 3537 4735 ἐνδιέτριψα·
3574 4669 3661 4720 καὶ
3702 4666 3847 4720 πλέον

2237 4739 2481 4808 διεξῆλθον
2508 4746 2756 4818 περὶτῶν
2787 4750 3153 4826 ἀληθεστέρων,
3188 4755 3394 4810 ποικίλα
3417 4763 3843 4835 προσεπεξευρών

2227 4841 2498 4909 τεκμήρια,
2530 4837 2663 4918 ἅπερ
2694 4846 2780 4895 καὶ
2825 4864 2909 4898 σοι
2938 4843 3002 4899 δι’
3035 4842 3184 4908 ἄλλης
3215 4849 3487 4912 ἐπιστολῆς
3515 4851 3725 4930 ἔγραψα
3750 4870 3762 4882 ·
3792 4857 3840 4908 ἐν

2227 4924 2300 4989 οἷς
2329 4928 2531 5005 ῆλεγξα,
2567 4929 2701 4988 καὶό
2732 4937 3077 5013 προφέρουσιν
3109 4936 3336 5014 ἔγκλημα
3357 4941 3472 4999 κατ’
3500 4945 3630 5019 ἐμοῦ
3651 4943 3840 5020 ψεῦδος

1931 5060 2423 5124 COMMENTARII.

590 5194 669 5266 (l)
706 5192 975 5266 Quorsum
998 5192 1607 5266 Dionysiussequentia
1656 5199 1709 5254 in
1752 5201 1988 5258 medium
2031 5212 2114 5259 at-

524 5264 725 5334 tulerit,
755 5264 1079 5346 Athanasius
1106 5264 1176 5346 ita
1197 5265 1487 5346 declarat;
1510 5269 1844 5328 Accusatores
1864 5291 2006 5343 suos,
2024 5277 2114 5346 qui

519 5351 637 5389 eum
680 5337 1053 5392 mentiebantur
1099 5336 1326 5404 dixisse,
1363 5337 1559 5394 Filium
1598 5360 1756 5397 unum
1797 5361 1973 5400 eorum
1991 5336 2114 5403 esse

514 5421 630 5481 qua:
656 5410 794 5479 facta
837 5418 986 5473 sunt,
1024 5418 1072 5464 et
1107 5426 1431 5481 nequaquam
1460 5429 1570 5467 esse
1601 5413 1749 5470 Patri
1773 5418 2112 5473 consubstan-

515 5478 949 5556 tialem,__iterum
989 5481 1043 5556 iit
1108 5480 1236 5535 libro
1287 5478 1459 5556 prima
1501 5488 1746 5556 coarguit
1802 5488 1882 5541 Itis
1928 5491 2110 5545 verbis.

516 5545 673 5627 Unde
718 5549 883 5627 liquet
926 5568 989 5608 ea
1034 5554 1085 5608 in
1127 5545 1410 5627 superiore
1453 5545 1688 5626 Dionysii
1744 5561 1952 5614 romani
1996 5561 2111 5627 epi-

519 5617 661 5712 stola
689 5617 960 5712 cpiihitata
990 5640 1149 5712 esse“,
1180 5617 1302 5709 qua:
1341 5617 1709 5712 Alexandrino
1754 5630 1963 5712 objecta
1994 5617 2108 5686 fue-

515 5699 663 5742 rant.
694 5688 733 5743 li
766 5693 906 5747 enim
929 5735 945 5759 ,
976 5697 1060 5764 qui
1086 5688 1372 5751 Dominum
1409 5698 1599 5767 factum
1628 5715 1755 5765 esse,
1792 5688 1924 5756 sicut
1950 5718 2107 5757 unum

510 5775 697 5845 eorum
749 5777 863 5826 qua:
893 5772 1052 5845 lucta
1090 5778 1240 5833 sunt,
1295 5768 1622 5845 existimant,
1672 5770 1726 5826 in
1774 5771 2000 5845 illa,in.
2031 5773 2101 5845 2,

506 5830 603 5883 re“
638 5831 663 5847 "
696 5845 863 5887 ‘Htttr.
893 5830 1026 5892 lllud
1073 5830 1291 5909 quoque
1342 5830 1673 5913 notandum,
1724 5857 1843 5901 eam
1886 5830 2103 5918 'ﬁdem;

2216 5221 2319 5293 qua
2346 5207 2583 5293 _Pa_trem
2635 5220 2689 5267 et
2727 5213 2926 5293 filium
2972 5218 3129 5293 unius
3179 5219 3531 5293 substantiae,
3575 5242 3673 5284 seu
3714 5245 3834 5284 cou-

2215 5279 2579 5371 subs—turgidi?
2608 5284 2884 5371 credimus
2902 5329 2930 5371 ,⁸
2968 5289 3210 5346 ﬁdelium
3242 5296 3437 5350 animis
3485 5279 3830 5371 it'a'senipe-r

2218 5348 2384 5435 fuisse
2409 5351 2649 5435 insitam,
2678 5366 2735 5411 ut
2763 5371 2884 5435 cum
2904 5348 3019 5417 hoc
3045 5377 3249 5435 negare
3280 5348 3561 5434 putaretur
3586 5348 3827 5427 £125.31

2217 5419 2410 5508 drinus
2435 5419 2693 5508 antistes,
2722 5432 2904 5508 statim
2947 5448 3000 5508 a_
3028 5419 3311 5508 catholicis
3339 5419 3831 5500 ’iiiié‘hd‘i‘d'ﬁié-

2216 5506 2345 5547 num
2395 5496 2705 5573 pontiﬁcem
2763 5500 2925 5573 fuerit
2969 5504 3212 5571 delatus,
3262 5522 3364 5564 nec
3408 5508 3504 5565 ille
3554 5496 3835 5573 disiul-erit

2216 5576 2340 5619 sese
2381 5567 2803 5643 ab_huju_smodi
2852 5574 3113 5643 Opinione
3160 5567 3559 5635 alienissimum
3602 5567 3836 5642 (1εῆὶόἠί

2215 5646 2409 5727 errare.
2438 5638 2549 5727 Iﬂec
2570 5638 2709 5697 illud
2737 5638 2943 5727 minori
2963 5647 3347 5727 observatione
3375 5652 3602 5727 dignum
3624 5638 3830 5727 {quod

2214 5720 2320 5794 pop
2351 5717 2554 5794 tantum
2585 5727 2700 5794 rem
2729 5718 2893 5794 verbo
2923 5719 3195 5794 ὁμοούσιον
3221 5717 3580 5794 signiﬁcatam
3602 5717 3748 5790 {sed
3777 5740 3834 5785 et

2214 5784 2504 5863 ipsummet
2526 5784 2754 5863 verbum
2784 5784 2967 5863 aliquo
2997 5792 3158 5848 modo
3187 5784 3339 5863 rejici
3378 5793 3570 5851 ﬁdeles
3599 5784 3679 5853 iot
3704 5784 3830 5856 ante

2209 5858 2477 5911 nicmnum
2521 5858 2806 5914 concilium
2838 5858 2993 5918 annis
3047 5858 3262 5935 indigne
3315 5864 3561 5925 tulerint.
3619 5868 3820 5929 Cousr.
