3970 6302
180 264 269 323 lit

173 672 711 734 consubstantialem.
774 679 1009 739 Tametsi
1065 686 1209 742 enim
1269 705 1356 746 me
1407 707 1667 763 nusquam
1719 698 1772 753 in

173 764 461 835 Scripturis
491 771 669 827 sacris
724 771 827 828 hoc
887 777 1204 835 vocabulum
1250 783 1330 838 vel
1376 784 1645 843 invenisse
1689 790 1772 846 vel

170 856 362 929 legisse
405 861 567 928 dico,
622 864 728 920 alia
778 875 955 925 tamen
1008 885 1322 943 argumenta
1372 894 1493 948 quae
1546 880 1772 938 subinde

168 950 380 1021 adiunxi
402 996 416 1017 ,
466 970 697 1027 qumque
741 958 816 1014 illi
848 969 1126 1020 mouerunt
1147 1007 1161 1032 ,
1192 967 1259 1021 ab
1290 970 1389 1023 hac
1418 971 1767 1045 intelligentia

170 1042 292 1099 nihil
347 1047 687 1120 discrepant.
747 1052 958 1109 Etenim
1012 1058 1216 1127 prolem
1262 1042 1613 1133 humanam;
1650 1084 1769 1139 qua:

168 1147 309 1193 certe
339 1139 593 1209 ejusdem
633 1146 848 1215 generis
873 1159 957 1204 est
998 1161 1161 1222 atque
1190 1156 1433 1225 genitor,
1487 1160 1540 1214 in
1588 1176 1769 1217 exem-

169 1230 305 1300 plum
336 1236 768 1310 attuli;disique
796 1256 984 1298 revera
1026 1258 1277 1315 parentes
1308 1250 1410 1306 hoc
1450 1254 1626 1308 Solum
1652 1254 1765 1311 dis-

166 1323 329 1395 tingui
377 1343 406 1380 a
452 1330 619 1398 liliis,
664 1334 808 1404 quod
858 1337 957 1408 ipsi
1005 1355 1112 1395 non
1144 1343 1252 1397 sint
1302 1343 1434 1411 ﬁlii;
1497 1358 1588 1402 aut
1619 1360 1767 1407 certe

165 1420 478 1476 necessario
506 1421 745 1481 futurum
779 1444 932 1498 esse,
968 1440 1025 1487 ut
1064 1450 1240 1505 neque
1269 1449 1520 1506 parentes
1543 1454 1762 1512 essent,

165 1526 337 1581 neque
387 1513 508 1570 ﬁlii.
561 1517 860 1589 Epistolam
918 1536 1131 1595 autem,
1195 1539 1252 1585 ut
1316 1534 1577 1603 praedixi,
1640 1552 1766 1608 pro-

165 1617 282 1677 pter
310 1620 641 1677 prmsentem
669 1630 848 1672 rerum
880 1620 1243 1678 conditionem
1265 1668 1279 1693 ,
1333 1641 1497 1695 penes
1526 1645 1611 1684 me
1653 1645 1761 1686 non

163 1699 334 1757 habeo
368 1722 382 1757 :
413 1706 652 1778 alioquin
693 1710 808 1781 ipsa
853 1713 948 1770 tibi
988 1732 1110 1786 qua:
1160 1728 1285 1774 tunc
1338 1722 1531 1792 scripsi
1564 1723 1759 1793 verba,

159 1793 269 1848 imo
309 1805 364 1851 et
413 1801 659 1868 epistola:
710 1805 873 1863 totius
922 1810 1230 1880 exemplum
1272 1813 1571 1880 misissem,
1630 1818 1755 1873 mit-
1788 1832 1835 1892 Β

159 1897 377 1961 tamque
430 1894 697 1965 siquando
739 1899 873 1954 milii
924 1902 1041 1973 ejus
1091 1905 1243 1974 copia
1308 1904 1489 1962 fuerit.
1541 1908 1756 1967 Memini

159 1998 324 2053 porro
348 1986 612 2056 plurimas
659 2006 723 2047 ex
774 1993 941 2050 rebus
989 1997 1133 2052 inter
1177 2012 1236 2053 se
1287 2001 1529 2070 cognatis
1563 2002 1755 2058 simili-

158 2076 374 2133 tudines
400 2080 688 2150 adiecisse.
720 2085 929 2141 Etenim
977 2089 1245 2159 plantam,
1294 2092 1409 2147 sive
1450 2109 1516 2149 ex
1548 2097 1756 2153 semine

155 2175 269 2230 sire
300 2189 368 2230 ex
418 2176 602 2234 radice
652 2192 1122 2252 succrescentem,
1176 2186 1334 2241 aliam
1376 2203 1496 2243 esse
1547 2189 1656 2244 dixi
1688 2190 1756 2247 ab

153 2282 218 2322 eo
266 2268 414 2326 unde
471 2272 783 2345 pullulavit,
838 2279 1051 2332 Iametsi
1115 2278 1359 2351 ejusdem
1412 2282 1633 2337 omnino
1681 2283 1750 2338 sit

151 2371 363 2419 natura:
419 2386 434 2420 :
484 2366 736 2424 similiter
762 2379 818 2426 et
868 2372 1091 2428 ﬂuvium
1146 2390 1177 2430 e
1240 2376 1390 2432 fonte
1441 2389 1752 2434 manantem

149 2456 312 2513 aliam
353 2458 587 2517 formam
616 2478 680 2519 ac
704 2479 900 2521 nomen
932 2470 1205 2540 accipere,
1259 2486 1435 2542 neque
1461 2473 1603 2528 enim
1635 2474 1752 2530 fon-

150 2557 255 2605 tem
300 2550 563 2619 ﬂuvium,
613 2564 707 2610 aut
781 2556 1004 2615 ﬂuvium
1061 2560 1264 2618 fontem
1308 2566 1601 2635 appellari,
1654 2567 1751 2624 sed

146 2642 261 2700 hate
288 2643 402 2700 duo
430 2661 584 2714 esse;
618 2662 681 2704 ac
716 2649 919 2706 fontem
949 2654 1164 2724 quidem
1194 2657 1347 2727 quasi
1377 2670 1583 2727 patrem
1606 2674 1748 2729 esse,

145 2736 370 2793 ﬂuvium
423 2754 558 2794 vero
585 2755 706 2798 esse
733 2757 926 2814 aquam
956 2760 1023 2801 ex
1051 2746 1221 2803 fonte.
1256 2748 1455 2805 Verum
1485 2750 1600 2806 haec
1625 2754 1748 2822 qui-

141 2828 262 2885 dem
306 2839 366 2887 et
404 2832 638 2901 similia,
688 2852 808 2907 qua:
845 2839 1046 2908 scripta
1096 2851 1250 2909 sunt,
1298 2859 1357 2898 se
1399 2860 1508 2899 non
1566 2846 1750 2903 videre

140 2925 293 2995 quasi
343 2931 697 2985 cecutientes
742 2930 1086 2990 dissimulant
1125 2953 1138 2989 :
1172 2936 1379 2993 duabus
1425 2948 1607 2995 autem
1654 2955 1750 2996 vo-

137 3016 273 3072 culis
334 3020 746 3091 incompositis,
807 3025 961 3095 quasi
1030 3026 1335 3098 lapidibus,
1394 3032 1608 3086 eminus
1660 3048 1749 3089 me

136 3123 408 3170 conantur
456 3116 721 3188 impetere
749 3135 761 3173 :
794 3134 902 3176 non
930 3120 1278 3180 advertentes
1301 3124 1463 3180 rebus
1487 3126 1746 3197 ignoratis

132 3215 189 3263 et
245 3224 373 3278 qua:
417 3219 481 3265 ut
523 3211 895 3285 intelligantur
958 3217 1401 3288 interpretatione
1464 3219 1745 3292 indigent,
1774 3200 1820 3263 (αἶ

134 3302 463 3374 plerumque
500 3320 608 3361 non
639 3308 802 3366 modo
827 3309 1033 3380 aliena,
1053 3312 1149 3369 sed
1184 3322 1237 3369 et
1262 3315 1532 3372 contraria
1563 3328 1747 3373 exem-

135 3396 225 3466 pla
266 3397 456 3455 lucem
482 3398 693 3460 aﬂ‘crre.

1180 287 1273 343 AD
1312 289 1689 355 DIONYSIUM
1729 297 2068 369 ROMANUM
2105 311 2553 379 FRAGMENTA.

180 392 228 440 et
249 384 343 441 tibi
374 386 430 443 in
472 388 580 446 alia
609 392 835 463 epistola
871 399 1128 469 exposui;
1176 401 1230 458 in
1275 406 1468 477 quibus
1507 413 1771 470 mendacii
1798 422 1851 482 Α
1877 420 1950 490 ὂν,

173 481 376 537 convivi
441 485 606 542 etiam
663 488 795 544 illud
846 492 991 561 quod
1041 494 1326 554 adversum
1368 518 1454 559 me
1496 506 1777 575 proferunt

175 576 410 645 crimen,
441 594 532 637 me
561 582 769 639 scilicet
788 600 896 642 non
940 602 1185 647 asserere
1212 590 1482 651 Christum
1509 612 1628 655 esse
1664 602 1775 658 Deo

3368 344 3474 401 122

1982 428 2051 488 ὡς
2096 432 2155 483 οὑ
2192 432 2424 506 λέγοντος
2468 441 2554 496 τὸν
2598 444 2817 521 Χριστὸν
2846 444 3210 510 ὀΜοοΥΣιοΝ
3242 451 3369 513 εἶναι
3406 468 3480 535 τῷ

1879 527 2007 593 Θεῷ.
2041 524 2081 574 εἰ
2106 524 2206 602 γὰρ
2230 532 2316 582 καί
2344 532 2402 585 τὸ
2431 529 2589 608 ὄνομα
2613 537 2766 593 τοῦτὸ
2793 560 2918 612 φημι
2945 547 3017 615 μή
3043 546 3328 618 εὑρηκέναι,
3360 550 3482 623 μηδ’

1880 618 2210 689 ἀνεγνωκέναι
2232 644 2333 678 που
2365 634 2462 681 τῶν
2493 627 2648 701 ἁγίων
2675 640 2884 705 Υραφῶν
2901 673 2915 699 ,
2940 631 3065 691 ἄλλα
3092 660 3150 712 γε
3180 643 3248 697 τά
3272 644 3479 718 ἐπιχει-

1876 716 2084 787 ρήματα
2112 738 2214 788 μου
2238 720 2303 773 τά
2328 721 2459 788 ἔξῆς,
2492 721 2525 777 ἃ
2569 731 2947 795 σεσιωπήκασι,
2974 741 3064 793 ri;
3095 732 3321 800 διανοίας
3348 742 3478 797 ταὺ-

1874 825 1966 866 της
1993 807 2083 858 οὑκ
2128 808 2333 883 ἀπᾴδει.
2364 816 2450 866 καί
2487 817 2586 887 γάρ
2632 819 2945 893 ἀνθρωπείαν
2982 829 3130 895 γονὴν
3164 832 3473 903 παρεθέμην,

1874 894 2019 955 δῆλον
2045 902 2114 963 ὡς
2138 896 2297 957 οὖσαν
2325 904 2537 979 ὁμογενῆ
2568 924 2580 936 ⁸
2617 916 2784 983 φήσας
2808 916 3015 978 πάντως
3041 921 3163 982 τοὺς
3190 931 3353 994 γονεῖς
3378 925 3474 996 μὸ⁹

1873 1011 1954 1044 νον
1978 990 2185 1065 ἐτέρους
2209 992 2334 1052 εἶναι
2363 1007 2464 1053 τῶν
2488 1002 2658 1057 τέκνον
2678 1043 2693 1068 ,
2722 1002 2802 1060 ὅτι
2831 1011 2899 1067 μὴ
2922 1010 3068 1065 αὐτοί
3089 1006 3184 1065 εἷεν
3206 1014 3273 1069 τά
3297 1016 3471 1083 τέκνα,

1872 1080 1901 1139 ἦ
1931 1088 2058 1154 μήτε
2098 1095 2261 1158 γονεῖς
2310 1092 2596 1164 ἀναγκαῖων
2644 1095 2904 1173 ὑπάρχειν
2954 1096 3079 1156 εἶναι
3127 1107 3253 1173 μήτε
3298 1107 3473 1163 τέκνα.

1871 1179 1957 1229 καὶ
1982 1182 2071 1236 τήν
2100 1182 2190 1250 μὲν
2218 1182 2508 1249 ἐπιστολὴν,
2533 1187 2602 1247 ὡς
2625 1197 2887 1261 προεῖπον,
2914 1189 2996 1249 διὰ
3019 1196 3119 1256 τὰς
3139 1199 3474 1271 περιστάσεις

1872 1269 1962 1321 οὑκ
2010 1267 2123 1341 ἔχω
2168 1280 2517 1349 προκομίσαι,
2550 1280 2593 1330 εἰ
2622 1276 2666 1332 δ’
2696 1275 2814 1336 οὖν.
2847 1285 2980 1339 αὑτά
3009 1307 3091 1339 σοι
3120 1289 3187 1341 τά
3234 1290 3349 1345 τότε
3377 1291 3470 1364 ῥή-

1867 1382 2031 1431 ματα,
2062 1364 2248 1433 μᾶλλον
2293 1364 2346 1421 δὲ
2381 1373 2465 1421 καὶ
2491 1369 2665 1432 πάσης
2696 1366 2755 1425 ἂν
2794 1372 3007 1448 ἔπεμψα
3030 1380 3089 1433 τὸ
3117 1380 3420 1457 ἀντίγραφον
3455 1400 3471 1416 ⁸

1867 1450 1995 1526 ὅπερ
2055 1452 2114 1509 ἄν
2170 1460 2463 1534 εὐπορήσω,
2516 1466 2736 1521 ποίησω.
2768 1462 2883 1522 οἶδα
2938 1468 2991 1523 δέ
3031 1474 3117 1525 καί
3164 1474 3425 1548 μέμνημαι
3451 1520 3467 1545 ,

1868 1545 2071 1600 πλείονα
2122 1552 2353 1619 προςθεὶς
2392 1558 2493 1606 τῶν
2539 1564 2800 1628 συγγενῶν
2848 1558 3151 1634 ὁμοιώματα
3177 1580 3191 1592 ·
3235 1568 3324 1619 καὶ
3368 1570 3472 1643 γάρ

1848 1640 1953 1690 -καί
1990 1641 2143 1709 φυτὸν
2174 1636 2314 1698 εἷπον
2342 1646 2444 1699 ἀπὸ
2485 1647 2806 1722 σπέρματος,
2839 1650 2869 1710 ἦ
2910 1654 3013 1709 ἀπὸ
3053 1655 3201 1729 ῥίζης
3249 1659 3469 1728 ἀνελθὸν,

1865 1730 2038 1804 ἕτερον
2064 1727 2191 1790 εἶναι
2219 1743 2314 1791 τοῦ
2344 1733 2448 1792 ὅθεν
2480 1739 2788 1808 ἐϐλάστησε,
2818 1748 2905 1800 καί
2934 1748 3140 1811 πάντως
3168 1752 3345 1823 ἐκείνῳ
3369 1776 3466 1810 καί

1863 1827 2101 1886 θέστηκεν
2128 1829 2344 1904 ὁμοφυές
2372 1871 2384 1887 .
2416 1838 2501 1889 καὶ
2527 1841 2759 1910 ποταμὸν
2784 1842 2886 1896 ἀπὸ
2929 1853 3100 1916 πηγῆς
3129 1846 3331 1919 ῥέοντα,
3361 1850 3466 1905 ἕτε-

1859 1941 1948 1993 ρον
1981 1932 2171 1993 σχῆμα
2195 1928 2280 1979 καί
2311 1922 2468 1999 ὄνομα
2495 1931 2863 2004 μετειληφέναι,
2895 1939 3022 2006 μήτε
3053 1939 3153 2010 γάρ
3184 1944 3273 1998 τήν
3298 1948 3465 2015 πηγήν

1860 2017 2116 2087 ποταμὸν,
2156 2021 2283 2089 μήτε
2327 2022 2414 2075 τὸν
2446 2026 2673 2095 ποταμὸν
2701 2032 2865 2098 πηγήν
2892 2027 3153 2100 λέγεσθαι,
3183 2035 3270 2088 καὶ
3301 2036 3465 2109 ἀμφό-

1858 2130 1986 2181 τερα
2014 2111 2299 2186 ὑπάρχειν,
2326 2118 2412 2169 καί
2451 2120 2541 2174 τήν
2580 2120 2671 2189 μὲν
2707 2125 2873 2193 πηγήν
2901 2122 3049 2177 οἱονεί
3084 2126 3288 2198 πατέρα
3313 2122 3462 2196 εἶναι,

1856 2202 1942 2257 τὸν
1969 2201 2024 2258 δὲ
2054 2226 2250 2282 πατερα
2276 2203 2397 2264 εἶναι
2422 2212 2477 2264 ἐκ
2507 2220 2597 2273 τῆς
2629 2222 2797 2286 πηγῆς
2824 2213 2986 2293 ὕδωρ.
3030 2217 3154 2274 ἀλλὰ
3176 2225 3345 2276 ταῦτα
3371 2223 3463 2294 μέν

1858 2300 1945 2352 καὶ
1965 2300 2031 2353 τά
2053 2306 2269 2356 τοιαῦτα
2289 2301 2417 2372 μηδέ
2438 2303 2562 2377 ὁρᾷν
2576 2310 2928 2381 γεγραμμένα,
2950 2309 3056 2364 ἀλλ’
3072 2312 3221 2368 οἱονεὶ
3240 2314 3463 2387 τνφλὼτα

1855 2413 1960 2448 τειν
1990 2394 2355 2470 ὑποκρίνονται
2394 2437 2406 2450 .
2437 2406 2543 2460 τοῖς
2570 2397 2622 2454 δέ
2656 2398 2779 2456 δυσί
2823 2404 3093 2476 ῥηματίοις
3139 2408 3458 2477 άσννθέτοις,

1856 2487 2083 2560 καθάπερ
2140 2487 2330 2555 λίθοις,
2398 2492 2645 2567 μακρόθεν
2708 2496 3041 2569 ἐπιχειροῦσί
3084 2518 3146 2570 με
3214 2500 3411 2570 βάλλειν
3444 2517 3457 2533 '

1856 2582 2155 2652 ἀγνοοῦντες
2186 2585 2255 2645 ὡς
2279 2592 2379 2640 τῶν
2393 2587 2761 2659 ἀγνοουμένων,
2791 2595 2871 2644 καί
2898 2612 2999 2665 προ
3027 2593 3086 2645 οὑ
3107 2593 3258 2663 μόνον
3286 2594 3459 2651 ἀλλοῖα

1856 2674 2096 2738 πολλάκις
2125 2717 2140 2741 ,
2193 2677 2317 2733 ἀλλά
2366 2681 2451 2733 καί
2497 2680 2778 2737 ὑπεναντία
2820 2688 3077 2760 τεκμήρια
3128 2690 3323 2757 γίνεται
3357 2696 3456 2743 τῶν

1856 2769 2262 2842 ἐπιζητουμένων
2284 2768 2577 2844 δηλώματα.
2611 2772 2760 2845 (Ηςιεο
2786 2774 3123 2831 adducuntur
3158 2794 3188 2833 a
3218 2778 3280 2833 S.
3304 2779 3439 2834 Allia

1854 2862 2001 2916 nasia
2041 2863 2094 2918 in
2130 2861 2236 2933 Ep.
2283 2864 2345 2917 de
2390 2864 2654 2921 Sententia
2693 2865 2964 2939 Dionysii,
3006 2884 3154 2926 num.
3202 2886 3355 2945 xvut,
3398 2889 3452 2945 p.

1853 2952 2013 3023 εδδ.)

1491 3576 1567 3627 Ex
1586 3577 1764 3629 eodem
1786 3575 1913 3629 libro
1935 3578 2106 3642 primo.

201 3696 260 3751 7.
302 3696 568 3768 Superius
621 3698 822 3755 dictum
867 3711 951 3758 est
999 3702 1165 3759 Deum
1216 3718 1337 3761 esse
1383 3704 1583 3761 fontem
1641 3706 1742 3762 bo-

132 3802 328 3844 norum
410 3791 693 3857 omnium,
759 3791 926 3850 Filius
989 3812 1119 3851 vero
1168 3796 1347 3853 dictus
1407 3808 1491 3854 est
1546 3800 1743 3855 ﬂuvius

130 3884 197 3939 ’ab
252 3886 377 3956 ipso
422 3901 683 3943 emanans
713 3909 726 3944 :
761 3890 985 3945 verbum
1016 3892 1214 3962 quippe
1239 3901 1323 3950 est
1364 3894 1562 3949 mentis
1590 3910 1742 3950 ema-

130 3980 312 4047 natio,
358 3988 442 4049 et,
499 3991 557 4037 ut
599 3984 833 4039 humano
882 4000 1033 4040 more
1071 3986 1286 4056 loquar,
1339 4002 1402 4043 ex
1449 3989 1613 4044 corde
1650 4004 1744 4059 per

129 4087 188 4131 os
211 4075 504 4133 emittitur.
555 4076 708 4135 Mens
739 4094 868 4137 vero
888 4121 901 4147 ,
955 4097 1073 4153 quae
1101 4096 1198 4152 per
1225 4082 1459 4153 linguam
1493 4084 1739 4153 prosilit,

1920 3707 1972 3762 7.
2017 3710 2319 3783 Προείρηται
2349 3708 2440 3778 μὲν
2468 3700 2581 3771 οὖν,
2628 3705 2707 3763 ὅτι
2752 3711 2891 3783 πηγὴ
2920 3716 3020 3766 τῶν
3051 3711 3249 3784 ἀγαθῶν
3291 3708 3455 3767 ἁπάνι

1846 3823 1946 3856 των
1975 3802 2113 3855 ἐστίν
2151 3798 2176 3853 ὁ
2203 3800 2348 3861 Θεὸς.
2379 3799 2610 3872 ποταμὸς
2637 3797 2691 3854 δὲ
2718 3800 2806 3855 ὑπ’
2838 3798 2963 3872 (for.
2993 3801 3109 3877 ἀπ’)
3134 3804 3296 3859 αὑτοῦ
3324 3826 3454 3881 προ-

1849 3893 2121 3964 χεόμενος,
2151 3890 2176 3944 ὁ
2206 3892 2317 3953 Υἱὸς
2358 3894 2745 3966 ἀναγέγραπται
2771 3908 2783 3921 ⁸
2816 3894 3071 3966 άπόῤῥοια
3097 3898 3197 3970 γὰρ
3241 3902 3330 3951 νοῦ
3374 3898 3456 3952 λό-

1846 4008 1956 4060 γος,
1986 3989 2070 4041 καὶ
2117 3989 2185 4047 ὡς
2221 3984 2301 4040 ἐπ’
2329 3988 2603 4063 ἀνθρώπων
2635 3989 2811 4051 εἰπεῖν,
2840 3990 2943 4044 ἀπο
2972 3988 3186 4063 καρδίας
3223 3990 3307 4046 διὰ
3339 3993 3455 4048 σ’τό⁶

1847 4104 2009 4156 ματος
2059 4082 2437 4153 ἐξοχετεὺεται,
2488 4082 2661 4159 ἔτερος
2712 4082 2978 4156 γενόμενος
3026 4090 3119 4140 τοῦ
3163 4087 3213 4140 ἐν
3266 4083 3452 4163 καρδίᾳ

1543 4194 2039 4253 COMMENTARII.

222 4305 350 4361 Tibi
409 4308 471 4379 in
513 4309 620 4364 alia
678 4310 895 4379 epistola
955 4311 1190 4379 exposui.
1243 4310 1569 4367 Athanasius
1632 4320 1741 4366 tum

130 4379 407 4454 epistade
450 4378 681 4454 Decretis
711 4384 812 4436 nic.
858 4378 1073 4454 synodi,
1138 4400 1191 4437 ιι.
1225 4384 1331 4449 25,
1390 4391 1500 4437 ttnn
1546 4383 1637 4437 lib.
1682 4385 1745 4438 de

132 4448 362 4520 Synod.
384 4467 438 4505 n.
468 4453 560 4515 Μ.
580 4454 859 4521 superiora
884 4448 1370 4521 'hujus'testimonii
1402 4456 1560 4510 verba
1591 4469 1739 4509 sum-

1854 4321 2033 4383 menta
2054 4309 2139 4383 vel
2159 4310 2431 4380 exempla,
2450 4310 2645 4382 quibus
2668 4310 2743 4379 id,
2764 4312 2905 4381 quod
2934 4312 3193 4383 praedicto
3212 4317 3449 4373 vocabu-

1851 4381 1904 4436 lo
1925 4382 2278 4453 signiﬁcatur,
2299 4381 2666 4437 asseverabat.
2687 4381 3030 4453 Quapropter
3044 4386 3446 4444 assentiendum

1851 4464 1956 4516 est,
1984 4452 2046 4507 ut
2088 4452 2324 4518 videtur,
2358 4454 2738 4520 'l‘illemontio,
2772 4452 2860 4524 qui
2892 4455 3177 4524 epistolam
3219 4456 3285 4511 ad
3329 4464 3448 4514 Am-
3531 4495 3537 4502 -

129 4524 318 4576 atatim
367 4525 735 4593 perstringere
777 4537 1094 4588 contentos.
1144 4526 1324 4581 abhis
1357 4526 1485 4581 illud
1535 4526 1742 4581 referre
1767 4533 1820 4593 ι)
1847 4524 2086 4579 monium
2138 4536 2191 4577 et
2239 4524 2648 4594 Euphranorem
2697 4525 2785 4580 hic
2824 4527 2999 4580 notari
3050 4538 3255 4582 censet.
3310 4528 3446 4585 Hinc

129 4592 487 4674 incipit-{Kal
514 4595 577 4674 δι’
607 4595 757 4657 ἄλλης
799 4599 1069 4659 ἐπιστολῆς
1090 4598 1289 4674 ὅιρᾳψα
1311 4640 1324 4663 ν
1354 4600 1404 4653 έν
1434 4595 1509 4657 οἷς
1528 4599 1736 4674 ἤλεγξαν

128 4675 255 4729 ete.,
297 4666 387 4719 ubi
419 4668 678 4723 voeabula
717 4691 801 4723 σοι
828 4686 932 4723 non
962 4666 1362 4724 extatI'Verum
1387 4687 1508 4723 cum
1531 4687 1561 4724 a
1592 4666 1739 4723 nullo

128 4738 569 4824 veterecodlice.
591 4742 793 4822 scripto
842 4741 1123 4824 ant_edito
1173 4741 1258 4796 hic
1311 4741 1485 4824 absit,
1544 4757 1608 4797 ac
1651 4750 1737 4824 tu-

131 4807 229 4895 tius
296 4810 381 4895 sit.
434 4810 503 4895 de
558 4812 890 4895 integritate"
923 4814 1177 4895 alicujus.
1216 4816 1499 4895 sententia;
1551 4828 1617 4895 ex_
1672 4813 1736 4868 iis

131 4876 256 4935 locis
308 4880 610 4955 diiudicare
672 4876 723 4936 in
782 4883 977 4952 quibus
1037 4876 1247 4953 plenior
1304 4894 1360 4938 et
1429 4884 1733 4955 integrior,

131 4964 284 5019 quam
315 4953 499 5025 cx_iis
544 4955 597 5009 in
645 4954 842 5025 quibus
898 4957 1075 5010 minus
1132 4958 1338 5024 integra
1396 4965 1486 5009 aut
1541 4953 1735 5011 decur-

134 5030 231 5110 tata
287 5023 597 5110 profertur;
659 5023 792 5080 nihil
840 5036 923 5081 est
971 5043 1069 5081 cur
1100 5023 1279 5109 'aliam
1316 5026 1615 5110 epistolam
1666 5026 1733 5110 ad

131 5090 448 5168 Dionysium
494 5090 795 5153 Romanum
849 5105 977 5153 ante
1008 5099 1264 5168 scriptam
1314 5090 1403 5153 hic
1441 5100 1731 5153 memorari

132 5162 478 5239 dubitemus;
536 5170 839 5239 pra'sertim
890 5185 1012 5224 cum
1060 5162 1290 5225 Basilius
1350 5170 1490 5225 hanc
1538 5184 1732 5225 secun-

135 5234 863 5324 daniyoeetLCousuurL
1058 5323 1062 5324 ί
1183 5313 1231 5324 η
1401 5312 1416 5324 ,
1516 5310 1639 5324 η,

218 5308 380 5392 Nihil
440 5312 752 5395 discrepant.
823 5312 932 5395 Hoc
987 5323 1116 5395 est,_
1166 5313 1323 5395 idem
1385 5310 1732 5395 de_Christo

131 5382 331 5456 sentire
378 5400 466 5437 me
517 5384 928 5447 demonstrant,
974 5386 1118 5456 quod
1164 5386 1238 5440 illi
1293 5384 1731 5456 consubstantia-

131 5449 388 5539 lemﬂennt
418 5456 768 5539 pra-dicundo
792 5449 1111 5539 intelligunt.
1297 5455 1621 5539 Cousrsar.‘

212 5523 515 5609 Epictetum
587 5538 776 5610 autem.
842 5523 1506 5610 Hievaliqnmmemorari
1562 5527 1726 5610 _vide-

133 5601 226 5670 tnr_
261 5599 505 5669 Dionysii
540 5602 767 5665 epistola
792 5640 807 5664 ,
849 5615 913 5654 ex
941 5599 1063 5668 qua
1103 5601 1271 5670 ipsius
1306 5600 1595 5654 accusandi
1635 5614 1725 5655 oc-

132 5666 267 5741 casio
314 5666 539 5737 accepta
587 5681 705 5733 est,
759 5682 812 5724 et
867 5666 1037 5732 unde.
1087 5666 1143 5725 ui
1197 5688 1321 5726 mox
1374 5672 1722 5741 querebatur,

132 5736 414 5825 τεύξειενγῇ
456 5736 632 5825 ipsius
662 5744 731 5797 ita
778 5744 840 5825 in.
888 5744 1123 5825 medium
1174 5736 1723 5825 protulerantuquod

133 5809 280 5883 unius
311 5809 632 5870 substantiae
684 5829 781 5869 seu
820 5816 1071 5870 homousit'
1101 5809 1419 5871 vocabulum
1452 5814 1505 5869 in
1542 5809 1724 5883 serip-

134 5882 255 5937 turis
297 5898 570 5957 nusquam
625 5885 821 5957 legisse
844 5902 904 5946 se
924 5886 1248 5958 dixerat,ut
1278 5896 1519 5945 tacerent
1560 5882 1723 5957 argu-

1845 4598 2006 4652 etiam
2061 4595 2316 4666 Colligere
2342 4606 2425 4651 est
2458 4597 2769 4667 Dionysium
2799 4598 3114 4652 turbulento
3162 4608 3438 4667 tempore,

1845 4685 1952 4737 quo
1988 4670 2206 4738 propria
2240 4670 2403 4721 etiam
2430 4669 2626 4737 scriptu
2646 4683 2813 4736 penes
2840 4682 2899 4723 se
2927 4684 3031 4721 non
3067 4667 3307 4733 haberet,
3344 4671 3446 4728 hoc

1842 4754 1979 4809 OpIIS
2016 4740 2392 4794 concinnasse.
2445 4739 2700 4804 Quamvis
2726 4741 2888 4811 enim
2928 4738 3206 4811 Valeriani
3258 4755 3443 4811 perse.

1840 4813 2018 4878 cutio,
2055 4811 2174 4884 hoc
2193 4811 2518 4884 imperatore
2545 4824 2689 4863 anno
2716 4809 3041 4884 260Adeleto
3060 4820 3221 4882 atque
3250 4809 3440 4884 capto,

1838 4883 2087 4944 cessarit,
2115 4881 2535 4953 Alexandrinam
2565 4890 2741 4936 tamen
2766 4882 2954 4936 urbem
2980 4882 3044 4937 ad
3076 4881 3279 4939 annum
3311 4881 3440 4953 202,

1839 4964 2085 5024 pacatam
2113 4953 2415 5029 nonfuisse
2454 4950 2693 5024 Dionysii
2729 4955 2898 5025 ipsius
2941 4953 3149 5029 festivae
3192 4972 3289 5012 seu
3331 4950 3439 5029 pas;

1837 5023 2020 5081 chales
2043 5023 2288 5094 epistola:
2330 5032 2495 5078 testes
2525 5023 2669 5079 sunt.
2749 5023 2762 5025 '
2986 5026 3294 5083 Cousnnr.

1921 5095 2126 5150 Vacalis
2152 5096 2558 5177 ineginposjtis.
2604 5097 2813 5165 Quibus
2865 5098 3071 5154 scilicet
3148 5100 3438 5177 Dionysius

1835 5167 2014 5223 Patris
2056 5178 2111 5222 et
2152 5165 2271 5221 Filii
2323 5166 2735 5254 distinctionem
2758 5180 3111 5254 ostensurus,
3149 5165 3342 5241 planta:
3372 5174 3438 5254 iet

1833 5240 2085 5310 agricolae
2121 5253 2328 5293 necnon
2352 5240 2567 5311 scapha:
2609 5250 2663 5295 et
2713 5242 2848 5297 labri
2878 5256 2982 5298 non
3014 5240 3436 5300 satisnecntratis

1832 5310 2278 5366 similitudinibus
2307 5326 2437 5365 usus
2450 5310 2651 5367 fuerat.
3014 5314 3320 5368 Consum.

1936 5382 2083 5462 Athens
2151 5399 2301 5462 pero.
2382 5382 2511 5462 Hoc
2546 5385 3025 5462 est,_eo_gitatio_,
3069 5398 3217 5462 "quae
3282 5387 3433 5442 vocis

1832 5453 2100 5534 beneﬂcio
2148 5451 2293 5534 foras
2339 5455 2655 5534 emittitur._
2681 5456 2769 5534 Ea_
2800 5451 3291 5534 ipsa__si_mili_tndo,
3328 5474 3434 5534 qua

1831 5541 1975 5580 nunc
2005 5526 2292 5586 Dionysius
2323 5529 2582 5581 unitatem
2612 5527 2769 5580 simul
2800 5538 2853 5581 et
2892 5525 3293 5580 distinctionem
3325 5529 3432 5584 Pa-

1832 5600 1928 5653 tris
1966 5613 2030 5652 ac
2062 5586 2178 5652 Filii
2218 5598 2480 5676 illustrat,
2515 5608 2695 5676 postea
2727 5596 3024 5676 Augustino
3058 5596 3433 5676 adespliean-

1828 5669 1954 5723 dum
1988 5670 2246 5725 incarnati
2282 5668 2440 5724 Verbi
2472 5670 2786 5740 mysterium
2820 5666 3101 5740 taiuiliaris
3135 5666 3251 5723 fuit.
3286 5670 3433 5727 Sicut

1828 5758 1950 5811 ergo
1966 5783 1981 5807 ,
2016 5741 2191 5811 inquit
2213 5755 2376 5795 serui.
2406 5737 2539 5820 119,
2554 5756 2679 5793 nov.
2698 5738 2851 5803 edil.,
2877 5752 2930 5789 ιι.
2950 5737 3024 5820 '7,
3044 5740 3249 5820 verbum
3263 5759 3433 5798 meum

1828 5814 2090 5882 prolatum
2131 5822 2204 5867 est
2253 5813 2425 5866 sensui
2470 5822 2591 5876 tuo,
2641 5826 2731 5864 nec
2777 5812 2985 5864 recessit
3027 5828 3061 5865 a
3099 5812 3252 5866 corde
3287 5830 3433 5881 meo;

1826 5885 1900 5941 sic
1949 5884 2085 5940 illud
2142 5883 2363 5939 Verbum
2417 5882 2675 5954 prolatum
2724 5889 2796 5936 est
2852 5884 3025 5940 sensui
3071 5893 3284 5955 nostra,
3340 5902 3433 5941 nec
