3970 6298
179 387 261 447 125
1072 392 1166 451 AD
1204 392 1585 455 DIONYSIUM
1624 395 1964 459 ROMANUM
2002 402 2459 467 FRAGMENTA.

174 502 317 558 virtus
365 511 419 560 et
462 502 679 572 vitium,
752 504 988 563 factores
1028 518 1429 583 nuncupantur,
1478 514 1734 585 quemad-

1845 527 1935 576 τοῦ
1961 534 2175 585 ποιῆσαι
2200 531 2385 604 κρίσιν,

176 595 361 683 modum
389 594 526 652 dixit
574 597 755 655 Deus:
790 599 1073 672 Expectavi
1117 611 1173 659 ut
1210 609 1402 678 faceret
1436 607 1695 678 judicium
1720 651 1737 678 ,

175 692 278 764 fecit
298 702 450 747 autem
478 693 800 763 iniquitatem
831 694 983 769 (Isa.
1007 741 1022 763 ,
1052 699 1109 766 5,
1155 696 1234 770 7).
1301 708 1317 722 ⁹

3350 422 3460 481 126

2412 532 2619 592 ἐποίησε
2646 532 2701 591 δὲ
2725 538 2960 612 ἀνομίαν.
2985 538 3257 611 (Adducta
3277 538 3394 598 haec
3421 556 3455 599 a

1846 614 1908 671 S.
1940 616 2245 691 Athanasio,
2281 623 2372 681 ubi
2396 641 2579 698 supra,
2611 645 2665 686 n.
2697 647 2792 701 xx,
2827 648 2881 704 p.
2906 634 3066 706 257.)

175 785 301 838 Addit
317 786 620 852 Athanasius,
649 803 699 840 n.
725 789 804 851 2t,
826 780 1134 856 Dionysium,
1168 794 1309 857 Quod
1334 796 1491 883 Dewn
1517 795 1699 848 Christi
1715 799 1947 863 factorem
1970 799 2195 866 dixisset,
2220 807 2727 877 reprehendentibus,
2745 813 2945 866 diversa
2966 828 3209 883 reSponsa
3228 817 3453 881 dedisse,

1388 880 1572 942 quibus
1588 893 1645 929 se
1672 890 1929 945 purgaret,
1956 883 2148 935 dicens.

231 984 302 1039 Η.
341 984 525 1056 Neque
560 986 638 1041 sic
681 985 1187 1057 reprehendendum
1220 1004 1340 1045 esse
1373 990 1474 1045 hoc
1496 991 1734 1057 dictum;

174 1090 222 1132 se
260 1076 386 1131 enim
432 1076 656 1133 factoris
708 1079 928 1136 nomine
968 1095 1123 1135 usum
1173 1096 1296 1138 esse
1336 1082 1467 1137 dicit
1515 1094 1736 1154 propter

174 1183 354 1223 carnem
390 1185 554 1240 quam
612 1171 841 1227 verbum
920 1184 1322 1243 assumpserat,
1381 1191 1503 1245 qtue
1555 1175 1735 1246 utique

174 1259 286 1317 facta
309 1271 402 1318 est.
438 1261 599 1332 Quod
641 1267 686 1322 si
715 1267 836 1337 quis
868 1265 998 1321 illud
1033 1268 1099 1322 de
1123 1268 1302 1324 Verbo
1333 1268 1536 1325 dictum
1571 1269 1736 1326 fuisse

170 1357 454 1427 suspicetur,
514 1369 572 1415 et
634 1360 689 1416 id
737 1377 951 1433 quoque
992 1373 1201 1419 remota
1252 1366 1597 1420 contentione
1641 1381 1735 1421 au-

173 1448 387 1505 diendum
433 1460 572 1506 erat.
643 1453 793 1509 Sicut
861 1456 1007 1510 enim
1055 1454 1293 1511 Verbum
1360 1473 1473 1513 rem
1536 1456 1732 1512 factam

172 1558 269 1598 esse
307 1560 404 1598 non
435 1545 648 1612 sentio;
703 1546 773 1601 ita
805 1563 905 1603 nec
943 1549 1109 1605 Deum
1153 1548 1414 1605 factorem
1437 1550 1459 1618 ,’
1500 1550 1596 1606 sed
1643 1564 1736 1621 pa—

170 1644 279 1691 trem
302 1636 412 1707 ejus
444 1637 593 1694 dico.
650 1640 758 1695 Sed
811 1649 865 1696 et
907 1642 953 1696 si
997 1643 1215 1713 quando
1258 1643 1327 1700 de
1372 1644 1509 1699 Filio
1554 1646 1732 1702 disse-

168 1743 300 1795 rens,
340 1730 512 1786 obiter
560 1732 732 1787 Deum
784 1732 1046 1790 factorem
1088 1736 1295 1804 dixero,
1353 1752 1526 1807 neque
1556 1736 1736 1793 defen—

1912 995 1999 1049 Η.
2040 995 2164 1056 Μηδ⁹
2192 997 2354 1062 οὕτως
2386 1003 2686 1076 ἐπιλήψιμον
2715 1000 2841 1061 εἶναι
2864 1007 2948 1062 τὸν
2973 1007 3120 1078 λόγον
3150 1023 3165 1038 '
3198 1011 3449 1085 εἰρηκέναι

1836 1089 1938 1165 γὰρ
1976 1094 2187 1149 ποιητήν
2235 1115 2374 1163 φησι.
2409 1092 2493 1148 διὰ
2530 1101 2621 1155 τήν
2648 1098 2842 1173 σάρκα,
2878 1100 2935 1157 ἢν
2970 1099 3202 1165 ἀνέλαϐε,
3238 1106 3448 1174 γενητὴν

1838 1176 2002 1239 οὖσαν
2031 1187 2208 1251 αὐτὴν,
2241 1186 2268 1241 6
2292 1189 2473 1262 Λόγος.
2507 1193 2562 1244 Εἰ
2588 1188 2642 1245 δὲ
2666 1195 2891 1268 καὶπερὶ
2915 1198 3005 1249 τοῦ
3036 1194 3187 1269 λόγου
3219 1216 3299 1258 τις
3324 1196 3447 1252 ὑπο-

1837 1283 2013 1338 νοήσοι
2051 1287 2204 1337 τοῦτο
2242 1281 2496 1355 λελέχθαι,
2531 1289 2618 1339 καί
2656 1285 2820 1348 οὕτως
2854 1284 3073 1362 ἔπρεπεν
3118 1289 3310 1351 αὐτοὺς
3338 1292 3447 1366 ἀφι-

1837 1370 2068 1435 λονείκως
2105 1375 2347 1431 ἀκοῦσαι.
2379 1381 2446 1439 ὡς
2480 1380 2579 1453 γὰρ
2608 1379 2666 1430 οὐ
2711 1381 2907 1451 ποίημα
2948 1388 3112 1453 φρονῶ
3146 1382 3230 1437 τὸν
3258 1382 3440 1457 Λόγον,

1838 1470 1924 1520 καί
1962 1470 2020 1520 οῦ
2048 1474 2280 1535 ποιητήν,
2312 1470 2436 1525 ἀλλὰ
2466 1472 2670 1547 πατέρα
2711 1474 2794 1526 τόν
2838 1474 2960 1527 Θεὸν
2992 1475 3150 1531 αὐτοῦ
3182 1475 3330 1549 λέγω.
3358 1480 3446 1533 καί

1838 1555 1929 1631 κᾷν
1966 1562 2018 1625 ἐξ
2057 1560 2336 1636 ἐπιδρομῆς
2376 1560 2504 1617 εἴπω
2553 1570 2765 1622 ποιητὴν
2814 1567 2901 1620 τόν
2946 1566 3068 1620 Θεὸν
3114 1563 3446 1640 διηγούμενος

1838 1657 1958 1728 περὶ
1982 1658 2074 1708 τοῦ
2103 1655 2223 1709 Υὶοῦ
2240 1694 2255 1717 ,
2288 1655 2411 1709 ἀλλά
2446 1659 2532 1709 καὶ
2559 1654 2722 1717 οὕτως
2750 1658 3166 1730 ἀπολογήσασθαι
3205 1656 3439 1715 δυνατόν.

1838 1750 2055 1809 ποιητὰς
2079 1751 2181 1824 γὰρ
2205 1756 2303 1804 τῶν
2331 1747 2468 1803 ἰδίων
2489 1750 2646 1825 λόγων
2674 1750 2911 1813 Ἑλλήνων
2935 1754 3025 1824 μὲν
3051 1752 3096 1806 οἱ
3123 1756 3269 1824 σοφοί
3295 1775 3440 1828 φασι,

168 1820 291 1877 sione
322 1832 499 1879 careat
540 1823 661 1881 haec
691 1824 909 1883 locutio.
958 1827 1089 1884 Nam
1120 1830 1392 1901 sapientes
1418 1831 1558 1901 apud
1584 1831 1729 1888 Grae-

1845 1844 2006 1896 καίτοι
2050 1844 2279 1918 πατέρας
2319 1844 2538 1904 ἑαυτοὺς
2578 1839 2728 1905 ὄντας
2758 1842 2864 1899 τεῶν
2905 1843 3042 1899 ἰδίων
3085 1845 3267 1919 λόγων.
3306 1847 3336 1903 ἡ
3387 1845 3441 1901 δέ

169 1928 240 1969 eos
264 1915 506 1972 librorum
536 1933 760 1975 suorum
785 1921 1019 1978 factores
1041 1938 1099 1979 se
1139 1935 1487 1994 nuncupant,
1519 1927 1733 1982 tametsi

170 2004 299 2060 iidem
357 2008 624 2066 librorum
674 2027 897 2068 suorum
956 2025 1137 2085 patres
1202 2026 1348 2071 sunt.
1402 2017 1593 2073 Divina
1643 2034 1735 2073 au-

169 2108 250 2153 tem
274 2100 539 2172 Scriptura
577 2115 819 2161 motuum
850 2107 942 2178 qui
983 2124 1049 2164 ex
1079 2109 1244 2165 corde
1292 2110 1598 2180 prodeunt,
1631 2127 1732 2167 nos

168 2188 356 2249 factores
406 2205 599 2265 vocat,
655 2213 778 2256 cum
832 2215 932 2256 nos
987 2200 1224 2259 factores
1270 2203 1403 2277 legis
1442 2216 1497 2261 ct
1539 2204 1732 2277 judicii

167 2292 207 2338 ct
239 2284 441 2356 ju5titite
485 2289 642 2346 dicit.

1834 1937 1940 1990 θεία
1980 1942 2149 2013 Γραφὴ
2196 1940 2281 1992 καὶ
2329 1945 2426 1993 τῶν
2476 1938 2576 1992 ἀπὸ
2627 1936 2843 2011 καρδίας
2894 1940 3179 2011 κινημάτων
3224 1942 3443 2001 ποιητὰς

1836 2030 1970 2099 ἡμᾶς
1995 2026 2301 2104 διαγορεύει,
2335 2032 2554 2094 ποιητὰς
2582 2030 2740 2104 νόμου
2769 2034 2856 2088 καί
2889 2034 3109 2111 κρίσεως
3130 2034 3219 2088 καὶ
3248 2028 3443 2093 δικαιοέ

1836 2120 1994 2182 σῦνης
2016 2119 2258 2198 λέγουσα.

1380 2419 1457 2471 Ex
1483 2420 1662 2470 eodem
1688 2420 1816 2471 libro
1837 2420 2074 2471 secundo.

223 2518 295 2573 i2.
325 2520 391 2575 In
432 2523 697 2596 principio
744 2534 853 2579 erat
910 2524 1132 2583 Verbum
1167 2527 1244 2602 (6)
1276 2544 1290 2585 :
1320 2528 1415 2585 sed
1459 2544 1563 2584 non
1612 2538 1731 2585 erat

166 2609 362 2671 Verbum
387 2617 536 2688 quod
568 2616 800 2675 Verbum
830 2621 1144 2692 produxerit
1177 2623 1264 2697 (ea:
1304 2624 1497 2679 Athan.
1519 2666 1535 2692 ,
1571 2624 1728 2690 ibid.,

169 2722 210 2760 n.
246 2706 335 2780 25)
382 2728 396 2764 :
430 2710 665 2767 Verbum
705 2715 847 2770 enim
875 2725 985 2770 erat
1016 2716 1157 2788 apud
1199 2716 1363 2771 Deum
1408 2716 1589 2789 (Joan.
1611 2760 1626 2785 ,
1658 2716 1731 2787 ι).

170 2795 387 2858 Dominus
433 2803 704 2876 sapientia
759 2815 840 2861 est
883 2824 897 2861 :
942 2822 1051 2862 non
1101 2817 1219 2865 erat
1271 2808 1428 2879 igitur
1473 2809 1735 2880 sapientia

169 2889 240 2959 qui
279 2894 595 2963 sapientiam
646 2898 933 2969 produxit;
984 2898 1097 2973 Ego
1149 2901 1296 2956 enim
1321 2919 1490 2967 erant,
1526 2902 1733 2974 inquit,

170 2998 249 3053 qua
271 2986 609 3045 delectabatur
649 2990 833 3065 (Prov.
862 3009 954 3050 vm
973 3035 988 3063 ,
1028 3036 1046 3061 ,
1078 2993 1203 3067 ‘50).
1236 2993 1451 3050 Veritas
1471 3003 1554 3052 est
1577 2993 1734 3053 Chri-

171 3084 262 3133 stus
287 3096 302 3136 :
329 3078 639 3139 Benedictus
669 3094 872 3157 autem,
906 3086 985 3143 ait
1017 3085 1161 3142 Deus
1192 3086 1453 3143 veritatis.

1906 2527 1993 2583 12.
2033 2526 2109 2582 Ἐν
2140 2528 2285 2604 ἀρχῇ
2314 2523 2371 2585 ἦν
2399 2524 2603 2598 ὁΛόγος
2628 2538 2643 2557 ⁶
2678 2523 2782 2580 ἀλλ’
2812 2525 2901 2578 οῦκ
2928 2520 2986 2584 ἧν
3012 2523 3158 2598 λόγος
3183 2520 3210 2578 6
3236 2523 3324 2579 τὸν
3346 2522 3446 2579 Λό-

1833 2644 1919 2697 γον
1946 2622 2222 2699 προέμενος
2241 2637 2253 2651 ·
2277 2615 2388 2685 Ἦν,
2413 2620 2535 2694 γὰρ,
2572 2616 2597 2671 6
2619 2618 2779 2691 Λόγος
2820 2619 2951 2693 πρὸς
2978 2617 3064 2671 τὸν
3094 2614 3216 2670 Θεόν
3248 2630 3262 2644 ⁸
3295 2620 3449 2692 σοφία

1835 2719 2100 2791 γεγένηται
2128 2715 2153 2770 6
2180 2716 2382 2792 Κύριος·
2415 2714 2506 2769 οὐκ
2533 2709 2591 2771 ἧν
2616 2706 2702 2765 οὖν
2730 2713 2883 2784 σοφία
2913 2709 2938 2765 6
2966 2715 3058 2768 τήν
3082 2710 3260 2782 σοφίαν
3289 2710 3444 2771 ἀνείς⁹

1835 2810 1980 2884 Ἐγὼ,
2012 2812 2134 2886 γὰρ,
2175 2808 2326 2881 ἥμην,
2360 2810 2527 2883 φησὶν,
2565 2803 2995 2885 ᾖπροσέχαιρεν.
3029 2804 3229 2864 ἀλήθειά
3253 2804 3394 2858 ἐστιν
3419 2801 3447 2859 6

1838 2901 2102 2981 Χριστός’
2154 2900 2432 2974 Εὐλόγητος
2474 2896 2550 2964 δὲ,
2601 2896 2831 2972 φησίν,ό
2878 2897 2999 2957 Θεὸς
3051 2904 3143 2957 τῆς
3195 2894 3443 2955 ἀληθείας.

1842 2994 2086 3065 (Profert
2119 2993 2237 3049 haec
2263 2992 2325 3048 S.
2368 2990 2712 3059 Athanasius,
2757 2990 2847 3046 ubi
2879 3002 3041 3061 supra
3064 3029 3078 3055 ,
3106 3003 3161 3044 n.
3214 3002 3304 3043 xm
3328 3029 3341 3056 ,
3390 3001 3445 3059 p.

1516 3224 1594 3277 Ex
1609 3226 1770 3275 tertio
1796 3223 1942 3277 libro.

221 3346 297 3405 15.
341 3349 461 3406 Vita
505 3364 581 3407 ex
636 3351 744 3406 vita
793 3352 973 3423 genita
1022 3359 1144 3420 est,
1196 3352 1653 3423 quemadmodum
1690 3369 1722 3410 e
1749 3360 1794 3424 ρ

169 3436 290 3497 fonte
333 3441 533 3501 ﬂumen
579 3446 881 3514 emanavit,
937 3455 993 3502 et
1050 3461 1117 3502 ex
1176 3446 1474 3504 inextincto
1530 3447 1737 3505 lumine

178 3533 480 3603 splendidum
522 3539 711 3596 lumen
742 3553 1031 3597 accensum
1063 3548 1147 3598 est
1173 3538 1272 3613 (ex
1296 3540 1490 3598 Athan.
1516 3580 1534 3610 ,
1563 3541 1689 3598 ibid.
1719 3583 1739 3611 ,

174 3642 215 3680 η.
260 3628 369 3704 18).

1902 3353 1991 3409 15.
2036 3358 2146 3413 Ζωή
2182 3354 2237 3409 ἐκ
2279 3358 2411 3419 ζωῆς
2440 3355 2669 3427 ἐγεννήθη
2692 3367 2705 3382 ·
2733 3356 2821 3408 καί
2866 3352 3046 3427 ὥσπερ
3074 3352 3311 3421 ποταμὸς
3341 3351 3446 3407 ἀπὸ

1846 3456 2013 3520 πηγῆς
2040 3445 2255 3524 ἕρρευσε
2277 3461 2291 3477 ’
2322 3450 2409 3502 καί
2437 3448 2538 3503 ἀπὸ
2566 3446 2831 3502 ἀσϐέστου
2856 3446 3089 3521 λαμπρὸν
3113 3452 3216 3517 φῶς
3237 3446 3442 3516 ἀνήφθη.

1925 3540 2305 3614 (Adducuntur
2342 3540 2459 3597 hth
2484 3556 2514 3596 a
2542 3540 2606 3597 S.
2638 3542 2920 3598 Athanasio
2944 3537 3047 3612 Ep.
3091 3539 3155 3595 de
3180 3537 3447 3595 Sententia

1856 3633 2116 3707 Dionysii,
2150 3651 2202 3691 n.
2236 3650 2390 3692 xvnt.
2421 3650 2472 3707 p.
2506 3635 2661 3707 256.)

1508 3797 1583 3849 Ex
1601 3798 1725 3851 libro
1747 3802 1940 3861 quarto.

224 3900 299 3959 ii.
331 3904 476 3963 Sicut
525 3918 684 3962 mens
730 3914 913 3961 nostra
952 3914 1161 3963 eructat
1199 3920 1229 3962 a
1280 3906 1455 3977 seipsa
1506 3907 1733 3963 verbum

174 3997 438 4069 (Athenas,
479 4002 647 4070 ibid,
693 4018 747 4055 η.
775 4000 879 4073 ‘25)
903 4044 917 4069 ,
967 4014 1023 4057 ut
1056 4003 1126 4056 ait
1157 4002 1423 4072 Propheta
1462 4019 1474 4054 :
1508 4000 1733 4055 Eructa-

170 4090 225 4142 tit
266 4108 343 4147 cor
393 4111 565 4149 meum
617 4096 1051 4149 uerbum'bonunt
1106 4093 1259 4166 (Paul
1298 4109 1457 4160 XLIV,
1486 4090 1554 4165 2)
1580 4133 1595 4160 ,
1626 4101 1733 4149 est-

170 4195 250 4249 que
271 4197 553 4258 utrumque
580 4187 812 4241 alterum
860 4187 931 4241 ab
974 4186 1187 4254 altero,
1247 4187 1522 4257 proprium
1563 4193 1618 4239 et
1664 4184 1732 4241 ab

169 4274 307 4334 altero
341 4280 687 4337 disctinctum
736 4281 988 4337 obtinens
1019 4281 1196 4337 locum
1220 4321 1235 4346 ,
1265 4295 1389 4336 cum
1434 4280 1565 4335 illud
1615 4281 1735 4350 qui-

169 4366 265 4424 dem
302 4373 351 4429 in
394 4375 597 4441 corde,
652 4375 792 4430 istud
843 4390 970 4431 vero
1013 4377 1068 4430 in
1122 4375 1298 4445 lingua
1345 4386 1401 4430 et
1432 4376 1543 4430 “ore
1579 4389 1730 4429 com-

170 4475 375 4522 moretur
419 4479 475 4524 et
520 4477 802 4524 moveatur
852 4486 865 4523 :
910 4484 1085 4538 neque
1132 4478 1310 4523 tamen
1354 4468 1496 4522 inter
1542 4482 1601 4523 se
1645 4468 1731 4523 di-

170 4567 316 4629 stant,
361 4573 535 4620 autse
565 4563 801 4620 invicem
845 4564 1161 4634 privamur;
1216 4578 1389 4633 neque
1433 4578 1586 4618 mens
1613 4561 1731 4619 sine

170 4652 304 4709 verbo
345 4667 461 4722 est,
511 4672 686 4728 neque
732 4655 954 4712 verbum
1006 4656 1124 4712 sine
1166 4664 1349 4711 mente
1382 4673 1396 4709 :
1429 4656 1524 4711 sed
1575 4670 1730 4712 mens

173 4746 356 4804 verbum
405 4750 538 4807 facit
576 4760 632 4806 et
681 4751 734 4806 in
762 4749 880 4821 ipso
928 4759 1189 4821 apparet,
1221 4764 1283 4804 ac
1313 4748 1536 4805 verbum
1578 4748 1730 4805 exhi-

173 4834 243 4893 bet
279 4851 508 4899 mentem
554 4844 608 4899 in
656 4858 762 4914 qua
813 4844 1010 4898 factum
1055 4852 1156 4900 est.
1206 4842 1271 4897 Et
1324 4859 1477 4899 mens
1503 4843 1723 4915 quidem

176 4939 239 4985 est
282 4938 421 5003 quasi
470 4936 696 4993 verbum
752 4937 1090 5003 immanens,
1133 4937 1356 4992 verbum
1407 4953 1538 4992 vero
1576 4952 1730 4994 mens

177 5026 443 5090 prosiliens.
501 5027 653 5085 Mens
708 5029 761 5084 in
811 5028 1037 5085 verbum
1084 5029 1320 5085 transit:
1356 5028 1581 5084 verbum
1633 5043 1728 5084 au-

178 5119 258 5170 tem
295 5131 525 5178 mentem
571 5123 627 5178 in
663 5122 1080 5178 circumstantes
1128 5121 1403 5178 auditores
1453 5121 1731 5177 transmit-
1769 5183 1786 5196 ο

178 5204 463 5284 titzsicque
521 5231 676 5271 mens
719 5229 817 5285 per
873 5216 1097 5271 verbum
1155 5216 1209 5270 in
1261 5215 1566 5271 auditorum
1612 5214 1730 5271 ani-

177 5298 256 5353 mis
292 5302 511 5376 insidet,
558 5308 720 5364 simul
761 5309 1005 5379 ingressa
1057 5324 1179 5364 cum
1225 5308 1414 5363 verbo.
1460 5310 1539 5364 Ac
1577 5324 1730 5367 mens

177 5391 356 5458 quidem
403 5409 484 5459 est
513 5401 664 5475 quasi
695 5410 849 5473 pater
897 5401 1049 5459 verbi
1126 5402 1179 5458 in
1229 5402 1409 5475 seipsa
1458 5402 1729 5471 existens;

1757 4528 1809 4591 D

1909 3908 1997 3962 Η.
2029 3906 2117 3969 Ὠς
2143 3909 2244 3984 γὰρ
2275 3906 2300 3962 6
2327 3894 2575 3984 ἡμέτερος
2598 3914 2716 3968 νοῦς
2741 3910 3005 3985 ἐρεύγεται
3031 3910 3124 3981 μὲν
3153 3911 3236 3983 ἀφ’
3260 3912 3446 3968 ἑαυτοῦ

1838 4000 2107 4071 τὸνλόγον,
2140 4003 2207 4060 ὡς
2253 3995 2390 4054 εἶπεν
2435 4000 2460 4054 6
2500 4004 2782 4076 προφήτης.
2810 4000 3137 4078 Ἐξηρευξατο
3181 4005 3212 4062 ἡ
3260 4004 3448 4084 καρδία

1839 4117 1937 4168 μου
1969 4095 2112 4169 λόγον
2136 4096 2337 4169 ἀγαθόν·
2363 4100 2449 4150 καὶ
2476 4093 2591 4151 ἔστι
2617 4098 2708 4166 μὲν
2735 4096 2975 4173 ἑκάτερος
3002 4098 3174 4173 ἕτερος
3204 4103 3446 4176 θατέρου,

1836 4187 1961 4245 ἴδιον
1991 4194 2076 4244 καί
2101 4195 2190 4243 τοῦ
2221 4190 2396 4245 λοιποῦ
2422 4193 2810 4267 κεχωρισμένον
2841 4191 3065 4262 εἰληχὼς
3090 4193 3267 4260 τόπον,
3299 4193 3325 4248 6
3355 4198 3448 4266 μὲν

1837 4285 1887 4337 ἐν
1916 4291 1979 4358 τῇ
2006 4280 2213 4358 καρδίᾳ,
2246 4283 2272 4337 6
2303 4280 2358 4337 δὲ
2400 4285 2484 4336 ἐπὶ
2529 4292 2621 4351 τῆς
2662 4285 2892 4357 γλώττης
2923 4288 3010 4338 καὶ
3050 4291 3140 4339 τοῦ
3188 4286 3447 4358 στόματος

1837 4375 1983 4428 οἰκῶν
2010 4396 2063 4429 τε
2092 4378 2179 4429 καί
2208 4377 2517 4447 κινούμενος·
2552 4377 2610 4430 οὐ
2661 4381 2757 4447 μήν
2803 4374 3134 4434 διεστήκασιν
3152 4419 3165 4441 ,
3191 4377 3307 4433 οὐδὲ
3351 4402 3447 4435 κα-

1836 4468 2002 4532 θάπαξ
2031 4467 2249 4526 ἀλλήλων
2278 4470 2568 4543 στέρονται,
2602 4465 2716 4521 οὐδέ
2766 4471 2906 4523 ἐστιν
2948 4466 3063 4523 οὔτε
3108 4468 3133 4522 6
3177 4477 3294 4529 νοῦς
3328 4467 3447 4524 ἅλο-

1835 4583 1946 4632 γος,
1976 4558 2094 4617 οὕτε
2126 4558 2276 4625 ἄνους
2302 4561 2328 4618 6
2356 4562 2521 4636 λόγος’
2558 4561 2662 4617 ἀλλ’
2690 4558 2773 4635 ὅγε
2812 4569 2929 4623 νοῦς
2952 4572 3087 4623 ποιεῖ
3111 4565 3194 4619 τὸν
3222 4564 3366 4636 λόγον
3394 4568 3445 4619 ἐν

1835 4656 1978 4728 αὐτῷ
2012 4658 2199 4726 φανεὶς,
2218 4659 2299 4709 καὶ
2320 4654 2345 4709 6
2366 4653 2748 4727 λόγος-δείκνυσι
2763 4657 2847 4709 τὸν
2866 4661 3002 4717 νοῦν,
3020 4656 3068 4707 ἐν
3084 4656 3223 4728 αὐτῷ
3237 4656 3446 4730 γενόμε-

1834 4769 1937 4810 νος.
1968 4752 2055 4803 καί
2083 4748 2108 4803 6
2138 4752 2228 4821 μὲν
2252 4754 2368 4808 νοῦς
2393 4749 2530 4802 ἐστιν
2569 4742 2670 4801 οἷον
2697 4747 2843 4821 λόγος
2874 4748 3176 4821 ἐγκείμενος
3211 4747 3237 4803 6
3269 4745 3322 4803 δὲ
3359 4749 3444 4807 λό-

1834 4864 1922 4916 γος
1951 4848 2067 4902 νοῦς
2096 4839 2373 4917 προπηδῶν
2398 4858 2411 4872 ·
2444 4843 2532 4896 καί
2581 4844 2887 4913 μεθίσταται
2914 4845 3003 4915 μὲν
3051 4842 3077 4898 6
3114 4849 3231 4905 νοῦς
3263 4845 3333 4907 εἰς
3360 4846 3444 4902 τὸν

1833 4936 2049 5011 λόγον,ὁ
2089 4935 2142 4992 δὲ
2188 4936 2333 5010 λόγος
2361 4936 2445 4991 τὸν
2471 4942 2586 4991 νοῦν
2617 4939 2686 4997 είς
2724 4940 2845 4999 τοὺς
2883 4940 3143 5015 ἀκροατὰς
3186 4940 3439 5013 ἐγκυκλεῖ,

1836 5033 1920 5085 καὶ
1949 5029 2112 5088 οὕτως
2139 5028 2164 5084 6
2192 5034 2309 5090 νοῦς
2334 5026 2419 5084 διὰ
2447 5035 2536 5084 τοῦ
2563 5029 2714 5107 λόγου
2745 5038 2859 5092 ταῖς
2885 5038 2984 5086 τῶν
3015 5034 3300 5088 ἀκουόντων
3341 5031 3442 5103 ψυ-

1834 5129 1962 5194 χαῖς
2007 5119 2308 5197 ἐνιδρὺεται,
2363 5127 2635 5180 συνεισιών
2683 5131 2755 5198 τῷ
2801 5124 2965 5199 λόγῳο
2994 5128 3080 5180 καί
3125 5124 3263 5180 ἔστιν
3295 5122 3319 5177 6
3350 5125 3441 5196 μὲν

1835 5212 1934 5272 οἷον
1960 5220 2132 5292 πατὴρ
2160 5215 2185 5271 6
2211 5223 2326 5277 νοῦς
2346 5224 2436 5273 τοῦ
2467 5219 2641 5293 λόγου,
2672 5215 2738 5272 ὧν
2766 5220 2838 5291 ἐφ’
2868 5219 3052 5274 ἑαυτοῦ
3079 5234 3092 5247 ·
3123 5218 3148 5273 6
3184 5215 3237 5271 δὲ
3286 5218 3440 5273 καθά-

1835 5331 1933 5387 περ
1972 5311 2081 5371 υἱὸς
2121 5310 2147 5365 ό
2189 5311 2337 5385 λόγος
2386 5319 2476 5367 τοῦ
2504 5319 2624 5378 νοῦ,
2655 5314 2757 5390 πρὸ
2803 5314 2990 5367 ἐκείνου
3037 5313 3127 5384 μὲν
3165 5308 3436 5378 ἀδύνατον,

1835 5403 1939 5459 ἀλλ’
1965 5402 2080 5460 οὐδὲ
2112 5401 2290 5472 ἔξωθέν
2314 5408 2484 5477 ποθεν,
2510 5407 2605 5464 σὺν
2632 5407 2801 5479 ἐκείνῳ
2825 5406 3105 5481 γενόμενος,
3131 5402 3440 5477 βλαστήσεις

1536 5518 2037 5577 COMMENTARII.

231 5628 299 5701 (i)
344 5634 608 5693 Librorum
659 5654 869 5693 suorum
927 5647 1096 5709 patres
1138 5647 1277 5692 sunt.
1331 5638 1411 5693 Ea
1459 5646 1642 5694 mente
1694 5653 1725 5695 a

180 5696 420 5761 Clemente
471 5709 763 5767 Alexandr.
830 5696 981 5765 initio
1038 5710 1373 5765 Strontatum
1445 5710 1572 5765 dicti
1601 5718 1727 5767 sunt

177 5769 268 5857 libri
280 5779 453 5857 animi;
473 5782 629 5857 liberi.
651 5781 835 5857 ψυχῆς
852 5780 1045 5857 ἔγγονοι
1076 5783 1120 5857 οἱ
1142 5781 1555 5857 λόγοικδιιὺὶηάῦ
1572 5797 1723 5850 vero,

182 5855 226 5894 η·
267 5847 336 5936 ,μ
357 5890 370 5912 ,
401 5847 680 5936 Dionysius
708 5847 936 5936 idlpsuiti
967 5854 1175 5935 planius
1198 5847 1453 5936 explicat.

258 5913 317 5973 In
344 5913 582 5996 principio
603 5965 621 5999 ,
655 5913 1197 6003 pte-Athanasius,
1246 5913 1547 6003 postquam
1570 5923 1737 5986 verba

1832 5641 2116 5712 sequentia
2172 5641 2404 5710 retulit,
2453 5642 2519 5697 iis
2578 5639 2875 5712 Sabellium
2934 5639 3095 5695 simul
3146 5650 3201 5697 et
3246 5641 3437 5698 Arium

1835 5711 2107 5784 profligari
2159 5715 2446 5780 observat,
2498 5714 2718 5784 ipseque
2748 5711 2943 5768 iisdem
2985 5712 3202 5781 subiicit
3245 5714 3438 5782 espla-

1835 5783 2149 5859 nationem,
2182 5802 2342 5858 quam
2372 5783 2710 5844 consuluisse
2753 5796 2937 5856 operm
2978 5786 3206 5913 prénium
3251 5784 3431 5842 tuerit.

3064 5871 3326 5917 ousrau'r.

3237 5888 3326 5912 “Io
