3970 6282
553 319 655 377 127

1374 321 1667 383 DIONYSII
1707 324 2184 382 ALEXANDRINI
2227 323 2538 383 EPISCOPI
2581 325 3025 385 FRAGMENTA.

3737 333 3835 390 {9.8

544 434 773 492 verbum
801 443 982 493 autem
1020 436 1165 493 velut
1218 437 1355 494 illius
1401 441 1635 509 mentis,
1688 457 1756 496 ne
1802 449 1929 497 ante
1972 440 2137 513 ipsam

2252 441 2305 499 δὲ
2350 443 2438 499 ἀπ’
2470 445 2649 499 αὐτοῦ.
2681 446 2845 508 οὕτως
2876 447 2901 501 ὁ
2932 453 3102 525 Πατήρ
3150 448 3175 503 ὁ
3224 450 3466 523 μέγιστος
3509 454 3593 506 καὶ
3639 454 3836 509 καθόλου

551 546 731 603 neque
784 543 939 588 extra
984 533 1155 603 ipsam
1205 532 1404 589 factum
1448 550 1569 590 esse
1619 545 1828 607 potest,
1885 534 1978 591 sed
2025 552 2149 590 cum

550 624 933 705 ipsaﬂexistit,
990 639 1018 678 a
1059 641 1165 698 qua
1211 641 1435 697 germen
1486 637 1541 683 et
1584 630 1845 699 originem
1892 631 2144 701 sumpsit.

556 715 747 771 eodem
794 731 1007 787 quoque
1055 717 1220 773 modo
1246 720 1407 775 Pater
1459 721 1728 777 maximus
1755 733 1808 777 et
1836 738 1993 779 mens
2035 724 2154 778 uni-

551 807 776 863 versatis
814 817 939 865 ante
991 812 1170 865 omnia
1223 810 1418 867 Filium
1463 812 1624 869 habet
1676 814 1912 873 Verbum
1945 831 2009 873 ac
2039 832 2155 875 ser-

551 916 768 962 monem
822 903 905 959 sui
959 904 1131 977 ipsius
1184 905 1536 979 interpretem
1585 917 1641 965 et
1688 911 1959 983 angelum.

2249 543 2367 596 νοῦς
2393 544 2594 611 πρῶτον
2629 538 2713 591 τὸν
2741 539 2851 593 risv
2878 540 3039 612 Λόγον
3067 540 3287 617 ἑρμηνέα
3314 546 3400 597 καὶ
3429 539 3633 615 ἄγγελον
3660 544 3834 600 ἑαυτοῦ

2253 631 2387 703 ἔχει.
2427 630 2806 701 (Adducunlur
2845 632 2961 691 tunc
2998 650 3029 691 a
3077 633 3139 691 S.
3171 635 3479 706 Athanasio,
3527 636 3618 694 ubi
3665 653 3836 711 supra,

2256 741 2311 781 η.
2346 726 2437 792 9.5,
2472 740 2527 796 ρ.
2557 724 2714 798 2-59.)

1824 1071 1963 1125 Circa
1985 1075 2203 1128 medium
2225 1084 2393 1142 operis
2418 1086 2454 1131 ‘.

626 1193 712 1249 t5.
741 1193 798 1251 Si
827 1209 894 1252 eo
920 1197 1065 1269 quod
1092 1206 1201 1254 tres
1229 1200 1338 1256 sint
1360 1200 1921 1272 hypostases,divisas
1943 1205 2144 1275 dicant,

551 1296 663 1345 tres
693 1300 853 1359 sunt,
882 1293 1094 1349 etiamsi
1150 1295 1353 1363 nolint;
1403 1307 1496 1353 aut
1541 1297 1778 1353 divinam
1828 1299 2147 1357 Trinitatem

550 1397 777 1453 prorsus
806 1399 837 1438 c
864 1384 1044 1441 medio
1085 1386 1297 1445 tollant.
1355 1391 1371 1460 (
1399 1389 1481 1444 Ea:
1508 1388 1735 1459 Basilio,
1767 1391 1857 1448 lib.
1904 1392 1967 1449 de
2000 1393 2145 1465 Spir.

548 1484 757 1545 sancto,
803 1493 851 1533 ε.
896 1477 1027 1554 29).

2332 1213 2418 1268 15.
2460 1216 2514 1267 Ei
2543 1224 2614 1289 τῷ
2638 1223 2775 1289 τρεῖς
2815 1211 2941 1269 εἶναι
2976 1217 3070 1276 τὰς
3105 1216 3450 1280 ὑποστάσεις,
3478 1218 3843 1293 μεμερισμένας

2258 1302 2381 1361 εἶναι
2414 1306 2638 1380 λέγουσι.
2664 1314 2802 1382 τρεῖς
2848 1309 2949 1363 εἰσι
2973 1351 2987 1371 ,
3021 1305 3113 1381 κᾷν
3155 1315 3223 1382 μή
3264 1309 3489 1376 θέλωσιν,
3520 1308 3552 1370 ἦ
3593 1313 3680 1370 τὴν
3719 1309 3843 1363 θείαν

2251 1412 2459 1461 ΤΡΙΑΔΑ
2483 1403 2739 1469 παντελῶς
2765 1404 3097 1464 ἀνελέτωσαν.

2056 1634 2127 1684 Ac
2152 1647 2369 1686 rursum:

615 1778 692 1816 nat
716 1778 825 1818 πάλιν
851 1767 1033 1833 (inquit
1054 1770 1111 1823 S.
1145 1770 1362 1825 Basilius
1388 1777 1484 1839 M.)
1512 1790 1523 1824 :

630 1944 873 2001 Θειοτάτη
884 1944 1008 2023 γὰρ,
1025 1943 1109 2002 διὰ
1119 1953 1293 2019 τοῦτο,
1313 1953 1444 2025 μετὰ
1458 1955 1547 2013 τήν
1556 1950 1780 2025 Μονάδα,
1804 1959 1889 2013 καὶ
1898 1956 1954 2013 Ἦ
1964 1967 2147 2016 ΤΡΙΔΣ.

2325 1782 2525 1839 Extant
2559 1782 2675 1839 haec
2696 1782 2838 1854 apud
2880 1781 2944 1837 S.
2981 1781 3237 1837 Basiliam
3263 1780 3516 1853 Magnum
3555 1782 3617 1838 (le
3657 1781 3845 1855 Spiritu

2182 1852 2230 1912 B
2260 1874 2476 1944 Sancto,
2504 1891 2623 1947 cap.
2658 1852 2863 1947 penult.
2888 1890 2944 1947 p.
2977 1874 3067 1931 61.

2330 1971 2557 2041 Propter
2599 1968 2702 2025 hoc
2742 1968 2926 2035 enim,
2978 1977 3104 2041 post
3159 1968 3457 2036 unitatem,
3497 1976 3581 2025 est
3620 1974 3676 2024 et
3718 1966 3845 2023 divi-

2253 2064 2479 2122 nissima
2522 2062 2782 2137 ‘Trinitas.

1883 2229 2107 2281 Clausula
2130 2233 2278 2283 totius
2292 2232 2477 2295 operis.

630 2359 719 2417 16.
752 2357 847 2415 His
869 2360 1120 2417 omnibus
1146 2372 1504 2433 congruenter
1523 2371 1577 2420 et
1600 2378 1702 2420 nos
1721 2406 1739 2433 ,
1791 2365 1954 2422 etiam
1982 2365 2154 2423 forma

553 2451 845 2523 regulaque
865 2467 894 2507 a
916 2455 1223 2511 senioribus
1244 2457 1336 2526 qui
1357 2468 1485 2514 ante
1507 2472 1608 2514 nos
1627 2460 1881 2515 vixerunt
1898 2458 2146 2533 accepta,

552 2544 807 2601 concordi
850 2560 974 2601 cum
1021 2547 1130 2603 illis
1173 2562 1309 2605 voce
1352 2559 1406 2604 et
1449 2556 1745 2621 gratiarum
1787 2554 2057 2610 actionem
2098 2566 2154 2611 et

553 2655 697 2696 nunc
745 2642 906 2697 etiam
956 2643 1240 2713 epistolam
1289 2659 1452 2716 quam
1504 2646 1792 2701 scribimus
1843 2647 1997 2703 vobis
2050 2648 2150 2703 ab-

550 2734 828 2789 solvemus
858 2753 871 2790 :
899 2735 1008 2791 Deo
1035 2743 1213 2791 autem
1246 2736 1389 2791 Patri
1436 2747 1490 2792 ct
1528 2736 1667 2792 Filio
1700 2739 1925 2796 Domino
1966 2751 2152 2795 nostro

549 2826 678 2887 JeSu
727 2825 944 2884 Christo
998 2843 1119 2885 cum
1167 2837 1353 2886 sancto
1400 2829 1604 2900 Spiritu
1652 2832 1825 2905 gloria
1876 2844 1945 2889 et-
1973 2833 2147 2905 impe-

550 2919 690 2982 rium
718 2920 771 2982 in
797 2924 993 2981 saecula
1021 2923 1367 2981 sicculorum.
1401 2925 1595 2982 Amen.

2290 2366 2297 2376 ’
2330 2365 2419 2422 16.
2460 2367 2671 2425 Τούτοις
2700 2370 2862 2421 πᾶσιν
2890 2366 3169 2427 ἀκολούθως
3196 2368 3284 2420 καὶ
3310 2366 3473 2437 ἡμεῖς,
3501 2369 3590 2424 καὶ
3628 2366 3687 2425 δή
3717 2365 3849 2443 παρά

2259 2469 2355 2517 τῶν
2399 2461 2500 2537 πρὸ
2532 2462 2668 2532 ἡμῶν
2693 2460 3063 2535 πρεσϐυτέρων
3088 2461 3250 2513 τύπον
3289 2463 3374 2513 καὶ
3415 2461 3604 2516 κανόνα
3624 2460 3847 2537 «apstin-

2256 2554 2423 2625 φὸτες,
2457 2553 2727 2625 ὁμοφώνως
2756 2573 2811 2605 τε
2845 2554 3018 2611 αὐτοῖς
3047 2558 3653 2628 προσευχαριστοῦντες,
3686 2556 3766 2607 καὶ
3793 2551 3844 2609 ἃὸ

2255 2649 2342 2700 καὶ
2382 2652 2469 2698 νῦν
2517 2646 2634 2717 ὑμῖν
2667 2644 3065 2708 ἐπιστῶλοντες,
3097 2647 3523 2715 καταπαύσομεν·
3567 2654 3639 2719 τῷ
3668 2644 3719 2700 δὲ
3747 2652 3846 2718 Θεῷ

2255 2745 2416 2815 Πατρὶ
2443 2780 2455 2800 .
2481 2743 2567 2794 καί
2594 2741 2692 2812 Υὶῷ
2717 2746 2789 2812 τῷ
2820 2742 2985 2813 Κυρίῳ
3016 2741 3155 2810 ἡμῶν
3198 2738 3359 2796 Ἰησοῦ
3391 2747 3602 2814 Χριστῷ
3620 2781 3633 2799 ,
3663 2742 3755 2793 σὺν
3781 2746 3845 2809 τῷ

2250 2833 2378 2906 ἁγίῳ
2428 2832 2701 2902 Πνεύματι,
2747 2829 2871 2895 δόξα
2915 2834 3002 2883 καὶ
3042 2832 3227 2905 κράτος
3275 2833 3343 2891 εἰς
3385 2837 3507 2892 τοῦς
3549 2834 3729 2891 αἰῶνας
3753 2838 3841 2884 τῶν

2251 2925 2460 2979 αἰώνων.
2486 2921 2655 2995 ’Λμήιη
2689 2919 2951 2994 (Adduxit
2973 2920 3090 2975 haec
3119 2920 3179 2975 S.
3213 2919 3440 2975 Basilius
3467 2921 3543 2975 Μ.
3575 2923 3626 2976 ill
3651 2920 3760 2974 Lib.
3789 2920 3844 2973 dc

2256 3014 2457 3087 Spiritu
2487 3014 2700 3084 Sancto,
2726 3030 2843 3087 cap.
2875 3014 3081 3087 penult.
3111 3028 3165 3085 p.
3199 3014 3286 3083 60,
3325 3014 3411 3071 ed.
3443 3012 3797 3083 Benedictin.)

1621 3182 1701 3234 De
1722 3194 1883 3246 opere
1907 3185 2020 3246 ipso
2045 3181 2153 3232 haec
2183 3177 2356 3230 retulit
2378 3177 2431 3229 S.
2458 3176 2769 3230 Athanasius.

606 3315 695 3372 17.
730 3316 982 3386 Queritur
1006 3315 1201 3372 deinde
1239 3313 1595 3390 (Dionysius),
1629 3312 1771 3383 quod
1798 3322 2145 3370 accusatores
2172 3315 2217 3377 C

542 3409 837 3465 sententias
857 3424 983 3464 suas
1007 3423 1112 3464 non
1142 3409 1377 3480 integras
1402 3406 1664 3473 referant,
1698 3407 1792 3462 sed
1833 3416 2107 3463 truncatas
2125 3453 2140 3478 ,

540 3512 596 3559 et
619 3502 762 3573 quod
788 3517 895 3558 non
927 3503 1064 3558 bona
1095 3502 1450 3568 conscientia,
1498 3500 1595 3558 sed
1619 3502 1757 3557 mala
1792 3507 1887 3571 pro
1919 3502 2142 3560 libidine

542 3596 863 3669 loquantur;
888 3610 1025 3667 quos
1050 3595 1253 3651 similes
1274 3596 1349 3651 ait
1373 3596 1514 3651 beati
1536 3595 1764 3664 aposmli
1790 3596 2140 3666 cpistolarum

541 3689 1037 3746 calumniatoribus.
1093 3687 1252 3745 Certe
1291 3689 1517 3760 singulis
1548 3698 1923 3745 accusatorum
1960 3690 2141 3746 verbis

539 3797 829 3839 occurrens
859 3824 874 3849 ,
919 3782 1167 3838 omnibus
1212 3797 1399 3838 eorum
1449 3782 1779 3853 argumentis
1811 3782 2135 3838 solutionem

540 3874 788 3940 adhibet;
840 3889 1070 3944 cumque
1122 3874 1417 3931 Sabellium
1459 3874 1727 3944 prioribus
1766 3874 1873 3931 illis
1918 3875 2136 3945 scriptis

539 3967 849 4040 planissime
876 3966 1198 4034 contularit,
1247 3970 1329 4025 his
1362 3969 1753 4040 posterioribus
1785 3968 1945 4027 tidem
1979 3985 2132 4028 suam

539 4058 762 4118 omnino
788 4059 928 4130 piam
958 4059 1217 4117 declarat.

2326 3310 2417 3366 17.
2457 3314 2688 3365 Αἰτιᾶται
2706 3309 3041 3381 (Dionysius)
3068 3314 3188 3371 τοὺς
3212 3311 3552 3373 κατειπόντας
3581 3312 3755 3377 αὐτοῦ,
3778 3312 3838 3368 ὡς

2249 3410 2317 3477 μὴ
2349 3404 2649 3480 ὁλοκλήρους
2686 3405 2945 3478 λέγοντας.
2988 3404 3115 3459 ἀλλὰ
3141 3405 3548 3480 περικόπτοντας
3576 3406 3730 3459 αὐτοῦ
3755 3405 3838 3461 τὰς

2246 3501 2419 3566 λέξεις,
2453 3505 2540 3554 καὶ
2568 3504 2635 3560 ὡς
2667 3505 2737 3572 μή
2764 3500 2887 3575 καλῇ
2917 3496 3227 3561 συνειδήσει,
3254 3500 3379 3554 ἀλλὰ
3398 3505 3619 3576 πονηρᾷ,
3646 3499 3837 3553 λαλοῦν-

2247 3615 2341 3654 τας
2377 3596 2443 3653 ὡς
2473 3593 2692 3648 θέλουσι.
2728 3594 2945 3651 τούτους
2984 3613 3037 3645 τε
3073 3594 3275 3652 τούτοις
3304 3594 3568 3656 ἀπεικάζει
3613 3599 3715 3651 τοῖς
3756 3593 3838 3647 τας

2244 3693 2335 3740 τοῦ
2385 3688 2639 3761 μακαρίου
2669 3684 2976 3740 ’Λποστόλον
3023 3682 3379 3739 διαϐάλλουσιν
3407 3683 3833 3743 Ἐπιστολάς-..μμ

2247 3780 2417 3853 ἀμέλει
2460 3783 2546 3833 καὶ
2585 3779 2713 3854 πρὸς
2741 3778 2959 3831 ἕκαστον
3004 3785 3103 3830 τῶν
3137 3777 3238 3830 ὑπὸ
3262 3783 3362 3830 τῶν
3389 3777 3686 3853 κατηγόρων
3717 3775 3835 3848 εἰρη-

2242 3875 2402 3944 μένων
2437 3872 2674 3925 ὰπαντῶν
2696 3910 2709 3934 ,
2737 3871 2906 3925 πάντα
2933 3872 2997 3924 τὰ
3026 3869 3149 3945 παρ’
3180 3872 3348 3924 αὐτῶν
3377 3870 3730 3946 προφερόμενα
3767 3868 3836 3918 65—

2243 3968 2487 4042 ραπεύει·
2530 3967 2616 4018 καὶ
2664 3964 2921 4021 Σαϐἐλλιον
2970 3966 3059 4035 μὲν
3103 3965 3153 4017 ἐν
3194 3955 3397 4022 ἐκείνοις
3423 3962 3441 4033 (
3465 3963 3584 4045 scil.
3618 3962 3668 4016 in
3702 3959 3836 4029 prius

2243 4057 2484 4130 scriptis)
2516 4041 2813 4133 ἀνατρέπει,
2847 4044 2896 4112 ἓν
2944 4058 3146 4117 τούτοις
3190 4054 3243 4110 δὲ
3292 4054 3547 4111 δείκνυσιν
3586 4053 3833 4127 ὀλόκληρον

2242 4152 2431 4209 ἑαυτοῦ
2481 4156 2569 4211 τήν
2601 4152 2791 4211 εὐσεϐῆ
2843 4154 3038 4206 πίστιν.
3092 4147 3193 4221 (De
3235 4148 3509 4205 Sententia
3534 4143 3788 4216 ,Diouysii
3817 4183 3829 4205 ,

2232 4259 2384 4299 num.
2409 4260 2518 4311 Xtv,
2553 4259 2605 4314 p.
2632 4240 2788 4311 255.)

1942 4399 2435 4459 COMMENTARII.

550 4575 555 4581 -
609 4549 628 4571 ⁴
660 4545 891 4603 Basilius
983 4547 1085 4603 tria
1157 4546 1455 4619 fragmenta
1532 4547 1917 4618 subsequentia
1974 4547 2366 4607 nobisDtiam
2391 4562 2485 4603 seu
2528 4547 2820 4604 essentiam
2877 4558 2932 4603 et
2980 4548 3150 4604 usiam
3206 4548 3492 4619 intelligit,
3543 4559 3711 4619 eaque
3761 4555 3832 4619 rn-

529 4620 864 4690 asservavit,
894 4633 958 4675 ac
1001 4626 1334 4690 postremum
1365 4619 1582 4690 quidem
1633 4619 1808 4688 primo
1847 4619 1968 4673 loco
2010 4635 2133 4688 pro-

535 4689 718 4761 [erens
741 4731 757 4749 .
795 4689 1097 4761 pra-mouet
1143 4692 1256 4761 ipsa
1300 4708 1329 4746 a
1360 4689 1419 4747 se
1447 4692 1692 4747 exhiberi
1724 4691 1905 4753 verba,
1936 4691 2132 4761 quibus

536 4759 815 4830 Dionysius
863 4759 1240 4818 Alexandrinus
1265 4763 1317 4816 in
1375 4764 1597 4818 secunda
1660 4762 1727 4816 ad
1779 4759 2130 4831 coquoininem

535 4831 749 4899 epistola
789 4848 1090 4921 sermonem,
1121 4840 1241 4921 rupi
1279 4835 1504 4911 ἔλεγχον
1530 4840 1609 4918 καὶ
1631 4835 1922 4916 ἀπολογίας,
1959 4835 2126 4921 finiit,

531 4916 630 4958 seu
664 4915 825 4977 _opus
875 4903 1074 4977 dequo
1121 4903 1332 4977 agimus
1376 4903 1612 4964 Ei'lisiilvit
1640 4918 1694 4961 et
1722 4903 1938 4959 cla'usit.
1988 4906 2127 4964 Tum

532 4971 678 5047 quod
711 4987 829 5047 nos
871 4974 1099 5038 primum
1154 4971 1433 5047 ponimus,
1464 4979 1588 5034 huic
1626 4977 1950 5047 sulijiciens,
1994 4978 2128 5036 illud

532 5042 671 5119 citat
710 5045 761 5099 in
816 5042 959 5119 hunc
988 5042 1203 5119 modum
1236 5063 1254 5101 :
1285 5042 1434 5101 Ideni
1460 5062 1505 5102 et
1527 5052 1663 5103 circa
1698 5042 1920 5103 niedium
1946 5052 2128 5119 scripti

534 5116 757 5193 loquitur
782 5115 1027 5193 adversus
1062 5116 1405 5193 Sabellianos.
1451 5119 1604 5175 Unde
1643 5122 1817 5193 palam
1860 5131 1944 5193 est
1989 5115 2126 5193 opus

533 5185 698 5251 illud,
750 5187 893 5261 qugd
941 5186 1272 5261 Athanasius
1320 5191 1371 5243 iu
1418 5185 1656 5261 quatuor
1687 5191 1853 5246 libros
1883 5185 2122 5248 divisum

534 5267 717 5332 notat,
745 5274 775 5313 a
823 5257 1028 5332 Basilio
1060 5260 1111 5314 iu
1139 5271 1368 5331 quatuor
1413 5257 1667 5332 e’piStolas
1695 5264 1912 5319 minime
1955 5262 2123 5321 fuisse

532 5329 879 5403 distinctum;
924 5329 1166 5402 alioquin
1211 5335 1257 5389 is
1301 5329 1493 5387 doctor
1538 5332 1702 5387 totius
1760 5336 1940 5403 aperis
1974 5336 2123 5392 clau-

532 5400 701 5475 sulam
732 5419 792 5457 ea:
820 5400 1169 5475 quarta,'uon
1200 5421 1262 5460 ea;
1302 5405 1527 5459 secunda
1565 5406 1779 5474 epistola
1801 5400 2119 5463 laudasset.

531 5468 666 5548 Ipse
697 5468 1210 5548 etiamrsubjectum
1272 5477 1511 5548 Dionysii
1566 5468 1935 5548 tesdmonium
1981 5479 2121 5534 circa

532 5542 755 5616 medium
791 5547 965 5615 scripti
1016 5548 1203 5603 haberi
1250 5542 1526 5616 indicans,
1583 5559 1752 5603 totum
1812 5547 1941 5601 illud
1987 5563 2121 5616 opus

530 5612 677 5666 velut
724 5612 901 5669 unum
930 5621 1186 5691 scriptum
1210 5662 1225 5686 ,
1259 5635 1491 5674 unamve
1513 5612 1815 5689 epistolam
1840 5662 1853 5681 ,
1903 5634 2009 5691 non
2025 5612 2120 5673 'di-

531 5698 716 5739 vcrsas
769 5699 989 5744 censere
1017 5689 1077 5746 sc
1106 5694 1409 5747 continuat.
1460 5691 1639 5745 Pluris
1683 5692 1905 5744 interest
1931 5689 2119 5745 obser-

531 5754 1009 5831 varediscriuieu,
1039 5777 1145 5831 quo
1173 5764 1411 5831 Dionysii
1442 5763 1552 5818 duo
1595 5761 1737 5818 idem
1774 5763 2119 5823 ἀποστάσεως

532 5826 851 5885 vocabulum
880 5826 1296 5901 usurpant.Nam
1311 5826 1593 5893 Romanus
1611 5833 1709 5892 hac
1723 5847 1857 5892 voce
1876 5834 2119 5891 substan-

2241 4621 2388 4674 tioue
2453 4631 2554 4675 tres
2627 4621 2930 4691 hypastases
3008 4622 3057 4674 in
3119 4621 3229 4675 Deo
3284 4615 3573 4675 admittere
3627 4615 3831 4691 refugit:

2239 4691 2608 4747 Alexandrino
2655 4682 2783 4746 iero
2820 4693 2951 4746 nihil
3004 4692 3145 4745 aliud
3204 4692 3527 4761 Iiypostasis,
3570 4690 3668 4745 nisi
3696 4682 3831 4761 quod

2237 4762 2441 4818 Latinis
2472 4779 2702 4833 personat
2727 4776 2923 4819 nomen
2945 4806 2959 4829 ,
2991 4774 3166 4837 sonat.
3194 4759 3469 4837 Quocirca
3510 4772 3560 4818 et
3586 4772 3697 4837 tres
3747 4759 3832 4837 lig-

2236 4844 2465 4902 postuses
2532 4836 2799 4889 catholice
2857 4835 3131 4903 praedicat.
3194 4834 3319 4888 ldco
3376 4835 3523 4888 enim
3586 4833 3830 4903 Dionysio

2235 4906 2461 4974 aliisque
2500 4907 2588 4975 qui
2632 4902 2929 4960 Sabellium
2970 4906 3397 4977 impugnabant,
3434 4922 3539 4959 non
3587 4902 3830 4977 sutticere

2234 4974 2529 5032 videbatur
2564 4979 2724 5031 trium
2790 4974 3145 5046 personarum
3204 4977 3559 5046 praedicatio,
3612 4974 3731 5043 quia
3781 4978 3830 5022 et

2234 5049 2503 5104 Sabellius
2559 5059 2671 5103 tres
2732 5050 2783 5103 in
2843 5049 2951 5104 Deo
3010 5064 3307 5118 personas,
3363 5049 3552 5118 quales
3604 5058 3745 5118 unus
3780 5049 3829 5094 et

2184 5166 2193 5171 .
2232 5120 2373 5175 idem
2420 5125 2588 5174 homo
2641 5121 2692 5174 in
2753 5120 2963 5175 theatro
3010 5112 3396 5191 rrpresentare
3432 5126 3641 5191 potest,
3697 5112 3827 5191 ul_lt_'0

2230 5193 2608 5264 contitebatur.
2637 5192 2972 5261 Quamquam
3001 5182 3229 5264 Basilius
3250 5182 3603 5264 Ciesarieusis
3628 5203 3711 5264 ep.
3739 5182 3823 5264 41,

2230 5264 2301 5339 ad
2340 5262 2626 5339 Maximum
2664 5256 3069 5339 philosophum,
3114 5262 3428 5339 Dionysium
3464 5256 3822 5339 aliquando'iu

2231 5333 2342 5410 Deo
2387 5349 2494 5410 non
2525 5330 2699 5410 solum
2728 5335 3001 5410 ξτερότητα
3029 5330 3518 5410 ἀποστάσεωςηεριι
3561 5342 3615 5385 et
3657 5330 3826 5410 οιξσίας

2229 5403 2470 5480 διαφορὰν
2496 5403 2864 5480 Constituisse,
2886 5409 3031 5480 item
3067 5405 3312 5477 ὁμούσιον
3341 5405 3513 5480 primo
3540 5403 3819 5480 resplliSS?.

2229 5464 2666 5553 acptislmotluiu
2698 5477 2762 5553 iii
2775 5464 3019 5553 apologia
3052 5464 3118 5530 ad
3146 5464 3522 5553 cognominem
3552 5464 3713 5553 missa
3735 5464 3826 5553 ad;

2232 5543 2448 5624 ntisi~§e
2475 5548 2684 5624 scribit.
2724 5543 2837 5614 Quo
2869 5543 3063 5624 factum
3087 5557 3193 5610 est,
3217 5543 3444 5624 :inuuit,
3487 5554 3542 5597 ut
3568 5543 3825 5624 ttafjus

2227 5619 2570 5689 deprehensus
2585 5630 2629 5673 et
2648 5613 2942 5674 inconstans
2958 5620 3011 5672 in
3028 5616 3487 5686 conscriptionibus
3498 5615 3603 5668 suis
3613 5613 3823 5689 ..νυ-πψτη

2225 5679 2381 5746 aliter
2408 5704 2531 5745 eum
2552 5731 2566 5756 ,
2600 5692 2643 5743 si
2673 5689 2951 5745 Athanasii
2985 5679 3275 5760 epistolam
3299 5689 3366 5744 de
3402 5684 3665 5760 sententia
3707 5679 3820 5760 Dio-

2224 5763 2365 5833 nysii
2399 5771 2531 5818 tunc
2557 5762 2815 5833 legisset,
2844 5757 3154 5820 locuturum
3180 5760 3348 5821 fuisse
3373 5757 3647 5886 832123;:
3652 5757 3810 5877 [ἔωθε-

3449 5844 3481 5885 o
3690 5865 3703 5880 .
