4018 6308
176 380 287 444 199

745 526 1079 585 EPISTULA
1122 527 1214 584 ιν.

254 660 337 719 Ab
366 660 603 718 Eusebio
631 663 723 719 lib.
752 680 827 720 vn
855 664 989 720 Hist.
1014 708 1027 731 ,
1052 683 1171 739 cap.
1205 668 1238 724 9
1260 680 1594 727 memoratur
1625 671 1781 743 Epis-

179 755 292 811 tola
317 755 559 827 Dionysii
583 756 937 814 Alexandrini
966 759 1032 814 ad
1056 761 1368 834 Dionysium
1394 764 1694 819 Romanum
1719 764 1788 822 de

184 847 431 905 Luciano
456 867 469 904 :
500 865 602 907 nec
629 850 699 907 de
727 851 955 922 epistola
990 856 1093 910 ista
1121 856 1411 927 quidquam
1443 858 1663 914 aliunde
1686 874 1785 913 no-

179 945 381 1000 vimus.
408 943 577 1000 Porro
599 944 873 1001 Lucianus
903 947 1015 1014 ille,
1044 948 1113 1003 de
1160 965 1295 1019 quo,
1323 965 1417 1005 seu
1442 952 1595 1022 cujus
1616 951 1787 1022 gratia

179 1039 384 1107 scripta
439 1045 595 1102 erat,
653 1036 892 1092 creditur
942 1038 1199 1109 Cypriani
1256 1056 1576 1107 successor,
1632 1043 1786 1112 cujus

178 1129 411 1201 Optatus
479 1130 574 1187 lib.
625 1148 643 1185 ι
697 1133 945 1187 meminit
991 1133 1076 1189 his
1122 1134 1339 1189 verbis:
1378 1154 1396 1188 ι
1433 1135 1567 1190 Erat
1616 1136 1787 1193 altare

172 1222 302 1278 loco
343 1238 475 1289 suo,
524 1222 579 1278 in
619 1239 728 1295 quo
774 1224 984 1296 pacifici
1034 1227 1275 1297 episcopi
1328 1237 1476 1284 retro
1525 1230 1786 1299 temporis

174 1315 535 1385 obtulerunt,
604 1318 905 1390 Cyprianus
927 1360 942 1385 ,
967 1316 1240 1378 Lucianus
1262 1332 1316 1378 et
1336 1323 1536 1379 caeteri.
1571 1343 1589 1375 ι
1636 1324 1785 1380 Ideo-

173 1421 289 1478 que
319 1410 579 1479 scriptam
603 1424 709 1465 n0n
738 1411 1015 1467 immerito
1045 1414 1319 1469 existimat
1339 1417 1420 1469 vir
1442 1414 1703 1480 eruditus,
1729 1423 1786 1470 ut

173 1500 325 1559 inter
358 1503 617 1573 Stephani
669 1504 1032 1577 Cyprianique
1060 1522 1408 1564 successores
1453 1525 1554 1579 pax
1584 1509 1783 1563 illibata

174 1608 511 1654 servaretur.
559 1597 1025 1666 Quemadmodum
1075 1600 1218 1655 enim
1264 1609 1420 1656 antea
1467 1601 1626 1655 simul
1665 1616 1784 1656 sus-

171 1689 367 1745 citavit
416 1691 558 1748 Deus
598 1701 655 1748 et
694 1691 1003 1761 Victorem,
1044 1702 1106 1748 ut
1160 1694 1305 1750 circa
1361 1695 1505 1751 diem
1561 1694 1784 1752 Pascha:

169 1785 536 1857 apostolicam
592 1794 835 1842 tueretur
876 1787 1261 1853 traditionem,
1303 1797 1359 1843 et
1388 1787 1651 1845 Irenzeum
1678 1832 1694 1857 ,
1725 1798 1785 1845 ut

169 1893 367 1951 pacem
399 1879 541 1935 inter
587 1879 917 1936 dissidentes
962 1881 1221 1936 ecclesias
1264 1893 1654 1951 componeret;
1704 1882 1779 1936 ita

648 382 1015 447 CONCILIUM
1046 382 1393 445 ROMANUM
1436 381 1502 443 IN
1542 382 1770 443 CAUSA
1812 381 2103 445 DIONYSII
2143 383 2619 446 ALEXANDRINI
2658 383 2995 448 HABITUM.

3379 392 3487 451 150

1889 502 2303 559 Cmsaricnsium
2337 504 2705 576 captivitatem
2744 507 3037 577 contigisse
3063 505 3372 578 conjectura
3402 519 3488 566 est

1810 607 1861 668 Α
1890 606 2009 667 post
2060 612 2256 652 annum
2302 596 2442 666 ‘260,
2488 613 2593 668 quo
2639 598 2951 655 Valerianus
2995 614 3023 653 a
3065 600 3243 656 Persis
3280 600 3487 658 deletus

1889 702 2186 762 captusque
2214 702 2314 747 est.
2368 691 2577 748 Exinde
2620 692 2765 747 enim
2815 693 3166 749 barbarorum
3214 694 3485 751 incursio-

1890 786 2049 842 nibus
2100 786 2289 841 vicina:
2328 785 2694 842 Romanorum
2745 787 3038 857 provincia:
3077 797 3259 857 patere
3306 804 3487 860 ccepe-

1888 886 2033 932 runt.
2089 876 2417 932 Nominatim
2458 884 2588 933 Vero
2644 876 2909 949 Scythas,
2950 878 3056 934 hoc
3100 888 3185 933 est
3220 878 3483 948 Gotthos,

1888 970 2030 1026 circa
2087 985 2287 1025 annum
2344 970 2487 1037 264,
2534 970 2588 1024 in
2618 969 2973 1041 Cappadociae
2998 971 3245 1028 civitates
3290 988 3482 1028 excur-

1889 1063 2058 1127 risse,
2118 1062 2348 1133 indeque
2400 1063 2584 1133 plures
2647 1064 2888 1135 captivos
2957 1079 3142 1122 secum
3195 1064 3486 1123 abduxisse

1889 1153 2281 1226 Pliilostorgius
2327 1154 2423 1209 lib.
2456 1170 2493 1209 ll
2519 1196 2534 1224 ,
2582 1169 2705 1226 cap.
2737 1156 2809 1222 5,
2867 1155 3049 1213 tradit.

2644 1249 2732 1305 Vl.

1958 1343 2115 1415 Apud
2145 1344 2434 1401 Eusebium
2466 1345 2560 1400 lib.
2590 1360 2695 1414 vn,
2740 1360 2859 1416 cap.
2907 1347 3005 1414 50,
3051 1348 3262 1403 concilii
3294 1348 3483 1405 Antio-

1887 1438 2042 1493 chcni
2074 1438 2271 1507 legitur
2319 1438 2547 1509 epistola
2586 1456 2604 1488 ι
2644 1438 2905 1510 Dionysio
2935 1438 3214 1512 (romano)
3246 1438 3484 1494 Maximo

1887 1528 2007 1600 (qui
2049 1531 2304 1602 Dionysio
2344 1529 2710 1586 Alexandrino
2750 1532 3122 1601 successerat)
3149 1541 3204 1587 et
3231 1531 3483 1587 omnibus

1886 1622 2209 1693 ubicumque
2255 1623 2306 1677 in
2372 1623 2506 1679 orbe
2569 1633 2836 1678 terrarum
2899 1624 3123 1695 collegis
3166 1625 3481 1695 episcopis,

1885 1716 2258 1787 presbyteris,
2311 1715 2590 1785 diaconis,
2651 1728 2707 1771 et
2768 1716 3036 1773 universae
3078 1717 3339 1774 Ecclesia:
3388 1733 3481 1773 ca-

1887 1805 2103 1862 tholicze
2152 1826 2170 1859 ι
2228 1808 2520 1879 inscripta,
2580 1824 2683 1880 qua
2726 1809 2927 1865 Paulus
2971 1809 3373 1866 Samosatensis
3414 1811 3483 1867 ab

1885 1900 2201 1971 episc0patu
2227 1900 2484 1971 depulsus
2504 1943 2519 1969 ,
2546 1910 2602 1955 et
2648 1902 2700 1956 in
2731 1903 2851 1971 ejus
2895 1902 3071 1958 locum
3108 1902 3349 1958 Domnus
3369 1901 3483 1957 suf-

168 1981 228 2028 et
267 1988 379 2028 non
439 1972 559 2029 sine
601 1973 694 2028 Dei
758 1983 888 2029 nutu
936 1972 1130 2029 eodem
1174 1982 1414 2044 tempore
1472 1973 1772 2044 Stephanus

1886 1991 2055 2048 fectus
2078 1994 2437 2048 renuntiatur.
2477 1993 2623 2049 Pene
2649 1994 2866 2064 quidem
2910 2003 3019 2049 tota
3052 1993 3383 2050 describitur
3410 1992 3481 2049 ab

166 2079 413 2121 romana;
464 2064 721 2121 Ecclesia;
766 2075 819 2122 et
878 2065 1167 2137 Dionysius
1219 2066 1586 2123 alexandrina:
1636 2083 1776 2138 prte-

165 2157 429 2225 fuerunt;
478 2158 573 2213 sed
618 2166 676 2213 ut
704 2158 795 2213 ille
825 2158 1022 2214 divinas
1066 2160 1209 2215 circa
1239 2159 1565 2231 baptismum
1612 2161 1779 2218 tradi-

168 2252 340 2308 tionis
369 2249 601 2320 vindex,
630 2251 719 2309 hic
750 2256 898 2324 pacis
931 2254 1315 2311 ecclesiasticae
1357 2267 1641 2327 sequester
1685 2272 1777 2314 es-

163 2354 278 2403 set.
332 2346 464 2415 Quze
511 2355 691 2402 autem
738 2347 806 2403 de
856 2347 956 2403 hac
1005 2350 1233 2419 epistola
1276 2350 1671 2421 conjiciuntur,
1720 2362 1780 2409 ut

166 2438 243 2493 ad
304 2439 457 2495 initia
507 2440 851 2512 pontificatus
896 2442 1137 2515 Dionysii
1183 2443 1415 2501 Romani
1470 2447 1773 2518 referatur,

159 2536 473 2607 postulant.

937 2635 1002 2690 Υ.

242 2725 486 2797 Dionysii
513 2726 742 2783 Romani
772 2728 1011 2799 episcopi
1042 2728 1111 2784 ad
1138 2730 1526 2789 Czcsariensem
1565 2732 1615 2788 in
1641 2733 1776 2804 Cap-

162 2819 396 2889 padocia
420 2821 721 2877 Ecclesiam
750 2822 1094 2878 desideratur
1120 2825 1348 2894 epistola
1374 2868 1387 2893 ,
1432 2843 1591 2898 quam
1622 2827 1773 2882 Basi-

160 2914 268 2971 lius
296 2915 542 2986 ejusdem
574 2917 807 2972 civitatis
828 2919 1116 2988 episcopus
1146 2918 1409 2976 Caesareae
1436 2930 1769 2977 asservatam

163 3019 330 3081 atque
358 3011 473 3080 ipsa
519 3011 783 3081 majorum
835 3012 1094 3067 memoria
1131 3012 1403 3069 celebrem
1435 3028 1559 3071 esse
1603 3023 1768 3070 testa-

167 3111 259 3160 tur
288 3102 479 3169 (Bast'l.
506 3146 520 3172 ,
551 3121 634 3176 ep.
667 3104 810 3171 220,
854 3114 898 3159 et
929 3104 1145 3163 Damae.
1166 3148 1181 3174 ,
1223 3123 1303 3177 ep.
1331 3106 1368 3162 2
1391 3150 1406 3174 ,
1440 3124 1493 3163 η.
1529 3108 1610 3177 '5).
1641 3109 1768 3165 Dio-

164 3198 354 3267 nysius
399 3211 522 3252 cum
576 3196 679 3253 hac
727 3197 979 3267 epistola,
1037 3215 1139 3269 qua
1180 3198 1544 3256 Cresarienses
1568 3214 1765 3257 conso-

163 3288 377 3343 labatur
405 3288 674 3355 afflictos,
710 3290 916 3360 legatos
942 3290 1192 3347 mittebat
1226 3293 1318 3363 qui
1350 3293 1543 3348 fratres
1571 3308 1767 3350 eorum

1884 2084 2153 2151 Eusebio;
2201 2085 2295 2141 sed
2335 2100 2459 2140 cum
2507 2094 2708 2157 prteter
2750 2086 3160 2158 inscriptionem
3203 2086 3338 2143 nihil
3379 2086 3480 2142 ha~

1882 2178 2008 2236 heat
2043 2180 2279 2249 speciale
2300 2221 2314 2247 ,
2348 2179 2493 2251 quod
2522 2190 2615 2236 aut
2651 2180 2718 2236 ad
2749 2181 3064 2253 Dionysium
3087 2223 3102 2249 ,
3134 2189 3228 2237 aut
3267 2181 3334 2237 ad
3360 2181 3479 2253 ejus

1883 2271 2068 2328 sedem
2117 2272 2374 2337 attineat,
2409 2287 2529 2328 eam
2568 2271 2806 2328 indicare
2839 2273 2971 2328 satis
3007 2271 3288 2328 habemus.
3332 2269 3479 2328 Cott-

1881 2364 2065 2419 cilium
2110 2372 2294 2419 autem
2318 2364 2713 2421 Antiochenum
2736 2407 2752 2433 ,
2802 2363 2947 2420 unde
2976 2366 3174 2435 scripta
3216 2374 3337 2433 est,
3370 2365 3481 2421 Eu-

1883 2457 2098 2524 sebius,
2131 2457 2227 2513 lib.
2280 2474 2350 2525 ιι,
2409 2473 2460 2514 c.
2515 2457 2619 2524 ‘39,
2672 2456 3003 2514 celebratum
3054 2456 3230 2512 dicit:
3273 2467 3482 2528 tempo-

1883 2549 2032 2605 ribus
2054 2550 2332 2605 Aureliani
2357 2550 2702 2621 imperatoris
2730 2569 2751 2602 ι
2785 2570 2797 2604 :
2821 2552 2910 2622 qui
2938 2550 3156 2622 quidem
3183 2566 3327 2606 anno
3348 2550 3477 2619 270,

1881 2644 2025 2699 circa
2075 2659 2317 2701 mensem
2363 2645 2586 2718 aprilem
2640 2644 2867 2701 Claudio
2912 2643 2956 2699 ll
3002 2646 3282 2703 successit.
3328 2644 3481 2702 Unde

1876 2752 1986 2810 non
2037 2738 2198 2808 longe
2249 2745 2376 2793 ante
2445 2737 2688 2809 Dionysii
2761 2737 2931 2792 nostri
2982 2737 3220 2805 obitum,
3263 2744 3357 2792 aut
3410 2750 3478 2792 eo

1879 2832 2043 2888 etiam
2099 2840 2344 2900 mortuo,
2390 2832 2487 2889 sed
2536 2847 2658 2889 cum
2705 2832 2897 2887 mortis
2938 2831 3056 2901 ejus
3085 2831 3327 2886 nuntium
3368 2830 3479 2885 Au-

1882 2922 2133 2978 tiochiam
2187 2922 2425 2979 nondum
2469 2924 2837 2995 pervenisset,
2869 2922 3178 2994 conscripta
3215 2920 3476 2979 creditur.

2620 3016 2733 3073 VII.

1952 3110 2208 3184 Dionysio
2243 3125 2396 3182 papa:
2434 3110 2672 3167 Isidorus
2718 3109 2985 3167 Mercator
3028 3110 3165 3167 duas
3193 3110 3475 3181 supposuit

1877 3204 2162 3275 epistolas,
2210 3220 2370 3260 unam
2408 3204 2477 3259 ad
2520 3203 2795 3261 Urbanum
2840 3202 3160 3276 praafectum
3186 3245 3201 3270 ,
3243 3203 3474 3261 alteram

1875 3297 1942 3353 ad
1970 3300 2229 3354 Severum
2257 3299 2568 3370 episcopum
2588 3341 2603 3368 ,
2635 3314 2735 3356 suo
2776 3299 2898 3355 loco
2921 3313 3043 3355 cum
3076 3298 3302 3370 reliquis
3329 3298 3473 3369 ejus-

160 3394 193 3436 a
243 3380 560 3451 captivitate
617 3380 929 3453 redemptos
994 3383 1311 3441 liberarent.
1371 3385 1523 3442 Hanc
1583 3396 1838 3469 autemc
1873 3392 1996 3448 dem
2038 3391 2248 3463 Opiﬁcis
2293 3391 2552 3449 edendas.

250 3848 257 3857 -
686 3734 1817 3889 CONCILIUM
1902 3742 2937 3897 ROMANUM
3401 3628 3416 3630 ﬂ

644 4037 709 4095 IN
746 4037 971 4097 CAUSA
1006 4037 1295 4098 DIONYSII
1335 4039 1830 4113 ALEXANDRINI,
1876 4044 2554 4109 DESABELLIANISMO
2593 4048 2951 4112 ACCUSATI.

1032 4241 1265 4284 HABITUI
1293 4240 1430 4285 anno
1452 4240 1643 4285 ccum
1662 4269 1675 4294 ,
1705 4239 1950 4287 Teneone
1992 4245 2219 4289 DlONYSll
2256 4244 2402 4291 eam
2428 4236 2526 4308 (1).

1518 4389 2157 4443 ψῶιθεέἇεβεῷδθᾶ-ο-

166 4538 176 4545 ’
222 4534 512 4594 Concilium
544 4544 831 4589 romanum.
858 4529 972 4587 lloc
998 4528 1285 4586 concilium
1318 4538 1539 4586 auctore
1568 4528 1765 4602 Diony-
1790 4530 1845 4591 D
1872 4544 1999 4587 num
2026 4530 2091 4588 ad
2113 4532 2400 4589 concilium
2423 4532 2553 4589 citat
2581 4541 2634 4590 et
2654 4531 2779 4605 quid
2819 4533 2888 4590 de
2919 4542 3105 4591 natura
3135 4551 3199 4594 ac
3230 4537 3466 4596 ineti'abil

147 4634 231 4689 sio
258 4646 398 4703 papa
446 4629 777 4685 celebratum
824 4634 906 4681 est
952 4624 1157 4691 Romae,
1209 4640 1349 4679 anno
1395 4626 1604 4680 Domini
1655 4625 1765 4683 265

148 4725 295 4781 hanc
319 4725 392 4780 ob
445 4737 661 4779 causam
697 4740 709 4776 :
741 4734 863 4776 cum
908 4717 1238 4785 Sabelliana,
1277 4719 1516 4787 haeresis,
1545 4729 1764 4775 auctore

145 4823 391 4881 Sabellio
421 4821 614 4877 oborta
643 4835 707 4875 ac
747 4826 1032 4889 propagata
1057 4858 1072 4883 ,
1104 4816 1506 4886 gloriosissima:
1547 4826 1600 4871 et
1630 4816 1762 4871 ado-

147 4914 338 4969 randa:
382 4912 631 4968 Trinitati
679 4924 1037 4983 personarum
1078 4907 1475 4962 distinctionem
1505 4908 1759 4975 auferret,

149 5005 444 5077 Dionysius
465 5003 860 5061 Alexandrinus
882 5003 962 5057 sui
990 5000 1150 5056 officii
1170 5015 1288 5055 esse
1311 5010 1456 5054 ratus
1488 5000 1760 5057 hominem

144 5098 419 5169 Libycum
450 5096 552 5153 sibi
585 5096 855 5151 subditum
884 5093 1157 5159 refellere,
1191 5092 1241 5147 in
1272 5107 1392 5148 eum
1438 5093 1761 5149 lucubratio-

146 5209 252 5250 nes
284 5191 544 5263 quasdam
597 5190 853 5260 scripsit,
888 5189 1079 5260 quibus
1109 5186 1545 5257 sinistrojudicio
1569 5185 1763 5241 Penta-

148 5288 553 5359 politanorum,
605 5303 711 5342 non
740 5300 1102 5357 personarum
1156 5293 1396 5348 tantum,
1449 5283 1542 5338 sed
1598 5286 1758 5339 etiam

147 5389 361 5436 natura:
387 5378 582 5435 divinrc
610 5379 1007 5434 distinctionem
1028 5392 1091 5432 ac
1110 5376 1475 5433 diversitatem
1493 5386 1753 5433 tueretur.

148 5472 548 5543 Pentapolitani
580 5472 738 5542 igitur
776 5470 1025 5525 eumdem
1068 5469 1380 5541 Dionysium
1437 5468 1757 5524 Alexandri-

148 5582 303 5630 num,
344 5566 496 5635 quasi
547 5564 613 5619 de
664 5564 766 5619 fide
792 5572 847 5619 et
896 5563 1281 5637 Trinitatenun
1316 5572 1461 5617 recte
1511 5568 1752 5629 sentiret,

149 5661 294 5732 apud
341 5660 654 5730 Dionysium
705 5657 1009 5729 pontificem
1052 5666 1324 5713 accusant.
1369 5656 1613 5713 Pontifex
1657 5657 1757 5712 hoc

151 5754 533 5826 episcoporum
562 5760 831 5807 conventu
858 5750 1080 5818 indicto,
1102 5749 1411 5821 Dionysium
1438 5747 1756 5808 Alexandri-

150 5882 160 5939 ξ
226 5868 307 5943 (1)
339 5866 547 5925 Dubius
580 5872 664 5923 est
687 5878 879 5921 annus.

1869 4623 2276 4695 gloriosissima:
2325 4626 2605 4681 Trinitatis
2660 4627 2957 4683 substantia
3015 4635 3248 4694 sentiat,
3304 4647 3464 4688 unam

1869 4720 2205 4785 eamdemve,
2232 4735 2300 4775 an
2325 4735 2453 4775 vero
2483 4719 2752 4775 diversam
2786 4721 2843 4775 in
2873 4721 3044 4777 tribus
3066 4723 3311 4792 personis
3337 4723 3467 4780 sub-

1868 4814 2145 4870 sistentem
2172 4813 2407 4868 divinam
2437 4820 2681 4867 naturam
2713 4828 2836 4869 esse
2860 4814 3067 4880 credat,
3110 4820 3312 4886 scripto
3343 4832 3466 4888 pro-

1868 4906 2008 4962 fiteri
2055 4905 2290 4961 mandat.
2344 4904 2643 4975 Episcopus
2693 4904 3091 4961 Alexandrinus
3134 4909 3466 4966 calumniosc

1866 5006 2146 5055 accusatus
2167 5039 2182 5064 ,
2212 4996 2480 5067 pontificis
2503 4995 2725 5053 decreto
2751 5007 2925 5069 paret,
2954 4999 3235 5069 epistolam
3268 5000 3464 5055 mentis

1865 5107 1977 5148 sua:
2028 5091 2284 5157 indicem,
2318 5098 2373 5145 et
2402 5090 2645 5146 criminis
2689 5090 2884 5161 objecti
2906 5093 3313 5163 .purgatricem,
3341 5106 3463 5162 qua:

1865 5193 2012 5240 extat
2030 5184 2169 5254 apud
2190 5183 2476 5239 Baronium
2496 5184 2598 5240 hoc
2624 5199 2788 5252 anno,
2814 5199 2965 5239 num.
2990 5185 3081 5251 54,
3100 5200 3220 5240 cum
3236 5195 3463 5255 quatuor

1864 5277 2212 5350 apologeticis
2241 5276 2391 5332 libris
2414 5294 2512 5349 pro
2533 5277 2615 5335 sui
2646 5277 2963 5334 defensione
2988 5278 3307 5347 conscriptis
3332 5293 3462 5347 pro-

1867 5370 2074 5440 pediem
2106 5369 2417 5435 ali‘erendis,
2450 5372 2633 5426 mittit.
2673 5368 2879 5438 Quibus
2907 5370 3132 5435 habitis,
3166 5384 3288 5424 cum
3319 5368 3461 5426 Pen-

1865 5464 2279 5535 tapolitanorum
2318 5466 2707 5531 accusantium,
2736 5473 2790 5521 et
2821 5461 3058 5534 Dionysii
3085 5476 3206 5518 sese
3229 5476 3465 5533 purgan-

1866 5559 1933 5613 tis
1986 5574 2146 5614 causa
2192 5558 2281 5612 diu
2326 5560 2662 5630 multumque
2712 5558 2952 5613 discussa
2994 5555 3205 5623 fuisset,
3256 5556 3460 5627 praevio

1864 5659 2077 5707 maturo
2103 5650 2332 5705 consilio
2351 5692 2367 5717 ,
2399 5651 2687 5718 Dionysius
2712 5646 3107 5705 Alexandrinus
3134 5648 3420 5718 episcOpus
3439 5689 3456 5716 ,

1863 5747 2104 5801 omnium
2149 5745 2546 5817 episcOporum,
2604 5743 2693 5814 qui
2748 5741 2873 5797 huic
2918 5740 3149 5797 concilio
3200 5740 3461 5797 interfue-

1863 5849 2011 5909 runt,
2045 5840 2312 5896 sententia
2338 5852 2403 5894 ac
2437 5834 2645 5908 judicio
2672 5834 2740 5893 ab
2771 5841 3153 5895 accusatorum
3181 5832 3455 5898 calumnia
