4018 6280
540 301 634 359 151

1176 290 1549 359 CONCILIUM
1587 296 1934 363 ROMANUM
1972 300 2042 364 lN
2080 305 2308 370 CAUSA
2352 308 2647 373 DIONYSII
2683 315 3185 382 ALEXANDRINI.

3751 332 3846 389 133

537 425 676 475 teste
700 415 1010 483 Athanasio,
1053 413 1107 472 in
1148 416 1244 473 illo
1272 420 1663 476 commentario
1692 436 1850 493 quem
1896 423 1963 481 de
2010 441 2135 483 sen-
2162 430 2213 490 Α
2239 429 2384 486 intus
2414 443 2495 489 est
2537 434 2697 506 (Vide
2748 437 2975 510 Baron.,
3021 457 3167 500 anno
3195 442 3336 516 265,
3367 460 3520 508 num.
3550 446 3624 507 30
3646 488 3661 517 ,
3689 463 3847 522 usque

537 510 704 566 tentia
734 508 971 581 Dionysii
1003 506 1260 566 adversus
1302 509 1531 567 Arianos
1559 514 1914 585 conscripsit,
1956 516 2116 575 abso-

2217 525 2285 580 ad
2317 524 2435 596 50).
2467 521 2487 525 ”

1203 681 2101 777 ALEXANDRINZE

2261 700 2617 790 YNODI
2672 708 3196 798 DIONYSII

1777 872 1872 931 EX
1911 874 2206 936 LIBELLO
2245 881 2601 946 SYNODICO.

614 1011 862 1086 Synodus
886 1009 1067 1066 divina
1096 1016 1153 1066 et
1176 1017 1361 1066 sancta
1386 1010 1729 1083 particularis
1754 1054 1771 1081 ,
1800 1013 2146 1071 Alexandriae

544 1108 771 1162 collecta
803 1120 833 1160 a
882 1104 1196 1161 confessorc
1248 1104 1524 1176 Dionysio,
1581 1105 1822 1176 ejusdem
1878 1109 2149 1179 archiepi-

545 1216 740 1270 scopo:
766 1215 886 1271 quae
908 1198 1203 1256 Sabellium
1225 1196 1523 1253 divinitatis
1554 1199 1831 1255 inimicum
1857 1201 2147 1260 abdicavit.

614 1294 867 1369 Synodus
915 1293 1095 1349 divina
1150 1302 1204 1348 et
1251 1300 1433 1348 sancta
1490 1293 1831 1364 provincialis
1860 1335 1875 1360 ,
1923 1296 2149 1353 collecta

545 1389 892 1445 Alexandriae
934 1387 1003 1443 ab
1028 1387 1219 1443 eodem
1251 1388 1510 1460 Dionysio
1537 1403 1552 1443 :
1586 1404 1706 1459 quae
1757 1389 2063 1459 damnavit,
2095 1399 2152 1448 et

548 1491 669 1554 post
698 1492 929 1539 mortem
959 1480 1228 1537 abdicavit
1259 1481 1613 1553 Nepotianum
1636 1484 1950 1556 episcopum
1977 1485 2152 1560 IEgy«

548 1574 624 1645 pti
651 1583 706 1630 et
733 1573 1049 1631 Corinthum
1085 1590 1098 1627 :
1130 1583 1402 1645 tamquam
1433 1586 1827 1642 asseverantes,
1861 1593 2036 1647 eoque
2064 1594 2153 1635 er-

548 1669 659 1723 rori
692 1669 954 1739 plurimos
994 1668 1130 1723 alios
1158 1667 1530 1738 involventes,
1563 1670 1616 1724 in
1649 1678 1863 1726 terrena
1898 1670 2148 1726 Hierusa-
2181 1657 2227 1718 Β

548 1761 653 1817 lem
703 1760 904 1818 Christi
936 1775 1057 1818 esse
1104 1776 1327 1833 regnum
1354 1802 1372 1829 ,
1411 1772 1466 1819 et
1495 1762 1855 1819 millenarium
1884 1780 2151 1821 annorum

547 1857 807 1913 docentes
836 1874 851 1912 :
879 1865 935 1913 et
953 1866 1214 1927 praeterea
1240 1857 1401 1913 boum
1426 1859 1690 1914 sacriﬁcia
1728 1867 1783 1915 et
1805 1860 1985 1915 ovium
2008 1875 2156 1917 mac-

552 1951 782 2007 tationes
805 1957 1076 2021 tamquam
1103 1950 1374 2020 legitimas
1401 1953 1701 2024 exigentes.

2324 1027 2533 1091 Σύνοδος·
2570 1033 2678 1088 θεία
2707 1037 2791 1091 καὶ
2835 1035 2949 1115 ἱερά
2987 1045 3191 1117 utpar},
3232 1040 3284 1099 ἐν
3312 1041 3662 1125 Ἀλεξανδρείᾳ
3708 1069 3848 1106 συνοι-

2251 1119 2534 1195 θροιοθεῐσα
2582 1126 2684 1183 ὐπό
2728 1138 2819 1187 τοῦ
2861 1133 3171 1210 ὁμολογήτου
3220 1144 3507 1208 Διονυσίου,
3535 1151 3632 1200 τοῦ
3673 1146 3853 1208 ταύτης

2253 1212 2531 1293 ἀρκερέως,
2566 1222 2944 1304 ἀποκηρυξασα
2972 1231 3057 1285 τὸν
3083 1232 3351 1290 Σαϐελλὶου
3378 1237 3463 1293 τὸν
3490 1239 3736 1295 ἀντίθεον.

2325 1309 2536 1375 Σύνοδος
2591 1318 2700 1373 θεία
2751 1324 2839 1376 καὶ
2895 1322 3008 1400 ἱερὰ
3054 1334 3275 1395 rentur},
3329 1334 3757 1408 σνναθροίοθεισα
3810 1333 3855 1389 ἐν

2256 1396 2619 1481 Ἀλεξανδρεία,
2652 1410 2753 1465 ὑπὸ
2783 1418 2873 1468 τοῦ
2920 1422 3276 1497 προειρηὶένου
3323 1428 3614 1493 Διονυσίου,
3656 1448 3856 1484 κατασι-

2259 1493 2471 1551 κάσασα
2521 1504 2608 1554 καὶ
2655 1504 3031 1582 ἀποκήρυξασα
3074 1515 3206 1583 μετὰ
3250 1516 3461 1572 θάνατον
3490 1558 3504 1580 ,
3561 1519 3856 1577 Narranti-tor

2258 1587 2537 1645 ἐπίσκοπον
2575 1595 2857 1668 Αἰγύπτου,
2884 1601 2955 1655 τά
2980 1605 3214 1679 Κήρινθον
3240 1622 3255 1637 ’
3288 1612 3354 1669 ὡς
3379 1598 3858 1686 δέαϐεϐαιουμένους

2255 1680 2322 1734 τὰ
2370 1682 2608 1751 πλεῖαδα,
2642 1688 3028 1757 ἐξαπατῶντας.
3072 1697 3122 1750 ἓν
3176 1708 3238 1770 τῇ
3284 1701 3491 1776 ἐπινείῳ
3533 1701 3857 1780 Ἰερουσαλήμ

2255 1777 2348 1825 τοῦ
2376 1781 2602 1849 Χριστοῦ
2644 1774 2769 1835 εἶναι
2804 1789 2894 1843 τὴν
2935 1786 3219 1856 βασιλείαν,
3265 1797 3352 1847 καὶ
3395 1798 3485 1854 τήν
3512 1793 3858 1873 ’χιλιετηρίδα

2254 1860 2655 1937 ὃογματὶξοντας
2681 1889 2694 1903 ⁸
2724 1875 2853 1951 πρὸς
2882 1879 3086 1939 τούτοις
3132 1879 3421 1952 βουθυσίας
3465 1889 3555 1942 καὶ
3605 1888 3855 1961 μηλοσφα-

2254 1962 2372 2033 γὶας
2400 1964 2821 2034 νομοθετοῦντας.
3688 1979 3741 1987 ’κ
3766 1981 3777 1986 ᾗ
3834 1969 3843 1978 ¹

1193 2088 1528 2147 EPISTOLA
1554 2090 1578 2148 Ι
1603 2091 1680 2165 (l)
1723 2090 2013 2151 DIONYSII
2049 2092 2252 2151 ΡᾹΡιΕ
2294 2096 2388 2152 AD
2422 2097 2755 2160 URBANUM
2797 2104 3257 2169 PREFECTUM.

560 2204 814 2262 Hortatur
862 2221 975 2261 eum
1001 2204 1212 2276 diligere
1243 2217 1289 2262 et
1333 2207 1576 2275 scrutari,
1624 2217 1680 2262 ut
1706 2209 2083 2265 rationabiliter
2107 2219 2154 2267 et

2250 2214 2558 2284 justiﬁcabit
2586 2234 2694 2287 cor,
2717 2221 3097 2291 jucunditatem
3121 2238 3274 2296 atque
3310 2232 3559 2301 gaudium
3584 2233 3744 2291 dabit.
3767 2233 3825 2290 Ti

621 2300 873 2373 sapienter
920 2300 1169 2372 disponat
1215 2308 1261 2354 et
1288 2300 1491 2371 judicet
1532 2319 1594 2357 ea
1621 2318 1737 2374 quae
1779 2303 1860 2358 illi
1886 2304 2158 2359 commissa
2261 2308 2415 2361 menti
2462 2307 2629 2365 Deum
2664 2313 2789 2368 bene
2831 2318 2928 2371 erit
2965 2328 3013 2373 et
3050 2320 3104 2375 in
3141 2300 3325 2378 diebus
3348 2329 3800 2384 consummationis
3824 2323 3851 2366 ά

624 2404 764 2449 sttnt.

659 2522 939 2599 Dionysius
979 2528 1249 2601 episcopus
1278 2526 1489 2586 Urbano
1524 2531 1765 2605 praefecto
1810 2533 2048 2590 salutem.

622 2684 900 2742 Summum
930 2686 1132 2743 bonum
1162 2694 1248 2743 est
1275 2702 1459 2745 amare
1508 2698 1752 2746 amantes
1780 2705 1872 2757 se;
1908 2698 1964 2747 et
1990 2704 2156 2747 econ-

2266 2400 2407 2457 illius
2460 2402 2804 2463 benedicelur.
2866 2410 3145 2469 Plenitudo
3201 2418 3468 2488 sapientia!
3526 2431 3635 2489 est,
3703 2423 3855 2480 timere

2263 2492 2448 2562 Deunt,
2478 2506 2527 2549 et
2550 2498 2815 2568 plenitudo
2859 2519 2890 2556 a
2915 2507 3164 2580 fructibus
3187 2508 3350 2565 illius.
3381 2510 3586 2568 Corona
3611 2516 3856 2585 sapientia

2263 2587 2414 2642 timor
2443 2586 2675 2659 Domini,
2698 2594 2900 2661 replens
2922 2615 3099 2668 pacem
3128 2610 3174 2655 et
3194 2603 3375 2658 salutis
3402 2605 3636 2675 fructum
3667 2626 3681 2663 :
3712 2617 3759 2664 et
3792 2607 3853 2663 vi-

2264 2680 2338 2734 dit
2366 2690 2410 2735 et
2435 2683 2774 2740 dinunterauit
2799 2704 2933 2744 eam.
2974 2690 3205 2763 Utraque
3240 2706 3411 2752 autem
3435 2708 3558 2754 sunt
3584 2702 3724 2755 dona
3747 2699 3848 2768 Dei,

552 2790 632 2835 [ra
660 2822 675 2846 ,
708 2779 861 2853 pejus
886 2780 1087 2835 malum
1116 2796 1224 2837 non
1255 2791 1369 2848 est,
1392 2798 1552 2853 quam
1580 2793 1640 2840 υι
1668 2785 1815 2840 cives
1834 2785 2043 2841 civibus
2075 2786 2159 2841 in-
2259 2776 2469 2865 scientia
2491 2787 2538 2831 et
2567 2778 2874 2836 intellectus.
2924 2784 3193 2855 Sapientia
3232 2794 3603 2861 compartietur
3642 2794 3853 2865 ρτιᾱαη-

551 2875 785 2931 videant.
818 2874 1029 2931 Gratias
1058 2875 1323 2947 siquidem
1352 2879 1560 2948 agimus
1584 2865 1688 2934 tute
1712 2878 2155 2949 cltaritati,quod

554 2966 739 3021 lideles
763 2967 936 3022 sancti
964 2967 1108 3022 Petri
1154 2968 1293 3024 bene
1331 2970 1567 3039 suscipis
1608 2979 1664 3025 et
1702 2971 1947 3041 adjuvas.
2004 2970 2155 3028 Unde

2262 2850 2345 2922 tia:
2377 2877 2422 2934 θ,
2457 2878 2502 2924 et
2530 2871 2749 2942 gloriam
2776 2850 3049 2933 tenentium
3095 2897 3150 2936 se
3194 2850 3407 2939 exaltat.
3455 2850 3853 2959 Radix'sapicn-

2261 2960 2343 3015 tite
2367 2969 2461 3028 est,
2508 2963 2685 3019 timere
2710 2964 2876 3022 Deum
2906 2985 2923 3023 :
2953 2974 3085 3026 rami
3129 2976 3264 3029 enim
3314 2976 3459 3032 illius
3507 2980 3747 3052 longasi.
3795 2977 3855 3033 In

1768 3026 1788 3041 ο
1910 3026 1916 3027 γ
2018 3026 2033 3028 ν
2079 3026 2085 3028 ν
2136 3026 2145 3028 ς
2448 3026 2454 3028 τ
3316 3026 3455 3032 --πη-
3508 3026 3746 3052 "ws-m-
3795 3026 3853 3033 -ν-

550 3059 690 3116 scias
721 3066 771 3115 ιθ
799 3076 831 3115 a
879 3060 1035 3116 nobis
1076 3062 1382 3133 nostrisque
1420 3026 1567 3134 dﬂigi
1588 3106 1605 3132 ν
1635 3073 1691 3120 ει
1722 3066 1795 3120 (ui
1828 3075 2154 3139 morumque
2180 3026 2225 3089 (ἶ
2259 3055 2511 3112 thesauris
2552 3060 2837 3131 sapientiae,
2870 3065 3156 3123 intellectus
3190 3078 3239 3124 et
3275 3072 3500 3128 scientiae
3524 3075 3853 3147 religiositas;

551 3168 657 3207 non
688 3152 954 3208 modicam
979 3168 1165 3209 curam
1190 3152 1414 3211 habere.
1437 3155 1779 3227 Quapropter
1803 3165 1948 3213 tuam
1980 3159 2156 3214 horta-

548 3262 668 3301 mur
696 3246 1058 3312 dilectionem,
1095 3256 1153 3302 ut
1182 3246 1381 3303 bonum
1413 3250 1555 3319 quod
1581 3250 1791 3321 coepisti
1810 3250 1913 3324 (2),
1939 3266 2155 3322 semper

549 3338 776 3408 implere
812 3354 920 3393 non
950 3338 1202 3406 differas,
1235 3340 1358 3405 quia
1406 3356 1512 3396 non
1539 3342 1785 3397 laudatur
1815 3344 2028 3399 initium
2057 3343 2153 3401 sed

552 3429 691 3486 ﬁnis.
722 3429 1050 3501 Sapientiam
1075 3431 1237 3485 etiam
1278 3441 1329 3487 te
1358 3431 1640 3489 hortamur
1666 3435 1890 3506 diligere
1921 3445 1975 3492 et
2000 3450 2156 3493 scru-

549 3523 649 3579 tari
680 3532 739 3580 ut
760 3523 1156 3579 rationabiliter
1185 3532 1241 3580 et
1269 3527 1547 3595 sapienter
1572 3527 1828 3598 disponas
1855 3538 1911 3585 et
1947 3530 2154 3601 iudices

548 3626 611 3667 ea
661 3627 782 3681 qum
836 3613 929 3666 tibi
976 3612 1265 3668 commissa
1307 3623 1436 3669 sunt
1481 3615 1697 3673 dicente
1768 3619 1994 3674 Domino
2054 3636 2153 3691 per

549 3701 865 3773 pr0phelam
893 3721 905 3758 :
938 3701 1251 3771 Erudimini,
1286 3707 1375 3777 qui
1396 3708 1644 3777 iudicatis
1662 3710 2041 3784 terram(Psal.
2068 3715 2149 3787 tt).

548 3793 695 3850 Time
728 3812 845 3866 ergo
874 3794 1060 3862 Deum,
1085 3807 1132 3851 et
1158 3798 1401 3853 mandata
1443 3802 1554 3869 ejus
1578 3818 1725 3857 serva
1750 3804 2001 3874 (Eccles.,
2026 3806 2148 3878 sti).

548 3886 616 3942 Et
645 3886 801 3959 dilige
827 3904 941 3943 eum
968 3890 1085 3945 totis
1118 3891 1391 3947 visceribus
1409 3934 1422 3958 ,
1451 3905 1498 3948 et
1527 3897 1817 3963 proximum
1850 3909 1994 3953 tuum
2022 3901 2155 3955 sicut

550 3982 769 4052 teipsum
809 3981 1026 4053 (Mam,
1076 3986 1193 4057 ιιι).
1232 3984 1377 4042 Deus
1422 3988 1703 4047 altissimus
1732 3996 1920 4050 creavit
1949 3997 2153 4068 sapien-

550 4074 673 4127 tiam
714 4075 767 4128 in
812 4074 1015 4145 Spiritu
1040 4087 1218 4132 sancto
1266 4077 1517 4149 (Eccles.,
1544 4081 1609 4154 1),
1642 4095 1689 4139 et
1718 4088 1842 4141 vidit
1867 4128 1882 4154 ,
1932 4099 1977 4143 et
2008 4090 2156 4144 dinu-

549 4167 780 4231 meravit,
812 4175 858 4221 et
896 4184 1102 4224 mensus
1140 4180 1233 4225 est.
1272 4170 1333 4224 Et
1380 4171 1564 4240 e/fudit
1596 4176 1741 4231 illaut
1790 4196 1947 4250 super
1981 4184 2155 4239 omnia

549 4274 705 4329 opera
754 4276 882 4327 sua,
935 4270 983 4314 et
1036 4277 1189 4329 super
1220 4278 1420 4317 onmem
1450 4280 1680 4332 carnem,
1727 4277 1753 4305 ³
1785 4270 1962 4326 datum
2004 4290 2154 4329 suunt

549 4350 763 4420 prwbuit
842 4353 988 4407 illam
1065 4354 1394 4426 diligentibus
1466 4374 1520 4413 se
1578 4361 1730 4416 timor
1784 4362 1994 4420 Domini
2041 4368 2155 4439 glo-

2258 3148 2508 3203 execratio
2528 3159 2695 3205 autem
2727 3156 3107 3225 peccatoribus,
3135 3161 3409 3229 sapientia.
3443 3161 3629 3221 Timor
3663 3164 3853 3220 Domini

2258 3242 2455 3310 repellit
2477 3254 2737 3313 peccatum
2768 3264 2787 3303 :
2810 3266 2932 3304 nam
2968 3253 3057 3323 qui
3093 3254 3204 3311 sine
3229 3257 3411 3313 timore
3433 3268 3524 3324 est,
3550 3276 3658 3317 non
3687 3259 3852 3332 poterit

2249 3330 2549 3405 justiﬁcari.
2580 3339 2863 3399 Iracundia
2885 3347 3020 3401 enim
3054 3351 3391 3409 anintositatis
3417 3355 3577 3423 illius,
3614 3330 3853 3412 subrersio

2257 3427 2397 3482 illius
2422 3440 2514 3485 est.
2551 3432 2721 3505 Usque
2763 3437 2817 3491 in
2862 3448 3059 3512 tempus
3081 3446 3344 3501 sustinebit
3371 3450 3588 3518 patiens,
3619 3460 3667 3506 et
3696 3458 3849 3521 postea

2257 3522 2475 3579 redditio
2512 3528 2875 3599 iucunditatis.
2910 3533 3107 3590 ’Bonus
3149 3554 3326 3594 sensus
3352 3556 3511 3614 usque
3552 3542 3630 3596 ad
3674 3552 3851 3613 tempus

2258 3618 2526 3676 abscondet
2570 3624 2722 3679 verba
2751 3626 2923 3697 illius,
2977 3641 3025 3683 et
3071 3630 3206 3686 labia
3251 3635 3527 3689 multarunt
3557 3635 3849 3690 enarrabunt

2254 3724 2459 3764 sensum
2486 3712 2647 3768 illius.
2680 3714 2748 3771 In
2776 3717 3029 3775 thesauris
3056 3724 3343 3794 sapientia,
3374 3728 3689 3797 significatio
3714 3726 3849 3782 disci-

2258 3801 2416 3871 plina:
2444 3822 2457 3858 :
2490 3810 2743 3863 execratio
2772 3822 2941 3867 autem
2987 3816 3261 3885 peccaturi,
3309 3820 3508 3875 cultura
3558 3819 3683 3877 Dei.
3732 3810 3845 3885 Fili,

2257 3897 2621 3965 concupiscens
2670 3904 2994 3975 sapientiam,
3042 3924 3285 3965 conserva
3323 3914 3603 3985 justitiam,
3637 3924 3685 3970 et
3726 3913 3847 3969 Deus

2254 3988 2497 4054 praebebit
2522 3992 2665 4055 illam
2697 3997 2808 4065 tibi,
2838 4000 3095 4071 sapientia
3125 4006 3264 4058 enim
3287 4016 3337 4059 et
3372 4007 3673 4074 disciplina,
3716 4006 3846 4060 timor

2256 4078 2469 4137 Domini
2493 4100 2512 4139 :
2537 4095 2582 4140 et
2607 4089 2746 4159 quod
2772 4090 3144 4161 beneplacitum
3173 4108 3245 4151 est
3272 4098 3372 4167 illi,
3404 4100 3532 4169 ﬁdes
3559 4110 3608 4154 et
3629 4111 3847 4154 mansue-

2257 4174 2400 4242 tudo,
2427 4188 2474 4231 et
2517 4180 2745 4251 implebit
2784 4185 3055 4241 thesauros
3085 4191 3215 4257 ejus.
3267 4189 3556 4248 Contumax
3579 4212 3682 4249 non
3700 4194 3784 4257 sis,
3806 4194 3847 4244 εἰ

2255 4266 2568 4326 incredibilis
2586 4274 2757 4329 timori
2783 4274 3025 4342 Domini,
3049 4290 3094 4334 et
3123 4298 3186 4335 ne
3208 4286 3483 4339 accesseris
3512 4286 3582 4339 ad
3621 4302 3734 4341 eum
3760 4282 3846 4337 du-

2257 4359 2381 4426 plici
2409 4363 2577 4416 corde.
2612 4363 2697 4420 Ne
2720 4369 2879 4437 [ueris
2902 4370 3170 4441 hypocrita
3199 4375 3251 4429 in
3274 4386 3547 4448 conspectu
3578 4378 3842 4441 hominum,

547 4444 719 4513 riatio,
773 4455 819 4500 et
869 4447 1048 4501 lwtitia
1068 4488 1083 4515 ,
1112 4458 1159 4501 et
1211 4466 1402 4504 corona
1430 4454 1779 4511 exultationis.
1814 4456 1992 4512 Timor
2034 4428 2149 4517 Do-
2176 4428 2231 4490 Β
2258 4461 2301 4509 et
2331 4471 2433 4509 non
2462 4458 2823 4516 scandalizeris
2868 4463 3015 4520 labiis
3040 4468 3158 4522 tuis.
3187 4467 3402 4524 Attende
3427 4471 3481 4524 in
3508 4470 3635 4538 illis,
3659 4488 3721 4526 ne
3749 4472 3842 4541 for-

548 4536 674 4591 ntini
723 4535 990 4592 delectabit
1036 4554 1148 4606 cor,
1172 4549 1220 4594 et
1264 4540 1406 4596 dabit
1436 4543 1666 4599 ltetitiam
1714 4557 1761 4601 et
1805 4550 2048 4619 gaudium
2097 4553 2152 4608 in

548 4628 865 4701 longitudine
892 4630 1111 4701 dierum,
1141 4633 1336 4688 timenti
1350 4630 1521 4689 Deum
1542 4637 1668 4692 bene
1688 4640 1782 4693 erit
1811 4640 1861 4695 in
1889 4646 2148 4713 extremis,

547 4729 594 4773 et
619 4721 673 4774 in
698 4723 781 4775 die
808 4722 1150 4793 defunctionis
1175 4740 1282 4780 sua:
1310 4724 1651 4783 benedicetur.
1683 4728 1899 4787 Dilectio
1924 4732 2024 4789 Dei
2051 4736 2147 4791 Ito-

548 4812 791 4867 norabilis
840 4817 1112 4886 sapientia.
1150 4816 1347 4886 Quibus
1387 4830 1556 4876 autem
1599 4828 1898 4896 apparuerit
1937 4828 1991 4883 in
2038 4829 2150 4886 uisu

548 4903 770 4976 diligunt
791 4907 1037 4962 cumbin
1080 4910 1293 4980 visione,
1337 4922 1385 4965 et
1419 4913 1475 4967 in
1522 4918 1780 4987 agnitione
1835 4922 2151 4993 ntagnalium

545 5012 774 5052 suorum.
805 4996 1022 5055 Initium
1041 5002 1306 5071 sapientia:
1333 5004 1484 5059 timor
1511 5006 1742 5065 Domini.
1773 5011 1842 5066 Et
1877 5015 2145 5085 cunt/ide-

547 5088 680 5144 libus
723 5090 780 5143 in
818 5090 973 5146 vulva
1015 5094 1313 5149 corftreatus
1349 5105 1445 5163 est,
1472 5108 1519 5152 et
1560 5117 1675 5155 cum
1730 5103 1898 5160 electis
1944 5107 2148 5178 feminis

545 5181 800 5252 graditur,
854 5193 901 5238 et
948 5198 1062 5238 cum
1097 5185 1255 5257 justis
1294 5187 1530 5258 ﬁdelibus
1562 5203 1583 5232 ο
1626 5198 1938 5267 agnoscitur.
1974 5198 2148 5257 Timor

545 5273 754 5331 Domini
781 5277 1008 5334 scientia:
1045 5279 1373 5352 religiositas.
1406 5283 1738 5359 Religiositas
1791 5292 2068 5364 custodiet,
2101 5304 2150 5350 et

617 5413 697 5488 (ι)
722 5413 850 5473 llzcc
877 5425 932 5474 et
954 5432 1189 5490 sequens
1215 5421 1417 5492 pariter
1442 5428 1719 5486 νοθεύεται.

1764 5610 2150 5678 LECTIONES

601 5710 1157 5829 ggzgminazgcundum
1177 5717 1350 5773 datum
1370 5728 1515 5775 suum
1531 5726 1585 5775 et
1606 5724 1818 5791 prabet,
1840 5728 1985 5783 Labb.

606 5814 631 5873 ο
655 5814 1132 5906 ῑιῖεῗῖεῐῖνῶοιὼιιε,
1155 5842 1304 5900 Labb.

2258 4561 2304 4606 te
2334 4552 2510 4622 cadas,
2554 4565 2599 4609 et
2645 4574 2808 4628 ponas
2836 4561 3140 4617 scandalum
3180 4564 3368 4620 anima:
3409 4575 3535 4633 tute,
3565 4577 3613 4620 et
3633 4564 3842 4621 adducas

2254 4644 2696 4703 inbonorationem
2721 4651 2843 4720 tibi,
2874 4662 2922 4708 et
2947 4656 3128 4712 revelet
3168 4655 3311 4712 Deus
3338 4659 3584 4715 absconsa
3608 4669 3715 4714 tua.
3752 4656 3845 4712 Pro

2251 4735 2379 4802 lide,
2408 4736 2590 4806 frater,
2620 4750 2675 4797 et
2692 4742 2922 4813 justitia,
2954 4763 3017 4803 ac
3044 4764 3142 4819 pro
3170 4750 3345 4806 salute
3375 4752 3582 4806 animae.
3614 4761 3715 4808 tua:
3739 4761 3842 4804 cer-

2250 4836 2303 4882 ta
2334 4843 2570 4901 semper,
2602 4843 2659 4889 et
2684 4851 2783 4907 pro
2806 4838 3075 4908 adjutorio
3110 4840 3355 4911 fratrum,
3388 4844 3619 4900 viriliter
3644 4858 3758 4915 age,
3781 4845 3831 4893 ιιι

2254 4936 2285 4975 a
2326 4922 2556 4982 Domino
2610 4931 2843 5001 recipias
2894 4936 3410 4992 remunerationem.
3449 4937 3719 5008 Scriptum
3769 4936 3841 4988 est

2255 5015 2432 5071 enim:
2461 5016 2592 5090 Fili,
2615 5037 2861 5078 conserva
2887 5034 3106 5098 tempus,
3134 5038 3181 5082 et
3206 5029 3371 5084 devita
3397 5046 3431 5083 a
3450 5030 3585 5083 ntalo
3610 5026 3838 5107 (Ecclesn

2252 5111 2353 5183 tv).
2387 5110 2494 5167 Pro
2522 5114 2697 5170 anima
2725 5127 2815 5172 tua
2844 5135 2948 5174 non
2977 5121 3310 5193 confundaris
3334 5122 3500 5177 dicere
3537 5137 3727 5178 verum.
3756 5115 3838 5172 Est

2254 5205 2387 5260 enim
2414 5209 2645 5279 confusio
2671 5209 2926 5268 adducens
2946 5224 3232 5285 peccatum,
3260 5224 3400 5270 etest
3428 5212 3661 5285 confusio
3683 5209 3835 5267 addu-

2254 5314 2371 5353 cens
2394 5298 2609 5369 gloriam
2639 5314 2686 5358 et
2727 5306 2966 5376 gratiam.
2998 5305 3083 5363 Ne
3131 5309 3354 5380 accipias
3397 5308 3582 5381 {aciem
3611 5308 3836 5363 adversus

2266 5458 2271 5469 '
2320 5438 2417 5522 ,(2)
2443 5441 2600 5522 Idem
2620 5457 2703 5502 ρει
2728 5448 2971 5519 epistolae
3004 5460 3186 5511 textus
3214 5468 3338 5511 cum
3373 5455 3430 5512 2.
3460 5453 3655 5513 Felicis
3678 5458 3746 5522 tv,
3773 5442 3836 5507 si-

2262 5512 2457 5569 militer
2482 5512 2801 5578 adulterata.

2208 5622 2623 5689 VABIANTES.

2311 5740 2342 5813 gl
2359 5740 2729 5813 consolationis,
2755 5751 2901 5805 Labb.

2316 5805 2643 5891 f:§<§_i§ntiag
2684 5805 2737 5866 et
2756 5817 3085 5884 (intellectum
3112 5822 3393 5889 prudentiae
3428 5823 3669 5891 sapientia
3711 5834 3830 5877 come

2236 5873 2492 5937 partietur,
2518 5873 2662 5926 Labb.
