  <div class='ocr_page' id='page_1' title='image "/cluster/home/n/w/nwhite01/storage/ocr_20150623/5/umn.31951002477299b/077.png"; bbox 0 0 3970 6278; ppageno 0'>
   <div class='ocr_carea' id='block_1_1' title="bbox 481 381 586 439">
    <p class='ocr_par' dir='ltr' id='par_1_1' title="bbox 481 381 586 439">
     <span class='ocr_line' id='line_1_1' title="bbox 481 381 586 439; baseline -0.038 0"><span class='ocrx_word' id='word_1_1' title='bbox 481 381 586 439; x_wconf 75' lang='grc'><strong>155</strong></span> 
     </span>
    </p>
   </div>
   <div class='ocr_carea' id='block_1_2' title="bbox 1515 371 2739 433">
    <p class='ocr_par' dir='ltr' id='par_1_2' title="bbox 1515 371 2739 433">
     <span class='ocr_line' id='line_1_2' title="bbox 1515 371 2739 433; baseline 0 -2"><span class='ocrx_word' id='word_1_2' title='bbox 1515 373 1604 431; x_wconf 85' lang='lat' dir='ltr'><strong>DE</strong></span> <span class='ocrx_word' id='word_1_3' title='bbox 1645 375 1702 433; x_wconf 90' lang='lat' dir='ltr'><strong>S.</strong></span> <span class='ocrx_word' id='word_1_4' title='bbox 1744 372 1989 433; x_wconf 83' lang='lat' dir='ltr'><strong>FELICE</strong></span> <span class='ocrx_word' id='word_1_5' title='bbox 2029 371 2316 433; x_wconf 78' lang='lat' dir='ltr'><strong>ROMANO</strong></span> <span class='ocrx_word' id='word_1_6' title='bbox 2358 373 2739 433; x_wconf 81' lang='lat' dir='ltr'><strong>PONTIFICE.</strong></span> 
     </span>
    </p>
   </div>
   <div class='ocr_carea' id='block_1_3' title="bbox 3679 376 3795 432">
    <p class='ocr_par' dir='ltr' id='par_1_3' title="bbox 3679 376 3795 432">
     <span class='ocr_line' id='line_1_3' title="bbox 3679 376 3795 432; baseline 0 0"><span class='ocrx_word' id='word_1_7' title='bbox 3679 376 3795 432; x_wconf 72' lang='lat'><strong>136</strong></span> 
     </span>
    </p>
   </div>
   <div class='ocr_carea' id='block_1_4' title="bbox 480 470 3795 567">
    <p class='ocr_par' dir='ltr' id='par_1_4' title="bbox 480 470 3795 567">
     <span class='ocr_line' id='line_1_4' title="bbox 480 470 3795 567; baseline -0.001 -15"><span class='ocrx_word' id='word_1_8' title='bbox 480 494 748 556; x_wconf 75' lang='lat' dir='ltr'><strong>confessio</strong></span> <span class='ocrx_word' id='word_1_9' title='bbox 803 491 1112 566; x_wconf 82' lang='lat' dir='ltr'><strong>(professio,</strong></span> <span class='ocrx_word' id='word_1_10' title='bbox 1155 470 1246 547; x_wconf 48' lang='lat' dir='ltr'><strong>ita&#39;</strong></span> <span class='ocrx_word' id='word_1_11' title='bbox 1272 492 1325 547; x_wconf 92' lang='lat' dir='ltr'><strong>in</strong></span> <span class='ocrx_word' id='word_1_12' title='bbox 1367 492 1498 567; x_wconf 89' lang='lat' dir='ltr'><strong>ms.)</strong></span> <span class='ocrx_word' id='word_1_13' title='bbox 1546 497 1843 565; x_wconf 85' lang='lat' dir='ltr'><strong>periculosa</strong></span> <span class='ocrx_word' id='word_1_14' title='bbox 1889 504 1974 552; x_wconf 90' lang='lat' dir='ltr'><strong>est</strong></span> <span class='ocrx_word' id='word_1_15' title='bbox 2017 505 2070 549; x_wconf 89' lang='lat' dir='ltr'><strong>et</strong></span> <span class='ocrx_word' id='word_1_16' title='bbox 2098 501 2148 557; x_wconf 78' lang='grc' dir='ltr'><strong>Α</strong></span> <span class='ocrx_word' id='word_1_17' title='bbox 2177 496 2414 566; x_wconf 77' lang='lat' dir='ltr'><strong>mitiget,</strong></span> <span class='ocrx_word' id='word_1_18' title='bbox 2466 497 2646 567; x_wconf 82' lang='lat' dir='ltr'><strong>pigros</strong></span> <span class='ocrx_word' id='word_1_19' title='bbox 2686 502 2947 562; x_wconf 79' lang='lat' dir='ltr'><strong>exacuet,</strong></span> <span class='ocrx_word' id='word_1_20' title='bbox 3004 493 3220 550; x_wconf 85' lang='lat' dir='ltr'><strong>desides</strong></span> <span class='ocrx_word' id='word_1_21' title='bbox 3261 493 3528 551; x_wconf 90' lang='lat' dir='ltr'><strong>hortando</strong></span> <span class='ocrx_word' id='word_1_22' title='bbox 3589 507 3609 533; x_wconf 78' lang='grc' dir='ltr'><strong><em>ε</em></strong></span> <span class='ocrx_word' id='word_1_23' title='bbox 3659 511 3795 552; x_wconf 83' lang='lat' dir='ltr'><strong>suc-</strong></span> 
     </span>
    </p>
   </div>
   <div class='ocr_carea' id='block_1_5' title="bbox 422 591 2070 664">
    <p class='ocr_par' dir='ltr' id='par_1_5' title="bbox 422 591 2070 664">
     <span class='ocr_line' id='line_1_5' title="bbox 422 591 2070 664; baseline -0.001 -18"><span class='ocrx_word' id='word_1_24' title='bbox 422 650 431 664; x_wconf 47' lang='lat'><em>.</em></span> <span class='ocrx_word' id='word_1_25' title='bbox 480 591 678 664; x_wconf 85' lang='lat' dir='ltr'><strong>(Hadr.</strong></span> <span class='ocrx_word' id='word_1_26' title='bbox 710 591 830 644; x_wconf 84' lang='lat' dir='ltr'><strong>coll.</strong></span> <span class='ocrx_word' id='word_1_27' title='bbox 865 592 956 655; x_wconf 64' lang='lat' dir='ltr'><strong>tu,</strong></span> <span class='ocrx_word' id='word_1_28' title='bbox 981 599 1027 642; x_wconf 87' lang='lat' dir='ltr'><strong>et</strong></span> <span class='ocrx_word' id='word_1_29' title='bbox 1047 605 1133 642; x_wconf 86' lang='lat' dir='ltr'><strong>an.</strong></span> <span class='ocrx_word' id='word_1_30' title='bbox 1170 599 1486 659; x_wconf 75' lang='lat' dir='ltr'><strong>interpretor.</strong></span> <span class='ocrx_word' id='word_1_31' title='bbox 1515 593 1774 646; x_wconf 77' lang='lat' dir='ltr'><strong>constitui.</strong></span> <span class='ocrx_word' id='word_1_32' title='bbox 1808 592 1892 657; x_wconf 85' lang='grc'><strong>12,</strong></span> <span class='ocrx_word' id='word_1_33' title='bbox 1925 592 2002 644; x_wconf 82' lang='lat' dir='ltr'><strong>tit.</strong></span> <span class='ocrx_word' id='word_1_34' title='bbox 2034 607 2070 656; x_wconf 92' lang='grc' dir='ltr'>ι,</span> 
     </span>
    </p>
   </div>
   <div class='ocr_carea' id='block_1_6' title="bbox 481 679 2072 754">
    <p class='ocr_par' dir='ltr' id='par_1_6' title="bbox 481 679 2072 754">
     <span class='ocr_line' id='line_1_6' title="bbox 481 679 2072 754; baseline -0.001 -13"><span class='ocrx_word' id='word_1_35' title='bbox 481 685 569 741; x_wconf 84' lang='lat' dir='ltr'><strong>lib.</strong></span> <span class='ocrx_word' id='word_1_36' title='bbox 621 700 696 750; x_wconf 76' lang='lat' dir='ltr'><strong>rx,</strong></span> <span class='ocrx_word' id='word_1_37' title='bbox 745 683 860 736; x_wconf 85' lang='lat' dir='ltr'><strong>cod.</strong></span> <span class='ocrx_word' id='word_1_38' title='bbox 904 679 1163 737; x_wconf 85' lang='lat' dir='ltr'><strong>Theodos.</strong></span> <span class='ocrx_word' id='word_1_39' title='bbox 1212 683 1266 747; x_wconf 77' lang='grc' dir='ltr'><strong>ὅ,</strong></span> <span class='ocrx_word' id='word_1_40' title='bbox 1298 683 1438 753; x_wconf 66' lang='lat'><strong>(1.4,</strong></span> <span class='ocrx_word' id='word_1_41' title='bbox 1470 682 1662 754; x_wconf 83' lang='lat' dir='ltr'><strong>Alieni)</strong></span> <span class='ocrx_word' id='word_1_42' title='bbox 1714 685 1918 738; x_wconf 89' lang='lat' dir='ltr'><strong>admitti</strong></span> <span class='ocrx_word' id='word_1_43' title='bbox 1967 701 2072 740; x_wconf 93' lang='lat' dir='ltr'><strong>non</strong></span> 
     </span>
    </p>
   </div>
   <div class='ocr_carea' id='block_1_7' title="bbox 480 775 2076 845">
    <p class='ocr_par' dir='ltr' id='par_1_7' title="bbox 480 775 2076 845">
     <span class='ocr_line' id='line_1_7' title="bbox 480 775 2076 845; baseline 0.001 -12"><span class='ocrx_word' id='word_1_44' title='bbox 480 777 662 833; x_wconf 80' lang='lat' dir='ltr'><strong>debet.</strong></span> <span class='ocrx_word' id='word_1_45' title='bbox 691 775 952 831; x_wconf 75' lang='lat' dir='ltr'><strong>Similiter</strong></span> <span class='ocrx_word' id='word_1_46' title='bbox 977 775 1138 830; x_wconf 90' lang='lat' dir='ltr'><strong>alieni</strong></span> <span class='ocrx_word' id='word_1_47' title='bbox 1169 778 1373 832; x_wconf 89' lang='lat' dir='ltr'><strong>erroris</strong></span> <span class='ocrx_word' id='word_1_48' title='bbox 1413 779 1618 832; x_wconf 89' lang='lat' dir='ltr'><strong>socium</strong></span> <span class='ocrx_word' id='word_1_49' title='bbox 1640 820 1656 845; x_wconf 94' lang='lat'><strong>,</strong></span> <span class='ocrx_word' id='word_1_50' title='bbox 1691 779 1777 833; x_wconf 94' lang='lat' dir='ltr'><strong>vel</strong></span> <span class='ocrx_word' id='word_1_51' title='bbox 1805 794 1834 832; x_wconf 94' lang='lat' dir='ltr'><strong>a</strong></span> <span class='ocrx_word' id='word_1_52' title='bbox 1871 778 1953 834; x_wconf 87' lang='lat' dir='ltr'><strong>sui</strong></span> <span class='ocrx_word' id='word_1_53' title='bbox 1981 795 2076 834; x_wconf 89' lang='lat' dir='ltr'><strong>vo-</strong></span> 
     </span>
    </p>
   </div>
   <div class='ocr_carea' id='block_1_8' title="bbox 478 868 2077 944">
    <p class='ocr_par' dir='ltr' id='par_1_8' title="bbox 478 868 2077 944">
     <span class='ocr_line' id='line_1_8' title="bbox 478 868 2077 944; baseline 0.003 -20"><span class='ocrx_word' id='word_1_54' title='bbox 478 870 714 924; x_wconf 88' lang='lat' dir='ltr'><strong>luntarie</strong></span> <span class='ocrx_word' id='word_1_55' title='bbox 744 868 1008 940; x_wconf 90' lang='lat' dir='ltr'><strong>propositi</strong></span> <span class='ocrx_word' id='word_1_56' title='bbox 1036 870 1249 924; x_wconf 90' lang='lat' dir='ltr'><strong>tramite</strong></span> <span class='ocrx_word' id='word_1_57' title='bbox 1276 870 1637 937; x_wconf 89' lang='lat' dir='ltr'><strong>recedentem,</strong></span> <span class='ocrx_word' id='word_1_58' title='bbox 1671 880 1762 926; x_wconf 89' lang='lat' dir='ltr'><strong>aut</strong></span> <span class='ocrx_word' id='word_1_59' title='bbox 1789 873 1954 928; x_wconf 89' lang='lat' dir='ltr'><strong>sacris</strong></span> <span class='ocrx_word' id='word_1_60' title='bbox 1983 889 2077 944; x_wconf 85' lang='lat' dir='ltr'><strong>pa-</strong></span> 
     </span>
    </p>
   </div>
   <div class='ocr_carea' id='block_1_9' title="bbox 479 961 2080 1033">
    <p class='ocr_par' dir='ltr' id='par_1_9' title="bbox 479 961 2080 1033">
     <span class='ocr_line' id='line_1_9' title="bbox 479 961 2080 1033; baseline 0.002 -16"><span class='ocrx_word' id='word_1_61' title='bbox 479 971 621 1017; x_wconf 85' lang='lat' dir='ltr'><strong>trum</strong></span> <span class='ocrx_word' id='word_1_62' title='bbox 659 961 861 1032; x_wconf 89' lang='lat' dir='ltr'><strong>regulis</strong></span> <span class='ocrx_word' id='word_1_63' title='bbox 892 970 949 1016; x_wconf 89' lang='lat' dir='ltr'><strong>et</strong></span> <span class='ocrx_word' id='word_1_64' title='bbox 972 961 1446 1018; x_wconf 90' lang='lat' dir='ltr'><strong>constitutionibus</strong></span> <span class='ocrx_word' id='word_1_65' title='bbox 1477 964 1884 1033; x_wconf 83' lang='lat' dir='ltr'><strong>impedientem,</strong></span> <span class='ocrx_word' id='word_1_66' title='bbox 1909 967 2080 1020; x_wconf 89' lang='lat' dir='ltr'><strong>susci-</strong></span> 
     </span>
    </p>
   </div>
   <div class='ocr_carea' id='block_1_10' title="bbox 480 1056 2082 1131">
    <p class='ocr_par' dir='ltr' id='par_1_10' title="bbox 480 1056 2082 1131">
     <span class='ocr_line' id='line_1_10' title="bbox 480 1056 2082 1131; baseline 0.004 -22"><span class='ocrx_word' id='word_1_67' title='bbox 480 1069 610 1126; x_wconf 89' lang='lat' dir='ltr'><strong>pere</strong></span> <span class='ocrx_word' id='word_1_68' title='bbox 657 1070 762 1110; x_wconf 91' lang='lat' dir='ltr'><strong>non</strong></span> <span class='ocrx_word' id='word_1_69' title='bbox 813 1071 1136 1125; x_wconf 84' lang='lat' dir='ltr'><strong>possumus,</strong></span> <span class='ocrx_word' id='word_1_70' title='bbox 1183 1071 1283 1111; x_wconf 92' lang='lat' dir='ltr'><strong>nec</strong></span> <span class='ocrx_word' id='word_1_71' title='bbox 1331 1056 1623 1125; x_wconf 88' lang='lat' dir='ltr'><strong>debemus,</strong></span> <span class='ocrx_word' id='word_1_72' title='bbox 1675 1075 1778 1115; x_wconf 91' lang='lat' dir='ltr'><strong>nec</strong></span> <span class='ocrx_word' id='word_1_73' title='bbox 1820 1061 2082 1131; x_wconf 87' lang='lat' dir='ltr'><strong>impetere</strong></span> 
     </span>
    </p>
   </div>
   <div class='ocr_carea' id='block_1_11' title="bbox 483 1149 2085 1222">
    <p class='ocr_par' dir='ltr' id='par_1_11' title="bbox 483 1149 2085 1222">
     <span class='ocr_line' id='line_1_11' title="bbox 483 1149 2085 1222; baseline 0.004 -18"><span class='ocrx_word' id='word_1_74' title='bbox 483 1161 628 1205; x_wconf 90' lang='lat' dir='ltr'><strong>recte</strong></span> <span class='ocrx_word' id='word_1_75' title='bbox 657 1149 947 1205; x_wconf 87' lang='lat' dir='ltr'><strong>crudentes</strong></span> <span class='ocrx_word' id='word_1_76' title='bbox 967 1193 982 1216; x_wconf 90' lang='lat'><strong>,</strong></span> <span class='ocrx_word' id='word_1_77' title='bbox 1013 1151 1099 1206; x_wconf 87' lang='lat' dir='ltr'><strong>vel</strong></span> <span class='ocrx_word' id='word_1_78' title='bbox 1133 1161 1443 1206; x_wconf 90' lang='lat' dir='ltr'><strong>sanctorum</strong></span> <span class='ocrx_word' id='word_1_79' title='bbox 1475 1163 1685 1222; x_wconf 81' lang='lat' dir='ltr'><strong>patrum</strong></span> <span class='ocrx_word' id='word_1_80' title='bbox 1718 1157 2085 1211; x_wconf 82' lang='lat' dir='ltr'><strong>sanctionibus</strong></span> 
     </span>
    </p>
   </div>
   <div class='ocr_carea' id='block_1_12' title="bbox 481 1246 2087 1317">
    <p class='ocr_par' dir='ltr' id='par_1_12' title="bbox 481 1246 2087 1317">
     <span class='ocr_line' id='line_1_12' title="bbox 481 1246 2087 1317; baseline 0.003 -17"><span class='ocrx_word' id='word_1_81' title='bbox 481 1247 921 1314; x_wconf 85' lang='lat' dir='ltr'><strong>obtemperantes</strong></span> <span class='ocrx_word' id='word_1_82' title='bbox 971 1246 1335 1316; x_wconf 87' lang='lat' dir='ltr'><strong>permittimus</strong></span> <span class='ocrx_word' id='word_1_83' title='bbox 1380 1266 1392 1302; x_wconf 93' lang='lat'>:</span> <span class='ocrx_word' id='word_1_84' title='bbox 1442 1250 1565 1317; x_wconf 85' lang='lat' dir='ltr'><strong>quia</strong></span> <span class='ocrx_word' id='word_1_85' title='bbox 1624 1249 1850 1304; x_wconf 82' lang='lat' dir='ltr'><strong>infames</strong></span> <span class='ocrx_word' id='word_1_86' title='bbox 1899 1265 2087 1306; x_wconf 80' lang='lat' dir='ltr'><strong>omnes</strong></span> 
     </span>
    </p>
   </div>
   <div class='ocr_carea' id='block_1_13' title="bbox 481 1340 2087 1413">
    <p class='ocr_par' dir='ltr' id='par_1_13' title="bbox 481 1340 2087 1413">
     <span class='ocr_line' id='line_1_13' title="bbox 481 1340 2087 1413; baseline 0.003 -19"><span class='ocrx_word' id='word_1_87' title='bbox 481 1353 602 1395; x_wconf 88' lang='lat' dir='ltr'><strong>csse</strong></span> <span class='ocrx_word' id='word_1_88' title='bbox 643 1353 962 1404; x_wconf 83' lang='lat' dir='ltr'><strong>censemus,</strong></span> <span class='ocrx_word' id='word_1_89' title='bbox 995 1340 1086 1408; x_wconf 87' lang='lat' dir='ltr'><strong>qui</strong></span> <span class='ocrx_word' id='word_1_90' title='bbox 1127 1355 1278 1395; x_wconf 87' lang='lat' dir='ltr'><strong>suam</strong></span> <span class='ocrx_word' id='word_1_91' title='bbox 1317 1351 1405 1394; x_wconf 88' lang='lat' dir='ltr'><strong>aut</strong></span> <span class='ocrx_word' id='word_1_92' title='bbox 1434 1341 1798 1396; x_wconf 85' lang='lat' dir='ltr'><strong>Christianam</strong></span> <span class='ocrx_word' id='word_1_93' title='bbox 1832 1345 2087 1413; x_wconf 71' lang='lat' dir='ltr'><strong>prmvari-</strong></span> 
     </span>
    </p>
   </div>
   <div class='ocr_carea' id='block_1_14' title="bbox 483 1433 2088 1505">
    <p class='ocr_par' dir='ltr' id='par_1_14' title="bbox 483 1433 2088 1505">
     <span class='ocr_line' id='line_1_14' title="bbox 483 1433 2088 1505; baseline 0.003 -18"><span class='ocrx_word' id='word_1_94' title='bbox 483 1442 672 1488; x_wconf 87' lang='lat' dir='ltr'><strong>cantur</strong></span> <span class='ocrx_word' id='word_1_95' title='bbox 705 1433 903 1503; x_wconf 80' lang='lat' dir='ltr'><strong>legem,</strong></span> <span class='ocrx_word' id='word_1_96' title='bbox 923 1441 1017 1486; x_wconf 90' lang='lat' dir='ltr'><strong>aut</strong></span> <span class='ocrx_word' id='word_1_97' title='bbox 1045 1434 1394 1501; x_wconf 81' lang='lat' dir='ltr'><strong>apostolicam</strong></span> <span class='ocrx_word' id='word_1_98' title='bbox 1421 1435 1510 1488; x_wconf 92' lang='lat' dir='ltr'><strong>vel</strong></span> <span class='ocrx_word' id='word_1_99' title='bbox 1533 1437 1832 1505; x_wconf 88' lang='lat' dir='ltr'><strong>regularem</strong></span> <span class='ocrx_word' id='word_1_100' title='bbox 1859 1437 2088 1492; x_wconf 87' lang='lat' dir='ltr'><strong>libenter</strong></span> 
     </span>
    </p>
   </div>
   <div class='ocr_carea' id='block_1_15' title="bbox 483 1525 2089 1598">
    <p class='ocr_par' dir='ltr' id='par_1_15' title="bbox 483 1525 2089 1598">
     <span class='ocr_line' id='line_1_15' title="bbox 483 1525 2089 1598; baseline 0.002 -19"><span class='ocrx_word' id='word_1_101' title='bbox 483 1533 817 1596; x_wconf 85' lang='lat' dir='ltr'><strong>postponunt</strong></span> <span class='ocrx_word' id='word_1_102' title='bbox 870 1525 1266 1580; x_wconf 84' lang='lat' dir='ltr'><strong>auctoritatem.</strong></span> <span class='ocrx_word' id='word_1_103' title='bbox 1318 1525 1444 1580; x_wconf 82' lang='lat' dir='ltr'><strong>Haec</strong></span> <span class='ocrx_word' id='word_1_104' title='bbox 1495 1525 1575 1598; x_wconf 83' lang='lat' dir='ltr'><strong>(l)</strong></span> <span class='ocrx_word' id='word_1_105' title='bbox 1645 1530 1824 1598; x_wconf 78' lang='lat' dir='ltr'><strong>itaque</strong></span> <span class='ocrx_word' id='word_1_106' title='bbox 1856 1569 1871 1593; x_wconf 93' lang='lat'><strong>,</strong></span> <span class='ocrx_word' id='word_1_107' title='bbox 1924 1529 2089 1584; x_wconf 81' lang='lat' dir='ltr'><strong>frater</strong></span> 
     </span>
    </p>
   </div>
   <div class='ocr_carea' id='block_1_16' title="bbox 485 1616 2090 1687">
    <p class='ocr_par' dir='ltr' id='par_1_16' title="bbox 485 1616 2090 1687">
     <span class='ocr_line' id='line_1_16' title="bbox 485 1616 2090 1687; baseline 0.001 -13"><span class='ocrx_word' id='word_1_108' title='bbox 485 1617 823 1679; x_wconf 89' lang='lat' dir='ltr'><strong>charissime,</strong></span> <span class='ocrx_word' id='word_1_109' title='bbox 858 1633 976 1687; x_wconf 72' lang='lat' dir='ltr'><strong>quae</strong></span> <span class='ocrx_word' id='word_1_110' title='bbox 1009 1633 1106 1686; x_wconf 90' lang='lat' dir='ltr'><strong>pro</strong></span> <span class='ocrx_word' id='word_1_111' title='bbox 1132 1616 1325 1672; x_wconf 78' lang='lat' dir='ltr'><strong>all‘ectu</strong></span> <span class='ocrx_word' id='word_1_112' title='bbox 1376 1618 1727 1674; x_wconf 87' lang='lat' dir='ltr'><strong>sacerdotalis</strong></span> <span class='ocrx_word' id='word_1_113' title='bbox 1758 1621 1993 1676; x_wconf 89' lang='lat' dir='ltr'><strong>nominis</strong></span> <span class='ocrx_word' id='word_1_114' title='bbox 2035 1631 2090 1677; x_wconf 91' lang='lat' dir='ltr'><strong>et</strong></span> 
     </span>
    </p>
   </div>
   <div class='ocr_carea' id='block_1_17' title="bbox 484 1705 2090 1776">
    <p class='ocr_par' dir='ltr' id='par_1_17' title="bbox 484 1705 2090 1776">
     <span class='ocr_line' id='line_1_17' title="bbox 484 1705 2090 1776; baseline 0.002 -13"><span class='ocrx_word' id='word_1_115' title='bbox 484 1707 706 1764; x_wconf 92' lang='lat' dir='ltr'><strong>honoris</strong></span> <span class='ocrx_word' id='word_1_116' title='bbox 731 1705 1128 1776; x_wconf 84' lang='lat' dir='ltr'><strong>impendimus,</strong></span> <span class='ocrx_word' id='word_1_117' title='bbox 1161 1706 1256 1762; x_wconf 91' lang='lat' dir='ltr'><strong>tibi</strong></span> <span class='ocrx_word' id='word_1_118' title='bbox 1295 1708 1506 1776; x_wconf 89' lang='lat' dir='ltr'><strong>tuisque</strong></span> <span class='ocrx_word' id='word_1_119' title='bbox 1543 1710 1808 1776; x_wconf 89' lang='lat' dir='ltr'><strong>subditis,</strong></span> <span class='ocrx_word' id='word_1_120' title='bbox 1835 1722 1888 1767; x_wconf 89' lang='lat' dir='ltr'><strong>et</strong></span> <span class='ocrx_word' id='word_1_121' title='bbox 1915 1713 2090 1767; x_wconf 83' lang='lat' dir='ltr'><strong>omni-</strong></span> 
     </span>
    </p>
   </div>
   <div class='ocr_carea' id='block_1_18' title="bbox 483 1801 2086 1876">
    <p class='ocr_par' dir='ltr' id='par_1_18' title="bbox 483 1801 2086 1876">
     <span class='ocr_line' id='line_1_18' title="bbox 483 1801 2086 1876; baseline 0.002 -19"><span class='ocrx_word' id='word_1_122' title='bbox 483 1802 584 1857; x_wconf 90' lang='lat' dir='ltr'><strong>bus</strong></span> <span class='ocrx_word' id='word_1_123' title='bbox 612 1801 875 1867; x_wconf 89' lang='lat' dir='ltr'><strong>tenenda,</strong></span> <span class='ocrx_word' id='word_1_124' title='bbox 925 1811 979 1857; x_wconf 92' lang='lat' dir='ltr'><strong>et</strong></span> <span class='ocrx_word' id='word_1_125' title='bbox 1020 1803 1141 1858; x_wconf 90' lang='lat' dir='ltr'><strong>aliis</strong></span> <span class='ocrx_word' id='word_1_126' title='bbox 1185 1802 1516 1868; x_wconf 88' lang='lat' dir='ltr'><strong>nuntianda,</strong></span> <span class='ocrx_word' id='word_1_127' title='bbox 1557 1813 1717 1874; x_wconf 91' lang='lat' dir='ltr'><strong>atque</strong></span> <span class='ocrx_word' id='word_1_128' title='bbox 1749 1807 2086 1876; x_wconf 74' lang='lat' dir='ltr'><strong>prredicanda</strong></span> 
     </span>
    </p>
   </div>
   <div class='ocr_carea' id='block_1_19' title="bbox 485 1892 2088 1964">
    <p class='ocr_par' dir='ltr' id='par_1_19' title="bbox 485 1892 2088 1964">
     <span class='ocr_line' id='line_1_19' title="bbox 485 1892 2088 1964; baseline 0.001 -14"><span class='ocrx_word' id='word_1_129' title='bbox 485 1893 802 1950; x_wconf 87' lang='lat' dir='ltr'><strong>mandamus</strong></span> <span class='ocrx_word' id='word_1_130' title='bbox 823 1937 837 1955; x_wconf 84' lang='lat'><strong>,</strong></span> <span class='ocrx_word' id='word_1_131' title='bbox 873 1892 1068 1964; x_wconf 87' lang='lat' dir='ltr'><strong>quibus</strong></span> <span class='ocrx_word' id='word_1_132' title='bbox 1099 1903 1150 1948; x_wconf 90' lang='lat' dir='ltr'><strong>et</strong></span> <span class='ocrx_word' id='word_1_133' title='bbox 1184 1895 1358 1964; x_wconf 88' lang='lat' dir='ltr'><strong>pietas</strong></span> <span class='ocrx_word' id='word_1_134' title='bbox 1387 1894 1453 1949; x_wconf 89' lang='lat' dir='ltr'><strong>ad</strong></span> <span class='ocrx_word' id='word_1_135' title='bbox 1485 1896 1770 1952; x_wconf 90' lang='lat' dir='ltr'><strong>utilitatem</strong></span> <span class='ocrx_word' id='word_1_136' title='bbox 1797 1939 1809 1962; x_wconf 94' lang='lat'><strong>,</strong></span> <span class='ocrx_word' id='word_1_137' title='bbox 1840 1907 1894 1952; x_wconf 90' lang='lat' dir='ltr'><strong>et</strong></span> <span class='ocrx_word' id='word_1_138' title='bbox 1923 1898 1994 1953; x_wconf 89' lang='lat' dir='ltr'><strong>sit</strong></span> <span class='ocrx_word' id='word_1_139' title='bbox 2021 1897 2088 1952; x_wconf 89' lang='lat' dir='ltr'><strong>ad</strong></span> 
     </span>
    </p>
   </div>
   <div class='ocr_carea' id='block_1_20' title="bbox 485 1986 2088 2057">
    <p class='ocr_par' dir='ltr' id='par_1_20' title="bbox 485 1986 2088 2057">
     <span class='ocr_line' id='line_1_20' title="bbox 485 1986 2088 2057; baseline 0.002 -15"><span class='ocrx_word' id='word_1_140' title='bbox 485 1986 717 2043; x_wconf 85' lang='lat' dir='ltr'><strong>fructum</strong></span> <span class='ocrx_word' id='word_1_141' title='bbox 759 1987 996 2043; x_wconf 89' lang='lat' dir='ltr'><strong>dilectio.</strong></span> <span class='ocrx_word' id='word_1_142' title='bbox 1029 1986 1182 2042; x_wconf 91' lang='lat' dir='ltr'><strong>Unde</strong></span> <span class='ocrx_word' id='word_1_143' title='bbox 1212 1987 1574 2057; x_wconf 86' lang='lat' dir='ltr'><strong>abjurgando,</strong></span> <span class='ocrx_word' id='word_1_144' title='bbox 1613 1989 1879 2045; x_wconf 88' lang='lat' dir='ltr'><strong>hortando</strong></span> <span class='ocrx_word' id='word_1_145' title='bbox 1902 2033 1914 2056; x_wconf 95' lang='lat'><strong>,</strong></span> <span class='ocrx_word' id='word_1_146' title='bbox 1962 2006 2088 2045; x_wconf 87' lang='lat' dir='ltr'><strong>sua-</strong></span> 
     </span>
    </p>
   </div>
   <div class='ocr_carea' id='block_1_21' title="bbox 489 2077 2094 2153">
    <p class='ocr_par' dir='ltr' id='par_1_21' title="bbox 489 2077 2094 2153">
     <span class='ocr_line' id='line_1_21' title="bbox 489 2077 2094 2153; baseline 0.004 -21"><span class='ocrx_word' id='word_1_147' title='bbox 489 2077 687 2146; x_wconf 90' lang='lat' dir='ltr'><strong>dendo,</strong></span> <span class='ocrx_word' id='word_1_148' title='bbox 736 2077 1083 2145; x_wconf 87' lang='lat' dir='ltr'><strong>blandiendo,</strong></span> <span class='ocrx_word' id='word_1_149' title='bbox 1132 2079 1462 2134; x_wconf 91' lang='lat' dir='ltr'><strong>consolando</strong></span> <span class='ocrx_word' id='word_1_150' title='bbox 1490 2089 1538 2144; x_wconf 72' lang='grc' dir='ltr'><strong>α,</strong></span> <span class='ocrx_word' id='word_1_151' title='bbox 1577 2081 1854 2150; x_wconf 87' lang='lat' dir='ltr'><strong>prodesse,</strong></span> <span class='ocrx_word' id='word_1_152' title='bbox 1903 2083 2094 2153; x_wconf 87' lang='lat' dir='ltr'><strong>quibus</strong></span> 
     </span>
    </p>
   </div>
   <div class='ocr_carea' id='block_1_22' title="bbox 489 2170 2093 2242">
    <p class='ocr_par' dir='ltr' id='par_1_22' title="bbox 489 2170 2093 2242">
     <span class='ocr_line' id='line_1_22' title="bbox 489 2170 2093 2242; baseline 0.002 -17"><span class='ocrx_word' id='word_1_153' title='bbox 489 2185 794 2241; x_wconf 85' lang='lat' dir='ltr'><strong>possumus,</strong></span> <span class='ocrx_word' id='word_1_154' title='bbox 822 2171 1155 2227; x_wconf 78' lang='lat' dir='ltr'><strong>festinemus.</strong></span> <span class='ocrx_word' id='word_1_155' title='bbox 1178 2170 1381 2242; x_wconf 80' lang='lat' dir='ltr'><strong>Lingua</strong></span> <span class='ocrx_word' id='word_1_156' title='bbox 1412 2179 1595 2226; x_wconf 89' lang='lat' dir='ltr'><strong>nostra</strong></span> <span class='ocrx_word' id='word_1_157' title='bbox 1620 2173 1774 2228; x_wconf 90' lang='lat' dir='ltr'><strong>bonis</strong></span> <span class='ocrx_word' id='word_1_158' title='bbox 1799 2175 2093 2228; x_wconf 86' lang='lat' dir='ltr'><strong>fomentum</strong></span> 
     </span>
    </p>
   </div>
   <div class='ocr_carea' id='block_1_23' title="bbox 487 2262 2098 2334">
    <p class='ocr_par' dir='ltr' id='par_1_23' title="bbox 487 2262 2098 2334">
     <span class='ocr_line' id='line_1_23' title="bbox 487 2262 2098 2334; baseline 0.002 -16"><span class='ocrx_word' id='word_1_159' title='bbox 487 2263 587 2330; x_wconf 88' lang='lat' dir='ltr'><strong>sit,</strong></span> <span class='ocrx_word' id='word_1_160' title='bbox 672 2262 851 2333; x_wconf 87' lang='lat' dir='ltr'><strong>pravis</strong></span> <span class='ocrx_word' id='word_1_161' title='bbox 919 2263 1162 2318; x_wconf 88' lang='lat' dir='ltr'><strong>aculeus.</strong></span> <span class='ocrx_word' id='word_1_162' title='bbox 1212 2262 1454 2318; x_wconf 86' lang='lat' dir='ltr'><strong>Timidos</strong></span> <span class='ocrx_word' id='word_1_163' title='bbox 1503 2262 1531 2301; x_wconf 74' lang='grc' dir='ltr'><strong>ι)</strong></span> <span class='ocrx_word' id='word_1_164' title='bbox 1590 2265 1872 2334; x_wconf 88' lang='lat' dir='ltr'><strong>retundat,</strong></span> <span class='ocrx_word' id='word_1_165' title='bbox 1931 2267 2098 2322; x_wconf 90' lang='lat' dir='ltr'><strong>iratos</strong></span> 
     </span>
    </p>
   </div>
   <div class='ocr_carea' id='block_1_24' title="bbox 560 2402 2088 2474">
    <p class='ocr_par' dir='ltr' id='par_1_24' title="bbox 560 2402 2088 2474">
     <span class='ocr_line' id='line_1_24' title="bbox 560 2402 2088 2474; baseline 0.001 -17"><span class='ocrx_word' id='word_1_166' title='bbox 560 2403 641 2474; x_wconf 91' lang='lat' dir='ltr'><strong>(l)</strong></span> <span class='ocrx_word' id='word_1_167' title='bbox 675 2403 732 2460; x_wconf 89' lang='lat' dir='ltr'><strong>S.</strong></span> <span class='ocrx_word' id='word_1_168' title='bbox 762 2403 949 2474; x_wconf 89' lang='lat' dir='ltr'><strong>Greg.,</strong></span> <span class='ocrx_word' id='word_1_169' title='bbox 992 2403 1151 2473; x_wconf 87' lang='lat' dir='ltr'><strong>epist.</strong></span> <span class='ocrx_word' id='word_1_170' title='bbox 1202 2402 1326 2467; x_wconf 79' lang='grc'>115,</span> <span class='ocrx_word' id='word_1_171' title='bbox 1359 2403 1454 2458; x_wconf 86' lang='lat' dir='ltr'><strong>lib.</strong></span> <span class='ocrx_word' id='word_1_172' title='bbox 1483 2419 1578 2472; x_wconf 91' lang='lat' dir='ltr'><strong>vn,</strong></span> <span class='ocrx_word' id='word_1_173' title='bbox 1622 2402 1776 2474; x_wconf 86' lang='lat' dir='ltr'><strong>cujus</strong></span> <span class='ocrx_word' id='word_1_174' title='bbox 1818 2404 1978 2460; x_wconf 86' lang='lat' dir='ltr'><strong>verba</strong></span> <span class='ocrx_word' id='word_1_175' title='bbox 2025 2418 2088 2460; x_wconf 89' lang='lat' dir='ltr'><strong>ac</strong></span> 
     </span>
    </p>
   </div>
   <div class='ocr_carea' id='block_1_25' title="bbox 486 2475 1527 2562">
    <p class='ocr_par' dir='ltr' id='par_1_25' title="bbox 486 2475 1527 2562">
     <span class='ocr_line' id='line_1_25' title="bbox 486 2475 1527 2562; baseline -0.004 -31"><span class='ocrx_word' id='word_1_176' title='bbox 486 2475 698 2562; x_wconf 46' lang='lat' dir='ltr'><strong>Slyllrt‘t‘tll.</strong></span> <span class='ocrx_word' id='word_1_177' title='bbox 716 2490 1010 2562; x_wconf 55' lang='lat' dir='ltr'><strong>nemonnon</strong></span> <span class='ocrx_word' id='word_1_178' title='bbox 1037 2475 1216 2531; x_wconf 88' lang='lat' dir='ltr'><strong>statim</strong></span> <span class='ocrx_word' id='word_1_179' title='bbox 1248 2484 1527 2544; x_wconf 82' lang='lat' dir='ltr'><strong>agnoscet.</strong></span> 
     </span>
    </p>
   </div>
   <div class='ocr_carea' id='block_1_26' title="bbox 485 2544 2087 2689">
    <p class='ocr_par' dir='ltr' id='par_1_26' title="bbox 485 2544 2087 2689">
     <span class='ocr_line' id='line_1_26' title="bbox 485 2544 2087 2689; baseline 0 -16"><span class='ocrx_word' id='word_1_180' title='bbox 485 2619 500 2656; x_wconf 69' lang='grc' dir='ltr'><strong>ί</strong></span> <span class='ocrx_word' id='word_1_181' title='bbox 673 2547 1154 2689; x_wconf 55' lang='lat' dir='ltr'><strong>t’gionysius</strong></span> <span class='ocrx_word' id='word_1_182' title='bbox 1199 2633 1331 2688; x_wconf 89' lang='lat' dir='ltr'><strong>papa</strong></span> <span class='ocrx_word' id='word_1_183' title='bbox 1377 2628 1511 2674; x_wconf 89' lang='lat' dir='ltr'><strong>teste</strong></span> <span class='ocrx_word' id='word_1_184' title='bbox 1552 2629 1741 2675; x_wconf 88' lang='lat' dir='ltr'><strong>sancto</strong></span> <span class='ocrx_word' id='word_1_185' title='bbox 1791 2619 2087 2674; x_wconf 82' lang='lat' dir='ltr'><strong>Athanasio</strong></span> 
     </span>
    </p>
   </div>
   <div class='ocr_carea' id='block_1_27' title="bbox 486 2688 2089 2761">
    <p class='ocr_par' dir='ltr' id='par_1_27' title="bbox 486 2688 2089 2761">
     <span class='ocr_line' id='line_1_27' title="bbox 486 2688 2089 2761; baseline -0.001 -15"><span class='ocrx_word' id='word_1_186' title='bbox 486 2688 578 2746; x_wconf 79' lang='lat' dir='ltr'><strong>lib.</strong></span> <span class='ocrx_word' id='word_1_187' title='bbox 613 2688 680 2745; x_wconf 88' lang='lat' dir='ltr'><strong>de</strong></span> <span class='ocrx_word' id='word_1_188' title='bbox 709 2688 942 2746; x_wconf 90' lang='lat' dir='ltr'><strong>decretis</strong></span> <span class='ocrx_word' id='word_1_189' title='bbox 968 2688 1159 2761; x_wconf 79' lang='lat' dir='ltr'><strong>synodi</strong></span> <span class='ocrx_word' id='word_1_190' title='bbox 1180 2689 1412 2746; x_wconf 75' lang='lat' dir='ltr'><strong>Nicaea-ae</strong></span> <span class='ocrx_word' id='word_1_191' title='bbox 1454 2691 1713 2748; x_wconf 87' lang='lat' dir='ltr'><strong>adversus</strong></span> <span class='ocrx_word' id='word_1_192' title='bbox 1748 2691 2089 2747; x_wconf 84' lang='lat' dir='ltr'><strong>Sabellianos</strong></span> 
     </span>
    </p>
   </div>
   <div class='ocr_carea' id='block_1_28' title="bbox 2180 589 3792 660">
    <p class='ocr_par' dir='ltr' id='par_1_28' title="bbox 2180 589 3792 660">
     <span class='ocr_line' id='line_1_28' title="bbox 2180 589 3792 660; baseline 0.001 -16"><span class='ocrx_word' id='word_1_193' title='bbox 2180 589 2405 653; x_wconf 82' lang='lat' dir='ltr'><strong>condat,</strong></span> <span class='ocrx_word' id='word_1_194' title='bbox 2455 589 2843 660; x_wconf 81' lang='lat' dir='ltr'><strong>refugientibus</strong></span> <span class='ocrx_word' id='word_1_195' title='bbox 2895 589 3152 657; x_wconf 87' lang='lat' dir='ltr'><strong>suadeat,</strong></span> <span class='ocrx_word' id='word_1_196' title='bbox 3198 591 3407 659; x_wconf 87' lang='lat' dir='ltr'><strong>asperis</strong></span> <span class='ocrx_word' id='word_1_197' title='bbox 3453 589 3792 656; x_wconf 82' lang='lat' dir='ltr'><strong>blandiatur,</strong></span> 
     </span>
    </p>
   </div>
   <div class='ocr_carea' id='block_1_29' title="bbox 2181 679 3796 753">
    <p class='ocr_par' dir='ltr' id='par_1_29' title="bbox 2181 679 3796 753">
     <span class='ocr_line' id='line_1_29' title="bbox 2181 679 3796 753; baseline 0.001 -17"><span class='ocrx_word' id='word_1_198' title='bbox 2181 681 2498 753; x_wconf 87' lang='lat' dir='ltr'><strong>desperatos</strong></span> <span class='ocrx_word' id='word_1_199' title='bbox 2526 682 2862 747; x_wconf 90' lang='lat' dir='ltr'><strong>consolatur,</strong></span> <span class='ocrx_word' id='word_1_200' title='bbox 2910 690 2968 735; x_wconf 93' lang='lat' dir='ltr'><strong>ut</strong></span> <span class='ocrx_word' id='word_1_201' title='bbox 3017 681 3142 752; x_wconf 90' lang='lat' dir='ltr'><strong>quia</strong></span> <span class='ocrx_word' id='word_1_202' title='bbox 3184 679 3437 736; x_wconf 88' lang='lat' dir='ltr'><strong>doctores</strong></span> <span class='ocrx_word' id='word_1_203' title='bbox 3467 681 3494 716; x_wconf 71' lang='grc' dir='ltr'><em>ά</em></span> <span class='ocrx_word' id='word_1_204' title='bbox 3527 680 3796 750; x_wconf 84' lang='lat' dir='ltr'><strong>dicimur,</strong></span> 
     </span>
    </p>
   </div>
   <div class='ocr_carea' id='block_1_30' title="bbox 2181 774 3804 851">
    <p class='ocr_par' dir='ltr' id='par_1_30' title="bbox 2181 774 3804 851">
     <span class='ocr_line' id='line_1_30' title="bbox 2181 774 3804 851; baseline -0.001 -19"><span class='ocrx_word' id='word_1_205' title='bbox 2181 779 2322 832; x_wconf 90' lang='lat' dir='ltr'><strong>viam</strong></span> <span class='ocrx_word' id='word_1_206' title='bbox 2351 778 2538 832; x_wconf 91' lang='lat' dir='ltr'><strong>salutis</strong></span> <span class='ocrx_word' id='word_1_207' title='bbox 2564 776 2936 848; x_wconf 87' lang='lat' dir='ltr'><strong>gradientibus</strong></span> <span class='ocrx_word' id='word_1_208' title='bbox 2953 774 3330 851; x_wconf 81' lang='lat' dir='ltr'><strong>ostendamus.</strong></span> <span class='ocrx_word' id='word_1_209' title='bbox 3367 774 3548 829; x_wconf 85' lang='lat' dir='ltr'><strong>Simus</strong></span> <span class='ocrx_word' id='word_1_210' title='bbox 3578 776 3628 830; x_wconf 94' lang='lat' dir='ltr'><strong>in</strong></span> <span class='ocrx_word' id='word_1_211' title='bbox 3663 790 3804 830; x_wconf 58' lang='lat' dir='ltr'><strong>eus-</strong></span> 
     </span>
    </p>
   </div>
   <div class='ocr_carea' id='block_1_31' title="bbox 2185 867 3801 941">
    <p class='ocr_par' dir='ltr' id='par_1_31' title="bbox 2185 867 3801 941">
     <span class='ocr_line' id='line_1_31' title="bbox 2185 867 3801 941; baseline -0.004 -14"><span class='ocrx_word' id='word_1_212' title='bbox 2185 873 2326 928; x_wconf 90' lang='lat' dir='ltr'><strong>todia</strong></span> <span class='ocrx_word' id='word_1_213' title='bbox 2345 871 2652 941; x_wconf 83' lang='lat' dir='ltr'><strong>vigilantes,</strong></span> <span class='ocrx_word' id='word_1_214' title='bbox 2677 869 2879 924; x_wconf 88' lang='lat' dir='ltr'><strong>aditum</strong></span> <span class='ocrx_word' id='word_1_215' title='bbox 2909 877 3096 924; x_wconf 89' lang='lat' dir='ltr'><strong>contra</strong></span> <span class='ocrx_word' id='word_1_216' title='bbox 3126 867 3303 923; x_wconf 91' lang='lat' dir='ltr'><strong>hostio</strong></span> <span class='ocrx_word' id='word_1_217' title='bbox 3329 867 3549 923; x_wconf 89' lang='lat' dir='ltr'><strong>insidias</strong></span> <span class='ocrx_word' id='word_1_218' title='bbox 3571 867 3801 922; x_wconf 89' lang='lat' dir='ltr'><strong>solliciti</strong></span> 
     </span>
    </p>
   </div>
   <div class='ocr_carea' id='block_1_32' title="bbox 2188 959 3800 1031">
    <p class='ocr_par' dir='ltr' id='par_1_32' title="bbox 2188 959 3800 1031">
     <span class='ocr_line' id='line_1_32' title="bbox 2188 959 3800 1031; baseline -0.003 -11"><span class='ocrx_word' id='word_1_219' title='bbox 2188 966 2514 1020; x_wconf 90' lang='lat' dir='ltr'><strong>muniamus.</strong></span> <span class='ocrx_word' id='word_1_220' title='bbox 2545 963 2612 1018; x_wconf 89' lang='lat' dir='ltr'><strong>Et</strong></span> <span class='ocrx_word' id='word_1_221' title='bbox 2665 965 2709 1017; x_wconf 90' lang='lat' dir='ltr'><strong>si</strong></span> <span class='ocrx_word' id='word_1_222' title='bbox 2765 961 2981 1031; x_wconf 88' lang='lat' dir='ltr'><strong>quando</strong></span> <span class='ocrx_word' id='word_1_223' title='bbox 3015 960 3275 1030; x_wconf 84' lang='lat' dir='ltr'><strong>perditam</strong></span> <span class='ocrx_word' id='word_1_224' title='bbox 3301 973 3323 997; x_wconf 71' lang='grc' dir='ltr'>ι’</span> <span class='ocrx_word' id='word_1_225' title='bbox 3353 976 3509 1016; x_wconf 91' lang='lat' dir='ltr'><strong>ovem</strong></span> <span class='ocrx_word' id='word_1_226' title='bbox 3540 959 3608 1016; x_wconf 93' lang='lat' dir='ltr'><strong>de</strong></span> <span class='ocrx_word' id='word_1_227' title='bbox 3635 975 3800 1015; x_wconf 92' lang='lat' dir='ltr'><strong>com-</strong></span> 
     </span>
    </p>
   </div>
   <div class='ocr_carea' id='block_1_33' title="bbox 2189 1054 3803 1128">
    <p class='ocr_par' dir='ltr' id='par_1_33' title="bbox 2189 1054 3803 1128">
     <span class='ocr_line' id='line_1_33' title="bbox 2189 1054 3803 1128; baseline -0.002 -15"><span class='ocrx_word' id='word_1_228' title='bbox 2189 1059 2368 1113; x_wconf 92' lang='lat' dir='ltr'><strong>missis</strong></span> <span class='ocrx_word' id='word_1_229' title='bbox 2396 1057 2646 1128; x_wconf 79' lang='lat' dir='ltr'><strong>gregibus</strong></span> <span class='ocrx_word' id='word_1_230' title='bbox 2669 1071 2824 1112; x_wconf 91' lang='lat' dir='ltr'><strong>error</strong></span> <span class='ocrx_word' id='word_1_231' title='bbox 2853 1054 3156 1119; x_wconf 77' lang='lat' dir='ltr'><strong>abduxerit,</strong></span> <span class='ocrx_word' id='word_1_232' title='bbox 3189 1063 3303 1109; x_wconf 87' lang='lat' dir='ltr'><strong>toto</strong></span> <span class='ocrx_word' id='word_1_233' title='bbox 3334 1055 3476 1110; x_wconf 91' lang='lat' dir='ltr'><strong>illam</strong></span> <span class='ocrx_word' id='word_1_234' title='bbox 3509 1055 3702 1110; x_wconf 88' lang='lat' dir='ltr'><strong>annisu</strong></span> <span class='ocrx_word' id='word_1_235' title='bbox 3725 1054 3803 1110; x_wconf 89' lang='lat' dir='ltr'><strong>ad</strong></span> 
     </span>
    </p>
   </div>
   <div class='ocr_carea' id='block_1_34' title="bbox 2190 1150 3802 1220">
    <p class='ocr_par' dir='ltr' id='par_1_34' title="bbox 2190 1150 3802 1220">
     <span class='ocr_line' id='line_1_34' title="bbox 2190 1150 3802 1220; baseline -0.002 -12"><span class='ocrx_word' id='word_1_236' title='bbox 2190 1154 2371 1208; x_wconf 85' lang='lat' dir='ltr'><strong>caulas</strong></span> <span class='ocrx_word' id='word_1_237' title='bbox 2394 1152 2691 1207; x_wconf 89' lang='lat' dir='ltr'><strong>dominicas</strong></span> <span class='ocrx_word' id='word_1_238' title='bbox 2721 1167 2982 1208; x_wconf 74' lang='lat' dir='ltr'><strong>revocare</strong></span> <span class='ocrx_word' id='word_1_239' title='bbox 3011 1150 3405 1206; x_wconf 89' lang='lat' dir='ltr'><strong>contendamus</strong></span> <span class='ocrx_word' id='word_1_240' title='bbox 3427 1191 3443 1216; x_wconf 87' lang='lat'><strong>,</strong></span> <span class='ocrx_word' id='word_1_241' title='bbox 3478 1159 3533 1204; x_wconf 88' lang='lat' dir='ltr'><strong>ut</strong></span> <span class='ocrx_word' id='word_1_242' title='bbox 3561 1150 3628 1206; x_wconf 91' lang='lat' dir='ltr'><strong>de</strong></span> <span class='ocrx_word' id='word_1_243' title='bbox 3664 1164 3802 1220; x_wconf 87' lang='lat' dir='ltr'><strong>pas-</strong></span> 
     </span>
    </p>
   </div>
   <div class='ocr_carea' id='block_1_35' title="bbox 2194 1241 3804 1315">
    <p class='ocr_par' dir='ltr' id='par_1_35' title="bbox 2194 1241 3804 1315">
     <span class='ocr_line' id='line_1_35' title="bbox 2194 1241 3804 1315; baseline -0.003 -13"><span class='ocrx_word' id='word_1_244' title='bbox 2194 1246 2326 1302; x_wconf 76' lang='lat' dir='ltr'><strong>toris</strong></span> <span class='ocrx_word' id='word_1_245' title='bbox 2367 1245 2583 1301; x_wconf 88' lang='lat' dir='ltr'><strong>nomine</strong></span> <span class='ocrx_word' id='word_1_246' title='bbox 2622 1244 2764 1315; x_wconf 91' lang='lat' dir='ltr'><strong>quod</strong></span> <span class='ocrx_word' id='word_1_247' title='bbox 2817 1244 3110 1308; x_wconf 83' lang='lat' dir='ltr'><strong>habemus,</strong></span> <span class='ocrx_word' id='word_1_248' title='bbox 3157 1259 3262 1298; x_wconf 87' lang='lat' dir='ltr'><strong>neu</strong></span> <span class='ocrx_word' id='word_1_249' title='bbox 3295 1242 3648 1313; x_wconf 89' lang='lat' dir='ltr'><strong>supplicium,</strong></span> <span class='ocrx_word' id='word_1_250' title='bbox 3697 1241 3804 1297; x_wconf 86' lang='lat' dir='ltr'><strong>sed</strong></span> 
     </span>
    </p>
   </div>
   <div class='ocr_carea' id='block_1_36' title="bbox 2196 1337 3805 1409">
    <p class='ocr_par' dir='ltr' id='par_1_36' title="bbox 2196 1337 3805 1409">
     <span class='ocr_line' id='line_1_36' title="bbox 2196 1337 3805 1409; baseline 0 -17"><span class='ocrx_word' id='word_1_251' title='bbox 2196 1339 2474 1409; x_wconf 84' lang='lat' dir='ltr'><strong>praemium</strong></span> <span class='ocrx_word' id='word_1_252' title='bbox 2521 1353 2936 1408; x_wconf 88' lang='lat' dir='ltr'><strong>consequamur.</strong></span> <span class='ocrx_word' id='word_1_253' title='bbox 2971 1337 3105 1405; x_wconf 88' lang='lat' dir='ltr'><strong>Quia</strong></span> <span class='ocrx_word' id='word_1_254' title='bbox 3142 1352 3271 1409; x_wconf 86' lang='lat' dir='ltr'><strong>ergo</strong></span> <span class='ocrx_word' id='word_1_255' title='bbox 3322 1337 3373 1391; x_wconf 93' lang='lat' dir='ltr'><strong>in</strong></span> <span class='ocrx_word' id='word_1_256' title='bbox 3417 1337 3500 1391; x_wconf 91' lang='lat' dir='ltr'><strong>his</strong></span> <span class='ocrx_word' id='word_1_257' title='bbox 3545 1337 3805 1392; x_wconf 90' lang='lat' dir='ltr'><strong>omnibus</strong></span> 
     </span>
    </p>
   </div>
   <div class='ocr_carea' id='block_1_37' title="bbox 2193 1428 3808 1501">
    <p class='ocr_par' dir='ltr' id='par_1_37' title="bbox 2193 1428 3808 1501">
     <span class='ocr_line' id='line_1_37' title="bbox 2193 1428 3808 1501; baseline -0.001 -15"><span class='ocrx_word' id='word_1_258' title='bbox 2193 1432 2391 1487; x_wconf 72' lang='lat' dir='ltr'><strong>divina:</strong></span> <span class='ocrx_word' id='word_1_259' title='bbox 2441 1431 2626 1501; x_wconf 75' lang='lat' dir='ltr'><strong>gratiae</strong></span> <span class='ocrx_word' id='word_1_260' title='bbox 2679 1431 3008 1498; x_wconf 88' lang='lat' dir='ltr'><strong>adjutorium</strong></span> <span class='ocrx_word' id='word_1_261' title='bbox 3064 1444 3199 1499; x_wconf 89' lang='lat' dir='ltr'><strong>opus</strong></span> <span class='ocrx_word' id='word_1_262' title='bbox 3249 1438 3362 1491; x_wconf 89' lang='lat' dir='ltr'><strong>est,</strong></span> <span class='ocrx_word' id='word_1_263' title='bbox 3410 1428 3808 1500; x_wconf 82' lang='lat' dir='ltr'><strong>omnipotentis</strong></span> 
     </span>
    </p>
   </div>
   <div class='ocr_carea' id='block_1_38' title="bbox 2196 1522 3807 1592">
    <p class='ocr_par' dir='ltr' id='par_1_38' title="bbox 2196 1522 3807 1592">
     <span class='ocr_line' id='line_1_38' title="bbox 2196 1522 3807 1592; baseline -0.002 -14"><span class='ocrx_word' id='word_1_264' title='bbox 2196 1523 2324 1586; x_wconf 89' lang='lat' dir='ltr'><strong>Dei,</strong></span> <span class='ocrx_word' id='word_1_265' title='bbox 2354 1522 2584 1578; x_wconf 86' lang='lat' dir='ltr'><strong>assiduis</strong></span> <span class='ocrx_word' id='word_1_266' title='bbox 2631 1523 2883 1591; x_wconf 87' lang='lat' dir='ltr'><strong>precibus</strong></span> <span class='ocrx_word' id='word_1_267' title='bbox 2911 1522 3255 1578; x_wconf 90' lang='lat' dir='ltr'><strong>clementiam</strong></span> <span class='ocrx_word' id='word_1_268' title='bbox 3305 1537 3594 1576; x_wconf 85' lang='lat' dir='ltr'><strong>exoremus</strong></span> <span class='ocrx_word' id='word_1_269' title='bbox 3615 1563 3630 1586; x_wconf 90' lang='lat'><strong>,</strong></span> <span class='ocrx_word' id='word_1_270' title='bbox 3661 1535 3807 1592; x_wconf 88' lang='lat' dir='ltr'><strong>qua-</strong></span> 
     </span>
    </p>
   </div>
   <div class='ocr_carea' id='block_1_39' title="bbox 2196 1613 3810 1684">
    <p class='ocr_par' dir='ltr' id='par_1_39' title="bbox 2196 1613 3810 1684">
     <span class='ocr_line' id='line_1_39' title="bbox 2196 1613 3810 1684; baseline -0.001 -14"><span class='ocrx_word' id='word_1_271' title='bbox 2196 1625 2353 1670; x_wconf 90' lang='lat' dir='ltr'><strong>tenus</strong></span> <span class='ocrx_word' id='word_1_272' title='bbox 2393 1613 2458 1668; x_wconf 91' lang='lat' dir='ltr'><strong>ad</strong></span> <span class='ocrx_word' id='word_1_273' title='bbox 2493 1614 2608 1669; x_wconf 73' lang='lat' dir='ltr'><strong>hzec</strong></span> <span class='ocrx_word' id='word_1_274' title='bbox 2640 1615 2795 1670; x_wconf 90' lang='lat' dir='ltr'><strong>nobis</strong></span> <span class='ocrx_word' id='word_1_275' title='bbox 2837 1615 3143 1684; x_wconf 78' lang='lat' dir='ltr'><strong>operando,</strong></span> <span class='ocrx_word' id='word_1_276' title='bbox 3192 1622 3245 1668; x_wconf 90' lang='lat' dir='ltr'><strong>et</strong></span> <span class='ocrx_word' id='word_1_277' title='bbox 3289 1613 3424 1669; x_wconf 88' lang='lat' dir='ltr'><strong>velle</strong></span> <span class='ocrx_word' id='word_1_278' title='bbox 3463 1613 3694 1678; x_wconf 89' lang='lat' dir='ltr'><strong>tribuat,</strong></span> <span class='ocrx_word' id='word_1_279' title='bbox 3741 1620 3810 1668; x_wconf 85' lang='lat' dir='ltr'><strong>et</strong></span> 
     </span>
    </p>
   </div>
   <div class='ocr_carea' id='block_1_40' title="bbox 2193 1706 3807 1780">
    <p class='ocr_par' dir='ltr' id='par_1_40' title="bbox 2193 1706 3807 1780">
     <span class='ocr_line' id='line_1_40' title="bbox 2193 1706 3807 1780; baseline -0.001 -16"><span class='ocrx_word' id='word_1_280' title='bbox 2193 1725 2353 1780; x_wconf 81' lang='lat' dir='ltr'><strong>posse</strong></span> <span class='ocrx_word' id='word_1_281' title='bbox 2383 1709 2678 1775; x_wconf 87' lang='lat' dir='ltr'><strong>concedat,</strong></span> <span class='ocrx_word' id='word_1_282' title='bbox 2707 1719 2865 1778; x_wconf 88' lang='lat' dir='ltr'><strong>atque</strong></span> <span class='ocrx_word' id='word_1_283' title='bbox 2893 1709 2945 1762; x_wconf 91' lang='lat' dir='ltr'><strong>in</strong></span> <span class='ocrx_word' id='word_1_284' title='bbox 2985 1724 3048 1762; x_wconf 90' lang='lat' dir='ltr'><strong>ea</strong></span> <span class='ocrx_word' id='word_1_285' title='bbox 3092 1723 3189 1762; x_wconf 90' lang='lat' dir='ltr'><strong>nos</strong></span> <span class='ocrx_word' id='word_1_286' title='bbox 3219 1708 3335 1772; x_wconf 86' lang='lat' dir='ltr'><strong>via,</strong></span> <span class='ocrx_word' id='word_1_287' title='bbox 3381 1722 3504 1762; x_wconf 91' lang='lat' dir='ltr'><strong>cum</strong></span> <span class='ocrx_word' id='word_1_288' title='bbox 3537 1706 3807 1762; x_wconf 89' lang='lat' dir='ltr'><strong>fructibus</strong></span> 
     </span>
    </p>
   </div>
   <div class='ocr_carea' id='block_1_41' title="bbox 2195 1803 3808 1874">
    <p class='ocr_par' dir='ltr' id='par_1_41' title="bbox 2195 1803 3808 1874">
     <span class='ocr_line' id='line_1_41' title="bbox 2195 1803 3808 1874; baseline -0.001 -16"><span class='ocrx_word' id='word_1_289' title='bbox 2195 1803 2319 1858; x_wconf 89' lang='lat' dir='ltr'><strong>boui</strong></span> <span class='ocrx_word' id='word_1_290' title='bbox 2361 1804 2539 1874; x_wconf 89' lang='lat' dir='ltr'><strong>operis</strong></span> <span class='ocrx_word' id='word_1_291' title='bbox 2561 1844 2575 1868; x_wconf 94' lang='lat'><strong>,</strong></span> <span class='ocrx_word' id='word_1_292' title='bbox 2607 1818 2766 1872; x_wconf 89' lang='lat' dir='ltr'><strong>quam</strong></span> <span class='ocrx_word' id='word_1_293' title='bbox 2797 1817 2857 1858; x_wconf 90' lang='lat' dir='ltr'><strong>se</strong></span> <span class='ocrx_word' id='word_1_294' title='bbox 2889 1811 3072 1872; x_wconf 85' lang='lat' dir='ltr'><strong>pastor</strong></span> <span class='ocrx_word' id='word_1_295' title='bbox 3102 1809 3378 1872; x_wconf 90' lang='lat' dir='ltr'><strong>pastorum</strong></span> <span class='ocrx_word' id='word_1_296' title='bbox 3415 1815 3537 1855; x_wconf 87' lang='lat' dir='ltr'><strong>esse</strong></span> <span class='ocrx_word' id='word_1_297' title='bbox 3569 1809 3808 1856; x_wconf 88' lang='lat' dir='ltr'><strong>testatus</strong></span> 
     </span>
    </p>
   </div>
   <div class='ocr_carea' id='block_1_42' title="bbox 2196 1890 3804 1966">
    <p class='ocr_par' dir='ltr' id='par_1_42' title="bbox 2196 1890 3804 1966">
     <span class='ocr_line' id='line_1_42' title="bbox 2196 1890 3804 1966; baseline -0.004 -14"><span class='ocrx_word' id='word_1_298' title='bbox 2196 1906 2308 1963; x_wconf 90' lang='lat' dir='ltr'><strong>est,</strong></span> <span class='ocrx_word' id='word_1_299' title='bbox 2355 1897 2566 1966; x_wconf 86' lang='lat' dir='ltr'><strong>dirigat,</strong></span> <span class='ocrx_word' id='word_1_300' title='bbox 2623 1905 2681 1950; x_wconf 94' lang='lat' dir='ltr'><strong>ut</strong></span> <span class='ocrx_word' id='word_1_301' title='bbox 2721 1895 2838 1952; x_wconf 90' lang='lat' dir='ltr'><strong>sine</strong></span> <span class='ocrx_word' id='word_1_302' title='bbox 2879 1910 2986 1966; x_wconf 91' lang='lat' dir='ltr'><strong>quo</strong></span> <span class='ocrx_word' id='word_1_303' title='bbox 3035 1896 3168 1950; x_wconf 82' lang='lat' dir='ltr'><strong>nihil</strong></span> <span class='ocrx_word' id='word_1_304' title='bbox 3211 1909 3371 1965; x_wconf 88' lang='lat' dir='ltr'><strong>agere</strong></span> <span class='ocrx_word' id='word_1_305' title='bbox 3409 1908 3694 1964; x_wconf 91' lang='lat' dir='ltr'><strong>possumus</strong></span> <span class='ocrx_word' id='word_1_306' title='bbox 3752 1890 3804 1960; x_wconf 70' lang='grc' dir='ltr'><strong>ί,</strong></span> 
     </span>
    </p>
   </div>
   <div class='ocr_carea' id='block_1_43' title="bbox 2197 1983 3804 2058">
    <p class='ocr_par' dir='ltr' id='par_1_43' title="bbox 2197 1983 3804 2058">
     <span class='ocr_line' id='line_1_43' title="bbox 2197 1983 3804 2058; baseline -0.003 -13"><span class='ocrx_word' id='word_1_307' title='bbox 2197 2005 2293 2058; x_wconf 89' lang='lat' dir='ltr'><strong>per</strong></span> <span class='ocrx_word' id='word_1_308' title='bbox 2341 1989 2517 2058; x_wconf 88' lang='lat' dir='ltr'><strong>ipsum</strong></span> <span class='ocrx_word' id='word_1_309' title='bbox 2565 1988 2793 2058; x_wconf 87' lang='lat' dir='ltr'><strong>implere</strong></span> <span class='ocrx_word' id='word_1_310' title='bbox 2841 1988 3021 2042; x_wconf 88' lang='lat' dir='ltr'><strong>omnia</strong></span> <span class='ocrx_word' id='word_1_311' title='bbox 3072 1987 3371 2042; x_wconf 82' lang='lat' dir='ltr'><strong>valeamus.</strong></span> <span class='ocrx_word' id='word_1_312' title='bbox 3416 1987 3546 2040; x_wconf 92' lang='lat' dir='ltr'><strong>Data</strong></span> <span class='ocrx_word' id='word_1_313' title='bbox 3602 2001 3634 2036; x_wconf 89' lang='lat' dir='ltr'><strong>v</strong></span> <span class='ocrx_word' id='word_1_314' title='bbox 3675 1983 3804 2040; x_wconf 84' lang='lat' dir='ltr'><strong>ldus</strong></span> 
     </span>
    </p>
   </div>
   <div class='ocr_carea' id='block_1_44' title="bbox 2199 2080 3803 2153">
    <p class='ocr_par' dir='ltr' id='par_1_44' title="bbox 2199 2080 3803 2153">
     <span class='ocr_line' id='line_1_44' title="bbox 2199 2080 3803 2153; baseline -0.002 -14"><span class='ocrx_word' id='word_1_315' title='bbox 2199 2082 2625 2153; x_wconf 81' lang='lat' dir='ltr'><strong>septembris(2)</strong></span> <span class='ocrx_word' id='word_1_316' title='bbox 2672 2081 2894 2138; x_wconf 90' lang='lat' dir='ltr'><strong>Claudio</strong></span> <span class='ocrx_word' id='word_1_317' title='bbox 2935 2092 2989 2138; x_wconf 88' lang='lat' dir='ltr'><strong>et</strong></span> <span class='ocrx_word' id='word_1_318' title='bbox 3037 2080 3269 2138; x_wconf 89' lang='lat' dir='ltr'><strong>Paterno</strong></span> <span class='ocrx_word' id='word_1_319' title='bbox 3311 2082 3442 2138; x_wconf 89' lang='lat' dir='ltr'><strong>viris</strong></span> <span class='ocrx_word' id='word_1_320' title='bbox 3485 2080 3803 2137; x_wconf 91' lang='lat' dir='ltr'><strong>clarissimis</strong></span> 
     </span>
    </p>
   </div>
   <div class='ocr_carea' id='block_1_45' title="bbox 2200 2173 2642 2246">
    <p class='ocr_par' dir='ltr' id='par_1_45' title="bbox 2200 2173 2642 2246">
     <span class='ocr_line' id='line_1_45' title="bbox 2200 2173 2642 2246; baseline -0.002 -15"><span class='ocrx_word' id='word_1_321' title='bbox 2200 2175 2511 2232; x_wconf 90' lang='lat' dir='ltr'><strong>consulibus</strong></span> <span class='ocrx_word' id='word_1_322' title='bbox 2542 2173 2642 2246; x_wconf 76' lang='grc'>(5).</span> 
     </span>
    </p>
   </div>
   <div class='ocr_carea' id='block_1_46' title="bbox 2195 2399 3807 2476">
    <p class='ocr_par' dir='ltr' id='par_1_46' title="bbox 2195 2399 3807 2476">
     <span class='ocr_line' id='line_1_46' title="bbox 2195 2399 3807 2476; baseline 0.001 -20"><span class='ocrx_word' id='word_1_323' title='bbox 2195 2405 2455 2476; x_wconf 63' lang='lat' dir='ltr'><strong>insignem</strong></span> <span class='ocrx_word' id='word_1_324' title='bbox 2509 2405 2724 2476; x_wconf 80' lang='lat' dir='ltr'><strong>scripsit</strong></span> <span class='ocrx_word' id='word_1_325' title='bbox 2753 2403 3035 2474; x_wconf 88' lang='lat' dir='ltr'><strong>epistolam</strong></span> <span class='ocrx_word' id='word_1_326' title='bbox 3065 2403 3263 2474; x_wconf 45' lang='lat' dir='ltr'><strong>in‘qua</strong></span> <span class='ocrx_word' id='word_1_327' title='bbox 3316 2403 3561 2476; x_wconf 79' lang='lat' dir='ltr'><strong>anitatem</strong></span> <span class='ocrx_word' id='word_1_328' title='bbox 3603 2399 3703 2456; x_wconf 92' lang='lat' dir='ltr'><strong>Dei</strong></span> <span class='ocrx_word' id='word_1_329' title='bbox 3745 2403 3807 2476; x_wconf 80' lang='lat' dir='ltr'><strong>in</strong></span> 
     </span>
    </p>
   </div>
   <div class='ocr_carea' id='block_1_47' title="bbox 2193 2475 3805 2545">
    <p class='ocr_par' dir='ltr' id='par_1_47' title="bbox 2193 2475 3805 2545">
     <span class='ocr_line' id='line_1_47' title="bbox 2193 2475 3805 2545; baseline -0.002 -16"><span class='ocrx_word' id='word_1_330' title='bbox 2193 2475 2445 2531; x_wconf 79' lang='lat' dir='ltr'><strong>Trinitate</strong></span> <span class='ocrx_word' id='word_1_331' title='bbox 2470 2486 2516 2530; x_wconf 86' lang='lat' dir='ltr'><strong>et</strong></span> <span class='ocrx_word' id='word_1_332' title='bbox 2542 2475 2848 2530; x_wconf 84' lang='lat' dir='ltr'><strong>Trinitatem</strong></span> <span class='ocrx_word' id='word_1_333' title='bbox 2878 2478 2930 2529; x_wconf 86' lang='lat' dir='ltr'><strong>in</strong></span> <span class='ocrx_word' id='word_1_334' title='bbox 2958 2477 3156 2530; x_wconf 80' lang='lat' dir='ltr'><strong>unitate</strong></span> <span class='ocrx_word' id='word_1_335' title='bbox 3175 2476 3391 2545; x_wconf 82' lang='lat' dir='ltr'><strong>egregie</strong></span> <span class='ocrx_word' id='word_1_336' title='bbox 3420 2475 3805 2530; x_wconf 81' lang='lat' dir='ltr'><strong>conformavit.</strong></span> 
     </span>
    </p>
   </div>
   <div class='ocr_carea' id='block_1_48' title="bbox 2192 2546 3815 2604">
    <p class='ocr_par' dir='ltr' id='par_1_48' title="bbox 2192 2546 3815 2604">
     <span class='ocr_line' id='line_1_48' title="bbox 2192 2546 3815 2604; baseline 0 -2"><span class='ocrx_word' id='word_1_337' title='bbox 2192 2547 2406 2603; x_wconf 90' lang='lat' dir='ltr'><strong>Utinam</strong></span> <span class='ocrx_word' id='word_1_338' title='bbox 2447 2565 2508 2602; x_wconf 88' lang='lat' dir='ltr'><strong>ea</strong></span> <span class='ocrx_word' id='word_1_339' title='bbox 2553 2564 2694 2602; x_wconf 88' lang='lat' dir='ltr'><strong>nunc</strong></span> <span class='ocrx_word' id='word_1_340' title='bbox 2734 2549 2950 2602; x_wconf 89' lang='lat' dir='ltr'><strong>adesset</strong></span> <span class='ocrx_word' id='word_1_341' title='bbox 2989 2548 3055 2603; x_wconf 90' lang='lat' dir='ltr'><strong>ad</strong></span> <span class='ocrx_word' id='word_1_342' title='bbox 3097 2546 3426 2603; x_wconf 85' lang='lat' dir='ltr'><strong>refellendos</strong></span> <span class='ocrx_word' id='word_1_343' title='bbox 3457 2561 3627 2604; x_wconf 90' lang='lat' dir='ltr'><strong>novos</strong></span> <span class='ocrx_word' id='word_1_344' title='bbox 3657 2555 3815 2602; x_wconf 81' lang='lat' dir='ltr'><strong>vete-</strong></span> 
     </span>
    </p>
   </div>
   <div class='ocr_carea' id='block_1_49' title="bbox 2195 2620 3110 2691">
    <p class='ocr_par' dir='ltr' id='par_1_49' title="bbox 2195 2620 3110 2691">
     <span class='ocr_line' id='line_1_49' title="bbox 2195 2620 3110 2691; baseline 0 -16"><span class='ocrx_word' id='word_1_345' title='bbox 2195 2636 2392 2691; x_wconf 89' lang='lat' dir='ltr'><strong>resque</strong></span> <span class='ocrx_word' id='word_1_346' title='bbox 2423 2620 2657 2676; x_wconf 82' lang='lat' dir='ltr'><strong>Arianos</strong></span> <span class='ocrx_word' id='word_1_347' title='bbox 2675 2630 2729 2676; x_wconf 90' lang='lat' dir='ltr'><strong>et</strong></span> <span class='ocrx_word' id='word_1_348' title='bbox 2751 2620 3110 2676; x_wconf 88' lang='lat' dir='ltr'><strong>Sabellianos.</strong></span> 
     </span>
    </p>
   </div>
   <div class='ocr_carea' id='block_1_50' title="bbox 1687 2826 2532 2887">
    <p class='ocr_par' dir='ltr' id='par_1_50' title="bbox 1687 2826 2532 2887">
     <span class='ocr_line' id='line_1_50' title="bbox 1687 2826 2532 2887; baseline -0.005 -2"><span class='ocrx_word' id='word_1_349' title='bbox 1687 2829 2068 2887; x_wconf 85' lang='lat' dir='ltr'><strong>LECTIONES</strong></span> <span class='ocrx_word' id='word_1_350' title='bbox 2110 2826 2532 2886; x_wconf 63' lang='lat' dir='ltr'><strong>VAIHANTES.</strong></span> 
     </span>
    </p>
   </div>
   <div class='ocr_carea' id='block_1_51' title="bbox 487 2945 1095 3010">
    <p class='ocr_par' dir='ltr' id='par_1_51' title="bbox 487 2945 1095 3010">
     <span class='ocr_line' id='line_1_51' title="bbox 487 2945 1095 3010; baseline -0.007 -10"><span class='ocrx_word' id='word_1_351' title='bbox 487 2953 509 3010; x_wconf 58' lang='grc' dir='ltr'><strong><em>ἶ</em></strong></span> <span class='ocrx_word' id='word_1_352' title='bbox 552 2950 578 3010; x_wconf 59' lang='lat' dir='ltr'>F‘</span> <span class='ocrx_word' id='word_1_353' title='bbox 614 2945 1095 3000; x_wconf 77' lang='lat' dir='ltr'><strong>Consulendo&#39;Labb.</strong></span> 
     </span>
    </p>
   </div>
   <div class='ocr_carea' id='block_1_52' title="bbox 549 3009 1027 3071">
    <p class='ocr_par' dir='ltr' id='par_1_52' title="bbox 549 3009 1027 3071">
     <span class='ocr_line' id='line_1_52' title="bbox 549 3009 1027 3071; baseline -0.002 -10"><span class='ocrx_word' id='word_1_354' title='bbox 549 3009 578 3048; x_wconf 75' lang='grc' dir='ltr'><strong>ι)</strong></span> <span class='ocrx_word' id='word_1_355' title='bbox 604 3012 852 3071; x_wconf 84' lang='lat' dir='ltr'><strong>Tumidos,</strong></span> <span class='ocrx_word' id='word_1_356' title='bbox 882 3011 1027 3060; x_wconf 82' lang='lat' dir='ltr'><strong>Labb.</strong></span> 
     </span>
    </p>
   </div>
   <div class='ocr_carea' id='block_1_53' title="bbox 553 3072 1019 3135">
    <p class='ocr_par' dir='ltr' id='par_1_53' title="bbox 553 3072 1019 3135">
     <span class='ocr_line' id='line_1_53' title="bbox 553 3072 1019 3135; baseline -0.004 -11"><span class='ocrx_word' id='word_1_357' title='bbox 553 3078 574 3106; x_wconf 83' lang='lat'><em>°</em></span> <span class='ocrx_word' id='word_1_358' title='bbox 601 3073 850 3135; x_wconf 85' lang='lat' dir='ltr'><strong>Hortatur,</strong></span> <span class='ocrx_word' id='word_1_359' title='bbox 877 3072 1019 3123; x_wconf 84' lang='lat' dir='ltr'><strong>Labb.</strong></span> 
     </span>
    </p>
   </div>
   <div class='ocr_carea' id='block_1_54' title="bbox 2260 2945 2698 2996">
    <p class='ocr_par' dir='ltr' id='par_1_54' title="bbox 2260 2945 2698 2996">
     <span class='ocr_line' id='line_1_54' title="bbox 2260 2945 2698 2996; baseline 0 -2"><span class='ocrx_word' id='word_1_360' title='bbox 2260 2945 2285 2984; x_wconf 81' lang='lat' dir='ltr'><strong>d</strong></span> <span class='ocrx_word' id='word_1_361' title='bbox 2320 2945 2558 2996; x_wconf 85' lang='lat' dir='ltr'><strong>Dcctores</strong></span> <span class='ocrx_word' id='word_1_362' title='bbox 2581 2945 2698 2995; x_wconf 87' lang='lat' dir='ltr'><strong>Lab.</strong></span> 
     </span>
    </p>
   </div>
   <div class='ocr_carea' id='block_1_55' title="bbox 2263 3006 2735 3069">
    <p class='ocr_par' dir='ltr' id='par_1_55' title="bbox 2263 3006 2735 3069">
     <span class='ocr_line' id='line_1_55' title="bbox 2263 3006 2735 3069; baseline 0 -11"><span class='ocrx_word' id='word_1_363' title='bbox 2263 3013 2286 3039; x_wconf 76' lang='grc' dir='ltr'>ο</span> <span class='ocrx_word' id='word_1_364' title='bbox 2312 3011 2411 3058; x_wconf 84' lang='lat' dir='ltr'><strong>Per</strong></span> <span class='ocrx_word' id='word_1_365' title='bbox 2430 3011 2592 3069; x_wconf 87' lang='lat' dir='ltr'><strong>devia,</strong></span> <span class='ocrx_word' id='word_1_366' title='bbox 2622 3006 2735 3058; x_wconf 86' lang='lat' dir='ltr'><strong>Lab.</strong></span> 
     </span>
    </p>
   </div>
   <div class='ocr_carea' id='block_1_56' title="bbox 2265 3069 3149 3134">
    <p class='ocr_par' dir='ltr' id='par_1_56' title="bbox 2265 3069 3149 3134">
     <span class='ocr_line' id='line_1_56' title="bbox 2265 3069 3149 3134; baseline -0.003 -13"><span class='ocrx_word' id='word_1_367' title='bbox 2265 3069 2284 3109; x_wconf 77' lang='grc' dir='ltr'>ῐ</span> <span class='ocrx_word' id='word_1_368' title='bbox 2326 3072 2516 3122; x_wconf 83' lang='lat' dir='ltr'><strong>Facere</strong></span> <span class='ocrx_word' id='word_1_369' title='bbox 2540 3071 2662 3122; x_wconf 86' lang='lat' dir='ltr'><strong>nihil</strong></span> <span class='ocrx_word' id='word_1_370' title='bbox 2685 3073 3005 3134; x_wconf 78' lang='lat' dir='ltr'><strong>assurgimus,</strong></span> <span class='ocrx_word' id='word_1_371' title='bbox 3035 3069 3149 3121; x_wconf 80' lang='lat' dir='ltr'><strong>Lab.</strong></span> 
     </span>
    </p>
   </div>
   <div class='ocr_carea' id='block_1_57' title="bbox 3075 3265 3640 3276">
    <p class='ocr_par' dir='ltr' id='par_1_57' title="bbox 3075 3265 3640 3276">
     <span class='ocr_line' id='line_1_57' title="bbox 3075 3265 3640 3276; baseline -0.005 1"><span class='ocrx_word' id='word_1_372' title='bbox 3075 3268 3163 3276; x_wconf 71' lang='grc'><strong>-.-</strong></span> <span class='ocrx_word' id='word_1_373' title='bbox 3177 3267 3214 3274; x_wconf 61' lang='grc' dir='ltr'><strong>.ρ</strong></span> <span class='ocrx_word' id='word_1_374' title='bbox 3231 3265 3640 3274; x_wconf 69' lang='lat'><strong>__.——.—-—_</strong></span> 
     </span>
    </p>
   </div>
   <div class='ocr_carea' id='block_1_58' title="bbox 567 3395 3734 3542">
    <p class='ocr_par' dir='ltr' id='par_1_58' title="bbox 567 3395 3734 3542">
     <span class='ocr_line' id='line_1_58' title="bbox 567 3395 3734 3542; baseline -0.003 -25"><span class='ocrx_word' id='word_1_375' title='bbox 567 3406 807 3518; x_wconf 77' lang='lat' dir='ltr'><strong>DE</strong></span> <span class='ocrx_word' id='word_1_376' title='bbox 861 3404 1014 3520; x_wconf 73' lang='grc' dir='ltr'><strong>ε.</strong></span> <span class='ocrx_word' id='word_1_377' title='bbox 1101 3405 1740 3523; x_wconf 73' lang='lat' dir='ltr'><strong>FELICE</strong></span> <span class='ocrx_word' id='word_1_378' title='bbox 1829 3400 2626 3520; x_wconf 72' lang='lat' dir='ltr'><strong>ROMANO</strong></span> <span class='ocrx_word' id='word_1_379' title='bbox 2686 3395 3734 3542; x_wconf 72' lang='lat' dir='ltr'><strong>PONTIFICE,</strong></span> 
     </span>
    </p>
   </div>
   <div class='ocr_carea' id='block_1_59' title="bbox 1819 3597 2523 3658">
    <p class='ocr_par' dir='ltr' id='par_1_59' title="bbox 1819 3597 2523 3658">
     <span class='ocr_line' id='line_1_59' title="bbox 1819 3597 2523 3658; baseline -0.01 0"><span class='ocrx_word' id='word_1_380' title='bbox 1819 3601 2098 3658; x_wconf 83' lang='lat' dir='ltr'><strong>NOTITIA</strong></span> <span class='ocrx_word' id='word_1_381' title='bbox 2137 3597 2523 3657; x_wconf 82' lang='lat' dir='ltr'><strong>HlSTORlCA.</strong></span> 
     </span>
    </p>
   </div>
   <div class='ocr_carea' id='block_1_60' title="bbox 1823 3754 2479 3787">
    <p class='ocr_par' dir='ltr' id='par_1_60' title="bbox 1823 3754 2479 3787">
     <span class='ocr_line' id='line_1_60' title="bbox 1823 3754 2479 3787; baseline -0.002 -2"><span class='ocrx_word' id='word_1_382' title='bbox 1823 3754 2479 3787; x_wconf 50' lang='grc' dir='ltr'><strong>..κθ-</strong></span> 
     </span>
    </p>
   </div>
   <div class='ocr_carea' id='block_1_61' title="bbox 565 3887 3821 3979">
    <p class='ocr_par' dir='ltr' id='par_1_61' title="bbox 565 3887 3821 3979">
     <span class='ocr_line' id='line_1_61' title="bbox 565 3887 3821 3979; baseline -0.005 -13"><span class='ocrx_word' id='word_1_383' title='bbox 565 3907 716 3966; x_wconf 75' lang='lat' dir='ltr'><strong>Felix</strong></span> <span class='ocrx_word' id='word_1_384' title='bbox 739 3907 817 3979; x_wconf 64' lang='lat' dir='ltr'><strong>(ﬁt</strong></span> <span class='ocrx_word' id='word_1_385' title='bbox 865 3905 1142 3976; x_wconf 70' lang='lat' dir='ltr'><strong>Pontifex,</strong></span> <span class='ocrx_word' id='word_1_386' title='bbox 1174 3900 1438 3957; x_wconf 84' lang='lat' dir='ltr'><strong>Romanus</strong></span> <span class='ocrx_word' id='word_1_387' title='bbox 1486 3915 1621 3955; x_wconf 90' lang='lat' dir='ltr'><strong>anno</strong></span> <span class='ocrx_word' id='word_1_388' title='bbox 1663 3897 1793 3964; x_wconf 87' lang='lat'><strong>269,</strong></span> <span class='ocrx_word' id='word_1_389' title='bbox 1819 3896 1901 3952; x_wconf 86' lang='lat' dir='ltr'><strong>die</strong></span> <span class='ocrx_word' id='word_1_390' title='bbox 1924 3895 1995 3950; x_wconf 90' lang='lat'><strong>28</strong></span> <span class='ocrx_word' id='word_1_391' title='bbox 2023 3894 2098 3948; x_wconf 82' lang='lat' dir='ltr'><strong>vel</strong></span> <span class='ocrx_word' id='word_1_392' title='bbox 2123 3893 2170 3958; x_wconf 89' lang='lat' dir='ltr'><strong>C</strong></span> <span class='ocrx_word' id='word_1_393' title='bbox 2203 3898 2418 3959; x_wconf 87' lang='lat' dir='ltr'><strong>straret,</strong></span> <span class='ocrx_word' id='word_1_394' title='bbox 2469 3887 2758 3946; x_wconf 88' lang='lat' dir='ltr'><strong>Sabellium</strong></span> <span class='ocrx_word' id='word_1_395' title='bbox 2788 3890 3111 3947; x_wconf 81' lang='lat' dir='ltr'><strong>confutaret.</strong></span> <span class='ocrx_word' id='word_1_396' title='bbox 3165 3890 3355 3948; x_wconf 85' lang='lat' dir='ltr'><strong>Eidem</strong></span> <span class='ocrx_word' id='word_1_397' title='bbox 3387 3892 3550 3948; x_wconf 87' lang='lat' dir='ltr'><strong>ritum</strong></span> <span class='ocrx_word' id='word_1_398' title='bbox 3579 3892 3821 3950; x_wconf 86' lang='lat' dir='ltr'><strong>faciendi</strong></span> 
     </span>
    </p>
   </div>
   <div class='ocr_carea' id='block_1_62' title="bbox 485 3989 2102 4066">
    <p class='ocr_par' dir='ltr' id='par_1_62' title="bbox 485 3989 2102 4066">
     <span class='ocr_line' id='line_1_62' title="bbox 485 3989 2102 4066; baseline -0.011 -4"><span class='ocrx_word' id='word_1_399' title='bbox 485 4006 550 4063; x_wconf 75' lang='lat'><strong>3|</strong></span> <span class='ocrx_word' id='word_1_400' title='bbox 589 4001 889 4058; x_wconf 83' lang='lat' dir='ltr'><strong>decembris.</strong></span> <span class='ocrx_word' id='word_1_401' title='bbox 942 4028 1014 4040; x_wconf 82' lang='grc'><strong>--</strong></span> <span class='ocrx_word' id='word_1_402' title='bbox 1052 3995 1208 4052; x_wconf 82' lang='lat' dir='ltr'><strong>Felix</strong></span> <span class='ocrx_word' id='word_1_403' title='bbox 1258 3995 1426 4066; x_wconf 88' lang='lat' dir='ltr'><strong>patria</strong></span> <span class='ocrx_word' id='word_1_404' title='bbox 1473 3994 1750 4049; x_wconf 84' lang='lat' dir='ltr'><strong>Romanus</strong></span> <span class='ocrx_word' id='word_1_405' title='bbox 1799 3989 2102 4045; x_wconf 87' lang='lat' dir='ltr'><strong>Constantii</strong></span> 
     </span>
    </p>
   </div>
   <div class='ocr_carea' id='block_1_63' title="bbox 487 4083 2093 4162">
    <p class='ocr_par' dir='ltr' id='par_1_63' title="bbox 487 4083 2093 4162">
     <span class='ocr_line' id='line_1_63' title="bbox 487 4083 2093 4162; baseline -0.012 -8"><span class='ocrx_word' id='word_1_406' title='bbox 487 4099 629 4154; x_wconf 88' lang='lat' dir='ltr'><strong>filius</strong></span> <span class='ocrx_word' id='word_1_407' title='bbox 658 4096 747 4152; x_wconf 89' lang='lat' dir='ltr'><strong>die</strong></span> <span class='ocrx_word' id='word_1_408' title='bbox 769 4094 841 4150; x_wconf 88' lang='lat'><strong>28</strong></span> <span class='ocrx_word' id='word_1_409' title='bbox 878 4093 962 4149; x_wconf 92' lang='lat' dir='ltr'><strong>vel</strong></span> <span class='ocrx_word' id='word_1_410' title='bbox 995 4101 1272 4162; x_wconf 91' lang='lat' dir='ltr'><strong>postremo</strong></span> <span class='ocrx_word' id='word_1_411' title='bbox 1296 4089 1422 4144; x_wconf 92' lang='lat' dir='ltr'><strong>anni</strong></span> <span class='ocrx_word' id='word_1_412' title='bbox 1449 4087 1578 4151; x_wconf 87' lang='lat'><strong>269,</strong></span> <span class='ocrx_word' id='word_1_413' title='bbox 1629 4088 1681 4140; x_wconf 91' lang='lat' dir='ltr'><strong>in</strong></span> <span class='ocrx_word' id='word_1_414' title='bbox 1730 4083 1968 4154; x_wconf 83' lang='lat' dir='ltr'><strong>Dionysii</strong></span> <span class='ocrx_word' id='word_1_415' title='bbox 2015 4083 2093 4136; x_wconf 85' lang='lat' dir='ltr'><strong>lo-</strong></span> 
     </span>
    </p>
   </div>
   <div class='ocr_carea' id='block_1_64' title="bbox 487 4176 2100 4255">
    <p class='ocr_par' dir='ltr' id='par_1_64' title="bbox 487 4176 2100 4255">
     <span class='ocr_line' id='line_1_64' title="bbox 487 4176 2100 4255; baseline -0.012 -6"><span class='ocrx_word' id='word_1_416' title='bbox 487 4208 608 4249; x_wconf 89' lang='lat' dir='ltr'><strong>cum</strong></span> <span class='ocrx_word' id='word_1_417' title='bbox 654 4188 979 4245; x_wconf 88' lang='lat' dir='ltr'><strong>substitutus</strong></span> <span class='ocrx_word' id='word_1_418' title='bbox 1021 4193 1106 4242; x_wconf 88' lang='lat' dir='ltr'><strong>est</strong></span> <span class='ocrx_word' id='word_1_419' title='bbox 1143 4183 1246 4255; x_wconf 89' lang='lat' dir='ltr'><strong>(l).</strong></span> <span class='ocrx_word' id='word_1_420' title='bbox 1287 4182 1384 4237; x_wconf 92' lang='lat' dir='ltr'><strong>llic</strong></span> <span class='ocrx_word' id='word_1_421' title='bbox 1415 4181 1670 4235; x_wconf 88' lang='lat' dir='ltr'><strong>insistens</strong></span> <span class='ocrx_word' id='word_1_422' title='bbox 1686 4176 2100 4249; x_wconf 61' lang='lat' dir='ltr'><strong>praedecessoris</strong></span> 
     </span>
    </p>
   </div>
   <div class='ocr_carea' id='block_1_65' title="bbox 487 4271 2101 4354">
    <p class='ocr_par' dir='ltr' id='par_1_65' title="bbox 487 4271 2101 4354">
     <span class='ocr_line' id='line_1_65' title="bbox 487 4271 2101 4354; baseline -0.011 -12"><span class='ocrx_word' id='word_1_423' title='bbox 487 4287 572 4342; x_wconf 91' lang='lat' dir='ltr'><strong>sui</strong></span> <span class='ocrx_word' id='word_1_424' title='bbox 615 4282 860 4354; x_wconf 83' lang='lat' dir='ltr'><strong>vestigiis</strong></span> <span class='ocrx_word' id='word_1_425' title='bbox 906 4279 1041 4335; x_wconf 90' lang='lat' dir='ltr'><strong>nihil</strong></span> <span class='ocrx_word' id='word_1_426' title='bbox 1089 4276 1362 4346; x_wconf 90' lang='lat' dir='ltr'><strong>antiquius</strong></span> <span class='ocrx_word' id='word_1_427' title='bbox 1403 4274 1612 4338; x_wconf 87' lang='lat' dir='ltr'><strong>habuit,</strong></span> <span class='ocrx_word' id='word_1_428' title='bbox 1661 4288 1819 4344; x_wconf 90' lang='lat' dir='ltr'><strong>quam</strong></span> <span class='ocrx_word' id='word_1_429' title='bbox 1866 4271 2101 4327; x_wconf 61' lang='lat' dir='ltr'><strong>haereses</strong></span> 
     </span>
    </p>
   </div>
   <div class='ocr_carea' id='block_1_66' title="bbox 486 4354 2098 4450">
    <p class='ocr_par' dir='ltr' id='par_1_66' title="bbox 486 4354 2098 4450">
     <span class='ocr_line' id='line_1_66' title="bbox 486 4354 2098 4450; baseline -0.011 -14"><span class='ocrx_word' id='word_1_430' title='bbox 486 4383 827 4450; x_wconf 85' lang='lat' dir='ltr'><strong>insurgentes</strong></span> <span class='ocrx_word' id='word_1_431' title='bbox 875 4371 1282 4429; x_wconf 88' lang='lat' dir='ltr'><strong>in.Ecclesiam</strong></span> <span class='ocrx_word' id='word_1_432' title='bbox 1351 4367 1658 4440; x_wconf 84' lang='lat' dir='ltr'><strong>proﬂigare.</strong></span> <span class='ocrx_word' id='word_1_433' title='bbox 1737 4354 2098 4434; x_wconf 85' lang='lat' dir='ltr'><strong>Quamobrem</strong></span> 
     </span>
    </p>
   </div>
   <div class='ocr_carea' id='block_1_67' title="bbox 487 4455 2101 4529">
    <p class='ocr_par' dir='ltr' id='par_1_67' title="bbox 487 4455 2101 4529">
     <span class='ocr_line' id='line_1_67' title="bbox 487 4455 2101 4529; baseline -0.012 -1"><span class='ocrx_word' id='word_1_434' title='bbox 487 4489 611 4529; x_wconf 93' lang='lat' dir='ltr'><strong>cum</strong></span> <span class='ocrx_word' id='word_1_435' title='bbox 659 4483 851 4525; x_wconf 90' lang='lat' dir='ltr'><strong>recens</strong></span> <span class='ocrx_word' id='word_1_436' title='bbox 908 4474 1056 4522; x_wconf 91' lang='lat' dir='ltr'><strong>esset</strong></span> <span class='ocrx_word' id='word_1_437' title='bbox 1099 4463 1294 4518; x_wconf 86' lang='lat' dir='ltr'><strong>vulnus</strong></span> <span class='ocrx_word' id='word_1_438' title='bbox 1325 4477 1352 4515; x_wconf 86' lang='lat' dir='ltr'><strong>a</strong></span> <span class='ocrx_word' id='word_1_439' title='bbox 1382 4459 1550 4515; x_wconf 89' lang='lat' dir='ltr'><strong>Paulo</strong></span> <span class='ocrx_word' id='word_1_440' title='bbox 1581 4458 1933 4514; x_wconf 83' lang='lat' dir='ltr'><strong>Samosateno</strong></span> <span class='ocrx_word' id='word_1_441' title='bbox 1964 4455 2101 4509; x_wconf 58' lang='lat' dir='ltr'><strong>intli-</strong></span> 
     </span>
    </p>
   </div>
   <div class='ocr_carea' id='block_1_68' title="bbox 491 4550 2101 4624">
    <p class='ocr_par' dir='ltr' id='par_1_68' title="bbox 491 4550 2101 4624">
     <span class='ocr_line' id='line_1_68' title="bbox 491 4550 2101 4624; baseline -0.011 -1"><span class='ocrx_word' id='word_1_442' title='bbox 491 4579 636 4624; x_wconf 84' lang='lat' dir='ltr'><strong>ctum</strong></span> <span class='ocrx_word' id='word_1_443' title='bbox 661 4561 945 4621; x_wconf 70' lang='lat' dir='ltr'><strong>Catholicae</strong></span> <span class='ocrx_word' id='word_1_444' title='bbox 972 4557 1212 4623; x_wconf 84' lang='lat' dir='ltr'><strong>veritati,</strong></span> <span class='ocrx_word' id='word_1_445' title='bbox 1265 4554 1492 4612; x_wconf 90' lang='lat' dir='ltr'><strong>necdum</strong></span> <span class='ocrx_word' id='word_1_446' title='bbox 1527 4553 1753 4608; x_wconf 90' lang='lat' dir='ltr'><strong>obducta</strong></span> <span class='ocrx_word' id='word_1_447' title='bbox 1783 4551 2001 4607; x_wconf 82' lang='lat' dir='ltr'><strong>cicatrix</strong></span> <span class='ocrx_word' id='word_1_448' title='bbox 2034 4550 2101 4605; x_wconf 92' lang='lat' dir='ltr'><strong>de</strong></span> 
     </span>
    </p>
   </div>
   <div class='ocr_carea' id='block_1_69' title="bbox 488 4645 2098 4727">
    <p class='ocr_par' dir='ltr' id='par_1_69' title="bbox 488 4645 2098 4727">
     <span class='ocr_line' id='line_1_69' title="bbox 488 4645 2098 4727; baseline -0.011 -10"><span class='ocrx_word' id='word_1_449' title='bbox 488 4676 673 4718; x_wconf 89' lang='lat' dir='ltr'><strong>errore</strong></span> <span class='ocrx_word' id='word_1_450' title='bbox 705 4657 946 4724; x_wconf 89' lang='lat' dir='ltr'><strong>Sabellii,</strong></span> <span class='ocrx_word' id='word_1_451' title='bbox 978 4656 1096 4727; x_wconf 89' lang='lat' dir='ltr'><strong>ipse</strong></span> <span class='ocrx_word' id='word_1_452' title='bbox 1142 4653 1210 4708; x_wconf 90' lang='lat' dir='ltr'><strong>de</strong></span> <span class='ocrx_word' id='word_1_453' title='bbox 1240 4651 1359 4708; x_wconf 90' lang='lat' dir='ltr'><strong>Filii</strong></span> <span class='ocrx_word' id='word_1_454' title='bbox 1396 4650 1489 4706; x_wconf 91' lang='lat' dir='ltr'><strong>Dei</strong></span> <span class='ocrx_word' id='word_1_455' title='bbox 1533 4648 1834 4713; x_wconf 86' lang='lat' dir='ltr'><strong>divinitate,</strong></span> <span class='ocrx_word' id='word_1_456' title='bbox 1862 4661 1923 4702; x_wconf 88' lang='lat' dir='ltr'><strong>ac</strong></span> <span class='ocrx_word' id='word_1_457' title='bbox 1953 4645 2098 4716; x_wconf 91' lang='lat' dir='ltr'><strong>pari-</strong></span> 
     </span>
    </p>
   </div>
   <div class='ocr_carea' id='block_1_70' title="bbox 490 4740 2100 4819">
    <p class='ocr_par' dir='ltr' id='par_1_70' title="bbox 490 4740 2100 4819">
     <span class='ocr_line' id='line_1_70' title="bbox 490 4740 2100 4819; baseline -0.011 -9"><span class='ocrx_word' id='word_1_458' title='bbox 490 4765 574 4810; x_wconf 88' lang='lat' dir='ltr'><strong>ter</strong></span> <span class='ocrx_word' id='word_1_459' title='bbox 601 4755 956 4819; x_wconf 88' lang='lat' dir='ltr'><strong>humanitate,</strong></span> <span class='ocrx_word' id='word_1_460' title='bbox 1003 4747 1320 4818; x_wconf 89' lang='lat' dir='ltr'><strong>naturisque</strong></span> <span class='ocrx_word' id='word_1_461' title='bbox 1367 4744 1574 4799; x_wconf 91' lang='lat' dir='ltr'><strong>duabus</strong></span> <span class='ocrx_word' id='word_1_462' title='bbox 1625 4742 1677 4797; x_wconf 92' lang='lat' dir='ltr'><strong>in</strong></span> <span class='ocrx_word' id='word_1_463' title='bbox 1728 4756 1832 4796; x_wconf 88' lang='lat' dir='ltr'><strong>una</strong></span> <span class='ocrx_word' id='word_1_464' title='bbox 1864 4740 2100 4795; x_wconf 88' lang='lat' dir='ltr'><strong>Persona</strong></span> 
     </span>
    </p>
   </div>
   <div class='ocr_carea' id='block_1_71' title="bbox 489 4831 2100 4907">
    <p class='ocr_par' dir='ltr' id='par_1_71' title="bbox 489 4831 2100 4907">
     <span class='ocr_line' id='line_1_71' title="bbox 489 4831 2100 4907; baseline -0.011 -5"><span class='ocrx_word' id='word_1_465' title='bbox 489 4845 758 4902; x_wconf 83' lang='lat' dir='ltr'><strong>distinctis</strong></span> <span class='ocrx_word' id='word_1_466' title='bbox 813 4842 880 4897; x_wconf 89' lang='lat' dir='ltr'><strong>ad</strong></span> <span class='ocrx_word' id='word_1_467' title='bbox 937 4841 1230 4896; x_wconf 79' lang='lat' dir='ltr'><strong>Maximum</strong></span> <span class='ocrx_word' id='word_1_468' title='bbox 1299 4838 1611 4907; x_wconf 90' lang='lat' dir='ltr'><strong>episcopum</strong></span> <span class='ocrx_word' id='word_1_469' title='bbox 1688 4831 2100 4889; x_wconf 78' lang='lat' dir='ltr'><strong>alexandrinum</strong></span> 
     </span>
    </p>
   </div>
   <div class='ocr_carea' id='block_1_72' title="bbox 494 4937 744 5009">
    <p class='ocr_par' dir='ltr' id='par_1_72' title="bbox 494 4937 744 5009">
     <span class='ocr_line' id='line_1_72' title="bbox 494 4937 744 5009; baseline -0.02 -15"><span class='ocrx_word' id='word_1_470' title='bbox 494 4937 744 5009; x_wconf 84' lang='lat' dir='ltr'><strong>Dionysii</strong></span> 
     </span>
    </p>
   </div>
   <div class='ocr_carea' id='block_1_73' title="bbox 487 5017 2095 5102">
    <p class='ocr_par' dir='ltr' id='par_1_73' title="bbox 487 5017 2095 5102">
     <span class='ocr_line' id='line_1_73' title="bbox 487 5017 2095 5102; baseline -0.012 -13"><span class='ocrx_word' id='word_1_471' title='bbox 487 5029 710 5102; x_wconf 90' lang='lat' dir='ltr'><strong>ancipiti</strong></span> <span class='ocrx_word' id='word_1_472' title='bbox 730 5027 910 5099; x_wconf 83' lang='lat' dir='ltr'><strong>gladio</strong></span> <span class='ocrx_word' id='word_1_473' title='bbox 928 5037 1210 5095; x_wconf 88' lang='lat' dir='ltr'><strong>utramque</strong></span> <span class='ocrx_word' id='word_1_474' title='bbox 1230 5022 1479 5077; x_wconf 85' lang='lat' dir='ltr'><strong>haeresim</strong></span> <span class='ocrx_word' id='word_1_475' title='bbox 1502 5035 1608 5075; x_wconf 93' lang='lat' dir='ltr'><strong>uno</strong></span> <span class='ocrx_word' id='word_1_476' title='bbox 1626 5020 1731 5075; x_wconf 88' lang='lat' dir='ltr'><strong>ictu</strong></span> <span class='ocrx_word' id='word_1_477' title='bbox 1748 5017 2054 5074; x_wconf 72' lang='lat' dir='ltr'><strong>confederet</strong></span> <span class='ocrx_word' id='word_1_478' title='bbox 2081 5032 2095 5081; x_wconf 89' lang='lat'><strong>;</strong></span> 
     </span>
    </p>
   </div>
   <div class='ocr_carea' id='block_1_74' title="bbox 490 5111 2098 5183">
    <p class='ocr_par' dir='ltr' id='par_1_74' title="bbox 490 5111 2098 5183">
     <span class='ocr_line' id='line_1_74' title="bbox 490 5111 2098 5183; baseline -0.011 0"><span class='ocrx_word' id='word_1_479' title='bbox 490 5136 549 5183; x_wconf 91' lang='lat' dir='ltr'><strong>ut</strong></span> <span class='ocrx_word' id='word_1_480' title='bbox 572 5126 700 5182; x_wconf 92' lang='lat' dir='ltr'><strong>dum</strong></span> <span class='ocrx_word' id='word_1_481' title='bbox 729 5126 781 5180; x_wconf 91' lang='lat' dir='ltr'><strong>in</strong></span> <span class='ocrx_word' id='word_1_482' title='bbox 807 5123 1026 5180; x_wconf 87' lang='lat' dir='ltr'><strong>Christo</strong></span> <span class='ocrx_word' id='word_1_483' title='bbox 1058 5129 1304 5175; x_wconf 89' lang='lat' dir='ltr'><strong>naturam</strong></span> <span class='ocrx_word' id='word_1_484' title='bbox 1335 5125 1661 5172; x_wconf 89' lang='lat' dir='ltr'><strong>monstraret</strong></span> <span class='ocrx_word' id='word_1_485' title='bbox 1689 5115 1922 5168; x_wconf 78' lang='lat' dir='ltr'><strong>divinam</strong></span> <span class='ocrx_word' id='word_1_486' title='bbox 1957 5111 2098 5166; x_wconf 85' lang='lat' dir='ltr'><strong>indi-</strong></span> 
     </span>
    </p>
   </div>
   <div class='ocr_carea' id='block_1_75' title="bbox 491 5206 2101 5284">
    <p class='ocr_par' dir='ltr' id='par_1_75' title="bbox 491 5206 2101 5284">
     <span class='ocr_line' id='line_1_75' title="bbox 491 5206 2101 5284; baseline -0.009 -10"><span class='ocrx_word' id='word_1_487' title='bbox 491 5220 606 5276; x_wconf 89' lang='lat' dir='ltr'><strong>vise</strong></span> <span class='ocrx_word' id='word_1_488' title='bbox 635 5216 956 5275; x_wconf 85' lang='lat' dir='ltr'><strong>humanitati</strong></span> <span class='ocrx_word' id='word_1_489' title='bbox 988 5213 1353 5284; x_wconf 72' lang='lat' dir='ltr'><strong>coniunctam,</strong></span> <span class='ocrx_word' id='word_1_490' title='bbox 1387 5210 1539 5268; x_wconf 89' lang='lat' dir='ltr'><strong>Pauli</strong></span> <span class='ocrx_word' id='word_1_491' title='bbox 1567 5207 1815 5264; x_wconf 59' lang='lat' dir='ltr'><strong>ha&#39;resim</strong></span> <span class='ocrx_word' id='word_1_492' title='bbox 1844 5206 2101 5262; x_wconf 88' lang='lat' dir='ltr'><strong>condem-</strong></span> 
     </span>
    </p>
   </div>
   <div class='ocr_carea' id='block_1_76' title="bbox 490 5301 2101 5374">
    <p class='ocr_par' dir='ltr' id='par_1_76' title="bbox 490 5301 2101 5374">
     <span class='ocr_line' id='line_1_76' title="bbox 490 5301 2101 5374; baseline -0.009 -5"><span class='ocrx_word' id='word_1_493' title='bbox 490 5322 650 5369; x_wconf 87' lang='lat' dir='ltr'><strong>naret</strong></span> <span class='ocrx_word' id='word_1_494' title='bbox 703 5330 715 5368; x_wconf 92' lang='lat'><strong>:</strong></span> <span class='ocrx_word' id='word_1_495' title='bbox 759 5310 887 5366; x_wconf 93' lang='lat' dir='ltr'><strong>dum</strong></span> <span class='ocrx_word' id='word_1_496' title='bbox 921 5322 1051 5365; x_wconf 88' lang='lat' dir='ltr'><strong>vero</strong></span> <span class='ocrx_word' id='word_1_497' title='bbox 1081 5307 1372 5364; x_wconf 88' lang='lat' dir='ltr'><strong>humanam</strong></span> <span class='ocrx_word' id='word_1_498' title='bbox 1401 5306 1453 5359; x_wconf 94' lang='lat' dir='ltr'><strong>in</strong></span> <span class='ocrx_word' id='word_1_499' title='bbox 1487 5305 1679 5360; x_wconf 89' lang='lat' dir='ltr'><strong>eodem</strong></span> <span class='ocrx_word' id='word_1_500' title='bbox 1706 5301 2027 5374; x_wconf 87' lang='lat' dir='ltr'><strong>praedicaret</strong></span> <span class='ocrx_word' id='word_1_501' title='bbox 2071 5317 2101 5355; x_wconf 90' lang='lat' dir='ltr'><strong>a</strong></span> 
     </span>
    </p>
   </div>
   <div class='ocr_carea' id='block_1_77' title="bbox 490 5394 2101 5474">
    <p class='ocr_par' dir='ltr' id='par_1_77' title="bbox 490 5394 2101 5474">
     <span class='ocr_line' id='line_1_77' title="bbox 490 5394 2101 5474; baseline -0.007 -13"><span class='ocrx_word' id='word_1_502' title='bbox 490 5405 677 5461; x_wconf 80' lang='lat' dir='ltr'><strong>divina</strong></span> <span class='ocrx_word' id='word_1_503' title='bbox 708 5420 831 5461; x_wconf 91' lang='lat' dir='ltr'><strong>esse</strong></span> <span class='ocrx_word' id='word_1_504' title='bbox 860 5411 1068 5458; x_wconf 74' lang='lat' dir='ltr'><strong>natura:</strong></span> <span class='ocrx_word' id='word_1_505' title='bbox 1097 5401 1425 5474; x_wconf 84' lang='lat' dir='ltr'><strong>proprietate</strong></span> <span class='ocrx_word' id='word_1_506' title='bbox 1452 5397 1781 5461; x_wconf 87' lang='lat' dir='ltr'><strong>distinctam,</strong></span> <span class='ocrx_word' id='word_1_507' title='bbox 1828 5405 1882 5450; x_wconf 91' lang='lat' dir='ltr'><strong>et</strong></span> <span class='ocrx_word' id='word_1_508' title='bbox 1908 5394 2101 5449; x_wconf 72' lang='lat' dir='ltr'><strong>divinm</strong></span> 
     </span>
    </p>
   </div>
   <div class='ocr_carea' id='block_1_78' title="bbox 489 5487 2096 5564">
    <p class='ocr_par' dir='ltr' id='par_1_78' title="bbox 489 5487 2096 5564">
     <span class='ocr_line' id='line_1_78' title="bbox 489 5487 2096 5564; baseline -0.008 -9"><span class='ocrx_word' id='word_1_509' title='bbox 489 5497 807 5555; x_wconf 77' lang='lat' dir='ltr'><strong>substantia:</strong></span> <span class='ocrx_word' id='word_1_510' title='bbox 837 5497 891 5552; x_wconf 90' lang='lat' dir='ltr'><strong>in</strong></span> <span class='ocrx_word' id='word_1_511' title='bbox 921 5495 1095 5551; x_wconf 89' lang='lat' dir='ltr'><strong>tribus</strong></span> <span class='ocrx_word' id='word_1_512' title='bbox 1139 5492 1389 5564; x_wconf 90' lang='lat' dir='ltr'><strong>personis</strong></span> <span class='ocrx_word' id='word_1_513' title='bbox 1436 5488 1838 5546; x_wconf 87' lang='lat' dir='ltr'><strong>subsistentiam</strong></span> <span class='ocrx_word' id='word_1_514' title='bbox 1871 5487 2096 5542; x_wconf 87' lang='lat' dir='ltr'><strong>demon-</strong></span> 
     </span>
    </p>
   </div>
   <div class='ocr_carea' id='block_1_79' title="bbox 567 5620 2095 5704">
    <p class='ocr_par' dir='ltr' id='par_1_79' title="bbox 567 5620 2095 5704">
     <span class='ocr_line' id='line_1_79' title="bbox 567 5620 2095 5704; baseline -0.008 -17"><span class='ocrx_word' id='word_1_515' title='bbox 567 5632 645 5704; x_wconf 93' lang='lat' dir='ltr'><strong>(I)</strong></span> <span class='ocrx_word' id='word_1_516' title='bbox 673 5631 872 5686; x_wconf 85' lang='lat' dir='ltr'><strong>Euseb.</strong></span> <span class='ocrx_word' id='word_1_517' title='bbox 899 5631 1039 5686; x_wconf 78' lang='lat' dir='ltr'><strong>Hist.</strong></span> <span class='ocrx_word' id='word_1_518' title='bbox 1067 5630 1280 5704; x_wconf 45' lang='lat' dir='ltr'><strong>coclea”</strong></span> <span class='ocrx_word' id='word_1_519' title='bbox 1315 5627 1560 5704; x_wconf 33' lang='grc' dir='ltr'><strong>Ῑίὺᾏγη,</strong></span> <span class='ocrx_word' id='word_1_520' title='bbox 1611 5638 1743 5704; x_wconf 77' lang='lat' dir='ltr'><strong>cap._</strong></span> <span class='ocrx_word' id='word_1_521' title='bbox 1895 5630 1947 5704; x_wconf 78' lang='lat' dir='ltr'><strong>et</strong></span> <span class='ocrx_word' id='word_1_522' title='bbox 1992 5620 2095 5704; x_wconf 73' lang='lat'><strong>32;</strong></span> 
     </span>
    </p>
   </div>
   <div class='ocr_carea' id='block_1_80' title="bbox 491 5692 2099 5781">
    <p class='ocr_par' dir='ltr' id='par_1_80' title="bbox 491 5692 2099 5781">
     <span class='ocr_line' id='line_1_80' title="bbox 491 5692 2099 5781; baseline -0.014 -18"><span class='ocrx_word' id='word_1_523' title='bbox 491 5692 705 5776; x_wconf 75' lang='lat' dir='ltr'><strong>Pagius,</strong></span> <span class='ocrx_word' id='word_1_524' title='bbox 738 5705 1029 5781; x_wconf 47' lang='lat' dir='ltr'><strong>etiannum</strong></span> <span class='ocrx_word' id='word_1_525' title='bbox 1061 5702 1274 5781; x_wconf 39' lang='grc' dir='ltr'><strong>ἐπε-ιι.</strong></span> <span class='ocrx_word' id='word_1_526' title='bbox 1417 5696 1569 5781; x_wconf 62' lang='grc' dir='ltr'><strong>ξἈνι.</strong></span> <span class='ocrx_word' id='word_1_527' title='bbox 1591 5695 1660 5781; x_wconf 63' lang='grc' dir='ltr'><strong>με</strong></span> <span class='ocrx_word' id='word_1_528' title='bbox 1684 5692 2099 5781; x_wconf 61' lang='lat' dir='ltr'><strong>festio-</strong></span> 
     </span>
    </p>
   </div>
   <div class='ocr_carea' id='block_1_81' title="bbox 494 5765 2093 5910">
    <p class='ocr_par' dir='ltr' id='par_1_81' title="bbox 494 5765 2093 5910">
     <span class='ocr_line' id='line_1_81' title="bbox 494 5765 2093 5910; baseline -0.009 -78"><span class='ocrx_word' id='word_1_529' title='bbox 494 5765 736 5910; x_wconf 46' lang='lat' dir='ltr'><strong>tleéépag.</strong></span> <span class='ocrx_word' id='word_1_530' title='bbox 763 5775 906 5844; x_wconf 70' lang='lat'><strong>243;</strong></span> <span class='ocrx_word' id='word_1_531' title='bbox 949 5765 1263 5842; x_wconf 46' lang='lat' dir='ltr'><strong>Saccare&#39;lli,</strong></span> <span class='ocrx_word' id='word_1_532' title='bbox 1312 5769 1451 5825; x_wconf 78' lang='lat' dir='ltr'><strong>Hist.</strong></span> <span class='ocrx_word' id='word_1_533' title='bbox 1483 5765 1646 5840; x_wconf 83' lang='lat' dir='ltr'><strong>_eccf.,</strong></span> <span class='ocrx_word' id='word_1_534' title='bbox 1683 5774 1815 5820; x_wconf 89' lang='lat' dir='ltr'><strong>tom.</strong></span> <span class='ocrx_word' id='word_1_535' title='bbox 1863 5779 1938 5832; x_wconf 87' lang='lat' dir='ltr'><strong>tv,</strong></span> <span class='ocrx_word' id='word_1_536' title='bbox 1973 5776 2093 5835; x_wconf 85' lang='lat' dir='ltr'><strong>pag.</strong></span> 
     </span>
    </p>
   </div>
   <div class='ocr_carea' id='block_1_82' title="bbox 2201 3983 3824 4062">
    <p class='ocr_par' dir='ltr' id='par_1_82' title="bbox 2201 3983 3824 4062">
     <span class='ocr_line' id='line_1_82' title="bbox 2201 3983 3824 4062; baseline 0.001 -23"><span class='ocrx_word' id='word_1_537' title='bbox 2201 3983 2464 4040; x_wconf 84' lang='lat' dir='ltr'><strong>sacrificia</strong></span> <span class='ocrx_word' id='word_1_538' title='bbox 2491 4000 2649 4055; x_wconf 84' lang='lat' dir='ltr'><strong>supra</strong></span> <span class='ocrx_word' id='word_1_539' title='bbox 2677 3984 2953 4056; x_wconf 80' lang='lat' dir='ltr'><strong>sepulchra</strong></span> <span class='ocrx_word' id='word_1_540' title='bbox 2983 3994 3071 4040; x_wconf 83' lang='lat' dir='ltr'><strong>aut</strong></span> <span class='ocrx_word' id='word_1_541' title='bbox 3097 3986 3366 4040; x_wconf 83' lang='lat' dir='ltr'><strong>memorias</strong></span> <span class='ocrx_word' id='word_1_542' title='bbox 3418 3996 3699 4056; x_wconf 81' lang='lat' dir='ltr'><strong>martyrum</strong></span> <span class='ocrx_word' id='word_1_543' title='bbox 3730 3986 3824 4062; x_wconf 84' lang='lat'><strong>(2)</strong></span> 
     </span>
    </p>
   </div>
   <div class='ocr_carea' id='block_1_83' title="bbox 2277 4122 3823 4198">
    <p class='ocr_par' dir='ltr' id='par_1_83' title="bbox 2277 4122 3823 4198">
     <span class='ocr_line' id='line_1_83' title="bbox 2277 4122 3823 4198; baseline -0.001 -18"><span class='ocrx_word' id='word_1_544' title='bbox 2277 4124 2355 4198; x_wconf 86' lang='lat'><strong>(2)</strong></span> <span class='ocrx_word' id='word_1_545' title='bbox 2383 4125 2572 4198; x_wconf 84' lang='lat' dir='ltr'><strong>Bona,_</strong></span> <span class='ocrx_word' id='word_1_546' title='bbox 2609 4123 2704 4180; x_wconf 90' lang='lat' dir='ltr'><strong>lib.</strong></span> <span class='ocrx_word' id='word_1_547' title='bbox 2737 4123 2944 4198; x_wconf 82' lang='lat' dir='ltr'><strong>1,_Rer.</strong></span> <span class='ocrx_word' id='word_1_548' title='bbox 2965 4124 3442 4198; x_wconf 15' lang='lat' dir='ltr'><strong>iiturg.,_cap.ri9.</strong></span> <span class='ocrx_word' id='word_1_549' title='bbox 3468 4122 3570 4198; x_wconf 83' lang='lat'><strong>§5_.</strong></span> <span class='ocrx_word' id='word_1_550' title='bbox 3603 4122 3680 4178; x_wconf 91' lang='lat' dir='ltr'><strong>De</strong></span> <span class='ocrx_word' id='word_1_551' title='bbox 3702 4122 3823 4198; x_wconf 52' lang='lat' dir='ltr'><strong>lie-</strong></span> 
     </span>
    </p>
   </div>
   <div class='ocr_carea' id='block_1_84' title="bbox 2203 4195 3826 4266">
    <p class='ocr_par' dir='ltr' id='par_1_84' title="bbox 2203 4195 3826 4266">
     <span class='ocr_line' id='line_1_84' title="bbox 2203 4195 3826 4266; baseline 0.001 -15"><span class='ocrx_word' id='word_1_552' title='bbox 2203 4195 2308 4253; x_wconf 85' lang='lat' dir='ltr'><strong>lice</strong></span> <span class='ocrx_word' id='word_1_553' title='bbox 2340 4199 2512 4266; x_wconf 91' lang='lat' dir='ltr'><strong>primo</strong></span> <span class='ocrx_word' id='word_1_554' title='bbox 2542 4196 2766 4250; x_wconf 89' lang='lat' dir='ltr'><strong>Summo</strong></span> <span class='ocrx_word' id='word_1_555' title='bbox 2792 4195 3056 4252; x_wconf 85' lang='lat' dir='ltr'><strong>Pontifice</strong></span> <span class='ocrx_word' id='word_1_556' title='bbox 3087 4195 3274 4250; x_wconf 88' lang='lat' dir='ltr'><strong>scribit</strong></span> <span class='ocrx_word' id='word_1_557' title='bbox 3319 4195 3634 4249; x_wconf 87' lang='lat' dir='ltr'><strong>Anastasius</strong></span> <span class='ocrx_word' id='word_1_558' title='bbox 3665 4211 3678 4245; x_wconf 89' lang='lat'><strong>:</strong></span> <span class='ocrx_word' id='word_1_559' title='bbox 3714 4195 3826 4252; x_wconf 81' lang='lat' dir='ltr'><strong>llic</strong></span> 
     </span>
    </p>
   </div>
   <div class='ocr_carea' id='block_1_85' title="bbox 2204 4267 3824 4338">
    <p class='ocr_par' dir='ltr' id='par_1_85' title="bbox 2204 4267 3824 4338">
     <span class='ocr_line' id='line_1_85' title="bbox 2204 4267 3824 4338; baseline -0.001 -13"><span class='ocrx_word' id='word_1_560' title='bbox 2204 4269 2482 4325; x_wconf 89' lang='lat' dir='ltr'><strong>constituit</strong></span> <span class='ocrx_word' id='word_1_561' title='bbox 2531 4283 2690 4335; x_wconf 89' lang='lat' dir='ltr'><strong>supra</strong></span> <span class='ocrx_word' id='word_1_562' title='bbox 2737 4267 3022 4338; x_wconf 92' lang='lat' dir='ltr'><strong>sepulchra</strong></span> <span class='ocrx_word' id='word_1_563' title='bbox 3069 4277 3161 4321; x_wconf 90' lang='lat' dir='ltr'><strong>aut</strong></span> <span class='ocrx_word' id='word_1_564' title='bbox 3190 4267 3482 4321; x_wconf 84' lang='lat' dir='ltr'><strong>memorias</strong></span> <span class='ocrx_word' id='word_1_565' title='bbox 3513 4275 3824 4338; x_wconf 79' lang='lat' dir='ltr'><strong>martyrum</strong></span> 
     </span>
    </p>
   </div>
   <div class='ocr_carea' id='block_1_86' title="bbox 2205 4337 3821 4409">
    <p class='ocr_par' dir='ltr' id='par_1_86' title="bbox 2205 4337 3821 4409">
     <span class='ocr_line' id='line_1_86' title="bbox 2205 4337 3821 4409; baseline -0.002 -14"><span class='ocrx_word' id='word_1_566' title='bbox 2205 4341 2400 4395; x_wconf 74' lang='lat' dir='ltr'><strong>missas</strong></span> <span class='ocrx_word' id='word_1_567' title='bbox 2429 4339 2714 4406; x_wconf 87' lang='lat' dir='ltr'><strong>celebrari,</strong></span> <span class='ocrx_word' id='word_1_568' title='bbox 2743 4340 2865 4408; x_wconf 85' lang='lat' dir='ltr'><strong>quia</strong></span> <span class='ocrx_word' id='word_1_569' title='bbox 2900 4339 3145 4394; x_wconf 87' lang='lat' dir='ltr'><strong>fortassis</strong></span> <span class='ocrx_word' id='word_1_570' title='bbox 3189 4339 3257 4394; x_wconf 88' lang='lat' dir='ltr'><strong>de</strong></span> <span class='ocrx_word' id='word_1_571' title='bbox 3285 4338 3387 4393; x_wconf 92' lang='lat' dir='ltr'><strong>hoc</strong></span> <span class='ocrx_word' id='word_1_572' title='bbox 3411 4339 3582 4409; x_wconf 82' lang='lat' dir='ltr'><strong>legem</strong></span> <span class='ocrx_word' id='word_1_573' title='bbox 3617 4337 3821 4407; x_wconf 87' lang='lat' dir='ltr'><strong>edidit,</strong></span> 
     </span>
    </p>
   </div>
   <div class='ocr_carea' id='block_1_87' title="bbox 2205 4409 3826 4479">
    <p class='ocr_par' dir='ltr' id='par_1_87' title="bbox 2205 4409 3826 4479">
     <span class='ocr_line' id='line_1_87' title="bbox 2205 4409 3826 4479; baseline 0 -14"><span class='ocrx_word' id='word_1_574' title='bbox 2205 4428 2274 4466; x_wconf 88' lang='lat' dir='ltr'><strong>ne</strong></span> <span class='ocrx_word' id='word_1_575' title='bbox 2299 4411 2453 4466; x_wconf 91' lang='lat' dir='ltr'><strong>aliter</strong></span> <span class='ocrx_word' id='word_1_576' title='bbox 2484 4411 2598 4464; x_wconf 84' lang='lat' dir='ltr'><strong>fieri</strong></span> <span class='ocrx_word' id='word_1_577' title='bbox 2633 4419 2833 4479; x_wconf 86' lang='lat' dir='ltr'><strong>posset.</strong></span> <span class='ocrx_word' id='word_1_578' title='bbox 2867 4409 3004 4465; x_wconf 85' lang='lat' dir='ltr'><strong>Hinc</strong></span> <span class='ocrx_word' id='word_1_579' title='bbox 3033 4409 3456 4466; x_wconf 82' lang='lat' dir='ltr'><strong>existimaverim</strong></span> <span class='ocrx_word' id='word_1_580' title='bbox 3489 4419 3667 4463; x_wconf 89' lang='lat' dir='ltr'><strong>ortum</strong></span> <span class='ocrx_word' id='word_1_581' title='bbox 3698 4425 3826 4464; x_wconf 88' lang='lat' dir='ltr'><strong>mo-</strong></span> 
     </span>
    </p>
   </div>
   <div class='ocr_carea' id='block_1_88' title="bbox 2204 4481 3817 4552">
    <p class='ocr_par' dir='ltr' id='par_1_88' title="bbox 2204 4481 3817 4552">
     <span class='ocr_line' id='line_1_88' title="bbox 2204 4481 3817 4552; baseline 0.001 -16"><span class='ocrx_word' id='word_1_582' title='bbox 2204 4498 2319 4537; x_wconf 88' lang='lat' dir='ltr'><strong>rem</strong></span> <span class='ocrx_word' id='word_1_583' title='bbox 2372 4481 2726 4536; x_wconf 89' lang='lat' dir='ltr'><strong>consecrandi</strong></span> <span class='ocrx_word' id='word_1_584' title='bbox 2779 4481 2965 4536; x_wconf 89' lang='lat' dir='ltr'><strong>altaria</strong></span> <span class='ocrx_word' id='word_1_585' title='bbox 3017 4496 3138 4535; x_wconf 90' lang='lat' dir='ltr'><strong>cum</strong></span> <span class='ocrx_word' id='word_1_586' title='bbox 3191 4481 3435 4552; x_wconf 91' lang='lat' dir='ltr'><strong>reliquiis</strong></span> <span class='ocrx_word' id='word_1_587' title='bbox 3487 4490 3817 4551; x_wconf 83' lang='lat' dir='ltr'><strong>martyrum.</strong></span> 
     </span>
    </p>
   </div>
   <div class='ocr_carea' id='block_1_89' title="bbox 2205 4552 3824 4623">
    <p class='ocr_par' dir='ltr' id='par_1_89' title="bbox 2205 4552 3824 4623">
     <span class='ocr_line' id='line_1_89' title="bbox 2205 4552 3824 4623; baseline -0.001 -16"><span class='ocrx_word' id='word_1_588' title='bbox 2205 4553 2490 4617; x_wconf 88' lang='lat' dir='ltr'><strong>Baronius,</strong></span> <span class='ocrx_word' id='word_1_589' title='bbox 2519 4553 2582 4607; x_wconf 90' lang='lat' dir='ltr'><strong>ad</strong></span> <span class='ocrx_word' id='word_1_590' title='bbox 2610 4568 2808 4607; x_wconf 90' lang='lat' dir='ltr'><strong>annum</strong></span> <span class='ocrx_word' id='word_1_591' title='bbox 2835 4553 3078 4623; x_wconf 75' lang='lat'><strong>275,§2,</strong></span> <span class='ocrx_word' id='word_1_592' title='bbox 3101 4553 3290 4607; x_wconf 90' lang='lat' dir='ltr'><strong>scribit</strong></span> <span class='ocrx_word' id='word_1_593' title='bbox 3322 4570 3333 4606; x_wconf 90' lang='lat'>:</span> <span class='ocrx_word' id='word_1_594' title='bbox 3376 4572 3393 4602; x_wconf 86' lang='grc'><strong><em>‹</em></strong></span> <span class='ocrx_word' id='word_1_595' title='bbox 3431 4552 3706 4623; x_wconf 79' lang='lat' dir='ltr'><strong>Eiusmodi</strong></span> <span class='ocrx_word' id='word_1_596' title='bbox 3732 4553 3824 4606; x_wconf 89' lang='lat' dir='ltr'><strong>in—</strong></span> 
     </span>
    </p>
   </div>
   <div class='ocr_carea' id='block_1_90' title="bbox 2206 4622 3826 4695">
    <p class='ocr_par' dir='ltr' id='par_1_90' title="bbox 2206 4622 3826 4695">
     <span class='ocr_line' id='line_1_90' title="bbox 2206 4622 3826 4695; baseline 0.001 -15"><span class='ocrx_word' id='word_1_597' title='bbox 2206 4625 2539 4680; x_wconf 88' lang='lat' dir='ltr'><strong>stitutionem</strong></span> <span class='ocrx_word' id='word_1_598' title='bbox 2568 4624 2725 4687; x_wconf 75' lang='lat' dir='ltr'><strong>longe</strong></span> <span class='ocrx_word' id='word_1_599' title='bbox 2748 4633 2873 4679; x_wconf 89' lang='lat' dir='ltr'><strong>ante</strong></span> <span class='ocrx_word' id='word_1_600' title='bbox 2898 4622 3096 4679; x_wconf 85' lang='lat' dir='ltr'><strong>Felicis</strong></span> <span class='ocrx_word' id='word_1_601' title='bbox 3119 4639 3269 4695; x_wconf 64' lang='lat' dir='ltr'><strong>papm</strong></span> <span class='ocrx_word' id='word_1_602' title='bbox 3301 4632 3541 4692; x_wconf 90' lang='lat' dir='ltr'><strong>tempora</strong></span> <span class='ocrx_word' id='word_1_603' title='bbox 3567 4622 3826 4682; x_wconf 81' lang='lat' dir='ltr'><strong>Ecclesia</strong></span> 
     </span>
    </p>
   </div>
   <div class='ocr_carea' id='block_1_91' title="bbox 2204 4695 3824 4764">
    <p class='ocr_par' dir='ltr' id='par_1_91' title="bbox 2204 4695 3824 4764">
     <span class='ocr_line' id='line_1_91' title="bbox 2204 4695 3824 4764; baseline -0.001 -13"><span class='ocrx_word' id='word_1_604' title='bbox 2204 4697 2304 4751; x_wconf 89' lang='lat' dir='ltr'><strong>sibi</strong></span> <span class='ocrx_word' id='word_1_605' title='bbox 2336 4695 2637 4750; x_wconf 89' lang='lat' dir='ltr'><strong>vindicat...</strong></span> <span class='ocrx_word' id='word_1_606' title='bbox 2669 4696 2866 4750; x_wconf 84' lang='lat' dir='ltr'><strong>Felicis</strong></span> <span class='ocrx_word' id='word_1_607' title='bbox 2893 4710 3023 4764; x_wconf 86' lang='lat' dir='ltr'><strong>ergo</strong></span> <span class='ocrx_word' id='word_1_608' title='bbox 3066 4695 3344 4750; x_wconf 86' lang='lat' dir='ltr'><strong>decretum</strong></span> <span class='ocrx_word' id='word_1_609' title='bbox 3375 4695 3700 4749; x_wconf 80' lang='lat' dir='ltr'><strong>stabilivisse</strong></span> <span class='ocrx_word' id='word_1_610' title='bbox 3729 4696 3824 4749; x_wconf 81' lang='lat' dir='ltr'><strong>vi-</strong></span> 
     </span>
    </p>
   </div>
   <div class='ocr_carea' id='block_1_92' title="bbox 2205 4765 3822 4838">
    <p class='ocr_par' dir='ltr' id='par_1_92' title="bbox 2205 4765 3822 4838">
     <span class='ocr_line' id='line_1_92' title="bbox 2205 4765 3822 4838; baseline -0.001 -16"><span class='ocrx_word' id='word_1_611' title='bbox 2205 4767 2380 4834; x_wconf 86' lang='lat' dir='ltr'><strong>detur,</strong></span> <span class='ocrx_word' id='word_1_612' title='bbox 2425 4767 2566 4836; x_wconf 90' lang='lat' dir='ltr'><strong>quod</strong></span> <span class='ocrx_word' id='word_1_613' title='bbox 2599 4768 2802 4838; x_wconf 87' lang='lat' dir='ltr'><strong>absque</strong></span> <span class='ocrx_word' id='word_1_614' title='bbox 2844 4768 3046 4834; x_wconf 89' lang='lat' dir='ltr'><strong>scripto</strong></span> <span class='ocrx_word' id='word_1_615' title='bbox 3076 4781 3316 4831; x_wconf 87' lang='lat' dir='ltr'><strong>canone,</strong></span> <span class='ocrx_word' id='word_1_616' title='bbox 3352 4765 3640 4821; x_wconf 86' lang='lat' dir='ltr'><strong>traditione</strong></span> <span class='ocrx_word' id='word_1_617' title='bbox 3689 4777 3822 4821; x_wconf 81' lang='lat' dir='ltr'><strong>tan-</strong></span> 
     </span>
    </p>
   </div>
   <div class='ocr_carea' id='block_1_93' title="bbox 2209 4838 3824 4904">
    <p class='ocr_par' dir='ltr' id='par_1_93' title="bbox 2209 4838 3824 4904">
     <span class='ocr_line' id='line_1_93' title="bbox 2209 4838 3824 4904; baseline 0.002 -12"><span class='ocrx_word' id='word_1_618' title='bbox 2209 4849 2320 4893; x_wconf 91' lang='lat' dir='ltr'><strong>tum</strong></span> <span class='ocrx_word' id='word_1_619' title='bbox 2375 4838 2693 4904; x_wconf 85' lang='lat' dir='ltr'><strong>simpliciter</strong></span> <span class='ocrx_word' id='word_1_620' title='bbox 2737 4847 3063 4893; x_wconf 88' lang='lat' dir='ltr'><strong>servaretur.</strong></span> <span class='ocrx_word' id='word_1_621' title='bbox 3118 4857 3137 4891; x_wconf 80' lang='grc'><strong>»</strong></span> <span class='ocrx_word' id='word_1_622' title='bbox 3196 4839 3250 4893; x_wconf 92' lang='lat' dir='ltr'><strong>In</strong></span> <span class='ocrx_word' id='word_1_623' title='bbox 3306 4839 3405 4892; x_wconf 90' lang='lat' dir='ltr'><strong>hac</strong></span> <span class='ocrx_word' id='word_1_624' title='bbox 3436 4839 3697 4893; x_wconf 85' lang='lat' dir='ltr'><strong>sententia</strong></span> <span class='ocrx_word' id='word_1_625' title='bbox 3728 4847 3824 4895; x_wconf 80' lang='lat' dir='ltr'><strong>est;</strong></span> 
     </span>
    </p>
   </div>
   <div class='ocr_carea' id='block_1_94' title="bbox 796 4909 3821 4999">
    <p class='ocr_par' dir='ltr' id='par_1_94' title="bbox 796 4909 3821 4999">
     <span class='ocr_line' id='line_1_94' title="bbox 796 4909 3821 4999; baseline -0.004 -11"><span class='ocrx_word' id='word_1_626' title='bbox 796 4947 1170 4990; x_wconf 89' lang='lat' dir='ltr'><strong>successorem</strong></span> <span class='ocrx_word' id='word_1_627' title='bbox 1201 4930 1417 4998; x_wconf 90' lang='lat' dir='ltr'><strong>scripsit</strong></span> <span class='ocrx_word' id='word_1_628' title='bbox 1445 4928 1753 4999; x_wconf 89' lang='lat' dir='ltr'><strong>epistolam,</strong></span> <span class='ocrx_word' id='word_1_629' title='bbox 1803 4942 1905 4995; x_wconf 90' lang='lat' dir='ltr'><strong>qua</strong></span> <span class='ocrx_word' id='word_1_630' title='bbox 1936 4923 2099 4978; x_wconf 90' lang='lat' dir='ltr'><strong>veluti</strong></span> <span class='ocrx_word' id='word_1_631' title='bbox 2126 4928 2179 4988; x_wconf 90' lang='lat' dir='ltr'><strong>D</strong></span> <span class='ocrx_word' id='word_1_632' title='bbox 2207 4913 2369 4999; x_wconf 51' lang='lat' dir='ltr'><strong>cui!!!)</strong></span> <span class='ocrx_word' id='word_1_633' title='bbox 2405 4909 2818 4999; x_wconf 16' lang='grc' dir='ltr'><strong>Ἰξίυεςιιρηξίᾲιξξχ</strong></span> <span class='ocrx_word' id='word_1_634' title='bbox 2853 4910 3118 4999; x_wconf 54' lang='grc' dir='ltr'><strong>βξιῖιειᾞπι</strong></span> <span class='ocrx_word' id='word_1_635' title='bbox 3172 4909 3402 4999; x_wconf 28' lang='lat' dir='ltr'><strong>inﬂigit}?</strong></span> <span class='ocrx_word' id='word_1_636' title='bbox 3431 4909 3821 4999; x_wconf 29' lang='grc' dir='ltr'><strong>ξ-ᾨξξιῐξιξῖψξιᾎ</strong></span> 
     </span>
    </p>
   </div>
   <div class='ocr_carea' id='block_1_95' title="bbox 2203 4981 3821 5052">
    <p class='ocr_par' dir='ltr' id='par_1_95' title="bbox 2203 4981 3821 5052">
     <span class='ocr_line' id='line_1_95' title="bbox 2203 4981 3821 5052; baseline 0.001 -15"><span class='ocrx_word' id='word_1_637' title='bbox 2203 4982 2365 5037; x_wconf 86' lang='lat' dir='ltr'><strong>verba</strong></span> <span class='ocrx_word' id='word_1_638' title='bbox 2426 4981 2825 5052; x_wconf 77' lang='lat' dir='ltr'><strong>Apoealypseos</strong></span> <span class='ocrx_word' id='word_1_639' title='bbox 2853 4996 2974 5051; x_wconf 88' lang='lat' dir='ltr'><strong>eap.</strong></span> <span class='ocrx_word' id='word_1_640' title='bbox 3013 4997 3064 5035; x_wconf 75' lang='lat' dir='ltr'><strong>vr</strong></span> <span class='ocrx_word' id='word_1_641' title='bbox 3114 4999 3127 5035; x_wconf 89' lang='lat'><strong>:</strong></span> <span class='ocrx_word' id='word_1_642' title='bbox 3163 5001 3180 5032; x_wconf 87' lang='grc'><strong>‹</strong></span> <span class='ocrx_word' id='word_1_643' title='bbox 3221 4984 3398 5047; x_wconf 78' lang='lat' dir='ltr'><strong>Quare</strong></span> <span class='ocrx_word' id='word_1_644' title='bbox 3428 4981 3536 5036; x_wconf 89' lang='lat' dir='ltr'><strong>vidi</strong></span> <span class='ocrx_word' id='word_1_645' title='bbox 3566 4995 3821 5050; x_wconf 86' lang='lat' dir='ltr'><strong>sumptus</strong></span> 
     </span>
    </p>
   </div>
   <div class='ocr_carea' id='block_1_96' title="bbox 2205 5051 3812 5124">
    <p class='ocr_par' dir='ltr' id='par_1_96' title="bbox 2205 5051 3812 5124">
     <span class='ocr_line' id='line_1_96' title="bbox 2205 5051 3812 5124; baseline -0.003 -15"><span class='ocrx_word' id='word_1_646' title='bbox 2205 5053 2389 5109; x_wconf 86' lang='lat' dir='ltr'><strong>Altare</strong></span> <span class='ocrx_word' id='word_1_647' title='bbox 2410 5051 2503 5107; x_wconf 85' lang='lat' dir='ltr'><strong>Dei</strong></span> <span class='ocrx_word' id='word_1_648' title='bbox 2523 5051 2731 5108; x_wconf 86' lang='lat' dir='ltr'><strong>animas</strong></span> <span class='ocrx_word' id='word_1_649' title='bbox 2748 5053 3149 5124; x_wconf 81' lang='lat' dir='ltr'><strong>interfectorum</strong></span> <span class='ocrx_word' id='word_1_650' title='bbox 3170 5061 3390 5124; x_wconf 88' lang='lat' dir='ltr'><strong>propter</strong></span> <span class='ocrx_word' id='word_1_651' title='bbox 3401 5052 3636 5106; x_wconf 62' lang='lat' dir='ltr'><strong>Verbum</strong></span> <span class='ocrx_word' id='word_1_652' title='bbox 3651 5053 3774 5124; x_wconf 85' lang='lat' dir='ltr'><strong>_l)ci,</strong></span> <span class='ocrx_word' id='word_1_653' title='bbox 3791 5072 3812 5105; x_wconf 78' lang='grc' dir='ltr'><strong>ι</strong></span> 
     </span>
    </p>
   </div>
   <div class='ocr_carea' id='block_1_97' title="bbox 2206 5122 3815 5194">
    <p class='ocr_par' dir='ltr' id='par_1_97' title="bbox 2206 5122 3815 5194">
     <span class='ocr_line' id='line_1_97' title="bbox 2206 5122 3815 5194; baseline -0.001 -14"><span class='ocrx_word' id='word_1_654' title='bbox 2206 5135 2426 5180; x_wconf 90' lang='lat' dir='ltr'><strong>notante</strong></span> <span class='ocrx_word' id='word_1_655' title='bbox 2458 5124 2639 5178; x_wconf 89' lang='lat' dir='ltr'><strong>Bertio</strong></span> <span class='ocrx_word' id='word_1_656' title='bbox 2668 5127 2718 5178; x_wconf 93' lang='lat' dir='ltr'><strong>in</strong></span> <span class='ocrx_word' id='word_1_657' title='bbox 2748 5122 2885 5180; x_wconf 83' lang='lat' dir='ltr'><strong>Hist.</strong></span> <span class='ocrx_word' id='word_1_658' title='bbox 2915 5125 3117 5193; x_wconf 84' lang='lat' dir='ltr'><strong>eccles.,</strong></span> <span class='ocrx_word' id='word_1_659' title='bbox 3144 5122 3275 5178; x_wconf 78' lang='lat' dir='ltr'><strong>tom.</strong></span> <span class='ocrx_word' id='word_1_660' title='bbox 3309 5141 3368 5188; x_wconf 91' lang='grc' dir='ltr'>ιι,</span> <span class='ocrx_word' id='word_1_661' title='bbox 3405 5139 3454 5192; x_wconf 91' lang='lat' dir='ltr'><strong>p.</strong></span> <span class='ocrx_word' id='word_1_662' title='bbox 3487 5125 3614 5186; x_wconf 68' lang='grc'><strong>555,</strong></span> <span class='ocrx_word' id='word_1_663' title='bbox 3643 5122 3670 5194; x_wconf 85' lang='lat'>§</span> <span class='ocrx_word' id='word_1_664' title='bbox 3699 5139 3815 5191; x_wconf 78' lang='lat' dir='ltr'><strong>XIX,</strong></span> 
     </span>
    </p>
   </div>
   <div class='ocr_carea' id='block_1_98' title="bbox 2207 5195 3815 5267">
    <p class='ocr_par' dir='ltr' id='par_1_98' title="bbox 2207 5195 3815 5267">
     <span class='ocr_line' id='line_1_98' title="bbox 2207 5195 3815 5267; baseline -0.001 -16"><span class='ocrx_word' id='word_1_665' title='bbox 2207 5198 2429 5251; x_wconf 91' lang='lat' dir='ltr'><strong>Dissert.</strong></span> <span class='ocrx_word' id='word_1_666' title='bbox 2477 5195 2748 5267; x_wconf 23' lang='lat' dir='ltr'><strong>deWRom.</strong></span> <span class='ocrx_word' id='word_1_667' title='bbox 2783 5195 3065 5263; x_wconf 86' lang='lat' dir='ltr'><strong>Episcop.,</strong></span> <span class='ocrx_word' id='word_1_668' title='bbox 3117 5211 3243 5252; x_wconf 64' lang='lat' dir='ltr'><strong>suae.</strong></span> <span class='ocrx_word' id='word_1_669' title='bbox 3295 5213 3376 5264; x_wconf 90' lang='grc' dir='ltr'>ιιι,</span> <span class='ocrx_word' id='word_1_670' title='bbox 3405 5196 3693 5267; x_wconf 82' lang='lat' dir='ltr'><strong>colligitur</strong></span> <span class='ocrx_word' id='word_1_671' title='bbox 3738 5211 3815 5250; x_wconf 81' lang='lat' dir='ltr'><strong>ex</strong></span> 
     </span>
    </p>
   </div>
   <div class='ocr_carea' id='block_1_99' title="bbox 2206 5265 3818 5336">
    <p class='ocr_par' dir='ltr' id='par_1_99' title="bbox 2206 5265 3818 5336">
     <span class='ocr_line' id='line_1_99' title="bbox 2206 5265 3818 5336; baseline -0.001 -14"><span class='ocrx_word' id='word_1_672' title='bbox 2206 5267 2514 5327; x_wconf 89' lang='lat' dir='ltr'><strong>Ambrosio,</strong></span> <span class='ocrx_word' id='word_1_673' title='bbox 2549 5266 2650 5336; x_wconf 88' lang='lat' dir='ltr'><strong>Ep.</strong></span> <span class='ocrx_word' id='word_1_674' title='bbox 2691 5265 2782 5331; x_wconf 86' lang='lat'><strong>22,</strong></span> <span class='ocrx_word' id='word_1_675' title='bbox 2834 5268 2965 5322; x_wconf 80' lang='lat' dir='ltr'><strong>alias</strong></span> <span class='ocrx_word' id='word_1_676' title='bbox 2992 5269 3081 5332; x_wconf 73' lang='grc'><strong>54,</strong></span> <span class='ocrx_word' id='word_1_677' title='bbox 3111 5281 3165 5322; x_wconf 83' lang='grc' dir='ltr'><strong>ιιι</strong></span> <span class='ocrx_word' id='word_1_678' title='bbox 3189 5269 3302 5321; x_wconf 91' lang='lat' dir='ltr'><strong>ait:</strong></span> <span class='ocrx_word' id='word_1_679' title='bbox 3340 5286 3357 5318; x_wconf 89' lang='grc'><em>‹</em></span> <span class='ocrx_word' id='word_1_680' title='bbox 3393 5265 3697 5330; x_wconf 28' lang='lat' dir='ltr'><strong>Succe‘dant</strong></span> <span class='ocrx_word' id='word_1_681' title='bbox 3728 5266 3818 5321; x_wconf 89' lang='lat' dir='ltr'><strong>vi-</strong></span> 
     </span>
    </p>
   </div>
   <div class='ocr_carea' id='block_1_100' title="bbox 2207 5336 3818 5408">
    <p class='ocr_par' dir='ltr' id='par_1_100' title="bbox 2207 5336 3818 5408">
     <span class='ocr_line' id='line_1_100' title="bbox 2207 5336 3818 5408; baseline 0.002 -17"><span class='ocrx_word' id='word_1_682' title='bbox 2207 5339 2386 5392; x_wconf 84' lang='lat' dir='ltr'><strong>ctimae</strong></span> <span class='ocrx_word' id='word_1_683' title='bbox 2433 5338 2802 5408; x_wconf 76' lang='lat' dir='ltr'><strong>triumphales,</strong></span> <span class='ocrx_word' id='word_1_684' title='bbox 2835 5341 2922 5393; x_wconf 91' lang='lat' dir='ltr'><strong>ubi</strong></span> <span class='ocrx_word' id='word_1_685' title='bbox 2965 5337 3212 5395; x_wconf 88' lang='lat' dir='ltr'><strong>Christus</strong></span> <span class='ocrx_word' id='word_1_686' title='bbox 3241 5339 3412 5393; x_wconf 87' lang='lat' dir='ltr'><strong>hostia</strong></span> <span class='ocrx_word' id='word_1_687' title='bbox 3445 5348 3558 5404; x_wconf 88' lang='lat' dir='ltr'><strong>est;</strong></span> <span class='ocrx_word' id='word_1_688' title='bbox 3593 5337 3688 5392; x_wconf 85' lang='lat' dir='ltr'><strong>sed</strong></span> <span class='ocrx_word' id='word_1_689' title='bbox 3721 5336 3818 5394; x_wconf 87' lang='lat' dir='ltr'><strong>ille</strong></span> 
     </span>
    </p>
   </div>
   <div class='ocr_carea' id='block_1_101' title="bbox 2207 5409 3816 5481">
    <p class='ocr_par' dir='ltr' id='par_1_101' title="bbox 2207 5409 3816 5481">
     <span class='ocr_line' id='line_1_101' title="bbox 2207 5409 3816 5481; baseline 0.001 -18"><span class='ocrx_word' id='word_1_690' title='bbox 2207 5423 2370 5479; x_wconf 91' lang='lat' dir='ltr'><strong>super</strong></span> <span class='ocrx_word' id='word_1_691' title='bbox 2398 5409 2591 5481; x_wconf 84' lang='lat' dir='ltr'><strong>altare,</strong></span> <span class='ocrx_word' id='word_1_692' title='bbox 2625 5411 2713 5478; x_wconf 92' lang='lat' dir='ltr'><strong>qui</strong></span> <span class='ocrx_word' id='word_1_693' title='bbox 2761 5425 2857 5478; x_wconf 88' lang='lat' dir='ltr'><strong>pro</strong></span> <span class='ocrx_word' id='word_1_694' title='bbox 2902 5411 3207 5466; x_wconf 90' lang='lat' dir='ltr'><strong>hominibus</strong></span> <span class='ocrx_word' id='word_1_695' title='bbox 3235 5425 3425 5481; x_wconf 89' lang='lat' dir='ltr'><strong>passus</strong></span> <span class='ocrx_word' id='word_1_696' title='bbox 3454 5419 3557 5474; x_wconf 84' lang='lat' dir='ltr'><strong>est,</strong></span> <span class='ocrx_word' id='word_1_697' title='bbox 3593 5410 3678 5481; x_wconf 90' lang='lat' dir='ltr'><strong>isti</strong></span> <span class='ocrx_word' id='word_1_698' title='bbox 3709 5410 3816 5464; x_wconf 88' lang='lat' dir='ltr'><strong>sub</strong></span> 
     </span>
    </p>
   </div>
   <div class='ocr_carea' id='block_1_102' title="bbox 2204 5479 3817 5554">
    <p class='ocr_par' dir='ltr' id='par_1_102' title="bbox 2204 5479 3817 5554">
     <span class='ocr_line' id='line_1_102' title="bbox 2204 5479 3817 5554; baseline 0.001 -21"><span class='ocrx_word' id='word_1_699' title='bbox 2204 5481 2382 5554; x_wconf 80' lang='lat' dir='ltr'><strong>altari,</strong></span> <span class='ocrx_word' id='word_1_700' title='bbox 2416 5481 2506 5549; x_wconf 87' lang='lat' dir='ltr'><strong>qui</strong></span> <span class='ocrx_word' id='word_1_701' title='bbox 2557 5479 2701 5554; x_wconf 77' lang='lat' dir='ltr'><strong>illius</strong></span> <span class='ocrx_word' id='word_1_702' title='bbox 2733 5481 2994 5551; x_wconf 85' lang='lat' dir='ltr'><strong>redempti</strong></span> <span class='ocrx_word' id='word_1_703' title='bbox 3045 5493 3169 5554; x_wconf 89' lang='lat' dir='ltr'><strong>sunt</strong></span> <span class='ocrx_word' id='word_1_704' title='bbox 3214 5479 3486 5554; x_wconf 82' lang='lat' dir='ltr'><strong>passione.</strong></span> <span class='ocrx_word' id='word_1_705' title='bbox 3517 5499 3538 5533; x_wconf 79' lang='grc' dir='ltr'><strong>ι</strong></span> <span class='ocrx_word' id='word_1_706' title='bbox 3574 5480 3703 5535; x_wconf 77' lang='lat' dir='ltr'><strong>Vide</strong></span> <span class='ocrx_word' id='word_1_707' title='bbox 3757 5491 3817 5535; x_wconf 85' lang='lat' dir='ltr'><strong>et</strong></span> 
     </span>
    </p>
   </div>
   <div class='ocr_carea' id='block_1_103' title="bbox 2207 5551 3816 5620">
    <p class='ocr_par' dir='ltr' id='par_1_103' title="bbox 2207 5551 3816 5620">
     <span class='ocr_line' id='line_1_103' title="bbox 2207 5551 3816 5620; baseline -0.001 -12"><span class='ocrx_word' id='word_1_708' title='bbox 2207 5551 2524 5608; x_wconf 70' lang='lat' dir='ltr'><strong>Sermoinem</strong></span> <span class='ocrx_word' id='word_1_709' title='bbox 2558 5551 2698 5607; x_wconf 88' lang='lat' dir='ltr'><strong>inter</strong></span> <span class='ocrx_word' id='word_1_710' title='bbox 2739 5556 3085 5620; x_wconf 80' lang='lat' dir='ltr'><strong>augustianos</strong></span> <span class='ocrx_word' id='word_1_711' title='bbox 3113 5553 3182 5608; x_wconf 83' lang='lat' dir='ltr'><strong>tle</strong></span> <span class='ocrx_word' id='word_1_712' title='bbox 3208 5551 3329 5619; x_wconf 75' lang='lat'><strong>$5.,</strong></span> <span class='ocrx_word' id='word_1_713' title='bbox 3375 5570 3522 5607; x_wconf 87' lang='lat' dir='ltr'><strong>mnn.</strong></span> <span class='ocrx_word' id='word_1_714' title='bbox 3558 5569 3630 5612; x_wconf 81' lang='lat' dir='ltr'><strong>xl.</strong></span> <span class='ocrx_word' id='word_1_715' title='bbox 3669 5568 3816 5607; x_wconf 87' lang='lat' dir='ltr'><strong>nunc</strong></span> 
     </span>
    </p>
   </div>
   <div class='ocr_carea' id='block_1_104' title="bbox 2205 5620 3816 5694">
    <p class='ocr_par' dir='ltr' id='par_1_104' title="bbox 2205 5620 3816 5694">
     <span class='ocr_line' id='line_1_104' title="bbox 2205 5620 3816 5694; baseline -0.002 -16"><span class='ocrx_word' id='word_1_716' title='bbox 2205 5623 2261 5678; x_wconf 91' lang='lat' dir='ltr'><strong>in</strong></span> <span class='ocrx_word' id='word_1_717' title='bbox 2293 5620 2648 5691; x_wconf 83' lang='lat' dir='ltr'><strong>appendicem</strong></span> <span class='ocrx_word' id='word_1_718' title='bbox 2681 5625 2960 5694; x_wconf 83' lang='lat' dir='ltr'><strong>rejecuun.</strong></span> <span class='ocrx_word' id='word_1_719' title='bbox 2994 5625 3287 5681; x_wconf 89' lang='lat' dir='ltr'><strong>Confirmat</strong></span> <span class='ocrx_word' id='word_1_720' title='bbox 3335 5625 3502 5694; x_wconf 89' lang='lat' dir='ltr'><strong>ipsius</strong></span> <span class='ocrx_word' id='word_1_721' title='bbox 3534 5625 3667 5677; x_wconf 85' lang='lat' dir='ltr'><strong>ritus</strong></span> <span class='ocrx_word' id='word_1_722' title='bbox 3717 5638 3816 5694; x_wconf 80' lang='lat' dir='ltr'><strong>ve-</strong></span> 
     </span>
    </p>
   </div>
   <div class='ocr_carea' id='block_1_105' title="bbox 2205 5693 3814 5766">
    <p class='ocr_par' dir='ltr' id='par_1_105' title="bbox 2205 5693 3814 5766">
     <span class='ocr_line' id='line_1_105' title="bbox 2205 5693 3814 5766; baseline 0.001 -18"><span class='ocrx_word' id='word_1_723' title='bbox 2205 5704 2456 5748; x_wconf 87' lang='lat' dir='ltr'><strong>tustatem</strong></span> <span class='ocrx_word' id='word_1_724' title='bbox 2505 5695 2674 5762; x_wconf 87' lang='lat' dir='ltr'><strong>prisca</strong></span> <span class='ocrx_word' id='word_1_725' title='bbox 2724 5711 3070 5753; x_wconf 91' lang='lat' dir='ltr'><strong>romanorum</strong></span> <span class='ocrx_word' id='word_1_726' title='bbox 3117 5693 3428 5766; x_wconf 77' lang='lat' dir='ltr'><strong>pontificum</strong></span> <span class='ocrx_word' id='word_1_727' title='bbox 3473 5693 3814 5766; x_wconf 85' lang='lat' dir='ltr'><strong>consuetudo</strong></span> 
     </span>
    </p>
   </div>
   <div class='ocr_carea' id='block_1_106' title="bbox 2204 5765 3812 5838">
    <p class='ocr_par' dir='ltr' id='par_1_106' title="bbox 2204 5765 3812 5838">
     <span class='ocr_line' id='line_1_106' title="bbox 2204 5765 3812 5838; baseline 0.001 -18"><span class='ocrx_word' id='word_1_728' title='bbox 2204 5780 2415 5838; x_wconf 64' lang='lat' dir='ltr'><strong>sacrum</strong></span> <span class='ocrx_word' id='word_1_729' title='bbox 2446 5767 2730 5838; x_wconf 85' lang='lat' dir='ltr'><strong>peragendi</strong></span> <span class='ocrx_word' id='word_1_730' title='bbox 2765 5782 2925 5838; x_wconf 90' lang='lat' dir='ltr'><strong>supra</strong></span> <span class='ocrx_word' id='word_1_731' title='bbox 2956 5765 3236 5824; x_wconf 84' lang='lat' dir='ltr'><strong>beatorum</strong></span> <span class='ocrx_word' id='word_1_732' title='bbox 3268 5767 3633 5838; x_wconf 87' lang='lat' dir='ltr'><strong>apostolorum</strong></span> <span class='ocrx_word' id='word_1_733' title='bbox 3661 5765 3812 5838; x_wconf 76' lang='lat' dir='ltr'><strong>Petri</strong></span> 
     </span>
    </p>
   </div>
   <div class='ocr_carea' id='block_1_107' title="bbox 2203 5835 3810 5912">
    <p class='ocr_par' dir='ltr' id='par_1_107' title="bbox 2203 5835 3810 5912">
     <span class='ocr_line' id='line_1_107' title="bbox 2203 5835 3810 5912; baseline -0.001 -18"><span class='ocrx_word' id='word_1_734' title='bbox 2203 5846 2260 5894; x_wconf 85' lang='lat' dir='ltr'><strong>et</strong></span> <span class='ocrx_word' id='word_1_735' title='bbox 2288 5835 2434 5892; x_wconf 87' lang='lat' dir='ltr'><strong>Pauli</strong></span> <span class='ocrx_word' id='word_1_736' title='bbox 2486 5835 2867 5909; x_wconf 52' lang='lat' dir='ltr'><strong>sepulchrum}</strong></span> <span class='ocrx_word' id='word_1_737' title='bbox 2908 5840 3050 5897; x_wconf 90' lang='lat' dir='ltr'><strong>unde</strong></span> <span class='ocrx_word' id='word_1_738' title='bbox 3097 5835 3460 5906; x_wconf 81' lang='lat' dir='ltr'><strong>Hieronymus</strong></span> <span class='ocrx_word' id='word_1_739' title='bbox 3505 5837 3626 5893; x_wconf 88' lang='lat' dir='ltr'><strong>adv.</strong></span> <span class='ocrx_word' id='word_1_740' title='bbox 3659 5835 3810 5912; x_wconf 83' lang='lat' dir='ltr'><strong>Vigi-</strong></span> 
     </span>
    </p>
   </div>
  </div>
