4018 6290
191 391 299 450 157

1225 391 1311 448 DE
1337 393 1393 449 S.
1436 388 1682 481 FELICE
1712 390 1996 465 ROMANO
2036 391 2419 448 PONTIFICE.

3384 396 3486 453 158

180 520 463 583 acceptum
486 510 654 568 refert
675 509 800 566 liber
820 509 1163 579 Pontiﬁcatis.
1191 509 1326 567 Cum
1345 525 1517 567 annos
1543 512 1781 581 quinque
1809 515 1861 570 A
1889 509 2048 580 eique
2073 510 2437 565 Buclteriauus
2459 506 2932 579 Catalogus.’alter
2957 509 3153 582 regina:
3171 511 3490 578 Succorum,

180 605 463 661 catholica:
495 604 752 661 Ecclesia:
786 603 1107 673 praefuisset,
1162 615 1365 675 martyr
1403 604 1640 659 decessit
1682 621 1785 658 sac-

178 699 364 755 viente
389 713 528 753 nona
556 698 816 752 adversus
844 696 1171 751 christianos
1195 697 1593 765 persecutione,
1623 711 1781 766 quam

180 790 438 847 Aurelius
460 803 604 844 anno
629 788 737 843 272
763 803 990 843 exorsus
1013 789 1188 843 fuerat
1215 787 1319 859 (l).

256 882 414 937 Felix-
440 881 644 954 quando
674 891 722 935 et
749 881 992 953 quamdiu
1013 881 1237 936 sederit?
1266 913 1335 921 —
1362 881 1594 938 Felicem
1624 883 1782 953 quin-

179 990 289 1046 que
318 976 471 1031 annis
514 973 810 1030 Ecelesiam
838 973 1166 1045 gubernasse
1196 972 1464 1030 Eusebius
1493 974 1655 1030 tradit
1681 976 1783 1046 (2),

179 1133 407 1190 lantium
436 1140 745 1187 sanctorum
792 1131 1139 1202 reliquiarum
1184 1139 1614 1200 contemptorem
1662 1132 1779 1186 ait:

182 1225 201 1254 ‹
240 1205 377 1260 Male
400 1204 525 1259 facit
550 1218 680 1274 ergo
706 1218 962 1258 romanus
987 1204 1297 1273 episcOptts.
1322 1204 1411 1272 qui
1444 1217 1603 1271 super
1634 1218 1782 1256 mor-

177 1286 393 1331 tuorum
426 1276 700 1330 hominum
730 1274 874 1329 Petri
924 1283 979 1330 et
1025 1275 1176 1328 Pauli
1207 1274 1500 1330 secundum
1533 1290 1631 1328 nos
1660 1289 1781 1328 ossa

172 1347 508 1414 vererauda,
557 1348 850 1401 secundum
898 1355 952 1402 te
1002 1346 1163 1399 vilcm
1213 1346 1590 1414 pulviseulum,
1622 1346 1782 1400 offert

176 1420 412 1474 Domino
442 1419 720 1482 Sacrificia,
755 1426 809 1472 et
839 1418 1072 1470 tunmlos
1101 1433 1286 1472 eorum
1320 1416 1517 1470 Christi
1548 1417 1779 1470 arbitra-

173 1501 267 1544 tur
307 1490 533 1545 altaria?
567 1508 585 1539 ι
637 1488 859 1542 Faciunt
888 1504 1099 1558 quoque
1154 1506 1271 1541 eam
1307 1488 1357 1539 in
1389 1502 1501 1541 rem
1530 1498 1777 1542 accurata

172 1563 266 1620 illa
296 1574 586 1633 martyrum
631 1570 979 1633 monumenta
1003 1560 1068 1613 ad
1101 1560 1270 1613 in.~tar
1296 1559 1780 1633 sacellialrarisve

172 1630 450 1702 exposita,
480 1648 598 1702 quae
623 1635 672 1684 in
707 1631 872 1685 Rotna
901 1630 1535 1702 subterraneardeseribit
1583 1630 1779 1702 Paulus

165 1700 568 1773 Aringhnugac
592 1702 866 1762 Boldetus,
899 1703 966 1755 de
991 1701 1351 1764 Coemeteriis,
1378 1700 1468 1755 lib.
1504 1716 1542 1766 t,
1573 1716 1690 1773 cap.
1718 1701 1768 1756 8.

164 1771 530 1830 —-\'etustum
581 1784 757 1829 autem
807 1774 951 1827 illum
1003 1790 1229 1837 morem,
1290 1773 1483 1825 nedum
1536 1771 1772 1826 fidelium

163 1848 385 1916 pietati.
410 1847 507 1901 sed
534 1846 694 1901 etiam
726 1846 993 1899 nascentis
1020 1845 1275 1899 Ecclesia:
1301 1844 1585 1913 angustiis,
1618 1852 1776 1913 atque

164 1918 622 1989 persecutionum
638 1916 969 1989 temporibus
993 1931 1311 1989 congruum,
1337 1924 1391 1968 et
1411 1928 1770 1989 opptrrtunum

162 1985 434 2060 proximis
465 1988 679 2060 saeculis
707 1988 1023 2051 obtinuisse,
1074 1988 1445 2042 demonstrant
1496 1985 1600 2060 PP.
1652 2002 1771 2060 ser:

163 2056 363 2116 itiones
413 2060 577 2113 habiti
608 2057 675 2113 ad
709 2070 1000 2130 martyrum
1048 2073 1306 2130 mensas;
1336 2073 1469 2127 quos
1503 2056 1783 2130 inter“?!

162 2133 451 2201 Augustini
474 2130 543 2184 de
569 2131 824 2193 DiverSIS,
841 2126 1130 2198 inscriptus
1151 2130 1218 2181 ad
1242 2126 1476 2201 Mensam
1501 2128 1772 2196 Cypriani,

162 2204 227 2258 in
261 2198 384 2272 _quo
442 2205 556 2256 hate
609 2202 913 2256 habentur:
954 2219 971 2250 ι
1012 2203 1161 2255 Sicut
1209 2198 1399 2262 nostis,
1453 2202 1774 2269 quicumque

162 2274 552 2344 Carthaginem
584 2273 775 2337 nostis,
818 2274 877 2344 _iu
909 2272 1096 2327 eodem
1119 2274 1268 2344 loco,
1304 2272 1390 2344 ubi
1424 2282 1645 2340 propter
1667 2286 1773 2344 _uo—

162 2362 295 2400 men
323 2342 519 2399 Christi
548 2346 764 2413 sanguis
810 2342 956 2398 fusus
984 2354 1067 2398 est
1106 2342 1392 2413 Cypriani,
1445 2357 1629 2395 mensa
1665 2342 1773 2395 lteo

162 2424 477 2472 constructa
506 2426 609 2470 est.
656 2415 857 2469 'l‘amen
903 2429 1084 2469 mensa
1130 2414 1328 2468 dicitur
1355 2413 1632 2484 Cypriani,
1666 2428 1773 2465 non

162 2493 296 2557 quia
349 2487 545 2542 ibidem
599 2496 683 2541 est
731 2502 982 2555 umquam
1031 2487 1331 2557 Cyprianus
1378 2485 1650 2557 epulatus,
1681 2485 1776 2537 sed

164 2555 297 2631 quia
326 2559 399 2631 ibi
419 2572 509 2631 est
541 2557 880 2621 immolatus;
914 2568 968 2611 et
995 2555 1116 2631 quia
1153 2560 1265 2623 ipse
1290 2555 1656 2631 immolatione
1682 2570 1776 2608 sua

161 2627 384 2697 paravit
415 2630 552 2684 hanc
584 2645 846 2691 meusaut,
877 2646 982 2682 non
1012 2629 1064 2682 iu
1094 2643 1196 2698 qua
1222 2637 1423 2696 pascat.
1450 2627 1566 2698 sive
1593 2640 1781 2697 pasca-

164 2696 282 2766 tur,
302 2702 394 2756 sed
424 2702 474 2755 in
503 2716 605 2771 qua
633 2699 954 2753 sacrificium
986 2696 1283 2771 Deoicuiiet
1311 2701 1425 2766 ipse
1447 2696 1657 2771 oblatus
1675 2706 1778 2762 est,

162 2774 447 2830 offeratur.
478 2792 497 2823 ι
522 2768 647 2826 ἰΙιιο
677 2780 921 2841 spectant
941 2772 997 2826 S.
1025 2769 1233 2825 Paulini
1258 2784 1446 2824 versus
1467 2768 1644 2823 Natat.
1678 2783 1732 2822 ιιι
1762 2786 1775 2820 :

266 2864 510 2927 Spectant
532 2863 598 2913 de
613 2863 813 2927 superis
836 2861 1009 2911 altaria
1026 2868 1125 2910 tota
1150 2860 1402 2919 fenestris,

268 2922 374 2976 Sub
388 2928 569 2989 quibus
590 2922 723 2975 intus
742 2926 924 2989 habent
947 2933 1225 2989 sanctorum
1245 2936 1444 2989 corpora
1464 2922 1637 2972 sedem
1661 2937 1671 2969 :

264 2985 490 3052 Namque
518 2996 577 3052 et
588 2987 842 3052 apostolici
865 2987 1065 3052 cineres
1084 2987 1178 3033 sub
1189 2985 1368 3052 coalito
1390 2996 1561 3034 meusa

264 3048 512 3113 Deposui.
535 3048 763 3113 placitum
783 3049 974 3113 Christo
994 3049 1228 3113 spirantis
1248 3048 1451 3113 odorem

266 3109 496 3163 Pulveris
516 3109 649 3162 ihter
670 3118 835 3161 sancta
856 3112 981 3160 sacri
1001 3111 1233 3160 libamina
1253 3109 1479 3159 reddunt.

160 3198 498 3257 Prudentius
522 3199 672 3263 item,
698 3197 900 3269 hymno
924 3212 1000 3262 XI,
1023 3200 1144 3271 περὶ
1166 3207 1308 3266 Στεφ.
1336 3213 1351 3247 :

265 3295 474 3347 Talibus
490 3292 740 3357 Hippolyti
760 3305 938 3354 corpus
953 3292 1205 3357 mandatur
1230 3289 1434 3357 opertis,

328 3359 540 3420 Propter
560 3351 645 3405 ubi
664 3351 890 3420 apposita
909 3363 988 3405 est
1004 3368 1086 3403 ara
1109 3351 1273 3420 dicata
1292 3351 1420 3402 Deo.
1468 3382 1475 3391 ς

265 3420 357 3471 Illa
385 3416 682 3469 sacramenti
700 3416 928 3468 donatrix
956 3430 1142 3474 mensa,
1169 3416 1445 3477 eademque

331 3482 510 3534 Custos
532 3480 622 3529 tida
652 3481 727 3530 sui
749 3480 972 3543 martyris
995 3479 1233 3543 apposita,

266 3545 445 3595 Servat
466 3544 525 3593 ad
550 3544 728 3593 πειθτηὶ
750 3537 889 3603 spem
916 3537 1122 3590 vindicis
1139 3553 1247 3589 ossa
1273 3537 1523 3602 sepulcro,

328 3607 495 3657 Pascit
516 3607 636 3655 item
657 3602 840 3654 sanctis
862 3603 1146 3667 'l‘ybricolas
1166 3603 1245 3665 dal
1262 3602 1390 3652 ibus.

168 3691 252 3748 Ex
290 3703 503 3747 vetusta
532 3689 633 3744 hac
661 3686 1052 3744 consuetudine
1080 3688 1269 3740 altaria
1300 3701 1460 3756 supra
1492 3686 1781 3740 memorias

164 3774 470 3832 martyrum
521 3759 873 3832 construendi
926 3759 1087 3813 condi
1144 3772 1326 3813 sacras
1373 3757 1652 3832 reliquias
1681 3758 1781 3812 Sub

167 3827 367 3891 iisdem
395 3832 653 3887 altaribus
682 3832 750 3886 ab
779 3831 1034 3899 episeopo
1062 3839 1415 3884 consecrante
1441 3827 1782 3884 animadver-

168 3914 301 3959 tunt
328 3904 600 3975 pra-citato
620 3918 740 3972 cap.
767 3902 856 3958 l9.
878 3898 1274 3975 eruditissimus
1296 3899 1585 3975 cardin_alis
1607 3898 1778 3975 Bena,

168 3986 231 4031 et
260 3970 339 4028 ad'
355 3970 585 4031 Felicem
611 3974 652 4039 Ι,
679 3970 994 4027 Emmanuel
1019 3987 1048 4026 a
1073 3971 1431 4037 Schelstrate,
1459 3970 1780 4027 Franciscus

169 4048 394 4111 Pagius,
427 4056 482 4100 et
506 4047 770 4102 Antonius
799 4043 1090 4099 Sandinus.

293 4063 394 4111 ius,
427 4063 482 4100 et
506 4063 770 4102 amemus
799 4063 1090 4099 banutnus.

253 4063 332 4189 gl)
362 4117 583 4189 Nonanr
602 4117 803 4189 dicunt
832 4114 1096 4189 Eusebius
1127 4121 1181 4189 et
1209 4112 1567 4189 Hieronymus
1597 4127 1780 4189 perse-

164 4182 446 4247 cutionem
472 4190 523 4243 in
551 4187 847 4248 Chronico.
873 4192 999 4241 item
1022 4184 1268 4251 Orosius,
1304 4185 1395 4239 lib.
1415 4182 1512 4245 'vn,
1544 4198 1662 4254 cap.
1685 4182 1776 4238 25.

170 4262 429 4328 Quidam,
456 4271 512 4314 ιιι
536 4260 773 4329 estapud
806 4258 1114 4321 Barouium,
1134 4256 1201 4310 ad
1219 4273 1344 4311 ann.
1370 4256 1496 4320 273,
1529 4254 1633 4329 δέ.
1658 4270 1777 4329 eam

170 4327 303 4390 esse
329 4332 580 4395 credunt,
628 4327 787 4398 quam
815 4329 872 4385 S.
901 4329 1032 4394 Leo,
1068 4328 1245 4384 Serm.
1278 4330 1366 4395 74,
1400 4342 1517 4399 cap.
1550 4328 1604 4388 6,
1655 4327 1781 4381 facit

170 4415 427 4460 octavam
482 4412 538 4456 et
579 4403 847 4459 celebrem
905 4410 1125 4470 propter
1177 4401 1445 4454 innumera
1496 4407 1777 4468 martyrum

169 4476 362 4531 millia.
392 4472 724 4533 Lactantius.
757 4474 819 4527 de
845 4471 1097 4526 Mortibus
1126 4482 1659 4540 persecutorum,cap.
1685 4485 1774 4523 vr:

178 4567 201 4599 ι
237 4548 584 4610 Aurelianus,
616 4563 635 4596 ι
686 4545 781 4612 ait,
836 4562 853 4595 ι
892 4545 982 4613 qui
1029 4551 1177 4598 esset
1214 4551 1401 4597 natura
1445 4556 1675 4613 vesanus
1725 4548 1779 4595 et

170 4633 443 4692 prmccps,
472 4619 718 4692 quamvis
738 4612 1101 4692 captivitatem
1130 4614 1393 4692 Valeriani
1418 4612 1772 4692 mem-inisset,

173 4682 376 4745 iarucn'
392 4682 593 4744 oblitus
614 4682 837 4743 sceleris
860 4687 977 4753 ejus
1001 4695 1056 4741 et
1079 4701 1274 4755 pwnae,
1306 4686 1438 4739 iram
1470 4682 1561 4737 Dei
1586 4684 1751 4738 crude

172 4762 323 4819 libus
350 4759 509 4815 factis
540 4760 830 4815 lacessivit.
856 4777 874 4810 ›
896 4756 1013 4813 Nm
1042 4758 1288 4811 intentata
1320 4757 1480 4826 igitur
1498 4756 1775 4808 dumtaxat

173 4832 486 4906 persecutio
531 4832 599 4885 ab
639 4831 953 4906 Aureliano,
986 4838 1044 4906 ut
1069 4829 1240 4882 visunt
1268 4826 1692 4906 Dot_lvvel_lo._sed
1723 4833 1779 4906 et

177 4896 469 4960 executioni
499 4903 762 4965 mandata,
792 4902 864 4956 uti
889 4901 1142 4970 loquitur,
1169 4909 1224 4953 et
1255 4898 1439 4969 probat
1471 4896 1775 4970 Pagiusmad

173 4992 313 5031 ann.
341 4974 467 5040 272,
502 4972 531 5045 §
561 4974 612 5029 9.
649 4973 772 5028 Ideo
822 4966 996 5045 autem
1030 4966 1315 5045 Eusebius,
1363 4969 1455 5022 lib.
1510 4984 1600 5022 vm
1638 4966 1773 5045 Hist.

176 5048 334 5111 πει..
363 5062 483 5115 cap.
508 5042 571 5111 1t,
605 5046 790 5100 SCI‘lbll
815 5042 1082 5115 diabolum
1107 5042 1269 5115 veluti
1307 5042 1770 5115 somno__sopitum

176 5109 444 5176 Ecclesiai
463 5109 645 5187 pacem
665 5113 1138 5187 nonperturbasse
1160 5112 1226 5167 ab
1251 5112 1393 5187 Decii
1423 5121 1477 5165 et
1507 5109 1772 5187 Valeriani

180 5181 522 5259 temporibus
537 5202 705 5256 usque
724 5181 1253 5259 ad'Diocletianutuq
1267 5184 1410 5251 quia,
1438 5200 1455 5233 ι
1476 5182 1615 5259 utait
1634 5181 1772 5259 idem

179 5253 400 5331 Pagius,
432 5259 459 5331 §
491 5275 550 5324 ιι,
585 5253 945 5326 {persecutio
972 5257 1038 5311 ab
1070 5258 1358 5331 Aureliano
1387 5253 1617 5331 excitata
1649 5254 1772 5331 bre-_

181 5322 407 5390 vissitna
432 5322 559 5406 "fuit,
592 5322 711 5406 cum
741 5337 960 5406 econtra
993 5338 1097 5382 tam
1129 5326 1292 5406 Decii,
1321 5340 1478 5397 quam
1507 5322 1774 5406 valeriani

183 5403 595 5477 persecutiones
623 5403 890 5477 diuturna}
934 5398 1143 5477 fuerant
1174 5398 1289 5477 :__ob
1319 5412 1477 5477 quam
1505 5398 1577 5450 eti
1596 5411 1667 5477 rm
1696 5411 1779 5449 ra-

186 5467 395 5531 iionem
422 5472 731 5528 Numeriani
760 5482 815 5526 et
844 5470 1145 5525 Maximiani
1176 5468 1419 5524 Herculei
1448 5467 1775 5521 mentionem

186 5563 298 5604 non
322 5544 473 5609 facit,
495 5544 584 5615 qui
609 5554 784 5599 tamen
802 5554 927 5615 ante
950 5542 1386 5615 persecutionem
1400 5538 1779 5594 Diocletianum

188 5611 811 5676 Ecclesiam'vexarunt,
840 5614 916 5668 uti
947 5630 1010 5668 ex
1043 5611 1325 5667 annalibus
1355 5612 1541 5680 liquet.
1583 5627 1601 5661 ι

267 5690 351 5759 (2)
385 5685 781 5759 Eusebqjlist.
805 5685 927 5759 eccl.
956 5684 1050 5739 lib.
1078 5684 1319 5759 vti,_cap.
1351 5683 1454 5737 52:
1486 5680 1627 5748 «Qua
1652 5687 1787 5759 tem-

188 5752 578 5836 pestate_cum
609 5757 1033 5836 Felix_quinque
1078 5755 1233 5836 anuis
1271 5752 1556 5836 romanam
1600 5752 1791 5822 guber-

190 5826 387 5891 itasset
417 5829 738 5895 Ecclesiam,
771 5828 1135 5897 Eutychiauus
1155 5827 1207 5879 in
1235 5826 1352 5897 ejus
1381 5826 1553 5882 locum
1581 5836 1791 5879 succes-

191 5907 287 5966 sit.
330 5922 350 5958 ι
383 5902 515 5975 Pag.
545 5899 655 5956 250
677 5900 808 5956 edit.
862 5899 1232 5956 Taurinensis.

656 5994 934 6058 ΡΑτιιοι..
980 5994 1059 6057 V.

1887 619 1986 658 nec
2023 620 2126 658 non
2164 603 2518 669 Fossatensis,
2563 604 2626 660 ac
2655 605 2788 660 liber
2813 606 3139 662 Pontilicalis
3176 610 3486 674 concinunt,

1886 704 2147 763 quatenus
2159 710 2279 750 eum
2298 695 2624 765 temporibus
2644 696 2881 751 «Claudii
2896 708 2948 752 et
2964 697 3238 752 Aureliani
3253 715 3281 752 a
3302 715 3495 755 oonsu-

1886 785 1995 842 latu
2008 785 2214 842 Claudii
2229 799 2280 842 et
2295 788 2506 844 Paterni
2524 806 2691 859 usque
2709 790 2761 844 in
2776 791 3117 845 consulatum
3138 792 3410 846 Aureliani
3445 793 3488 848 ll

1887 886 1942 933 et
1958 880 2261 950 Capitolini,
2283 899 2302 933 ιι
2328 880 2428 935 hoc
2442 882 2607 937 estab
2626 897 2769 936 anno
2796 883 2903 938 209
2931 881 2998 936 ad
3024 882 3152 945 274,
3182 885 3490 952 pontificem

1886 970 2053 1026 fuisse
2085 972 2302 1027 docent.
2330 973 2405 1027 Ex
2439 972 2543 1027 hoc
2574 989 2843 1029 eonsensu
2874 974 3095 1030 minime
3111 975 3491 1046 ambigendum

1889 1064 2125 1129 videtur,
2168 1067 2295 1136 quin
2329 1067 2445 1136 ipso
2475 1082 2618 1122 anno
2647 1084 2754 1138 quo
2782 1068 2966 1123 vivere
2992 1067 3151 1122 desiit
3184 1069 3489 1140 Dionysius,

1886 1158 2127 1228 adeoque
2142 1171 2259 1227 post
2273 1158 2341 1214 26
2355 1160 2655 1216 decembris
2670 1160 2813 1216 diem
2844 1164 2967 1216 anui
2991 1161 3116 1224 269,
3140 1162 3286 1217 Felix
3313 1164 3489 1218 eidem

1884 1264 2151 1305 successet
2165 1250 2225 1304 it.
2245 1254 2309 1306 At
2323 1267 2430 1323 quo
2444 1253 2530 1307 die
2545 1253 2623 1308 vel
2641 1269 2827 1309 mense
2841 1253 2977 1308 idem
2995 1270 3129 1324 papa
3146 1255 3360 1321 obierit,
3377 1272 3481 1309 non

1884 1342 1957 1395 ita
1984 1341 2140 1397 facile
2167 1352 2251 1397 est
2271 1344 2582 1399 earumdem
2611 1345 2857 1399 codicum
2884 1346 3203 1401 auctoritate
3230 1347 3472 1401 delinire.

1879 1435 1936 1489 Si
1969 1436 2114 1490 enim
2148 1436 2538 1492 Bttcher-ianum
2574 1439 2919 1493 consulamus
2965 1441 3263 1506 catalogum
3290 1481 3305 1505 ,
3331 1440 3488 1494 annis

1881 1532 2116 1602 quinque
2145 1533 2420 1587 mensibus
2468 1534 2714 1589 undecim
2766 1534 2958 1588 diebus
3013 1533 3193 1602 viginti
3252 1534 3488 1604 quinque

1883 1625 2257 1681 Pontilieatum
2309 1628 2477 1696 gessit
2530 1644 2545 1683 :
2601 1628 2843 1698 adeoque
2888 1632 2991 1681 non
3036 1627 3102 1681 ad
3148 1628 3484 1682 consulatum

1880 1719 2154 1773 Aureliani
2196 1720 2237 1774 ll
2262 1730 2314 1775 et
2346 1718 2627 1787 Capitolini
2653 1732 2878 1784 tantum,
2928 1720 3022 1774 sed
3062 1720 3126 1773 ad
3147 1720 3483 1773 consulatum

1876 1811 2149 1865 Aureliani
2184 1811 2252 1866 ΙΙΙ
2297 1821 2351 1867 et
2381 1812 2696 1878 Marcellini,
2746 1813 2847 1867 ltoc
2889 1823 2971 1868 est
3000 1812 3068 1868 ad
3125 1830 3322 1867 artuum
3374 1813 3483 1869 275

1804 1897 1852 1956 Β
1883 1903 2129 1959 Pontifex
2160 1904 2321 1959 fuisse
2350 1905 2608 1960 dicendus
2624 1917 2788 1960 esset.
2824 1906 2879 1959 lu
2909 1907 3095 1961 codice
3120 1906 3318 1977 regina:
3343 1908 3483 1962 Suc-

1877 2012 2093 2060 corum,
2128 1996 2438 2051 Fossatensi
2470 2014 2531 2052 ac
2562 1998 2697 2051 libro
2728 1997 3024 2052 Pontificali
3073 2002 3227 2053 annis
3254 2006 3485 2068 quatuor

1876 2089 2152 2142 mensibus
2184 2088 2358 2142 tribus
2387 2088 2580 2144 diebus
2612 2090 2794 2160 viginti
2850 2091 3085 2160 quinque
3134 2091 3360 2156 sedisse,
3419 2108 3483 2146 ac

1872 2199 1931 2238 ιιι
1961 2182 2216 2237 kalendas
2236 2183 2375 2254 juoii
2406 2185 2457 2237 in
2487 2188 2802 2239 cmutelerio
2827 2200 2925 2239 suo
2958 2185 3043 2238 via
3070 2185 3281 2239 Aurelia
3305 2186 3483 2255 Sepul-

1889 2286 1972 2328 tus
2016 2289 2137 2329 esse
2167 2275 2439 2329 scribitur.
2476 2276 2781 2330 Etiamnum
2812 2277 2863 2330 in
2899 2276 3159 2341 Ecclesia,
3189 2278 3482 2333 secundum

1884 2369 2260 2441 Martyrologia
2312 2369 2490 2433 Bedte,
2538 2369 2740 2423 Adonis
2762 2412 2774 2433 ,
2812 2369 3038 2425 Usnardi
3068 2385 3130 2424 ac
3162 2370 3481 2433 llomauum.

1882 2462 1939 2516 S.
1974 2460 2165 2515 Felicis
2193 2461 2347 2530 Papa-
2379 2472 2434 2515 et
2460 2461 2711 2533 Martyris
2754 2462 2946 2517 festum
2979 2479 3035 2517 ιιι
3064 2461 3324 2517 kalendas
3347 2462 3484 2532 junii

1879 2554 2202 2609 celebratur.
2232 2555 2287 2608 ln
2310 2555 2648 2611 Bucberiano
2675 2568 2852 2610 autem
2882 2556 3244 2626 Depositiouis
3273 2558 3485 2627 episco-

1883 2662 2075 2717 porttm
2105 2663 2447 2701 romanorum
2479 2647 2715 2702 indiculo
2744 2647 2842 2719 (l),
2869 2659 3084 2702 notatur
3117 2649 3284 2716 ipsius
3312 2649 3481 2718 depo-

1882 2731 2007 2787 sitio
2036 2731 2195 2785 terlio
2221 2730 2481 2787 kalendas
2525 2731 2755 2801 januarii
2789 2734 2839 2786 in
2884 2732 3111 2787 Callisti.
3165 2733 3294 2800 Qum
3324 2733 3484 2788 lectio

1882 2826 1950 2879 ad
1980 2826 2314 2895 superiorem
2358 2825 2600 2880 revocari
2644 2826 2925 2881 commode
2980 2836 3181 2895 posset,
3232 2841 3351 2880 cum
3383 2826 3486 2880 hoc

1881 2917 2116 2971 librariis
2146 2917 2300 2973 facile
2328 2918 2557 2982 accidat,
2606 2927 2662 2970 ut
2705 2934 2758 2972 ιιι
2807 2916 3063 2972 kalendas
3102 2919 3356 2988 januarii,
3387 2934 3485 2988 pro

1881 3024 1942 3062 ιιι
1986 3006 2244 3063 kalendas
2284 3010 2419 3079 junii
2472 3010 2728 3064 scribant.
2765 3010 2870 3065 Sed
2903 3000 3023 3065 non
3055 3011 3181 3067 item
3235 3012 3485 3082 superior

1882 3101 2131 3170 componi
2176 3116 2296 3155 cum
2349 3101 2639 3171 praemissis
2700 3111 2916 3172 potest;
2970 3118 3092 3157 eum
3139 3103 3207 3157 ab
3253 3111 3484 3159 exeunte

1885 3207 2075 3247 mense
2121 3191 2417 3257 decembri,
2470 3208 2575 3263 quo
2604 3191 2838 3247 Felicem
2865 3194 3169 3249 ordinatmu
3198 3211 3319 3251 esse
3348 3211 3485 3250 con-

1884 3283 2105 3353 stathad
2135 3283 2206 3338 29
2236 3283 2378 3339 diem
2409 3284 2556 3347 maii,
2587 3300 2802 3340 menses
2827 3285 3107 3339 dumtaxat
3130 3287 3362 3357 quinque
3388 3302 3484 3342 so-

1884 3376 1977 3431 lidi
2033 3376 2445 3447 iuterjiciautur.
2487 3378 2751 3433 Antonius
2781 3378 2973 3450 Pagius
3001 3380 3052 3433 in
3084 3366 3476 3436 Bucbcrianum

1883 3469 2183 3540 catalogunt
2215 3469 2496 3539 irrepsisse
2525 3478 2671 3540 putat
2700 3471 2849 3525 annis
2872 3487 2917 3537 v,
2966 3486 3063 3540 pro
3108 3474 3255 3526 armis
3297 3489 3368 3537 tv,
3392 3482 3481 3526 at-

1883 3576 1987 3631 que
2039 3564 2140 3617 hoc
2187 3572 2366 3617 errato
2409 3577 2477 3617 ex
2518 3563 2637 3617 aliis
2663 3562 2811 3618 libris
2837 3573 3102 3630 correcto,
3138 3566 3478 3621 retinendum

1882 3671 2005 3712 esse
2030 3656 2184 3711 annis
2213 3673 2284 3719 tv,
2336 3657 2611 3712 mensibus
2641 3673 2717 3722 ιιι,
2750 3657 2939 3713 diebus
2971 3675 3099 3713 xxv.
3150 3658 3215 3712 Et
3262 3676 3325 3714 ex
3377 3659 3482 3715 hoc

1881 3748 2125 3818 catalogo
2138 3749 2215 3802 sic
2233 3749 2517 3803 emendato
2543 3750 2813 3818 corrigere
2842 3750 3073 3804 vicissim
3100 3751 3226 3806 licet
3253 3761 3482 3807 czeteros

1880 3839 2070 3900 libros,
2121 3855 2241 3894 cum
2271 3840 2585 3911 antiquariis
2611 3842 2923 3896 inusitatum
2954 3860 3058 3897 non
3088 3845 3158 3899 sit
3204 3861 3261 3907 ll,
3295 3860 3391 3915 pro
3420 3860 3478 3911 Χ,

1879 3932 2123 4003 adeoque
2152 3948 2206 3986 ιιι
2241 3932 2515 3987 mensibus
2545 3948 2641 4003 pro
2669 3950 2719 3987 xt
2751 3936 3026 3991 mensibus
3061 3937 3301 4008 pingere.
3331 3940 3479 4005 Qua-

1881 4035 2101 4098 prOj-ter
2124 4025 2367 4080 laudatus
2394 4026 2584 4097 Pagius
2608 4025 2689 4099 (2)
2710 4027 2944 4085 Felicem
2970 4028 3060 4086 die
3082 4030 3152 4086 28
3175 4032 3480 4087 decembris

1881 4122 2007 4176 anni
2026 4119 2133 4176 269
2148 4120 2476 4185 ordinatum,
2506 4131 2559 4175 et
2589 4121 2675 4175 die
2703 4121 2775 4176 22
2802 4125 3002 4179 mensis
3022 4125 3325 4181 decembris
3353 4125 3481 4181 anni

1878 4214 1986 4271 27L
2036 4215 2144 4269 vita
2193 4216 2427 4270 functum
2474 4225 2677 4270 censet.
2728 4218 2796 4272 Et
2824 4218 2873 4273 ei
2919 4218 3130 4289 quidem
3161 4220 3483 4291 suffragatur

1880 4298 2250 4365 Bueherianus
2297 4310 2652 4379 depositionis
2705 4328 3047 4369 romanorum
3100 4316 3477 4384 episc0porum

1876 4401 2169 4469 lndieulus,
2203 4403 2247 4457 si
2276 4419 2332 4457 ιιι
2360 4401 2620 4459 kalendas
2644 4404 2874 4474 januarii
2907 4423 3002 4476 pro
3028 4424 3080 4462 ιιι
3111 4407 3371 4464 kalendas
3396 4410 3480 4480 ja-

1878 4496 2073 4561 nnarii,
2104 4496 2276 4565 lapsu,
2312 4504 2368 4549 ut
2397 4495 2650 4565 diximus,
2682 4498 2912 4553 librariis
2944 4498 3213 4568 familiari,
3271 4503 3321 4556 in
3350 4518 3475 4557 eum

1878 4590 2165 4659 irrepsisse
2196 4591 2504 4667 largiamur.
2543 4591 2806 4647 Prmterca
2841 4592 3070 4648 Felicem
3101 4595 3166 4647 ad
3197 4594 3323 4649 anni
3364 4595 3473 4652 274

1880 4700 2121 4740 mensem
2153 4684 2494 4740 decembrem
2523 4685 2743 4753 vixisse,
2793 4688 3090 4742 successori
3116 4687 3231 4758 ejus
3262 4697 3476 4762 tempus

1876 4778 2206 4849 assignatum
2238 4778 2544 4847 persuadet.

1948 4871 2002 4926 Ν
2008 4890 2090 4926 um
2116 4873 2177 4927 S.
2212 4871 2364 4927 Felix
2389 4881 2679 4942 martyr.—
2708 4871 2849 4928 Idem
2871 4888 3002 4944 papa
3034 4878 3288 4949 martyris
3316 4878 3471 4936 titulo

1877 4966 1946 5022 ab
1975 4965 2235 5035 ephesina
2266 4964 2495 5037 synodo,
2528 4964 2733 5037 Cyrillo
2763 4967 2988 5037 aliisque
3018 4970 3327 5029 decoratur.
3362 4974 3472 5031 Nec

1877 5059 2056 5115 obstat
2097 5057 2238 5129 quod
2276 5056 2416 5125 apud
2448 5057 2767 5113 Bucherium
2812 5060 2862 5115 in
2902 5062 3141 5119 lndiculo
3183 5066 3344 5121 citato
3375 5069 3475 5124 sub

1876 5152 2032 5207 titulo
2066 5147 2412 5221 Depositionis
2440 5148 2815 5221 EpiscOpornm
2847 5168 3192 5222 recenseutr;
3224 5174 3343 5213 cum
3373 5160 3475 5216 sub

1875 5243 2064 5298 eodem
2096 5241 2252 5297 titulo
2275 5243 2516 5315 legamus
2541 5255 2595 5298 et
2619 5242 2867 5307 Lucium.
2904 5264 3063 5319 quem
3095 5253 3350 5321 martyrio
3378 5268 3474 5308 co-

1877 5343 2125 5389 ronatum
2158 5334 2320 5388 fuisse
2348 5333 2606 5405 Cypriani
2639 5337 2947 5393 testimonio
2978 5340 3328 5395 indubitatum
3369 5354 3474 5401 est;

1878 5425 2127 5482 Profecto
2152 5425 2208 5483 S.
2236 5424 2435 5483 Felicis
2461 5426 2795 5499 martyrium,
2815 5439 3069 5499 praeterea
3093 5432 3315 5503 catalogi
3345 5451 3477 5505 pra:-

1880 5518 2233 5580 stanlissimi.
2294 5518 2430 5574 liber
2479 5520 2835 5586 Pontificalis,
2892 5521 3224 5590 Romanum,
3271 5528 3483 5600 aliaque

1886 5611 2271 5682 martyrologia
2321 5619 2608 5667 testantur.
2654 5612 2817 5668 Recte
2862 5610 3063 5668 ideirco
3107 5616 3487 5691 sapienterque

1974 5748 2051 5821 (l)
2085 5749 2239 5819 Apud
2267 5749 2616 5808 Schelestrat.
2651 5758 2706 5803 et
2732 5748 2985 5806 Brucber.
3017 5751 3069 5807 in
3103 5750 3346 5812 Doctrina
3368 5766 3489 5814 tem-

1901 5838 2115 5893 porum,
2132 5837 2252 5892 pag.
2274 5821 2401 5893 2339.

1983 5890 2063 5968 (2)
2094 5890 2223 5964 Pagi
2248 5935 2262 5959 ,
2291 5891 2418 5948 Crit.
2452 5892 2518 5947 ad
2547 5908 2675 5949 ann.
2705 5892 2829 5959 274,
2864 5908 2917 5948 ιι.
2951 5894 3004 5949 2.

3188 5990 3226 6053 ὃ
