4018 6284
577 351 684 451 n9

1611 395 1702 455 DE
1741 397 1799 457 S.
1840 393 2087 456 FELICE
2121 391 2408 453 ROMANO
2444 391 2830 457 PONTIFICE.
2895 396 2902 400 “

3744 411 3832 475 140

570 509 820 580 Papirius
851 509 920 566 ita
947 509 1182 567 Felicem
1231 510 1563 583 alloquitur:
1619 532 1638 566 ι
1671 513 1769 570 Vir
1823 512 1967 568 fuisti
2025 511 2131 568 lide
2155 554 2170 580 ,
2200 491 2248 572 Α
2277 507 2458 576 fuerit,
2494 521 2551 567 ut
2587 513 2841 584 quaelibet
2869 527 2956 570 res
2976 557 2992 583 ,
3021 529 3140 586 qua:
3183 516 3252 574 de
3277 515 3502 577 diversis
3531 524 3756 582 ceclesiis
3779 530 3834 584 ad

571 601 708 669 vita,
732 601 956 657 scientia
985 601 1164 659 clarus
1185 646 1200 668 ,
1231 612 1286 659 et
1322 605 1580 676 martyrio
1608 603 1886 661 subeundo
1913 603 2136 659 idoneus
2157 645 2170 669 ,

573 703 631 749 ut
654 701 881 750 eventus
906 689 1112 753 docuit.
1143 693 1201 751 ld
1235 697 1380 751 enim
1422 695 1522 752 sub
1551 698 1844 754 Aureliano
1863 739 1879 766 ,
1907 697 2050 769 quod
2077 713 2174 753 ne-

570 785 682 852 gari
708 797 813 838 non
845 791 1045 854 potest.
1075 800 1288 852 severo,
1314 787 1636 856 truculento,
1680 795 1844 860 utque
1871 789 2039 844 Flavii
2058 787 2168 844 Vo-

567 877 702 949 pisci
732 877 902 934 verbo
929 888 1071 946 utar,
1101 881 1450 952 sanguinario
1494 883 1767 953 principe,
1802 891 1856 940 et
1887 881 2170 939 christiani

563 971 807 1028 nominis
827 971 1180 1028 acerbissimo
1202 973 1356 1030 hoste
1385 989 1481 1045 pro
1502 973 1719 1032 Christo
1735 977 2172 1034 constantissime

569 1063 806 1130 subiisti,
833 1071 892 1120 ut
920 1063 1151 1121 decebat
1179 1067 1480 1123 Constantii
1507 1067 1702 1136 tilium,
1731 1065 1836 1125 hoc
1861 1070 2004 1126 enim
2035 1067 2172 1139 patri

560 1167 654 1213 tuo
673 1173 868 1214 nomen
890 1167 1028 1214 erat.
1052 1157 1240 1232 Itaque
1262 1172 1369 1217 non
1386 1161 1660 1218 imnterito
1673 1162 1910 1237 Cyrillus
1934 1161 2169 1219 Alexan-

564 1247 775 1318 drinus,
804 1259 861 1306 et
882 1250 1201 1308 Vincentius
1228 1253 1565 1320 Lirinensis,
1607 1253 1699 1328 qui
1739 1253 1841 1312 sub
1877 1253 2168 1313 leestino

480 1353 486 1362 '
573 1345 750 1417 primo
777 1346 986 1413 vixere,
1035 1355 1087 1403 te
1130 1357 1373 1405 sanctum
1421 1355 1712 1422 martyrem
1755 1351 2050 1422 appellant.
2099 1351 2170 1407 Et

573 1439 713 1494 alius
743 1439 836 1496 ille
883 1439 1169 1512 episcopus
1195 1447 1246 1498 te
1287 1429 1619 1514 producebat
1647 1453 1858 1512 testem,
1890 1444 2168 1501 Romamn-

567 1543 671 1600 que
701 1529 958 1587 Ecclesia:
995 1531 1271 1590 doctorem
1313 1533 1621 1606 appellabat
1645 1535 1864 1592 dicens:
1897 1536 2168 1592 Sententia

572 1617 764 1679 Felicis
792 1625 1102 1680 sanctissimi
1132 1628 1361 1698 epist-api
1389 1638 1436 1682 et
1481 1631 1720 1700 martyris
1749 1629 1949 1685 romani
1973 1631 2037 1685 de
2068 1627 2166 1684 ln-

571 1717 868 1772 carnatione
919 1716 1067 1773 Verbi
1093 1727 1139 1774 et
1173 1719 1326 1774 Fide.
1368 1739 1387 1772 s
1432 1717 1613 1777 lnnuit
1657 1722 1742 1778 his
1779 1722 1958 1779 verbis
1989 1723 2164 1794 Papy-

568 1813 682 1866 rius
724 1810 782 1868 S.
831 1809 1028 1868 Felicis
1075 1813 1357 1885 epistolam
1401 1814 1465 1870 ad
1515 1815 1802 1871 Maximum
1851 1819 2164 1886 episcopum

2277 601 2422 670 ipsos
2453 605 2857 674 referebantur,
2888 621 3008 662 cum
3041 609 3264 681 synodis
3291 614 3768 683 communicarent,
3792 631 3836 675 et

2275 695 2473 752 exinde
2510 713 2769 770 responsa
2820 699 2925 756 illis
2967 702 3176 770 darent,
3217 720 3457 777 cumque
3477 723 3673 764 morem
3705 727 3836 767 eum.

2277 788 2398 843 dem
2429 789 2747 848 decessores
2797 793 2940 848 illius
2986 811 3082 866 per
3113 796 3262 867 plura
3302 801 3496 854 saecula
3533 804 3722 858 imitari
3749 821 3836 862 non

2274 879 2612 950 destiterint;
2647 885 2768 954 quis
2812 887 2988 955 ipsum
3037 903 3149 945 rem
3193 887 3497 961 neglexisse
3535 894 3836 965 crediderit,

2273 985 2430 1043 quam
2460 973 2800 1045 imperatoris
2826 979 3025 1035 ethnici
3050 979 3310 1050 judicium
3344 983 3439 1038 loti
3468 983 3716 1042 Ecclesia:
3742 997 3832 1045 tam

2271 1067 2404 1121 utile
2426 1109 2442 1134 ,
2473 1067 2899 1140 nominatimque
2929 1087 3166 1129 romana:
3195 1086 3302 1130 tam
3328 1077 3618 1148 gloriosum
3649 1079 3841 1138 deside-

2272 1159 2464 1214 rabat?
2489 1157 2639 1214 Tunc
2669 1174 2968 1232 opportuna
2997 1163 3164 1221 Felici
3195 1166 3318 1223 data
3347 1178 3432 1225 est
3459 1173 3670 1226 occasio
3693 1213 3708 1240 ,
3751 1188 3838 1244 qua

2271 1250 2470 1306 Christi
2517 1265 2884 1325 propugnaret
2926 1257 3187 1314 Deitatetn
3215 1275 3278 1316 ac
3318 1263 3573 1319 refutaret
3605 1265 3836 1332 Paulum,

2271 1345 2363 1416 qui
2393 1347 2628 1402 Artema:
2654 1363 2918 1405 revocans
2948 1349 3281 1422 impietatem
3315 1355 3441 1423 Deo,
3478 1369 3533 1412 ut
3559 1359 3842 1414 antiocheni

2270 1431 2453 1507 patres
2501 1439 2830 1510 loquuntur,
2880 1444 3071 1499 bellum
3115 1449 3389 1516 indicebat,
3446 1454 3842 1525 ἀντιτασσόμενον

2271 1535 2427 1589 αὐτὸν
2448 1542 2522 1610 τῷ
2538 1543 2648 1611 Θεῷ
2670 1553 2683 1602 ;
2708 1539 2831 1606 quia
2847 1538 3084 1595 divinam
3107 1541 3326 1599 Christo
3355 1557 3598 1601 naturam
3619 1547 3842 1618 negabat.

2271 1623 2540 1697 Quidquid
2568 1641 2630 1684 ea
2653 1631 2944 1688 occasione
2965 1631 3151 1691 aliisve
3179 1637 3395 1709 scripsit
3419 1638 3588 1704 Felix,
3611 1641 3678 1694 ita
3701 1641 3844 1696 inter-

2269 1721 2362 1788 iit,
2403 1733 2463 1776 ut
2506 1723 2594 1779 vix
2635 1725 2906 1782 modicum
2941 1728 3297 1800 fragmentum
3330 1735 3549 1790 nomine
3588 1735 3746 1803 ipsius
3773 1736 3842 1789 in-

2270 1817 2527 1886 scriptum
2551 1819 2619 1874 ad
2644 1835 2742 1874 nos
2767 1823 3094 1892 pervenerit.
3125 1825 3275 1882 Hunc
3297 1838 3476 1884 tamen
3499 1829 3708 1899 scriptis
3725 1829 3843 1884 cele-

571 1890 1003 1962 Alexandrinum
1048 1916 1237 1962 contra
1265 1907 1516 1964 lucresitn
1559 1904 1782 1966 Sabellii
1809 1917 1860 1965 et
1889 1905 2040 1964 Pauli
2066 1909 2164 1967 Sa.
2194 1909 2242 1972 Β
2271 1907 2418 1963 brem
2466 1890 2775 1977 exstitisse,
2819 1913 2920 1970 hoc
2957 1931 3062 1970 non
3103 1917 3205 1972 levi
3247 1932 3564 1990 argumento
3593 1929 3694 1988 est,
3722 1919 3842 1992 quod

568 1998 855 2053 mosateni.

642 2089 810 2146 Felici
839 2091 1042 2149 reddita
1065 2083 1300 2164 Epistoia
1330 2097 1589 2168 encyclica
1627 2099 1736 2170 ejus
1757 2098 2006 2152 decessori
2042 2094 2165 2152 Dio—

567 2185 714 2255 nysio
742 2183 804 2239 ab
831 2188 1136 2243 antiachcna
1177 2189 1374 2261 synodo
1426 2192 1695 2262 inscripta.
1719 2222 1789 2233 -——
1815 2190 2162 2260 Compertum

569 2287 654 2332 est
685 2292 750 2332 ex
783 2261 1018 2336 Eusebio
1045 2273 1147 2354 (Ι),
1181 2283 1496 2338 nominatim
1528 2281 1783 2357 Dionysio
1808 2301 2044 2341 romana:
2069 2303 2164 2341 ur-

571 2369 654 2424 bis
680 2371 938 2442 episcopo
980 2373 1294 2444 inscriptam
1330 2391 1452 2432 esse
1477 2373 1804 2449 encyclieam
1857 2379 2164 2436 antiocheni

568 2462 780 2516 concilii
804 2458 1108 2534 epistolam,
1132 2482 1233 2537 qua
1261 2465 1329 2523 de
1360 2464 1527 2524 Paulo
1549 2469 1916 2527 Samosateusi
1945 2471 2014 2528 ob
2042 2489 2164 2544 per-

565 2565 780 2608 versam
811 2553 1110 2612 doctrinam
1139 2571 1202 2614 ac
1224 2575 1416 2629 pravos
1440 2577 1662 2617 moresa
1685 2563 1816 2618 sede
1837 2564 2162 2621 antio'chena

571 2645 808 2715 dejecto,
865 2657 920 2704 et
953 2649 1180 2704 Domino
1209 2652 1262 2706 in
1297 2654 1418 2723 ejus
1443 2654 1617 2711 locum
1649 2655 1873 2714 suffecto
1900 2659 2161 2714 admone—

563 2743 734 2792 retur.
771 2757 791 2790 ι
825 2737 976 2808 Quod
1017 2741 1254 2811 quidem,
1291 2763 1310 2796 ι
1337 2745 1512 2816 inquit
1549 2743 1799 2818 Synodus
1829 2747 1929 2822 (2),
1961 2749 2164 2806 idcirco

564 2828 721 2884 vobis
747 2830 1115 2902 significamus
1135 2878 1150 2898 ,
1185 2845 1242 2891 ut
1282 2837 1349 2892 ad
1391 2853 1514 2894 eum
1540 2839 1855 2915 (Domuum)
1885 2843 2158 2913 scribatis,

563 2932 618 2979 et
643 2923 712 2980 ab
737 2939 803 2980 eo
827 2928 1336 2986 communicatorias
1360 2931 1568 2988 litteras
1585 2933 1882 3005 accipiatis.
1909 2935 2006 2992 llic
2031 2953 2162 2994 vero

563 3015 810 3088 (Paulus)
843 3017 909 3074 ad
945 3021 1220 3076 Artemam
1264 3021 1500 3088 scribat,
1542 3035 1598 3080 et
1637 3023 1710 3094 ii,
1757 3026 1848 3096 qui
1879 3025 2159 3084 Artemam

559 3119 858 3176 sectantur,
901 3128 1022 3167 cum
1067 3113 1162 3170 illo
1189 3118 1610 3173 communicent.
1669 3117 1795 3174 Hice
1818 3129 2000 3176 autem
2029 3121 2147 3192 epi-

559 3201 696 3257 stola
725 3217 848 3258 cum
878 3203 1162 3278 Dionysio,
1197 3217 1371 3264 morte
1401 3210 1803 3266 interveniente
1824 3253 1840 3278 ,
1875 3209 2013 3268 tradi
2051 3231 2158 3268 non

2269 2014 2392 2055 cum
2421 2003 2848 2074 Apollinaristir,
2883 2019 2939 2062 ut
2969 2022 3273 2066 commenta
3295 2027 3388 2067 sua
3415 2015 3722 2068 auctoritate
3748 2011 3843 2068 ido-

2269 2107 2373 2148 nea
2407 2097 2542 2150 tueri
2574 2096 2890 2154 viderentur
2910 2142 2926 2166 ,
2973 2103 3118 2158 varia
3149 2119 3312 2174 opera
3348 2121 3454 2160 non
3486 2107 3722 2162 obscuris
3746 2105 3845 2176 qui-

2268 2185 2516 2250 busdam,
2545 2189 2642 2243 sed
2669 2190 3052 2260 insignioribus
3077 2196 3333 2252 Ecclesia:
3364 2197 3710 2270 scriptoribus
3731 2213 3842 2269 sup-

2268 2293 2470 2346 ponere
2485 2279 2796 2351 studerent;
2826 2283 2982 2356 hujus
3004 2289 3164 2344 etiam
3192 2289 3352 2361 Papae
3377 2295 3594 2348 nomine
3615 2290 3842 2347 nonnulla

2267 2368 2368 2422 sibi
2396 2372 2753 2444 eoulingenda
2779 2377 3072 2436 duxerunt.
3110 2381 3300 2454 Neque
3327 2387 3490 2442 etiam
3516 2387 3841 2456 neglexerunt

2267 2463 2510 2531 ephesini
2535 2476 2714 2536 patres
2735 2471 2978 2540 ejusdem
3009 2477 3326 2532 auctoritate
3348 2479 3512 2536 fidem
3536 2481 3690 2537 tueri.
3721 2479 3842 2534 Sane

2267 2555 2409 2611 inter
2437 2557 2656 2614 Patrum
2690 2565 2998 2620 testimonia
3030 2567 3388 2640 fragutentum
3417 2573 3634 2628 laudant
3665 2569 3737 2645 (l)
3763 2570 3842 2624 Fe-

2267 2649 2378 2704 licis
2403 2655 2715 2709 sanctissimi
2747 2656 2994 2728 Episcopi
3021 2660 3222 2728 Romte,
3256 2676 3304 2718 et
3327 2664 3576 2739 Martyris
3601 2667 3667 2720 ad
3690 2664 3840 2718 Maxi-

2266 2758 2410 2795 mum
2455 2743 2778 2816 Episcopum
2823 2760 2872 2804 et
2901 2751 3106 2807 Cierum
3153 2756 3581 2825 Alexandrinum,
3627 2757 3758 2828 quod
3799 2761 3842 2808 ei

2265 2833 2506 2906 Cyrillus
2559 2840 2908 2912 Apologetico
2937 2845 3202 2904 adversus
3233 2849 3538 2908 Orientales
3573 2852 3636 2906 ad
3662 2846 3836 2905 Analh.

2267 2925 2354 2980 Vl.
2387 2929 2648 3000 inseruit,
2701 2941 2756 2988 et
2800 2933 2996 2993 Marius
3041 2937 3306 2997 Mercator
3349 2942 3428 3016 (Ξ)
3470 2943 3728 3000 latinitate
3762 2937 3842 2994 do-

2264 3023 2431 3078 navit.

2336 3114 2588 3186 Ejusdem
2633 3123 2907 3193 fragmeuti
2947 3127 3212 3182 sinceritas
3259 3129 3566 3186 adstruitur.
3605 3128 3716 3185 Non
3765 3124 3842 3180 de-

2263 3218 2388 3262 sunt
2420 3219 2597 3267 tameu
2629 3215 2719 3282 qui
2743 3217 3097 3286 fragmentum
3132 3223 3233 3277 hoc
3259 3217 3424 3280 Felici
3453 3233 3636 3280 nostro
3660 3215 3840 3290 abjudi-

558 3297 859 3366 potuisset,
912 3297 1105 3354 saltem
1164 3299 1468 3356 successori
1513 3299 1652 3373 ejus,
1702 3303 2159 3374 quemadmodum
2189 3306 2234 3368 C
2267 3311 2475 3369 euntes,
2517 3305 2647 3359 illud
2695 3301 2882 3373 Felici.
2913 3313 3059 3382 quia
3093 3316 3411 3373 Constantio
3442 3321 3760 3390 imperatore
3797 3309 3841 3363 in

557 3387 808 3455 subinde,
823 3389 1037 3460 quoties
1061 3389 1292 3462 idipsum
1321 3392 1568 3465 contigit,
1584 3409 1800 3466 semper
1822 3396 2019 3452 factum
2035 3413 2160 3454 esse

558 3489 792 3546 constat,
825 3479 1035 3536 reddita
1067 3492 1170 3538 est.

632 3573 898 3627 Aureliani
930 3572 1266 3646 Imperatoris
1284 3577 1541 3648 judicium
1568 3570 1814 3635 Romana:
1837 3582 1944 3636 sedi
1968 3580 2159 3651 glorio-

557 3685 767 3722 sum.—
796 3669 1016 3724 Interim
1040 3668 1256 3733 Paulus.
1286 3673 1496 3728 tametsi
1523 3657 1723 3730 celebri
1753 3670 1891 3731 adeo
1912 3674 2122 3748 synodo
2142 3721 2157 3744 ,

562 3777 722 3830 quam
775 3763 1043 3834 octoginta
1099 3763 1372 3834 episcopis
1419 3765 1728 3823 constitisse
1765 3763 2003 3826 Hilarius
2051 3782 2162 3826 tra-

561 3853 638 3910 dit
668 3851 770 3926 (5),
813 3855 1237 3924 condemnatus,
1271 3874 1301 3912 e
1327 3857 1490 3914 domo
1519 3861 1884 3918 antiochensis
1913 3863 2160 3919 ecclesizc

563 3945 842 4016 recedere,
877 3963 1102 4022 eamque
1135 3947 1340 4006 Domno
1369 3949 1668 4010 concedere
1698 3953 1787 4010 diu
1815 3955 2156 4012 detrectavit.

563 4043 850 4110 Quocirca,
886 4063 903 4095 ι
933 4042 1305 4115 interpellatus
1335 4043 1628 4116 imperator
1673 4049 1994 4105 Aurelianus
2013 4094 2028 4119 ,
2057 4049 2164 4106 Eu-

561 4137 698 4192 sebii
727 4135 995 4194 sententia
1031 4136 1112 4211 (4)
1142 4139 1246 4194 hoc
1275 4140 1547 4210 negotium
1568 4141 1872 4196 rectissime
1901 4141 2164 4214 dijudica—

562 4229 664 4296 vit,
689 4228 756 4284 iis
783 4227 1002 4286 domum
1035 4229 1170 4286 tradi
1201 4230 1524 4302 praecipiens
1551 4231 1748 4304 quibus
1792 4229 1955 4289 italici
1984 4233 2161 4290 chris-

566 4324 724 4378 tiana:
751 4324 1029 4396 religionis
1049 4323 1321 4382 antistites
1347 4336 1401 4382 et
1431 4343 1686 4382 romanus
1713 4329 2000 4400 episcopus
2023 4331 2161 4386 scri-

565 4420 775 4476 herent.
807 4415 918 4475 liae
959 4429 1138 4475 autem
1181 4421 1233 4476 in
1265 4436 1424 4476 causa
1458 4417 1792 4495 interpellari
1840 4424 2023 4494 nequit
2054 4425 2165 4478 Au-

567 4511 804 4568 relianus
825 4555 840 4580 ,
871 4510 975 4567 nisi
1015 4522 1296 4583 postquam
1321 4513 1388 4582 is,
1422 4504 1657 4570 Zenobia
1683 4511 1920 4571 Orientis
1945 4515 2164 4572 domina

567 4615 622 4661 et
660 4605 810 4661 Pauli
839 4615 1061 4676 patrona
1091 4605 1320 4674 devicta,
1358 4607 1702 4664 Antiochiam
1733 4591 1937 4681 recepit
1967 4631 1980 4665 :
2021 4610 2163 4682 quod

2265 3392 2464 3449 Liberii
2492 3396 2670 3453 locmtt
2699 3403 3020 3474 subrogatus
3039 3419 3142 3472 eSt,
3166 3409 3512 3467 tribuendum
3539 3415 3734 3482 putent.
3760 3401 3840 3457 Ve-

2262 3502 2380 3541 rum
2406 3490 2538 3544 levis
2557 3501 2639 3546 est
2656 3495 2875 3552 ouuiiuo
2896 3501 3055 3566 ratio,
3081 3515 3200 3570 qua:
3221 3519 3315 3557 eos
3339 3501 3389 3558 in
3418 3495 3719 3574 hujusntodi
3744 3492 3840 3564 ορί·

2265 3583 2482 3639 nionem
2505 3585 2748 3643 adduxit.
2769 3580 2881 3646 lloe
2903 3594 3101 3664 quippe
3116 3609 3224 3651 uno
3253 3597 3501 3656 nituntur
3523 3597 3837 3667 argumenloo

2263 3680 2406 3749 quod
2440 3680 2796 3753 fragmentum
2839 3687 2982 3743 istud
3024 3690 3076 3744 in
3108 3689 3370 3761 ephesiuo
3409 3691 3671 3754 concilio,
3717 3689 3767 3738 ul
3798 3685 3844 3732 ει

2264 3775 2407 3843 apud
2435 3773 2693 3848 Cyrillum
2721 3777 2846 3836 Julii
2877 3799 3030 3854 papae
3061 3788 3373 3842 testimonio
3400 3791 3768 3860 postponatur.
3796 3772 3844 3829 Si

2264 3879 2443 3921 autent
2475 3868 2679 3925 valeret
2700 3872 2800 3927 ista
2833 3876 2993 3939 ratio,
3022 3876 3166 3931 Julio
3196 3895 3258 3935 ac
3285 3881 3472 3938 Felice
3497 3873 3750 3935 dicendus
3773 3881 3845 3923 es-

2267 3970 2348 4014 set
2375 3963 2643 4030 posterior
2691 3965 3030 4038 Cyprianus;
3081 3973 3347 4040 siquidem
3401 3976 3446 4030 is
3491 3979 3613 4043 post
3642 3963 3758 4022 illos
3799 3959 3841 4012 in

2269 4052 2526 4121 ριίυάἰοῐο
2566 4059 2800 4114 eoncilio
2841 4063 3068 4129 eitatur;
3100 4075 3154 4118 et
3182 4082 3395 4121 rursum
3425 4065 3608 4122 Felice
3636 4074 3696 4114 ac
3721 4050 3843 4111 iulio

2267 4146 2541 4215 antiquior
2593 4151 2900 4207 censendus
2950 4156 3088 4209 foret
3117 4158 3327 4214 Atticus
3369 4161 3670 4238 Ερὶεεορυε
3707 4143 3843 4238 (ῙχΡζ

2266 4237 2468 4307 quippe
2493 4240 2580 4307 qui
2610 4243 2815 4298 eisdem
2844 4246 2896 4299 in
2922 4245 3139 4304 laudato
3161 4249 3348 4321 Cyl-illi
3380 4229 3728 4323 praeponitur.
3755 4229 3844 4292 Sed

2267 4325 2588 4386 Vincentius
2631 4329 2935 4391 Lirinensis
2965 4339 3070 4410 (5).
3117 4351 3172 4396 et
3207 4339 3468 4413 Hypatius
3509 4331 3843 4408 Ephesiorum

2270 4422 2556 4492 episcopus
2605 4425 2658 4480 in
2699 4427 2990 4486 collatione
3046 4446 3170 4488 cum
3221 4437 3528 4507 acephalis,
3561 4430 3646 4487 ubi
3675 4425 3844 4481 eadem

2271 4519 2577 4574 testimonia
2613 4537 3074 4594 commemorant,
3107 4531 3342 4588 Felicem
3371 4534 3550 4598 Julia,
3583 4532 3730 4600 pro"!
3751 4515 3845 4574 θεῖ’

2269 4609 2348 4681 git
2377 4619 2678 4683 temporum
2707 4618 2860 4682 ordo,
2898 4634 3237 4695 praeponunt.
3277 4624 3546 4683 Praeterea
3577 4629 3730 4676 netno
3753 4619 3844 4664 non

569 4697 784 4769 quidem
815 4697 916 4754 sub
941 4699 1144 4756 exitum
1191 4701 1316 4755 auni
1359 4697 1468 4756 272
1503 4701 1796 4774 contigisse
1835 4701 2030 4760 eruditi
2061 4722 2154 4760 no-
2189 4706 2244 4767 D
2273 4703 2416 4762 videt
2464 4709 2741 4782 indignum
2781 4729 3002 4786 prorsus
3049 4721 3215 4778 fuisse
3252 4732 3396 4779 tanta
3431 4719 3681 4796 Synodo,
3714 4717 3767 4764 ut
3787 4699 3844 4758 ad

576 4803 710 4848 tant.

648 4889 778 4943 Tam
810 4887 1024 4944 celebre
1059 4887 1317 4956 judicium
1357 4891 1682 4961 postulabat,
1714 4891 1772 4947 ut
1811 4884 1961 4948 Felix
2010 4908 2168 4964 quam

579 4982 810 5054 primum
841 4995 963 5036 cum
993 4983 1204 5037 caneris
1221 4981 1387 5038 Italia:
1413 4983 1685 5056 episcopis
1704 4987 2016 5042 conVeniret
2041 5004 2057 5054 ;
2084 4986 2168 5042 in-

578 5076 750 5146 deque
771 5091 892 5130 cum
923 5075 988 5130 iis
1015 5075 1080 5131 ad
1111 5077 1374 5131 Domuum
1403 5077 1698 5142 scriberet,
1728 5092 1848 5133 sese
1875 5089 2046 5136 ratam
2077 5077 2172 5136 ha-

577 5170 708 5226 bere
731 5169 872 5224 illius
902 5169 1339 5238 ordinationem,
1373 5177 1428 5224 et
1469 5167 1619 5224 Pauli
1661 5169 2169 5232 condemnationem

577 5265 919 5321 conﬁrmare.
967 5263 1076 5320 Nec
1105 5264 1249 5319 ullus
1279 5260 1490 5318 videtur
1526 5259 1800 5319 dubitandi
1834 5265 2005 5336 locus,
2038 5271 2166 5342 quin

577 5359 732 5416 Felix
759 5361 834 5424 id,
863 5358 1006 5429 quod
1039 5355 1278 5412 muneris
1305 5355 1386 5410 sui
1415 5363 1532 5409 erat
1551 5398 1566 5422 ,
1611 5371 1677 5410 eo
1708 5358 1760 5412 in
1791 5360 2006 5432 negotio
2031 5379 2168 5434 prte-

579 5453 950 5512 stiterit.Cutn
972 5453 1116 5507 enim
1144 5445 1520 5504 decessoribus
1540 5447 1657 5518 ejus
1685 5449 1735 5506 id
1759 5451 1924 5508 moris
1953 5471 2168 5529 semper

656 5591 734 5661 (l)
775 5590 1000 5652 Euseb,
1035 5588 1170 5642 Hist.
1197 5586 1394 5661 eccles.
1425 5585 1516 5640 lib.
1549 5603 1620 5641 vn
1640 5593 1797 5661 ,‘cap.
1827 5589 1882 5661 f5.

656 5601 703 5661 (l
775 5601 1000 5652 Euseb,
1035 5601 1170 5642 I-ttst.
1197 5601 1394 5642 ecetes.
1427 5601 1516 5640 uo.
1549 5603 1654 5653 vn,
1678 5601 1797 5656 cap.
1827 5601 1882 5643 δ.

653 5601 914 5740 (ἓξ-Αριιρ
943 5662 1166 5725 Euseb,
1201 5658 1318 5712 loco
1340 5659 1527 5740 cit-ah,
1559 5669 1610 5712 et
1653 5660 1793 5730 apud
1827 5660 2012 5730 Mausi,
2045 5664 2166 5721 Col-

569 5728 694 5794 ieci.
715 5728 950 5808 lcet-trib,
981 5743 1110 5808 toni.
1147 5750 1184 5797 ι,
1214 5745 1332 5808 pag.
1363 5728 1522 5808 “99.
1631 5728 1700 5808 HV
1785 5797 1795 5808 .

643 5809 720 5874 (5)
749 5804 1000 5867 Hilarius,
1029 5802 1144 5857 libr.
1177 5809 1238 5856 ae
1267 5802 1514 5873 Synodis,
1542 5818 1596 5858 ιι.
1625 5802 1716 5859 86.

647 5877 727 5954 (4)
750 5876 971 5941 Euseb,
997 5874 1113 5928 loco
1137 5875 1318 5928 citato.

2274 4798 2650 4859 stabiliendam
2685 4804 2843 4862 fidem
2866 4851 2880 4874 ,
2919 4812 3151 4868 hominis
3191 4816 3259 4870 ab
3288 4819 3611 4873 Arianorum
3638 4801 3844 4862 factione

2275 4889 2328 4944 in
2371 4894 2619 4951 catholici
2657 4901 2912 4956 antistitis
2939 4902 3116 4960 locum
3155 4907 3344 4964 intrusi
3394 4905 3710 4966 auctoritate
3744 4899 3843 4945 utc-

2274 4990 2442 5040 rett'tr.
2467 4983 2650 5060 Neque
2671 4999 2801 5048 vero
2831 4997 3138 5053 sanctissimi
3164 5002 3392 5074 episcopi
3431 5001 3612 5058 Roma:
3643 5001 3688 5047 et
3713 4983 3842 5040 Ma"

2276 5079 2401 5148 tyris
2427 5081 2631 5149 titulus,
2683 5101 2790 5156 quo
2817 5087 3046 5146 Felicem
3075 5091 3308 5165 Cyrillus
3335 5106 3388 5152 et
3413 5087 3660 5166 ephesiui
3686 5080 3843 5154 Pam:s

2275 5186 2560 5243 exornant,
2593 5181 2644 5234 in
2669 5182 2940 5240 hominem
2969 5186 3277 5256 hujnsmodi
3305 5190 3582 5249 convenit.
3617 5181 3730 5252 11³⁵³
3764 5169 3843 5224 de.

2277 5267 2436 5336 "hinc
2459 5271 2758 5343 inscriptio,
2783 5292 2901 5346 quae
2923 5277 3136 5336 Maximi
3159 5283 3506 5340 Alexandrini
3533 5285 3722 5335 name!I
3751 5269 3844 5333 Ρτπ

2275 5373 2334 5411 se
2359 5359 2478 5426 fert,
2513 5362 2758 5420 dubitare
2786 5385 2886 5424 nos
2931 5387 3039 5426 non
3067 5375 3212 5442 sinit,
3247 5379 3376 5446 quin
3402 5377 3702 5434 subuexum
3726 5354 3843 5446 “'38:

2275 5465 2512 5510 mentum
2540 5461 2771 5530 Cyrinus
2813 5475 2867 5519 et
2893 5467 3150 5536 ephesina
3193 5437 3432 5545 synodus
3456 5470 3602 5526 velut
3625 5437 3842 5515 Felicisl

2273 5549 2634 5610 testiinonium
2667 5557 2952 5618 laudarint.
2986 5566 3196 5638 Quippe
3241 5571 3513 5644 encyclica
3545 5550 3730 5648 synodi
3753 5555 3840 5648 ,3

2271 5641 2534 5699 tiochena:
2557 5649 2802 5719 epistola,
2833 5654 3084 5728 Dionysio
3111 5641 3360 5718 Romam;
3379 5659 3539 5720 simul
3561 5661 3616 5710 et
3638 5641 3841 5705 Maximo

2343 5753 2422 5896 (ὲ)
2448 5757 2652 5861 consil.
2684 5763 2908 5837 Ephes.,
2935 5782 3039 5828 act.
3071 5789 3108 5838 l,
3135 5791 3252 5848 pag.
3287 5777 3411 5835 512.

2405 5831 2421 5896 )
2457 5829 2584 5887 Mar.
2617 5833 2865 5896 Mercat..
2898 5857 3016 5896 oaa.
3048 5845 3152 5896 l78
3177 5859 3232 5896 et
3254 5849 3375 5896 940.

2511 5847 2584 5920 ar.
2617 5833 2865 5920 aenean,
2894 5833 3016 5920 pag.
3048 5833 3152 5901 tis
3177 5833 3232 5903 ei
3254 5833 3380 5920 sto,
3415 5841 3546 5920 edit.
3579 5833 3755 5894 Batuz-

2343 5831 2421 5972 (εἰ
2457 5831 2584 5914 Mar.
2617 5831 2865 5920 ateriae,
2894 5831 3016 5912 pag.
3048 5831 3152 5901 tis
3177 5831 3232 5903 ei
3254 5831 3384 5920 alo,
3403 5831 3537 5905 edn.

2339 5902 2396 5970 (3
2447 5901 2692 5962 Vincent.
2723 5907 2916 5982 Lirim,
2943 5911 3277 5990 Commenta,
3300 5928 3418 5996 cap.
3449 5915 3537 5974 49.-
