4018 6294
250 420 344 479 Ml

1286 422 1376 479 DE
1414 424 1473 483 S.
1514 418 1758 481 FELICE
1788 412 2072 477 ROMANO
2096 416 2477 479 PONTIFICE.

3425 423 3530 482 ΗΕ).

247 532 623 591 Alexandrino
687 534 942 603 inscripta
969 578 983 603 ,
1044 535 1187 590 hunc
1255 535 1538 591 Maximum
1605 533 1838 606 Dionysii
1869 534 1915 592 A
1946 549 2062 589 rum
2108 533 2474 603 Alexandriae,
2504 532 2629 591 Julii
2655 536 2892 608 epiSCOpi
2934 536 3141 602 Romae,
3172 536 3443 594 Ambrosii
3481 549 3536 592 et

246 628 606 684 Alexandrini
673 643 1042 684 successorem
1098 627 1263 684 Felici
1329 639 1515 686 nostro
1579 628 1837 700 aequalem

248 722 436 791 fuisse,
467 731 618 778 Certo
648 737 746 777 nos
773 720 952 777 docet.

324 816 547 872 Adversa
576 814 842 888 Lequienii
871 817 1042 889 opinio
1071 816 1381 872 diluitur.—
1398 816 1596 872 Verum
1627 815 1730 870 alia
1753 828 1841 870 ra-

249 912 398 968 tione
424 909 645 967 Michael
673 908 908 982 Lequien
941 910 1112 966 doctis
1139 909 1190 966 in
1218 911 1606 966 Damascenum
1634 908 1839 964 dissen-

254 1003 545 1058 tationibus
570 1002 702 1057 nihil
730 1002 839 1072 jam
866 1016 1151 1070 superesse
1177 1010 1382 1071 censet,
1411 1014 1506 1057 cur
1533 1000 1671 1057 idem
1702 1001 1839 1072 frag-

248 1104 491 1152 mentum
541 1109 647 1150 non
693 1102 898 1150 tantum
927 1093 1089 1150 Felici
1129 1104 1317 1149 nostro
1352 1093 1637 1164 abrogare,
1670 1092 1763 1148 sed
1789 1099 1842 1146 et

244 1188 521 1245 hmreticis
560 1187 871 1244 adscribere
913 1186 1239 1243 dubitemus.
1297 1184 1401 1243 Ubi
1454 1187 1597 1241 enim
1659 1186 1840 1256 plures

243 1283 506 1355 epistolas
546 1282 671 1340 Julii
713 1283 871 1352 Papa:
926 1285 1147 1339 nomine
1176 1283 1244 1337 ab
1280 1281 1664 1349 apollinaristis
1705 1295 1837 1335 con-

243 1376 402 1432 ﬁctas
428 1390 548 1431 esse
569 1374 836 1445 probavit,
865 1374 1080 1430 tandem
1108 1372 1288 1429 subdit
1313 1371 1416 1444 (l),
1440 1372 1690 1444 epistola,
1721 1384 1839 1443 quze

245 1467 356 1523 sub
385 1464 579 1524 Felicis
609 1466 833 1522 Romani
864 1468 1082 1523 nomine
1105 1465 1398 1532 ferebatur,
1422 1480 1577 1521 unam
1602 1475 1841 1520 natumut

244 1570 495 1616 assertum
522 1559 687 1615 fuisse
715 1566 980 1615 testantur
1006 1559 1267 1631 Hypatius
1309 1568 1363 1615 et
1392 1556 1706 1624 Liberatus;
1740 1573 1842 1614 nec

245 1653 478 1725 proinde
504 1653 783 1710 dubitandi
816 1655 966 1710 locus
991 1658 1255 1725 superest,
1284 1655 1410 1725 quin
1443 1668 1508 1709 ex
1540 1652 1752 1720 eodem,
1777 1668 1841 1709 ac

243 1757 497 1815 cmterm,
545 1760 680 1820 quas
724 1748 1039 1810 memoravi.
1086 1747 1231 1805 I‘onte
1258 1747 1538 1819 prodierit.
1574 1746 1633 1802 Si
1662 1757 1840 1802 tamen

242 1841 329 1896 vir
357 1840 601 1897 eruditus
637 1839 870 1897 laudatis
908 1856 936 1894 a
967 1854 1027 1896 se
1058 1840 1271 1913 Hypatii
1308 1854 1370 1895 ac
1401 1839 1637 1895 Liberali
1662 1839 1841 1895 verbis

1942 626 2158 694 Basilii,
2196 626 2472 698 Gregorii,
2516 638 2570 683 et
2615 630 2833 684 alterius
2888 630 3129 701 Gregorii
3173 630 3531 700 Amphilochii

1946 718 2125 784 lconii,
2160 730 2211 776 et
2250 721 2410 776 Attici
2441 720 3030 791 Constantinopolitani,
3060 722 3262 779 nullum
3293 724 3537 781 testimo-.

1941 813 2087 867 nium
2134 829 2321 869 eorum
2370 814 2439 869 de
2487 831 2589 869 una
2649 824 2838 870 natura
2884 817 3121 886 protulit.
3164 838 3198 869 ).
3233 816 3507 888 Subjiciun

1942 909 2215 978 acephali:
2254 926 2273 960 ι
2306 904 2440 977 Quid
2472 925 2572 978 ego
2614 910 2991 979 suspicamini,
3023 910 3143 978 quia
3184 927 3282 966 nos
3308 927 3400 967 eas
3433 914 3532 966 lal-

1942 1001 2204 1058 savimus?
2242 1022 2259 1055 ι
2296 1003 2564 1073 Epistolas
2580 1004 2801 1070 scilicet,
2826 1020 2956 1075 quas
2977 1003 3169 1060 Felicis
3196 1005 3532 1077 aliorumque

1944 1097 2160 1151 nomine
2206 1095 2565 1166 proferebant.
2606 1096 2808 1163 Quibus
2850 1097 3107 1169 Hypatius
3153 1098 3410 1152 satisfacit
3452 1097 3533 1153 his

1942 1187 2153 1243 verbis:
2192 1207 2209 1240 ι
2246 1188 2355 1243 Vos
2384 1204 2488 1245 non
2516 1190 2886 1258 suspicamur,
2917 1190 3010 1245 sed
3038 1191 3285 1261 antiquos
3311 1190 3531 1247 lucreti-

1943 1294 2037 1335 cos
2065 1279 2474 1349 apollinaristas.
2504 1300 2522 1333 ›
2546 1280 2679 1335 Tum
2701 1280 2889 1337 iisdem
2917 1281 3182 1337 haereticis
3213 1282 3536 1338 instantibus

1944 1386 2007 1426 ac
2033 1369 2367 1436 dicentibus,
2406 1390 2424 1423 ι
2460 1371 2751 1428 Possumus
2776 1374 3085 1442 ostendere,
3118 1374 3240 1445 quia
3270 1377 3332 1431 Β.
3360 1377 3535 1447 Cyril—

1944 1464 2028 1518 lus
2056 1478 2184 1519 usus
2208 1473 2291 1519 est
2312 1464 2429 1520 istis
2458 1465 2775 1521 testimoniis
2799 1467 2853 1520 in
2878 1467 3023 1522 libris
3050 1468 3311 1526 adversus
3346 1469 3539 1524 Diodo-

1944 1571 2062 1609 rum
2111 1565 2166 1610 et
2218 1555 2596 1625 Theodorum;
2642 1578 2660 1611 ›
2717 1560 3015 1628 respondet
3064 1560 3205 1616 idem
3239 1562 3534 1634 Hypatius:

1951 1664 1969 1696 ι
2004 1643 2161 1701 Modo
2190 1649 2421 1704 maxime
2447 1659 2501 1704 et
2525 1649 2645 1704 illos
2666 1651 2925 1707 adversus
2957 1650 3246 1708 Diodorum
3280 1663 3334 1708 et
3361 1654 3540 1709 Theo-

1944 1740 2133 1795 dorum
2163 1740 2327 1797 libros
2347 1743 2626 1814 ambiguos
2651 1743 2844 1810 facitis,
2872 1755 3142 1816 tamquam
3169 1749 3323 1803 {ictos
3346 1747 3538 1803 adver-

1945 1848 2038 1888 sus
2066 1844 2306 1889 mortuos
2348 1836 2588 1905 prolatos
2615 1836 2882 1905 dicentes,
2916 1838 3007 1908 qui
3039 1855 3143 1894 non
3175 1850 3424 1907 poterant
3456 1857 3543 1897 re-

243 1947 394 1991 stare
425 1934 691 2001 voluerit,
720 1934 821 2004 ipsi
852 1934 1236 2002 testimonium,
1270 1933 1339 1988 ab
1369 1933 1634 2003 ephesino
1659 1932 1840 1989 conci-
1869 1934 1916 1995 Β
1945 1926 2133 1982 fellere
2181 1927 2490 1985 falsitatem.
2527 1929 2583 1985 Si
2614 1929 2755 1985 enim
2786 1930 3049 1986 adversus
3078 1945 3320 1989 mortuos
3351 1934 3547 2003 prolati

242 2028 323 2084 lio
354 2044 420 2084 ac
442 2027 649 2099 Cyrillo
675 2027 965 2096 prolatum,
990 2040 1088 2097 pro
1113 2027 1347 2098 genuino
1371 2025 1566 2082 Felicis
1596 2024 1725 2082 fietu
1750 2024 1843 2085 ad-

244 2121 573 2177 mittendum
625 2120 748 2176 erit.
790 2119 858 2176 Et
886 2120 955 2175 ad
989 2118 1273 2192 Hypatium
1302 2117 1517 2189 quidem
1548 2118 1690 2189 quod
1716 2119 1842 2172 atti-

246 2220 360 2278 net,
413 2210 609 2283 duplex
656 2211 939 2283 distinguit
986 2208 1179 2265 Fclicis
1232 2208 1635 2273 testimonium,
1679 2224 1843 2264 unum

245 2304 513 2376 prolatum
542 2319 572 2357 a
596 2302 801 2375 Cyrillu
840 2304 893 2357 in
921 2301 1180 2373 ephesina
1210 2301 1418 2373 synodo
1448 2310 1502 2356 et
1524 2299 1676 2366 alibi,
1708 2300 1843 2356 alte-

246 2414 369 2453 rum
397 2411 528 2453 vero
571 2394 639 2452 ab
669 2395 942 2469 acephalis
972 2399 1023 2451 iu
1048 2396 1265 2466 scriptis
1294 2395 1583 2462 haereticis,
1614 2405 1706 2449 aut
1737 2396 1845 2450 hae—

243 2491 539 2546 reticorum
590 2505 749 2559 opera
798 2490 1067 2560 corruptis
1093 2487 1367 2543 laudatum
1397 2504 1410 2540 :
1446 2498 1556 2542 tum
1590 2485 1694 2543 hoc
1724 2503 1846 2557 pos-

244 2592 482 2637 tremum
504 2582 734 2651 rejicere
761 2592 1048 2637 contentus
1070 2591 1126 2635 ut
1150 2580 1413 2652 spurium,
1448 2581 1679 2651 primum
1704 2581 1848 2636 ultro

244 2696 314 2737 ac
345 2680 579 2737 libenter
628 2688 687 2735 ut
737 2682 1027 2751 genuinum
1065 2677 1330 2750 agnoscit.
1371 2676 1546 2734 Verba
1586 2676 1731 2734 illius
1754 2693 1849 2734 ex-

245 2772 579 2846 pendamus.

328 2864 547 2939 ngatii
598 2864 942 2937 Ephesiorum
988 2860 1231 2937 Episcopi
1261 2874 1309 2919 et
1351 2860 1577 2920 Liberali
1628 2863 1850 2918 Diaconi

256 2960 427 3016 Verba
458 2962 521 3015 de
557 2958 733 3013 eodem
760 2960 1047 3029 fragmento
1091 2974 1332 3029 expensa.
1364 2989 1435 2998 —
1462 2956 1720 3026 Acephali
1755 2971 1851 3011 seu

246 3036 534 3111 Severianl
566 3054 620 3108 in
664 3052 986 3119 collatione,
1019 3066 1136 3123 qua:
1176 3050 1464 3106 Justiniani
1514 3049 1853 3120 imperatoris

242 3149 410 3222 ju~su
464 3149 514 3203 in
561 3149 709 3219 regia
756 3146 888 3203 urbe
931 3160 1074 3203 anno
1128 3144 1234 3205 533
1277 3148 1456 3202 habita
1490 3156 1602 3214 est,
1635 3153 1852 3201 sanctos

244 3240 703 3298 Chalcedonensis
737 3241 950 3296 concilii
980 3250 1163 3311 patres
1197 3239 1637 3311 tranSgressionis
1665 3248 1852 3308 postu-

1946 2028 2112 2084 suut,
2147 2019 2317 2081 multo
2362 2006 2531 2089 magis
2577 2021 2836 2078 adversus
2883 2022 3183 2079 Nestorium
3218 2034 3274 2082 et
3320 2042 3414 2081 eos
3457 2026 3549 2098 qui

1946 2119 2133 2165 contra
2161 2110 2395 2181 capitula
2437 2111 2553 2181 ejus
2584 2112 2939 2187 scripserunt,
2971 2116 3216 2186 proferre
3245 2118 3429 2173 habuit
3457 2135 3552 2175 ea-

1947 2204 2069 2259 dem
2126 2204 2451 2260 testimouia.
2503 2206 2612 2262 Sed
2666 2223 2807 2264 nunc
2875 2210 3087 2266 videtur
3145 2212 3267 2282 quia
3308 2208 3550 2268 barretici

1950 2296 2205 2352 falsantes
2234 2296 2559 2353 addiderunt
2588 2314 2672 2356 ea.
2707 2318 2727 2353 ι

2020 2388 2304 2444 Liberatus
2335 2406 2463 2444 vero
2506 2391 2739 2459 primum
2773 2392 2913 2450 hanc
2939 2409 3059 2450 cum
3087 2395 3361 2469 acephalis
3388 2400 3552 2455 colla-

1952 2482 2152 2537 tionem
2180 2497 2302 2552 cap.
2331 2484 2385 2538 9.
2419 2494 2703 2552 memorat,
2733 2502 2796 2540 ac
2823 2487 3015 2543 deinde
3045 2504 3165 2561 cap.
3198 2491 3264 2545 lO
3293 2493 3553 2562 perStrin-

1949 2589 2104 2646 gens,
2154 2590 2274 2643 qum
2324 2576 2568 2644 proxime
2618 2591 2685 2631 ex
2737 2578 2827 2632 illa
2884 2578 3301 2651 descripsimus,
3335 2584 3552 2639 subdit:

1958 2686 1976 2719 ‹
2014 2667 2249 2738 Cyrillus
2273 2677 2505 2737 quatuor
2532 2668 2697 2724 libros
2724 2670 2960 2740 scripsit,
2995 2682 3127 2728 tresi
3146 2673 3402 2729 adversus
3431 2676 3557 2730 Dio-

1951 2759 2142 2813 dorum
2169 2767 2224 2813 et
2262 2758 2608 2814 Theodorum
2635 2805 2647 2826 ,
2678 2762 2831 2831 quasi
2857 2774 3043 2817 essent
3092 2764 3395 2821 Nestoriani
3430 2767 3556 2838 dog-

1952 2850 2111 2904 matis
2151 2860 2399 2905 auctores
2425 2892 2438 2915 ,
2480 2859 2534 2907 et
2559 2852 2720 2906 alium
2753 2853 2818 2908 de
2850 2854 3222 2914 incarnatione
3252 2860 3470 2925 librum,
3501 2861 3557 2917 in

1954 2942 2146 3011 quibus
2193 2944 2541 2999 continentur
2586 2946 2932 3016 antiquorum
2986 2961 3196 3019 patrum
3242 2965 3494 3024 corrupta
3530 2976 3550 3008 ι

1957 3032 2051 3105 (ita
2080 3042 2234 3089 vetus
2263 3034 2436 3089 codex
2462 3038 2816 3099 corbeiensis,
2848 3040 2937 3094 ubi
2966 3041 3019 3094 in
3048 3043 3274 3113 vulgatis
3298 3047 3561 3102 mendose

1955 3125 2288 3199 incorrupta)
2326 3144 2345 3178 ι
2380 3126 2704 3194 testimonia,
2737 3130 2789 3183 id
2820 3140 2901 3185 est
2928 3131 3123 3187 Felicis
3149 3134 3331 3205 Papm,
3367 3138 3557 3210 Di0ny-

1956 3219 2023 3274 sii
2074 3219 2413 3290 Areopagitae
2452 3220 2852 3276 Corinthiorum
2898 3224 3170 3295 episcopi,
3224 3236 3280 3281 et
3308 3228 3554 3302 Gregorii

248 3334 394 3400 lant,
448 3348 468 3385 ι
506 3332 628 3404 quia
686 3330 764 3408 (2)
815 3332 973 3389 beato
1012 3332 1212 3405 Cyrillo
1255 3342 1309 3389 et
1358 3332 1515 3387 beato
1560 3331 1853 3386 Athanasio

1962 3313 2219 3368 mirabilis
2246 3317 2641 3389 θαυματούριγου
2672 3317 3054 3387 cognominati.
3080 3318 3282 3376 Contra
3313 3339 3450 3392 quos
3471 3340 3559 3380 ca-

246 3425 649 3483 Alexandrinae
679 3427 917 3481 civitatis
962 3425 1263 3497 Episcopis,
1295 3425 1474 3481 Felice
1502 3425 1661 3480 etiam
1688 3433 1743 3480 et
1764 3422 1857 3479 Ju-

245 3518 329 3574 lio
360 3516 618 3573 Romana:
647 3517 929 3586 Ecclesire,
977 3520 1241 3590 Gregorio
1281 3516 1410 3590 quin
1440 3520 1599 3573 etiam
1632 3517 1854 3590 mirabi-

246 3609 444 3665 bilium
495 3610 724 3675 factore;
758 3619 813 3665 et
844 3588 1112 3681 Dionysio
1141 3588 1460 3681 Areopagita
1506 3626 1666 3665 unam
1697 3588 1855 3663 natu.-

247 3716 374 3759 ram
422 3701 519 3758 Dei
555 3702 720 3759 Verbi
754 3702 1173 3759 decernentibus
1224 3713 1343 3773 post
1381 3702 1674 3758 unitionem
1700 3745 1715 3768 ,
1760 3701 1858 3756 hos

249 3811 453 3853 omnes
472 3797 795 3867 transgressi
824 3796 921 3864 illi,
944 3806 1069 3869 post
1089 3797 1382 3852 unitionem
1400 3803 1860 3867 praesumpserant

249 3890 398 3946 duas
418 3898 634 3944 naturas
654 3888 964 3960 praedicare.
1000 3908 1018 3942 ι
1040 3886 1242 3956 Quibus
1258 3887 1856 3959 respondetllypatius:

262 4002 286 4038 ς
322 3981 381 4037 ιη
412 3990 613 4037 tantum
655 3982 803 4037 falsae
843 3992 971 4036 sunt
1011 3980 1263 4052 Epistola:
1305 3982 1418 4037 sive
1457 3980 1860 4036 testificationes

251 4078 389 4145 illae,
421 4092 551 4148 quas
577 4077 781 4147 dicitisj,
814 4087 873 4131 ut
911 4062 1095 4145 neque,
1116 4088 1275 4130 unam
1307 4090 1373 4129 ex
1401 4075 1510 4129 illis
1536 4074 1727 4129 beatus
1755 4073 1862 4145 Cy-

252 4173 418 4229 rillus
444 4170 677 4227 voluerit
720 4169 1031 4236 recordari,
1075 4182 1176 4224 nec
1203 4168 1256 4222 in
1289 4165 1577 4237 Epistolis,
1624 4179 1757 4235 quas
1794 4164 1863 4219 ad

253 4264 569 4322 Nestorium
593 4262 821 4332 scripsit,
845 4276 935 4315 aut
952 4262 1005 4315 in
1030 4261 1112 4316 his
1135 4259 1214 4332 (5)
1242 4274 1374 4330 quas
1397 4267 1584 4314 contra
1608 4252 1862 4327 blaspheo

257 4358 401 4416 mias
415 4358 534 4427 ejus
553 4356 771 4427 pr0tulit
790 4356 1012 4411 testitica
1021 4355 1195 4409 tiones
1209 4354 1263 4409 in
1282 4361 1465 4408 sancta
1480 4350 1686 4423 synodo
1698 4344 1864 4421 ephe-

257 4450 401 4518 sina,
432 4449 650 4520 quando
682 4448 911 4505 maxime
937 4446 1121 4503 debuit
1148 4444 1392 4516 proferre
1412 4458 1525 4511 eas,
1552 4440 1778 4498 sed'nec
1809 4443 1863 4497 in

260 4541 603 4613 expositione
639 4540 923 4596 duodecim
953 4538 1307 4610 capitulorum
1330 4537 1590 4592 adversus
1614 4533 1865 4590 Theodo-

259 4644 445 4692 retum
471 4642 528 4688 ct
567 4633 907 4688 Andream...
942 4631 1036 4687 sed
1078 4645 1178 4686 nec
1208 4630 1468 4684 adversus
1493 4628 1753 4683 orientale
1781 4624 1863 4699 (-l)

1961 3409 2145 3463 tholici
2178 3408 2415 3463 veritatis
2459 3408 2772 3464 defensores
2818 3410 2894 3463 sic
2941 3411 3214 3482 acephalis
3253 3418 3555 3486 responde-

1960 3510 2118 3565 runt,
2149 3501 2267 3555 illos
2296 3500 2464 3555 libros
2495 3516 2603 3555 non
2633 3516 2754 3556 esse
2782 3502 2997 3573 Cyrilli,
3030 3507 3282 3575 quoniam
3316 3508 3562 3565 testimo~

1961 3592 2085 3660 niis,
2112 3609 2233 3663 quae
2252 3594 2303 3647 in
2326 3594 2404 3647 eis
2425 3604 2613 3648 contra
2659 3605 2904 3651 mortuos
2924 3600 3167 3667 posuisse
3190 3600 3404 3668 dicitur,
3428 3618 3532 3658 con
3547 3634 3561 3646 -

1963 3695 2043 3740 tra
2096 3686 2362 3740 viventem
2418 3685 2721 3741 Nestorium
2776 3703 2880 3742 non
2932 3699 3016 3744 est
3074 3706 3223 3758 usus,
3283 3710 3459 3762 neque
3503 3696 3560 3751 in

1963 3782 2230 3852 aliquibus
2258 3784 2530 3851 Epistolis.
2566 3783 2718 3839 Unde
2747 3784 2929 3839 dictmt
2949 3786 3067 3840 illos
3094 3788 3257 3843 libros
3304 3805 3402 3846 nec
3445 3792 3562 3847 dic-

1965 3883 2108 3930 tasse
2135 3874 2417 3946 Cyrillum,
2458 3891 2557 3930 nec
2583 3876 2871 3931 edidisse.)
2910 3877 3041 3931 Cum
3066 3879 3226 3950 igitur
3250 3881 3561 3939 Liberatum

1966 3980 2028 4021 ex
2060 3966 2272 4037 llypatii
2303 3966 2570 4020 sententia
2596 3967 2740 4036 loqui
2765 3968 3106 4023 manifesutm
3135 3971 3224 4040 sit,
3258 3990 3421 4029 unum
3436 3992 3564 4031 cen-

1966 4059 2072 4114 seri
2102 4059 2262 4114 debet
2287 4059 2562 4128 utriusque
2596 4059 2981 4115 testimonium.
3013 4059 3096 4115 Ex
3125 4078 3231 4132 quo
3257 4064 3559 4134 coniicitur,

1966 4150 2127 4206 unius
2165 4149 2513 4221 ejusdemque
2550 4150 2747 4206 Felicis
2789 4154 3006 4208 nomine
3049 4169 3169 4208 cum
3212 4158 3449 4225 geminas
3496 4174 3562 4214 ac

1968 4247 2238 4312 sinceras,
2275 4254 2385 4300 tum
2418 4246 2580 4300 falsas
2607 4255 2699 4300 aut
2738 4246 3065 4304 adulteratas
3094 4251 3391 4323 divulgatas
3418 4254 3561 4311 litte-

1969 4355 2091 4393 ras:
2123 4348 2177 4393 et
2205 4337 2463 4408 genuinas
2493 4338 2707 4409 quidem
2748 4341 2798 4394 in
2830 4341 3089 4410 ephesino
3118 4345 3364 4409 concilio,
3398 4345 3560 4402 falsas

1969 4442 2147 4487 autem
2191 4446 2285 4486 seu
2311 4442 2594 4502 corruptas
2623 4433 2689 4487 ab
2720 4433 2989 4502 acephalis
3018 4435 3181 4492 fuisse
3209 4438 3468 4495 laudatas.

2045 4526 2170 4581 Utut
2198 4528 2252 4580 in
2279 4527 2491 4580 dubium
2534 4528 2757 4580 revocari
2799 4529 2957 4595 possit
3008 4531 3117 4593 eius
3142 4531 3426 4602 integritas.
3462 4532 3562 4589 Ca-

1971 4621 2158 4675 tholica
2185 4632 2349 4673 tamen
2371 4630 2443 4673 est
2473 4620 2740 4674 sententia.
2776 4620 2953 4675 Omnis
2978 4637 3091 4676 vero
3107 4623 3354 4679 dubitatio
3382 4643 3446 4681 ea:
3467 4645 3554 4681 ve-

262 4728 579 4786 eoncilium.
623 4744 642 4780 ι
676 4726 814 4782 Tum
867 4725 1298 4781 testimoniorum
1324 4738 1355 4776 a
1383 4721 1584 4793 Cyrillo
1610 4719 1866 4790 ephesina
1896 4726 1946 4787 D
1974 4724 2131 4769 terum
2179 4714 2483 4768 auctoritate
2526 4712 2746 4767 sublata.
2775 4743 2846 4754 —
2874 4714 3002 4769 lude
3034 4726 3210 4771 tamen
3239 4722 3444 4776 moveri
3470 4738 3559 4779 me

260 4823 321 4879 in
352 4821 564 4894 synodo
594 4821 945 4891 prolatorum,
978 4818 1402 4887 nominatimque
1428 4814 1620 4870 Felicis
1645 4814 1868 4869 sinceri-

267 4924 437 4973 tatem
483 4923 699 4981 tuetur,
745 4924 906 4986 atque
945 4912 1029 4968 his
1056 4911 1281 4983 opponit
1321 4910 1375 4964 in
1413 4909 1556 4963 hunc
1606 4908 1864 4963 modum:

274 5006 421 5065 «Sed
448 5018 503 5063 et
530 5006 634 5062 hoc
660 5006 910 5068 dicimus,
934 5005 1058 5074 quia
1087 5001 1370 5058 duodecim
1385 4998 1742 5070 gloriosornm
1773 5012 1869 5068 pa-

270 5111 417 5157 trum
464 5099 771 5154 testimonia
817 5098 1080 5152 adversus
1130 5093 1361 5149 Nesto:ii
1408 5090 1769 5160 blasphemias
1818 5091 1871 5145 in

269 5195 495 5265 Epheso
522 5193 580 5247 Β.
608 5190 840 5265 Cyrillus
866 5189 1178 5267 proferens,
1206 5188 1259 5243 id
1287 5195 1372 5242 cst
1395 5186 1567 5241 sancti
1584 5184 1728 5240 Petri
1755 5183 1874 5254 epi-

271 5287 425 5358 scopi
452 5284 790 5342 alexandrini
819 5294 875 5340 et
894 5282 1145 5354 martyris
1168 5325 1184 5347 ,
1216 5280 1389 5337 sancti
1415 5278 1608 5335 Felicis
1634 5278 1874 5348 episcopi

273 5380 486 5437 romani
528 5388 582 5435 et
608 5378 881 5451 martyris,
908 5376 1164 5449 Cypriani
1193 5375 1428 5445 episcopi
1448 5373 1873 5443 carthaginensis

275 5482 334 5531 et
376 5473 629 5545 martyris
652 5515 669 5541 ,
700 5472 761 5526 Β.
794 5468 1071 5526 Athanasii
1100 5478 1154 5523 et
1183 5467 1242 5523 Β.
1276 5464 1558 5537 Theophili
1598 5466 1875 5535 episcopo-

381 5590 434 5659 Ι)
468 5591 542 5646 Le
566 5591 758 5659 Quien.
792 5590 1070 5645 Dissertat.
1102 5588 1411 5651 Damasen.,
1446 5602 1504 5659 tt.
1541 5585 1571 5659 ᾗ
1600 5601 1693 5640 vn.

381 5593 401 5646 Ι
468 5591 542 5646 Le
566 5591 758 5659 Quien.
792 5590 1070 5645 Dissertat.
1102 5590 1411 5651 Damasen.,
1446 5602 1504 5645 tt.
1541 5590 1568 5655 §
1600 5601 1693 5640 vn.

354 5590 657 5736 iﬁlLabln,
701 5663 927 5736 Concil.,
974 5670 1101 5714 tom.
1152 5675 1237 5718 ιν,
1287 5675 1404 5728 pag.
1442 5658 1614 5736 ljtifi,
1648 5667 1703 5712 et
1733 5656 1872 5727 apud

279 5730 473 5798 Ma‘n4i,
505 5732 713 5788 Collect.
746 5731 971 5797 Conoil.,
1004 5740 1136 5786 tom.
1164 5746 1278 5790 vm,
1314 5746 1432 5799 pag.
1462 5730 1587 5785 820.

330 5802 442 5893 "(3)
478 5804 551 5860 Ita
582 5804 837 5876 intellige,
883 5803 1035 5874 quasi
1082 5818 1207 5858 mox
1246 5800 1513 5872 legeretur
1552 5800 1876 5883 testiﬁcatio-

286 5878 456 6029 ψῦῖ
476 5946 586 6005 Hoc
614 5947 771 6005 estin
794 5946 1121 6020 Apologetico
1143 5944 1404 6002 adversus
1428 5942 1745 6001 Orientales.

1972 4806 2163 4873 fateor,
2187 4820 2263 4861 ne
2292 4806 2487 4862 Felicis
2513 4808 2794 4876 epistolam
2824 4810 2984 4864 etiam
3015 4812 3065 4866 in
3093 4814 3352 4883 ephesino
3377 4821 3561 4875 conci-

1972 4900 2067 4968 lio,
2095 4901 2688 4972 etaCyrillolaudatam
2710 4903 3109 4971 proindubitata
3135 4907 3386 4975 habeam,
3414 4915 3558 4985 quod

1972 4993 2203 5065 Cyrillus
2226 4994 2277 5047 in
2308 4994 2531 5064 epistola
2564 4995 2628 5050 ad
2660 4996 2980 5055 Successum
3021 5010 3078 5056 et
3098 5003 3222 5059 alibi
3249 5022 3403 5061 unam
3424 5008 3560 5063 verbi

1974 5098 2211 5142 naturam
2241 5089 2561 5142 incarnatam
2598 5092 2931 5159 proﬁteatur.
2964 5093 3147 5165 Neque
3174 5099 3314 5153 enim
3344 5100 3559 5157 aliunde

1977 5180 2044 5234 ad
2086 5180 2389 5251 huiusmodi
2435 5175 2820 5251 professionem
2875 5185 3137 5243 adductus
3176 5188 3404 5254 videtur,
3456 5194 3560 5250 nisi

1975 5273 2114 5341 quod
2142 5274 2363 5343 scripta,
2379 5289 2498 5344 quae
2519 5275 2903 5344 apollinaristte
2917 5279 3183 5336 clarorum
3204 5283 3438 5340 virorum
3459 5303 3558 5343 no«

1975 5363 2208 5418 minibus
2238 5364 2609 5421 conﬂuxerant
2638 5410 2652 5430 ,
2683 5384 2867 5423 eorum
2900 5371 3227 5427 existimavit
3255 5390 3373 5429 esse
3416 5394 3558 5449 quo-

1975 5470 2094 5509 rum
2149 5457 2364 5510 nomina
2411 5470 2523 5526 prae
2544 5473 2601 5511 se
2643 5457 2861 5515 ferrent.
2898 5460 3031 5515 Hinc
3080 5472 3133 5517 et
3180 5462 3467 5525 Flavianus
3503 5472 3560 5528 in

1978 5547 2340 5616 confessione,
2370 5566 2530 5620 quam
2561 5550 2626 5605 ad
2659 5552 3018 5607 Theodosium
3046 5556 3422 5626 imperatorem
3453 5566 3558 5621 mi-

1976 5645 2045 5699 sit
2076 5662 2089 5698 :
2129 5664 2147 5695 ι
2180 5644 2353 5700 Unum
2394 5644 2631 5714 quidem,
2662 5646 2832 5714 inquit
2864 5645 2960 5718 (i),
2986 5650 3133 5704 verbi
3166 5654 3255 5709 Dei
3290 5670 3555 5729 naturam,

1974 5734 2307 5791 incarnatam
2339 5745 2515 5790 tamen
2551 5746 2604 5790 et
2636 5736 3035 5794 iuhumanatam
3058 5784 3074 5809 ,
3120 5744 3297 5803 dicere
3328 5767 3432 5805 non
3461 5771 3557 5811 ne-

1974 5845 2183 5900 gamus,
2216 5846 2281 5885 eo
2308 5830 2449 5900 quod
2476 5844 2545 5883 ex
2570 5829 2828 5885 ambabus
2858 5849 2995 5890 unus
3014 5845 3175 5909 atque
3195 5840 3337 5898 idem
3364 5846 3432 5900 sit
3458 5848 3559 5904 ῡοα

2048 5940 2127 6012 (1)
2150 5939 2367 5998 Calced.
2391 5941 2622 6011 Concil.,
2652 5953 2789 6014 part.
2823 5959 2942 6019 cap.
2972 5964 3022 6017 v,
3051 5957 3103 6006 et
3130 5950 3339 6012 liberat.
3361 5960 3555 6031 capit.
