4018 6276
516 357 619 415 its
668 314 677 322 ’

1847 353 1902 410 5.
1949 348 2089 407 FELE

2199 354 2213 407 ς
2254 348 2453 433 mne
3094 349 3103 356 ’
3696 342 3797 403 ut

512 478 693 532 minus
725 482 909 533 noster
927 472 1083 530 Iesus
1111 469 1375 527 Christus.
1414 488 1434 522 ι
1472 469 1607 527 Utut
1629 478 1745 536 est,
1776 468 1821 525 si
1863 468 2100 524 haeretici
2128 466 2183 526 Α
2209 466 2381 521 menis
2396 464 2507 519 suis
2529 476 2651 533 cap.
2677 462 2775 529 H,
2809 466 3039 517 tom.tu.
3069 455 3420 518 Bibliotheca:
3439 466 3679 516 veterum
3702 459 3796 516 Pa-

512 577 599 625 est
625 569 975 640 fragmentum
1007 564 1138 620 illud
1167 562 1362 619 Felicis
1387 564 1604 620 nomine
1629 563 1963 633 inscriptum,
1984 562 2101 632 ejus

512 674 618 730 est,
649 664 875 734 quicum
905 659 1201 717 catholicus
1222 657 1390 713 videri
1423 657 1655 723 alfectet,
1684 672 1809 713 suas
1829 657 1897 712 ab
1919 656 2103 711 ortho-

510 758 650 813 doxa
681 755 785 812 ﬁde
812 769 973 811 voces
996 761 1295 809 mutuatur.
1326 751 1459 805 Illud
1490 760 1640 807 certe
1686 766 1807 805 cum
1866 748 2102 822 Cyrillus

510 861 567 906 et
612 847 869 920 ephesina
915 847 1153 919 synodus
1210 842 1549 901 sanctissimo
1603 856 1736 913 papa
1784 852 1838 897 et
1864 851 2103 912 martyre

508 942 843 1011 Felicemon
882 936 1465 1011 indignumjudicarint
1491 978 1505 1002 ,
1546 946 1706 1006 atque
1755 943 1812 989 ut
1857 933 2098 1004 ejusdem

508 1035 705 1092 deinde
727 1034 928 1091 Marius
955 1032 1253 1099 Mercator,
1288 1030 1602 1086 Vincentius
1634 1029 1933 1084 Lirinensis
1957 1070 1972 1092 ,
2003 1027 2099 1082 lli-

506 1131 682 1202 patius
726 1128 1083 1200 Ephesiorum
1129 1128 1437 1197 episcopus.
1488 1123 1690 1192 aliique
1727 1121 2103 1178 catholiciad-

505 1222 783 1286 miserint,
821 1220 1074 1292 quamdiu
1102 1218 1249 1274 aliud
1279 1234 1384 1272 non
1411 1215 1701 1279 constabit,
1728 1213 1977 1283 religioni
2003 1229 2097 1268 no-

506 1315 588 1372 bis
625 1324 709 1372 est
752 1314 879 1371 hinc
921 1314 1050 1369 illud
1089 1312 1429 1368 submovere.
1464 1308 1609 1364 Sane
1641 1316 1697 1362 ut
1734 1308 2095 1363 orthodoxum

503 1410 732 1481 quisque
779 1406 1021 1479 proferre
1052 1413 1165 1461 tuto
1193 1404 1393 1468 Valeat,
1425 1401 1569 1474 quod
1600 1410 1745 1456 tanta
1776 1400 2098 1456 auctoritate

503 1504 742 1560 fulcitur.

595 1596 732 1663 Quin
760 1605 807 1650 et
830 1610 895 1649 ea:
916 1593 1093 1648 eodem
1122 1595 1409 1664 fragmento
1423 1588 1738 1661 Apollinaris
1761 1588 1965 1642 Itwresis
1985 1602 2101 1657 pro-

498 1691 725 1762 ﬂigntur.
758 1686 1172 1756 ——Apollinaris
1203 1684 1427 1739 Itznresis
1448 1725 1464 1750 ,
1496 1698 1615 1753 quae
1641 1697 1838 1751 corpus
1860 1679 2097 1734 hominis

494 1784 675 1837 anima
720 1780 805 1835 vel
846 1786 1027 1834 mente
1066 1776 1381 1833 destitutum
1407 1774 1653 1845 adeoque
1691 1772 1964 1828 hominem
1995 1771 2093 1825 iux-
2121 1817 2170 1879 Β

493 1874 792 1946 perfectum
820 1890 849 1928 a
881 1872 1097 1927 Chrism
1127 1880 1461 1940 assumptum
1506 1870 1751 1932 volebat,
1805 1867 2092 1938 postremis

494 1966 656 2037 hujus
678 1965 856 2021 verbis
887 1963 1220 2034 profligetur.
1248 1962 1515 2028 Quocirca
1546 1960 1629 2015 vel
1652 1960 1776 2015 hinc
1805 1960 2043 2030 suspicio
2071 2002 2086 2026 ,

495 2074 567 2114 ne
596 2056 736 2113 forte
763 2056 891 2110 illud
916 2054 1303 2124 apollinarista:
1331 2052 1560 2122 alicujus
1573 2054 1845 2122 opilicium
1871 2052 1959 2119 sit,
1976 2070 2091 2107 om-

494 2151 626 2206 nino
675 2158 1080 2214 removeretur,
1125 2149 1169 2204 si
1217 2146 1595 2203 luereticorum
1629 2148 1842 2201 illorum
1863 2158 2009 2201 artes
2027 2164 2091 2203 ac

490 2242 711 2298 fraudes
740 2243 989 2298 laterent.
1019 2242 1125 2297 Sed
1154 2252 1211 2296 ut
1237 2241 1471 2309 prudens
1504 2241 1815 2297 observavit
1841 2241 2089 2295 laudatus

490 2336 717 2393 Michael
747 2334 1091 2407 Lequienius,
1117 2344 1172 2390 et
1197 2334 1532 2407 Epiphanius
1561 2333 1638 2406 (Ι)
1662 2335 1936 2390 memoria:
1966 2351 2089 2405 pro-

488 2430 666 2494 tlidit,
715 2428 1012 2497 praedicare
1056 2442 1164 2482 non
1213 2426 1480 2482 dubitavit
1532 2426 1723 2480 Vitalis
1772 2425 2086 2496 Apollinarii

488 2522 807 2593 discipulus,
835 2522 1039 2576 omnino
1062 2522 1318 2593 perfectus
1348 2521 1499 2573 homo
1525 2518 1763 2573 Christus
1790 2520 1955 2572 extitit
1974 2561 1989 2586 ,
2024 2534 2087 2573 ac

489 2620 842 2675 nihilominus
889 2626 1127 2673 mentem
1154 2632 1184 2669 a
1219 2615 1437 2669 Christo
1464 2624 1766 2684 susceptam
1795 2629 1915 2668 esse
1945 2611 2086 2668 haud

489 2723 805 2770 cunctanter
831 2713 1059 2783 negavit.
1085 2710 1237 2779 Quod
1268 2726 1377 2781 quo
1419 2720 1576 2780 pacto
1614 2719 1966 2780 componeret
1994 2726 2085 2765 ro-

491 2819 667 2881 gatus,
726 2806 1009 2878 reSpondit
1056 2825 1069 2861 :
1114 2825 1133 2859 ε
1167 2804 1407 2860 Eatenus
1462 2803 1757 2875 perfectum
1812 2804 2085 2859 hominem

490 2904 660 2958 fuisse
684 2901 935 2962 dicimus.
960 2901 1003 2955 si
1030 2899 1372 2956 divinitatem
1400 2900 1477 2956 illi
1510 2900 1629 2956 loco
1655 2902 1852 2957 mentis
1876 2902 2083 2957 adscri-

487 3000 703 3054 bamus.
733 3007 787 3053 et
810 3012 1029 3053 carnem
1052 3008 1214 3067 atque
1233 2999 1469 3053 animam
1500 2998 1856 3069 adjungamus
1894 3003 1990 3065 sic,
2030 3012 2089 3055 ut

485 3091 763 3164 perfectus
784 3090 946 3146 homo
965 3106 1030 3147 ex
1053 3105 1237 3157 carne,
1263 3091 1441 3146 anima
1469 3106 1524 3147 et
1550 3091 1852 3155 divinitate.
1878 3108 1999 3164 quae
2018 3094 2088 3147 sit

2207 569 2346 614 trum
2377 558 2621 614 inseruit.

2276 653 2413 709 Tres
2442 652 2617 708 adhuc
2644 651 2807 709 Felici
2833 652 2853 708 l
2877 652 3217 724 assignantur
3244 652 3485 724 epistola:
3509 668 3540 707 a
3571 652 3798 723 pseudo-

2205 747 2430 804 lsidoro.
2484 747 2663 802 Prima
2717 747 2783 802 ad
2812 746 3102 803 Paternum
3134 747 3448 819 episcopum
3498 763 3596 805 sex
3629 748 3795 819 capita

2206 840 2444 895 continet
2473 858 2487 896 :
2525 840 2584 896 1ο
2615 839 2770 909 Quod
2815 839 3053 896 fautores
3083 840 3534 898 inimicorum'ab
3573 856 3797 897 accusa-

2211 934 2355 988 tione
2380 933 2678 1004 episcopali
2709 932 3151 990 submoveantur.
3184 933 3248 989 2ο
3279 933 3358 990 Ne
3385 936 3620 1005 majores
3640 951 3671 991 a
3700 937 3798 992 mi-

2204 1040 2394 1081 norum
2417 1026 2850 1082 accusationibus
2879 1024 3224 1097 impelantur.
3257 1028 3320 1084 5°
3365 1027 3445 1084 Ne
3474 1030 3527 1083 in
3558 1044 3617 1085 re
3643 1029 3800 1085 dubia

2204 1135 2309 1174 non
2321 1118 2743 1190 judiceturcerta
2758 1120 3047 1176 sententia.
3065 1119 3204 1177 ιουι
3218 1120 3400 1177 clerici
3420 1136 3545 1178 suas
3562 1123 3799 1178 actiones

2202 1223 2514 1269 exerceant.
2579 1214 2642 1270 50
2704 1213 2988 1282 Quomodo
3052 1214 3309 1284 primates
3364 1215 3417 1269 in
3491 1227 3796 1272 accusatum

2202 1307 2517 1379 episcOpum
2544 1322 2603 1363 se
2622 1322 2812 1379 gerere
2839 1308 3093 1364 debeant.
3115 1307 3176 1361 6°
3199 1306 3418 1363 Indices
3446 1307 3708 1364 Ecclesiae
3737 1323 3801 1363 ne

2201 1400 2425 1456 absente
2456 1416 2545 1468 eo,
2571 1403 2729 1471 cujus
2778 1415 2940 1456 causa
2969 1400 3281 1465 ventilatur,
3323 1402 3650 1456 sententiam
3682 1415 3800 1472 pro-

2203 1491 2396 1547 ferant.
2428 1492 2559 1547 Data
2601 1501 2687 1548 est
2714 1492 2872 1547 nonis
2897 1490 3035 1562 junii
3071 1489 3298 1548 Claudio
3325 1500 3382 1546 et
3403 1491 3699 1547 Aureliano
3726 1492 3800 1547 vi-

2201 1586 2277 1641 ris
2309 1587 2517 1642 clariss.
2557 1601 2698 1641 coss.
2728 1616 2800 1625 —
2822 1585 3069 1643 Secunda
3098 1585 3347 1656 epistola,
3380 1585 3451 1642 de
3481 1585 3798 1642 auctoritate

2200 1681 2345 1737 sedis
2371 1682 2707 1752 apostolicm,
2740 1692 2795 1738 et
2832 1682 2901 1738 de
2927 1682 3196 1754 episcopis
3223 1684 3508 1745 accusatis.
3534 1683 3797 1739 universis

2202 1793 2297 1847 per
2325 1775 2527 1832 Gallias
2551 1775 2821 1847 episcopis
2842 1776 3152 1833 collstitutis
3183 1777 3341 1831 missa
3369 1786 3474 1832 est.
3502 1777 3635 1832 Data
3666 1787 3745 1832 est
3766 1790 3797 1829 v

2196 1870 2318 1925 idus
2364 1869 2591 1941 Augusti
2634 1868 2858 1924 Claudio
2904 1879 2959 1924 et
2996 1869 3229 1925 Paterno
3258 1869 3389 1925 viris
3413 1870 3627 1926 clariss.
3656 1884 3793 1927 coss.

2196 1962 2380 2018 Tertia
2410 1962 2645 2033 denique
2680 1962 2905 2032 epistola
2921 1961 2988 2017 ad
3020 1961 3315 2033 Benignum
3346 1962 3664 2034 episcopum
3692 1963 3796 2017 duo

2194 2056 2591 2127 complectitur.
2628 2057 2854 2112 Damnat
2893 2068 2948 2112 et
2988 2072 3120 2124 eos,
3165 2057 3256 2128 qui
3290 2057 3457 2112 filium
3481 2073 3587 2114 non
3617 2056 3796 2115 videre

2196 2149 2408 2205 Patrem
2430 2151 2786 2218 contendunt,
2813 2158 2868 2206 et
2894 2150 3014 2204 illos
3035 2151 3124 2220 qui
3155 2149 3427 2206 aflirmant
3458 2150 3657 2207 Filium
3678 2165 3794 2207 esse

2196 2244 2352 2299 Patre
2379 2246 2640 2301 minorem
2667 2262 2680 2299 :
2716 2244 2847 2299 Data
2878 2244 3034 2299 nonis
3058 2243 3338 2302 Februarii
3364 2245 3593 2301 Claudio
3613 2257 3675 2303 ct
3700 2245 3795 2301 Pa-

2194 2347 2349 2391 terno
2375 2338 2509 2393 viris
2551 2337 2763 2395 clariss.
2813 2353 2958 2393 coss.
3008 2340 3077 2393 At
3110 2337 3306 2394 frustra
3336 2339 3626 2395 subdolum
3678 2348 3789 2395 rete

2191 2447 2346 2486 suum
2375 2430 2614 2489 larvatus
2643 2432 2732 2489 ille
2758 2431 2913 2487 Felix
2942 2432 3115 2488 tendit
3156 2432 3403 2490 eruditis.
3435 2433 3637 2490 Prima:
3664 2434 3789 2507 Epi-

2190 2525 2346 2579 stula:
2367 2524 2650 2581 falsissima
2673 2535 2756 2582 est
2781 2526 3125 2597 subscriptio.
3156 2527 3391 2583 Sedeute
3417 2527 3596 2585 Felice
3614 2530 3791 2585 nullus

2190 2613 2395 2671 Claudii
2436 2626 2489 2672 et
2530 2618 2805 2673 Aureliani
2837 2619 3168 2674 consulatus.
3216 2618 3426 2674 Initium
3452 2618 3557 2676 hoc
3586 2622 3787 2693 episto-

2191 2709 2279 2772 lte.
2327 2708 2560 2779 gaudere
2614 2725 2702 2765 me
2747 2710 3032 2779 plurimum
3060 2721 3115 2766 et
3137 2710 3382 2767 exultare
3428 2711 3482 2766 in
3512 2712 3743 2768 Domino
3771 2754 3786 2779 ,

2193 2803 2465 2874 verbaque
2494 2804 2770 2875 sequentia
2795 2804 2932 2860 bene
2961 2803 3125 2859 multa
3152 2812 3338 2860 extant
3367 2803 3565 2861 Leonis
3592 2809 3647 2862 in
3674 2807 3787 2877 epi-

2191 2899 2327 2956 stola
2351 2915 2500 2955 xxxt.
2535 2899 2783 2956 Secunda
2827 2899 3150 2969 subscriptio
3179 2910 3536 2957 veteratorem
3588 2901 3789 2973 prodit.

2193 2993 2312 3047 Vita
2337 2993 2389 3048 in
2416 2993 2671 3065 Dionysio
2698 2992 3010 3048 morabatur
3040 2993 3219 3049 idibus
3248 2995 3455 3063 augusti
3483 2993 3713 3052 Claudio
3737 3003 3790 3051 et

2192 3086 2424 3143 Paterno
2448 3101 2589 3142 coss.
2619 3086 2721 3156 Qui
2748 3086 2903 3142 Felix
2930 3102 3063 3159 ergo
3091 3102 3158 3144 eo
3189 3096 3458 3160 tempore,
3491 3088 3786 3146 Galliarum

488 3186 689 3241 mentis
741 3184 909 3240 instar
932 3228 947 3252 ,
984 3185 1203 3239 existat.
1248 3204 1267 3237 ε
1298 3184 1498 3241 Verum
1528 3185 1786 3241 mentitur
1831 3186 2085 3257 iniquitas
2111 3164 2157 3228 C
2191 3180 2459 3251 episcopis
2481 3221 2498 3244 .
2542 3180 2868 3237 decretalem
2904 3182 3122 3238 mittere
3156 3197 3307 3238 suam
3338 3182 3786 3253 patuitHnitium

486 3280 612 3335 sibi.
634 3278 804 3347 Quem
842 3279 986 3334 enim
1017 3278 1213 3349 potiori
1242 3278 1477 3333 hominis
1514 3293 1666 3350 parte
1691 3281 1935 3335 caruisse
1959 3297 2088 3336 cen-

486 3383 607 3438 set,
655 3372 928 3426 hominem
956 3372 1251 3441 perfectum
1277 3386 1382 3425 non
1412 3372 1513 3426 nisi
1542 3387 1637 3441 per
1669 3371 2085 3429 ludificationem

488 3464 743 3533 appellat.
780 3462 1055 3518 Hactenus
1081 3460 1423 3519 Coulantius.

558 3558 712 3614 Utiiu
740 3556 953 3614 castoris
979 3566 1222 3611 veterum
1252 3571 1596 3612 romanorum
1627 3558 1939 3628 pontificum
1975 3560 2088 3626 epi-

482 3654 639 3711 stolis
659 3652 881 3709 edendis
910 3651 1254 3705 Coutantium
1284 3660 1501 3706 secutus
1527 3662 1610 3707 est
1639 3653 1981 3720 Gallandius;
2016 3656 2086 3711 ita

486 3747 647 3817 hujus
671 3745 872 3816 pariter
902 3743 1185 3814 fragmenti
1218 3742 1476 3799 Feliciaui
1520 3744 1816 3800 editionem
1854 3748 2088 3802 adorna-

487 3839 569 3893 vit
612 3837 680 3892 ad
721 3836 999 3906 exemplar
1044 3835 1503 3901 Coutantianum;
1538 3838 1781 3908 ejusdem
1814 3839 2084 3895 (loutautii

484 3929 748 4001 judicium
778 3928 846 3985 de
872 3929 977 3985 hoc
1008 3928 1329 4000 fragmento,
1363 3939 1525 4003 atque
1554 3933 1815 3989 vindicias
1836 3933 2086 4005 prolego-

565 4023 645 4094 (-l)
673 4023 964 4094 Epiphan.,
999 4022 1203 4079 Haeres.
1237 4039 1446 4090 Lxxvn,
1472 4024 1607 4094 §25.

2186 3289 2401 3345 quoque
2421 3273 2679 3330 decretali
2709 3274 2996 3330 l'ueneravit
3017 3274 3131 3332 Leo
3147 3275 3374 3347 epistola
3408 3292 3576 3331 xxxn.
3612 3276 3788 3332 Bono-

2190 3384 2308 3422 rum
2347 3382 2571 3433 Operum
2603 3379 2657 3424 et
2687 3369 3072 3439 spiritualium,
3104 3377 3212 3425 etc.
3244 3366 3356 3425 Nec
3384 3369 3492 3423 tino
3518 3371 3621 3425 hoc
3647 3367 3789 3425 furto

2188 3474 2476 3520 contentus
2505 3462 2754 3519 subditus
2784 3463 2874 3519 ille
2900 3463 3052 3520 Felix
3076 3506 3092 3529 ,
3144 3479 3210 3520 ex
3240 3463 3385 3520 Petri
3411 3463 3655 3534 episcopi
3691 3463 3789 3519 Ra-

2190 3558 2438 3614 vennatis
2494 3557 2560 3612 ad
2588 3556 2887 3629 Eutychem
2920 3557 3292 3628 presbyterum
3322 3556 3561 3627 Epistula
3622 3556 3787 3614 verba

2190 3653 2508 3722 desumpsit.
2559 3651 2885 3721 luspiciatur
2935 3649 3251 3705 Biblimheca
3295 3666 3482 3722 magna
3528 3648 3784 3713 Patrum,

2191 3756 2298 3800 tom
2321 3760 2418 3811 vn,
2458 3760 2510 3813 p.
2544 3743 2672 3810 979,
2719 3755 2772 3800 et
2802 3741 2995 3808 Mansi,
3023 3743 3196 3815 Ampi.
3230 3742 3428 3797 collect.
3476 3742 3785 3809 concilior.,

2187 3847 2322 3895 tom.
2346 3853 2385 3902 t,
2418 3853 2537 3909 pag.
2569 3836 2953 3893 “03—1114.
3000 3835 3109 3892 Has
3127 3834 3371 3893 Felicis!
3412 3836 3673 3907 epistolas
3694 3835 3789 3891 fal-

2186 3935 2364 3989 sitatis
2389 3932 2667 3988 convictas
2690 3930 2912 3988 exhibet
2932 3930 3097 3987 etiam
3130 3928 3440 3986 Blondellus
3472 3930 3524 3984 in
3548 3927 3788 3986 Pseudo—

2187 4029 2414 4093 lsidoro,
2435 4044 2557 4101 pag.
2584 4027 2690 4084 555
2720 4038 2775 4083 et
2800 4042 2917 4099 seq.

1484 4213 2801 4329 FMGMENTUM

492 4408 511 4449 r
568 4394 758 4453 l’elieis
786 4392 1108 4450 sanctissimi
1132 4391 1368 4462 episcopi
1410 4390 1594 4445 Romae
1638 4400 1690 4445 et
1718 4391 1970 4461 martyris
2021 4408 2088 4445 cx

493 4493 716 4564 epistola
746 4489 815 4544 ad
843 4487 1131 4544 Maximum
1163 4487 1471 4556 episcopum
1502 4494 1557 4539 et
1583 4483 1788 4539 elerum
1844 4482 2087 4538 Alexan-

494 4586 730 4643 drinum.

565 4704 643 4758 De
681 4700 836 4756 Verbi
867 4708 1048 4756 autem
1076 4697 1441 4752 incarnatione
1468 4704 1523 4751 et
1578 4694 1701 4761 fide,
1734 4694 2004 4750 credimus
2033 4695 2084 4748 in

492 4793 1045 4871 Dominum‘nostrum
1076 4790 1259 4846 Jesnm
1287 4790 1558 4845 Christum
1599 4805 1662 4844 ex
1688 4788 1892 4860 virgine
1922 4787 2085 4843 Maria

2199 4792 2503 4861 πιστεύομεν
2527 4792 2599 4851 εἰς
2629 4792 2714 4847 τὸν
2752 4793 2931 4867 Κύριον
2958 4794 3096 4864 ἡμῶν
3134 4791 3325 4852 Ἰησοῦν
3344 4794 3587 4868 Χριστὸν,
3614 4794 3701 4849 τὸν
3726 4794 3782 4847 ἐκ
3808 4808 3821 4815 ‘

489 4896 695 4951 natum,
721 4884 859 4955 quod
878 4886 992 4952 ipse
1008 4897 1089 4938 (εει
1111 4884 1470 4953 sempiternus
1490 4883 1581 4936 Dei
1599 4882 1737 4937 filius
1749 4893 1804 4936 et
1823 4882 2080 4946 Verbum,

487 4995 596 5036 non
623 4988 801 5033 autem
821 4976 1024 5031 homoa
1047 4976 1155 5030 Deo
1179 4986 1506 5046 assumptus,
1539 4986 1595 5029 ut
1622 4975 1760 5029 alius
1787 4975 1856 5028 sit
1882 4972 2082 5028 abillo.

487 5074 672 5145 Neque
691 5072 833 5127 enim
852 5070 1122 5125 hominem
1145 5070 1433 5138 assumpsit
1456 5068 1548 5122 Dl-i
1570 5067 1754 5135 Filius,
1776 5077 1835 5123 ut
1853 5067 1989 5122 alius
2013 5067 2083 5122 ab

468 5180 554 5223 'eo
602 5174 854 5221 exsistat:
886 5161 980 5218 sed
1038 5176 1160 5216 cum
1204 5161 1471 5229 perfectus
1522 5160 1663 5216 Deus
1709 5169 1873 5222 esset,
1911 5158 2084 5215 factus

485 5274 567 5320 eet
594 5262 753 5318 simul
804 5271 860 5318 et
904 5258 1068 5315 homo
1115 5256 1415 5329 perfectus,
1467 5273 1531 5313 ex
1580 5257 1785 5329 virgine
1832 5257 2079 5313 incarna-

494 5365 595 5415 tus.

2191 4394 2393 4453 Φήλικος
2413 4433 2429 4458 ,
2455 4399 2545 4448 τοῦ
2577 4392 2864 4467 ἁγιωτάτου
2895 4393 3180 4449 ἐπισκόπου
3203 4391 3392 4466 Ῥώμης
3412 4396 3499 4448 καὶ
3521 4395 3785 4472 μάρτυρος

2264 4490 2319 4542 ἐκ
2363 4496 2456 4548 τῆς
2483 4488 2614 4563 πρὸς
2640 4488 2884 4559 Μάξιμον.
2917 4488 3003 4541 τὸν
3034 4489 3314 4542 ἐπίσκοπον
3352 4491 3439 4543 καὶ
3482 4489 3568 4544 τὸν
3606 4488 3784 4562 κλῆρον

2262 4579 2630 4657 Ἀλεξανδρείας
2656 4581 2951 4644 ἐπιστολῆς.

2264 4700 2381 4773 Περὶ
2406 4695 2461 4751 δέ
2488 4705 2581 4757 τῆς
2607 4701 2920 4774 σαρκώσεως
2946 4705 3040 4755 τοῦ
3068 4700 3234 4773 Λόγου
3292 4703 3379 4755 καὶ
3404 4708 3495 4760 τῆς
3534 4701 3779 4764 πίστεως,

2188 4896 2280 4948 τῆς
2304 4888 2557 4963 παρθένου
2596 4889 2794 4965 Μαρίας
2840 4888 3127 4960 γενηθέντα.
3157 4886 3235 4942 ὅτε
3277 4887 3430 4948 αὐτὸς
3468 4889 3609 4944 ἔστιν
3638 4885 3665 4942 ὁ
3692 4891 3779 4941 τοῦ

2188 4985 2315 5033 Θεοῦ
2346 4976 2507 5040 ἀῖδιος
2535 4979 2649 5040 Υἱὸς
2674 4982 2761 5033 καὶ
2788 4978 2978 5051 Λόγος,
3009 4983 3096 5033 καὶ
3119 4980 3211 5033 οὐκ
3237 4975 3498 5055 ἅνθρωπος
3527 4979 3630 5034 ὑπὸ
3654 4983 3778 5034 Θεοῦ

2187 5072 2497 5145 ἀναληφθεὶς.
2528 5071 2591 5126 ἶν’
2616 5073 2786 5148 ἔτερος
2873 5073 2999 5149 παρ’
3019 5075 3222 5128 ἐκεῖνον.
3258 5070 3375 5128 οὐδέ
3396 5076 3498 5148 γὰρ
3519 5069 3777 5149 ἄνθρωπον

2186 5167 2425 5221 ἀνέλαϐεν
2452 5166 2478 5220 ὁ
2507 5172 2600 5221 τοῦ
2620 5171 2747 5220 Θεοῦ
2771 5166 3001 5227 Υἱὸς,ἷνα
3085 5166 3259 5243 ἔτερος
3278 5165 3403 5242 παρ’
3433 5166 3607 5221 αὐτόν’
3632 5165 3775 5229 ἀλλὰ,

2186 5262 2309 5321 Θεὸς
2337 5258 2403 5314 ὧν
2431 5260 2636 5324 τέλειος,
2663 5261 2860 5333 γέγονεν
2889 5258 3000 5331 ἅμα
3023 5262 3111 5315 καὶ
3136 5260 3320 5320 τέλειος
3340 5255 3627 5336 ἄνθρωπος,
3651 5276 3780 5331 σαρ·

2197 5353 2370 5414 κωθεὶς
2395 5353 2450 5406 ἐκ
2477 5352 2750 5429 παρθένου*
