4018 6298
254 351 361 411 145

1395 357 1756 418 EPISTOLIE
1789 359 2018 417 DUBIAS
2056 359 2414 430 QUATUOR.

3438 359 3539 418 ΗΟ

793 547 889 702 S.
1007 549 1451 705 FELIGIS
1557 552 1875 707 Plll’lll
1985 557 2034 709 Ι
2140 558 2284 711 ET
2403 558 2994 713 MARTYRIS

1041 766 1626 857 EPISTOLJE
1685 772 2072 856 DUBI/E
2129 774 2747 884 QUATUOR.

846 948 1178 1008 EPISTOLA
1218 952 1257 1005 I.
1313 995 1321 1004 .

682 1060 752 1100 AD
789 1058 1073 1099 PATERNI}!
1112 1060 1177 1099 ΕΡ
1187 1059 1400 1100 ιεεορωι
1410 1086 1425 1100 .

250 1162 332 1218 De
348 1159 564 1233 judiciis
591 1170 641 1215 et
675 1157 1090 1214 accusationibus
1113 1168 1159 1214 et
1184 1159 1563 1231 defensionibus
1583 1180 1843 1221 sacrorum

931 1254 1183 1310 ordinum.

243 1373 291 1432 l.
321 1404 394 1417 -—-
421 1373 572 1443 Quod
595 1372 907 1426 detractores
932 1379 980 1425 et
1002 1373 1228 1442 [autores
1254 1372 1579 1429 inimicorum
1605 1374 1667 1429 ab
1688 1391 1838 1431 accu-

329 1446 527 1521 satione
549 1463 830 1535 episcopali
882 1465 1288 1519 submoveantur.

248 1560 324 1615 ll.
358 1589 430 1601 —-
453 1557 534 1613 Ne
575 1573 795 1611 tumores
832 1572 863 1610 a
889 1557 1168 1627 majoribus
1220 1558 1625 1612 accusationibus
1679 1560 1839 1631 impe-

322 1663 514 1709 tantur.

248 1747 343 1803 lll.
362 1776 433 1790 -—-
454 1746 520 1802 In
547 1763 604 1801 re
625 1746 778 1800 dubia
807 1763 908 1801 non
922 1746 1185 1817 judicetur
1212 1756 1348 1801 certa
1389 1747 1635 1801 sententia
1662 1748 1726 1801 de
1758 1748 1834 1802 his

321 1844 410 1914 qui
445 1841 689 1896 adversus
725 1841 964 1895 clericum
1014 1856 1218 1895 causam
1244 1841 1467 1913 aliquam
1516 1841 1761 1896 habebunt
1784 1843 1836 1897 in

317 1936 596 2006 provincia.

234 2028 339 2085 IV.
366 2060 437 2070 -—-
457 2027 641 2085 Clerici
671 2029 893 2084 actiones
919 2043 1038 2082 suos
1066 2038 1348 2083 exerceant.

231 2122 310 2179 γ.
333 2152 406 2164 -
442 2122 693 2178 Primates
721 2123 772 2177 in
802 2132 1093 2177 accusatum
1150 2123 1440 2193 episcopum
1485 2124 1737 2194 quomodo
1785 2140 1837 2178 sc

312 2233 485 2290 gerere
508 2216 738 2271 debeant.

240 2308 339 2364 Vl.
373 2339 443 2349 -—-
470 2305 677 2364 Iudices
727 2306 971 2363 Ecclesia:
1014 2324 1076 2362 ne
1111 2307 1315 2361 absente
1363 2325 1439 2374 eo,
1490 2310 1636 2379 cujus
1680 2326 1834 2365 causa

309 2400 606 2467 ventilatur,
628 2401 930 2457 sententiam
961 2403 1247 2471 proferant,
1281 2409 1416 2454 etne
1445 2399 1725 2471 proditoris
1744 2417 1831 2457 ca—

312 2495 510 2550 lumnia
535 2506 625 2550 aut
655 2511 754 2550 vos:
785 2494 1047 2549 audiatur.

236 2586 563 2644 Charissimo
621 2598 772 2659 atque
840 2588 1163 2643 dilectissimo
1214 2588 1439 2643 Paterno
1484 2590 1780 2660 coepiscopo
1811 2630 1825 2655 ,

506 2677 658 2735 Felix
686 2681 952 2751 episcopus
977 2680 1030 2733 in
1061 2677 1281 2733 Domino
1307 2682 1547 2735 salutem.

304 2816 558 2875 Gaudere
582 2833 667 2874 me
694 2818 978 2886 plurimum
1009 2817 1092 2892 (S.
1138 2820 1274 2885 Leo,
1305 2837 1390 2891 ep.
1434 2820 1549 2890 51),
1596 2831 1650 2876 et
1673 2822 1826 2877 exul-

237 2920 364 2966 tare
392 2911 443 2965 in
466 2910 710 2972 Dmuino.
731 2910 1036 2966 dilectionis
1059 2924 1162 2966 tute
1188 2913 1385 2983 scripta
1414 2912 1679 2978 fecerunt,
1708 2914 1822 2983 qui-

221 3006 340 3063 bus
367 3005 646 3062 evidenter
673 3005 1007 3063 ostenditur.
1036 3016 1296 3076 quantum
1336 3006 1655 3062 catholicam
1708 3006 1826 3062 dili-

218 3101 319 3171 gis
349 3099 529 3163 fidem,
549 3109 605 3155 et
625 3108 880 3167 quantum
911 3098 1222 3155 haereticum
1250 3100 1534 3155 detestaris
1559 3114 1822 3155 errorem.

1947 957 2071 1029 quia
2126 958 2226 1013 nisi
2290 960 2628 1025 unanimiter,
2685 957 2909 1013 faciente
2939 957 3521 1023 Domino,cunetorum

1949 1053 2174 1123 provida
2192 1064 2464 1124 pastorum
2489 1055 2641 1109 turba
2669 1063 2975 1121 concurrat,
2995 1068 3153 1108 omne
3169 1052 3333 1125 (quod
3358 1051 3520 1125 absit)

1947 1145 2105 1201 citius
2129 1146 2267 1200 ovile
2294 1145 2536 1204 dilaniet.

2020 1239 2058 1293 Ι.
2089 1240 2427 1310 Quapropter
2474 1241 2828 1310 detractores,
2872 1242 2960 1311 qui
3005 1240 3182 1294 divina
3214 1238 3527 1296 auctoritate

1946 1331 2252 1387 eradicandi
2279 1341 2425 1396 sunt,
2457 1341 2512 1388 ct
2542 1330 2775 1387 fautores
2820 1331 3183 1398 inimicorum,
3218 1331 3283 1385 ab
3311 1330 3524 1402 episco-

1942 1424 2047 1493 pali
2076 1424 2458 1480 sohmovemus
2486 1424 2847 1480 accusatione.

2012 1517 2073 1572 ll.
2092 1517 2350 1574 Similiter
2377 1535 2444 1573 ne
2465 1534 2793 1573 summorum
2806 1516 3523 1589 quispiamUladr.,cot.l9),

1946 1610 2215 1666 minorum
2241 1611 2673 1682 accusationibus
2724 1611 3048 1682 impietatur,
3075 1620 3168 1665 aut
3190 1610 3480 1681 dispereat.

2008 1702 2094 1758 ΙΙΙ.
2127 1703 2311 1775 Neque
2340 1705 2393 1759 in
2422 1721 2479 1760 re
2512 1705 2599 1778 (S.
2629 1703 2810 1778 Greg.,
2842 1721 2926 1776 ep.
2954 1706 3043 1772 50,
3079 1705 3194 1760 l.‘b..
3227 1707 3339 1775 riu)
3382 1714 3528 1760 certa

1868 1791 1913 1850 B
1936 1794 2205 1866 judicetur
2246 1800 2533 1865 sententia,
2564 1814 2664 1854 nec
2707 1799 2871 1854 ullum
2898 1798 3192 1868 judicium,
3226 1797 3327 1854 nisi
3373 1797 3519 1855 ordi-

1941 1890 2188 1946 nabiliter
2217 1890 2478 1951 habitum.
2508 1899 2779 1948 teneatur.

2012 1982 2100 2039 IV.
2129 1981 2187 2040 Si
2213 1983 2333 2055 quis
2358 1999 2522 2054 super
2557 1985 2883 2056 quibuslibet
2927 1985 3242 2040 criminibus
3266 1983 3521 2040 clericum

1941 2076 2259 2145 pulsandum
2302 2076 2612 2142 crediderit,
2647 2077 2699 2130 iu
2750 2075 3042 2145 provincia,
3077 2076 3131 2130 in
3156 2090 3261 2147 qua
3299 2056 3521 2148 (Radix,

1943 2170 2039 2224 col.
2073 2169 2129 2242 8)
2161 2170 2411 2225 consistit
2433 2169 2523 2225 ille
2556 2170 2647 2241 qui
2675 2169 2935 2241 pulsatur,
2970 2185 3094 2225 suas
3119 2177 3370 2225 exerceat
3397 2177 3420 2206 ο
3445 2182 3526 2222 ac-

1942 2263 2134 2329 tiones,
2164 2278 2264 2318 nec
2304 2264 2535 2318 :estimet
2566 2279 2687 2318 eum
2716 2269 2996 2318 accusator
3021 2261 3171 2329 alibi,
3198 2269 3292 2315 aut
3313 2260 3523 2331 longius

1933 2357 2353 2429 pertrahendam
2393 2358 2459 2412 ad
2482 2357 2763 2427 judicium.
2794 2355 2873 2410 Illi
2920 2371 3086 2423 vero,
3140 2355 3231 2425 qui
3284 2354 3527 2425 pulsatus

1932 2451 2116 2517 fuerit,
2140 2450 2185 2504 si
2210 2448 2423 2519 judices
2447 2459 2726 2519 suSpectos
2757 2448 3028 2514 habuerit,
3061 2446 3221 2502 liccat
3246 2444 3521 2517 appellare

1932 2542 2214 2612 primates.

2007 2634 2068 2687 V.
2100 2634 2363 2690 Primates
2408 2649 2624 2705 quoque
2671 2645 2979 2689 accusatum
3030 2632 3380 2687 disentientes
3405 2630 3520 2701 epi-

1930 2741 2174 2795 sc0pum,
2201 2742 2306 2781 non
2339 2736 2463 2781 ante
2491 2727 2811 2781 sententiam
2846 2728 3115 2797 proferant
3137 2723 3517 2789 damnationis,

1930 2834 2089 2888 quam
2118 2816 2409 2886 apostolica
2441 2816 2562 2872 freti
2605 2817 2943 2884 anetoritate,
2988 2827 3080 2870 aut
3121 2832 3270 2871 reum
3320 2832 3378 2870 se
3406 2815 3519 2886 ipse

1928 2912 2247 2966 confiteatur
2273 2911 2396 2983 (An.
2430 2911 2483 2965 in
2530 2920 2718 2975 const.,
2749 2911 2836 2965 lib.
2867 2926 2940 2974 ix,
2990 2913 3069 2964 tit.
3098 2911 3186 2975 40,
3217 2910 3332 2964 cod.
3367 2906 3517 2974 Tlte.,

1929 3006 2018 3072 11,
2041 3022 2090 3075 q.
2114 3007 2169 3069 5,
2200 3004 2413 3058 Irritum
2436 3022 2540 3059 esse
2558 3004 2953 3075 episcoporum),
2973 3015 3062 3060 aut
3086 3020 3179 3075 per
3206 3004 3518 3064 innocentes

1927 3113 1982 3157 et
2018 3101 2274 3156 canonice
2312 3100 2648 3154 examinatus
2682 3099 2997 3169 regulariter
3035 3110 3197 3153 testes
3225 3099 3515 3155 convinca-

218 3193 473 3250 Haeresis
497 3192 698 3264 quippe
725 3201 810 3248 est
836 3193 995 3246 nimis
1041 3192 1224 3263 impia,
1256 3201 1310 3248 et
1338 3193 1662 3263 evangelica:
1689 3195 1827 3248 veri-
1852 3174 1897 3237 (ἶ
1933 3201 2040 3248 tur.
2072 3194 2241 3248 Aliter
2263 3192 2464 3247 irritam
2497 3207 2617 3247 esse
2638 3206 2924 3248 censemus
2946 3201 3001 3246 et
3023 3190 3274 3260 injustam
3304 3189 3515 3258 episco-

216 3286 360 3341 tatis
382 3286 618 3350 inimica,
635 3300 756 3355 quae
777 3299 883 3339 non
912 3284 1211 3353 portionem
1234 3284 1466 3354 aliquam
1495 3284 1712 3349 laedere,
1728 3284 1823 3339 sed

217 3381 352 3449 ipsa
382 3379 691 3434 christiana:
734 3378 1008 3449 religionis
1036 3389 1263 3434 conatur
1302 3378 1649 3434 fundamenta
1696 3394 1826 3434 eon-

222 3472 463 3529 vellere.
499 3472 879 3543 Quoscumque
910 3481 935 3508 η
962 3472 1107 3527 enim
1136 3473 1276 3543 rapit
1306 3471 1372 3526 ad
1401 3486 1481 3536 se,
1516 3487 1621 3551 non
1651 3471 1823 3527 solum

218 3567 289 3623 in
319 3566 423 3622 hoc
444 3566 653 3629 vitium,
682 3564 777 3620 sed
807 3566 858 3619 in
891 3564 1057 3619 multa
1083 3564 1186 3618 alia
1211 3564 1334 3619 vitia
1380 3579 1540 3619 ruere
1568 3564 1692 3619 facit
1726 3582 1739 3617 :
1770 3574 1825 3620 et

216 3662 353 3730 ipso
379 3658 639 3714 suadente
666 3658 888 3728 antiquo
906 3658 1081 3721 hoste,
1110 3672 1214 3712 non
1239 3657 1412 3712 solum
1445 3666 1820 3727 persecutores

216 3752 513 3817 Eaclesire,
546 3749 641 3804 sed
672 3753 833 3805 etiam
864 3748 1203 3804 sacerdotum
1230 3748 1368 3819 ejus,
1398 3748 1548 3804 fiunt.
1585 3748 1700 3805 Una
1721 3749 1820 3820 igi-

223 3857 326 3900 tur
356 3853 533 3897 mente
554 3843 824 3913 corrigere
845 3857 1097 3897 curemus
1122 3850 1179 3895 et
1204 3842 1551 3912 insequamur
1588 3842 1741 3906 tales,
1768 3851 1821 3897 et

218 3956 257 3993 ιι
273 3939 310 3992 b
334 3937 491 3993 hoste
512 3954 611 3992 suo
634 3937 953 3994 Ecclesiam.
976 3936 1201 4006 ejusque
1223 3936 1411 3992 fideles
1437 3945 1492 3991 et
1515 3937 1822 3993 sacerdotes

178 4092 187 4097 ,
217 4028 444 4085 Domini
465 4070 481 4093 ,
520 4029 755 4083 nitamur
802 4029 1050 4083 liberare.
1079 4028 1359 4083 Praistabit
1405 4030 1550 4083 vires
1577 4030 1822 4099 omnipo-

221 4131 355 4175 tens
408 4119 721 4188 redemptor
768 4131 955 4174 neSter
999 4119 1244 4174 eharitati
1292 4130 1451 4190 atque
1485 4120 1817 4193 justitire(S.

216 4204 411 4275 (ἐτέθη
458 4222 541 4275 ep.
591 4204 681 4268 56,
734 4206 824 4258 lib.
877 4205 952 4277 tv)
979 4222 993 4258 :
1026 4204 1297 4275 pra:stabit
1322 4206 1490 4273 nobis,
1518 4207 1671 4275 longe
1702 4222 1731 4260 a
1757 4223 1819 4263 se

214 4297 419 4369 positis
447 4336 463 4362 ,
513 4296 770 4351 unitatem
813 4296 1044 4365 Spiritus
1087 4297 1169 4349 sui
1223 4297 1357 4366 ipse,
1386 4313 1539 4366 cujus
1568 4298 1816 4366 artificio,

218 4391 388 4463 quasi
421 4391 471 4444 in
505 4405 643 4445 arcte
697 4390 937 4455 modum,
992 4400 1220 4457 quatuor
1274 4390 1457 4445 mundi
1509 4400 1814 4446 constructa

213 4486 506 4550 lateribus,
535 4494 693 4554 atque
724 4482 1126 4554 imputriliilium
1169 4483 1435 4554 lignorum
1458 4498 1737 4556 compage,
1758 4494 1816 4539 et

216 4578 493 4635 bitumine
522 4577 800 4632 charitatis
825 4577 1077 4633 adstricta
1108 4586 1191 4633 est
1237 4578 1496 4645 Ecclesia,
1529 4589 1586 4633 ut
1616 4578 1812 4635 nullius

216 4671 557 4727 adversitate
584 4669 837 4741 Spiritus,
867 4670 1064 4725 nullius
1090 4671 1353 4726 venientis
1378 4673 1712 4729 extrinsecus
1733 4684 1819 4727 tu-

216 4780 381 4821 more
410 4764 601 4820 fluctus
631 4766 990 4835 perturbetur.
1041 4765 1147 4820 Sed
1189 4766 1643 4835 quemadmodum
1676 4766 1821 4822 illius

215 4858 567 4928 guderuante
591 4858 785 4927 gratia,
808 4855 1094 4926 petendum
1124 4866 1227 4921 est,
1260 4867 1319 4911 ut
1347 4856 1488 4911 nulla
1517 4872 1614 4911 nos
1633 4872 1820 4926 super-

217 4948 451 5003 veniens
485 4951 724 5003 exterius
751 4948 889 5003 unda
917 4948 1221 5016 conturbet,
1257 4948 1328 5002 ita
1374 4964 1439 5003 ex
1483 4950 1608 5004 totis
1659 4942 1816 5006 oran-

1932 3302 2118 3356 porum
2163 3285 2586 3347 damnationem,
2615 3294 2670 3338 et
2710 3282 2908 3338 idcirco
2931 3298 2959 3336 a
2993 3281 3199 3353 synodo
3227 3289 3520 3335 retractan-

1930 3377 2076 3441 dam,
2110 3378 2181 3431 ita
2217 3388 2273 3431 ut
2302 3377 2576 3447 oppressis
2602 3375 2669 3429 ab
2695 3375 2962 3442 omnibus,
2999 3375 3050 3429 in
3081 3373 3288 3428 cunctis
3317 3370 3513 3426 subve-

1929 3473 2105 3526 niatur
2129 3472 2327 3526 causis.

1998 3565 2088 3621 Vl.
2116 3567 2352 3621 Caveaut
2382 3563 2565 3637 (Conc.
2602 3564 2805 3629 Carth.,
2840 3580 2913 3627 Iv,
2952 3579 2999 3616 c.
3029 3561 3123 3631 28)
3144 3626 3151 3635 _
3173 3560 3380 3631 judices
3410 3558 3516 3614 Ec-

1928 3657 2126 3723 clesia),
2158 3673 2225 3711 ne
2255 3656 2474 3711 absente
2502 3671 2567 3710 eo
2596 3655 2750 3726 cujus
2774 3670 2933 3711 causa
2962 3638 3263 3718 ventiltitur,
3294 3659 3514 3707 sentcn-

1930 3752 2056 3805 tiam
2090 3750 2385 3822 proferant,
2416 3749 2541 3820 quia
2589 3749 2736 3803 irrita
2784 3749 2908 3814 erit,
2934 3748 3023 3819 qui
3053 3748 3213 3802 etiam
3255 3747 3514 3802 rationem

1928 3860 2026 3915 pro
2051 3846 2260 3899 actione
2287 3843 2509 3898 fratrum
2537 3844 2588 3897 in
2638 3843 2923 3913 praesentia
2965 3841 3185 3896 dabunt.
3220 3839 3516 3895 Proditoris

1928 3953 2057 3992 vero
2088 3951 2186 3990 nec
2214 3933 2475 3991 calumnia
2495 3976 2509 4001 ,
2556 3948 2656 3989 nec
2679 3949 2782 3988 vox
2813 3930 2840 3969 ά
2861 3933 3125 3988 audiatur.
3174 3930 3341 3986 Nemo
3367 3933 3512 3987 enim

1927 4028 2222 4084 debitorem
2271 4027 2500 4097 amplius
2531 4038 2699 4097 potest
2732 4041 3080 4098 cognoscere,
3106 4042 3263 4097 quam
3309 4025 3399 4081 ille
3424 4028 3516 4096 qui

1928 4120 2177 4190 injuriam
2228 4122 2455 4190 ejusque
2497 4120 2746 4174 sustinuit
2776 4118 2928 4193 (Cod.
2956 4117 3085 4173 Tbe.
3110 4161 3125 4180 ,
3158 4129 3318 4173 const.
3349 4120 3403 4185 5,
3436 4121 3513 4173 tit.

1926 4214 2014 4277 10,
2038 4214 2126 4267 tib.
2162 4216 2217 4276 χ)
2246 4212 2559 4283 nequitiam.
2591 4211 2793 4268 Omnes
2821 4228 2950 4283 ergo
2974 4212 3064 4282 qui
3093 4213 3143 4267 in
3171 4210 3384 4267 Christo
3412 4227 3511 4267 vo-

1919 4304 2034 4360 lunt
2079 4306 2163 4375 pie
2188 4303 2369 4359 vivere
2405 4320 2625 4360 necesse
2651 4314 2736 4360 est
2763 4313 2822 4359 ut
2864 4305 2933 4358 ab
2961 4304 3136 4374 impiis
3160 4303 3510 4359 dissimilibus

1922 4396 2189 4467 patiantur
2218 4396 2524 4467 opprobria,
2553 4406 2610 4452 et
2658 4395 3021 4466 despiciantur
3049 4407 3316 4467 tamquam
3364 4396 3513 4452 stulti

1917 4497 1971 4543 et
1997 4488 2167 4544 insani
2214 4486 2449 4561 (Prosp.,
2478 4496 2604 4542 sent.
2636 4487 2726 4552 52,
2753 4503 2816 4542 ea:
2854 4488 2985 4558 Aug.
3014 4489 3065 4541 in
3090 4504 3169 4557 ps.
3198 4486 3386 4558 cxxu),
3411 4487 3504 4558 qui
3550 4472 3559 4485 ⁸

1923 4583 2206 4653 praesentia
2258 4583 2393 4637 bona
2426 4581 2673 4652 perdunt,
2708 4592 2765 4635 ut
2794 4580 3076 4635 invisibilia
3106 4591 3160 4637 et
3212 4580 3387 4634 futura
3412 4596 3506 4635 ae-

1922 4676 2157 4744 qnirant.
2204 4675 2486 4745 Despectio
2517 4683 2693 4728 tamen
2739 4686 2793 4729 et
2824 4673 3001 4727 irrisio
3042 4674 3222 4727 talium
3276 4674 3328 4727 in
3360 4673 3506 4744 ipsos

1921 4766 2321 4839 retorquebitur
2339 4767 2427 4837 qui
2456 4766 2603 4835 ipsos
2626 4762 2917 4820 intestant:
2948 4765 3071 4836 quia
3098 4775 3153 4820 et
3180 4764 3508 4822 abundantia

1922 4874 2108 4916 eorum
2148 4861 2201 4915 in
2238 4868 2555 4930 egesmtem,
2602 4868 2656 4912 et
2683 4858 2930 4927 superbia
2972 4859 3216 4914 transibit
3244 4860 3295 4913 in
3324 4858 3513 4915 confu-

1922 4954 2148 5009 sionem.
2180 4952 2514 5023 thuidquid
2541 4951 2705 5022 justis
2728 4950 3107 5006 adversitatum
3133 4951 3218 5006 vel
3247 4952 3511 5007 malorum

222 5043 357 5096 dum
385 5051 469 5096 est
496 5041 806 5106 visceribus,
856 5040 1021 5096 frater
1048 5041 1383 5104 charissime,
1414 5050 1472 5095 ut
1499 5055 1609 5095 stne
1642 5044 1817 5110 provi-
1844 5012 1898 5072 D
1925 5046 2210 5116 irrogatur,
2233 5060 2339 5099 non
2368 5056 2451 5098 (σει
2472 5058 2627 5115 ρωιιε
2644 5043 2908 5108 criminis,
2926 5044 3018 5097 sed
3038 5043 3247 5099 virtutis
3261 5057 3509 5099 examen.

218 5137 425 5191 ιΙυιιιὶίυ
474 5136 695 5192 dextera
740 5136 1012 5191 cumulum
1070 5136 1296 5191 sentina:
1338 5136 1492 5191 nobis
1548 5135 1816 5208 interioris

220 5229 532 5285 exhauriat.
570 5228 906 5282 Adversarius
952 5229 1151 5299 quippe
1200 5228 1455 5292 diabolus,
1487 5229 1578 5299 qui
1627 5238 1813 5283 contra

221 5323 459 5378 humiles
486 5325 732 5389 sznviens,
773 5324 902 5378 sicut
952 5324 1029 5377 leo
1079 5325 1285 5394 rugiens
1322 5322 1538 5389 circuit,
1589 5338 1819 5393 querens

222 5431 376 5484 quem
416 5414 616 5473 devoret
654 5415 697 5486 (Ι
726 5412 790 5470 8.
820 5412 989 5481 Petr.,
1028 5416 1122 5482 .v),
1153 5429 1256 5469 non
1274 5414 1409 5484 jam,
1432 5422 1491 5468 ut
1519 5400 1836 5481 cernimus;

220 5509 419 5563 caulas
454 5508 700 5563 cireuivit
726 5506 775 5571 ι),
805 5508 897 5563 sed
927 5508 996 5562 ita
1024 5506 1197 5563 valide
1225 5509 1276 5562 in
1297 5506 1611 5578 quibusdam
1633 5506 1819 5563 Eccle-

221 5603 321 5657 sim
338 5602 659 5658 necessariis
679 5601 935 5660 membris
950 5602 1166 5657 dentem
1187 5601 1320 5673 figit,
1341 5609 1399 5655 ttt
1421 5600 1553 5656 nulli
1570 5600 1810 5668 dubium,

1922 5138 1992 5193 Et
2018 5139 2155 5193 sicut
2180 5152 2389 5202 aurum,
2412 5147 2613 5208 quanto
2632 5136 2752 5207 plus
2777 5137 3113 5207 excoquitur,
3144 5146 3291 5191 tanto
3316 5136 3511 5190 melius

1921 5230 2153 5287 efficitur
2184 5250 2198 5285 :
2230 5232 2309 5285 sic
2330 5231 2527 5301 justus,
2557 5240 2760 5301 quanto
2783 5230 2903 5301 plus
2937 5230 3220 5284 tribulatur
3247 5229 3312 5301 (si
3337 5229 3506 5297 ipsam

1922 5324 2321 5381 tribulationem
2360 5325 2625 5394 patienter
2680 5322 2991 5394 portaverit)
3038 5321 3205 5376 nudto
3243 5322 3427 5390 purior
3452 5333 3509 5378 et

1920 5417 2131 5473 charior
2160 5416 2270 5472 Deo
2296 5416 2551 5472 redditur.
2578 5414 2730 5472 Unde
2754 5416 2865 5483 ipsa
2894 5429 2991 5485 per
3030 5429 3089 5469 se
3131 5412 3339 5468 Veritas
3380 5412 3511 5470 dicit

1923 5509 2008 5581 (S.
2046 5508 2261 5575 Matt/u,
2285 5506 2338 5581 v)
2359 5527 2372 5562 :
2396 5508 2543 5562 Beati
2559 5509 2645 5580 qui
2671 5508 3065 5577 persecutionem
3086 5506 3352 5574 patiuntur
3377 5523 3502 5579 pro-

1920 5611 2031 5673 pter
2055 5601 2333 5672 justitiam,
2358 5601 2597 5672 quoniam
2638 5599 2863 5669 ipsorum
2903 5606 2976 5652 est
3003 5611 3214 5665 regnum
3240 5598 3506 5656 ctrfortnn.

1430 5739 1805 5797 LECTIUNES
1842 5739 2250 5798 VARIANTES.

296 5862 322 5892 ⁸
355 5861 674 5923 Quocumque
702 5860 830 5909 enim
857 5860 1011 5923 serpit
1040 5857 1180 5909 Lttbb.

283 5922 311 5961 1)
346 5926 518 5976 (,‘irr-nil
554 5922 690 5971 fuit“.

1984 5858 2007 5887 °
2044 5855 2230 5906 Exerat
2257 5856 2401 5905 Labb.

1981 5917 2006 5955 d
2042 5917 2407 5966 t‘alumniatoris
2430 5928 2520 5963 vos
2545 5926 2768 5973 umquam
2796 5914 2932 5965 ΜΝ».
