3970 6276
522 290 621 344 H7

1850 281 1905 336 S.
1952 277 2214 341 FELICIS
2258 279 2341 337 PA
2353 279 2461 345 WE

3700 276 3821 334 MS

514 404 593 458 De
615 400 808 456 talibus
836 396 1094 453 Dominus
1120 410 1214 467 per
1242 396 1429 451 Isaiam
1457 395 1715 465 loquitur,
1739 392 1924 448 dicens
1946 390 2106 463 (lsa.,
2136 397 2189 459 Α
2215 395 2347 465 ignis
2368 409 2543 449 eorum
2565 408 2665 446 non
2682 392 3023 463 extinguetur,
3041 400 3086 444 et
3107 400 3253 445 erunt
3273 408 3429 463 usque
3444 392 3511 445 ad
3527 393 3820 447 satietatem

519 497 664 567 uvn)
694 512 707 546 :
738 492 921 547 Audite
962 489 1163 545 verbum
1193 487 1421 554 Domini,
1456 488 1543 559 qui
1572 486 1784 547 tremitis
1814 491 1881 545 ad
1910 484 2111 539 verbum

522 591 651 662 ejus.
690 587 933 642 Dixerunt
962 584 1144 653 fratres
1176 583 1347 648 vestri,
1377 581 1602 641 odientes
1626 596 1711 634 vos
1740 589 1787 639 et
1822 579 2113 646 abiicientes

520 690 725 752 prapter
774 693 953 731 nomen
982 692 1148 729 meum
1177 691 1190 727 :
1224 673 1547 744 Glori/icetur
1573 671 1826 727 Dominus
1851 716 1865 739 ,
1898 681 1943 725 et
1973 673 2109 725 vide-

518 774 679 827 binms
705 771 756 824 in
788 769 963 822 lwtitia
999 777 1163 821 vestra
1186 767 1322 836 :ipsi
1347 776 1519 819 autem
1552 764 1949 833 confundantur.
2000 762 2114 817 Vox

519 864 694 935 populi
752 863 813 916 de
861 863 1080 926 civitate,
1113 877 1209 914 vos:
1254 860 1315 912 de
1364 861 1571 929 templo,
1618 875 1717 913 vos:
1746 858 1953 912 Domini
1984 858 2103 912 red-

520 960 683 1014 dentis
709 955 1329 1012 retributioneminimicis
1357 954 1483 1008 suis.
1507 954 1787 1024 Antequam
1816 953 2111 1022 parturiret,

518 1055 712 1126 peperit
739 1068 757 1104 :
786 1062 1058 1120 antequam
1098 1047 1283 1101 veniret
1316 1056 1495 1116 partus
1535 1047 1663 1117 ejus,
1697 1046 1888 1116 peperit
1916 1060 2114 1097 mascu.

522 1151 648 1203 lum.
678 1147 803 1214 Quis
830 1145 1026 1198 audivit
1067 1160 1305 1213 umquam
1336 1142 1437 1195 tale
1463 1142 1487 1193 ?
1516 1151 1561 1195 et
1605 1141 1717 1211 quis
1763 1140 1884 1193 uidit
1912 1140 2027 1193 huic
2056 1140 2119 1191 si-

518 1240 685 1295 mile?
719 1236 986 1309 Numquid
1018 1234 1266 1307 partariet
1304 1245 1438 1286 terra
1463 1234 1517 1286 in
1562 1233 1644 1285 die
1668 1232 1808 1285 una?
1835 1242 1920 1284 aut
1943 1240 2117 1301 partu-

520 1335 678 1388 rietur
706 1341 731 1369 ⁸
759 1349 881 1403 gens
908 1329 1078 1393 simul,
1099 1328 1217 1397 quia
1244 1327 1512 1399 parturivit
1536 1337 1581 1380 et
1607 1326 1801 1395 peperit
1824 1324 1953 1379 Sion
1980 1325 2115 1393 ﬁlios

520 1424 687 1479 suos?
723 1422 984 1491 Numquid
1010 1436 1120 1490 ego,
1152 1420 1238 1484 qui
1282 1418 1410 1471 alios
1451 1434 1629 1487 parere
1677 1417 1832 1488 facio,
1872 1418 1981 1486 ipse
2010 1432 2109 1468 non

518 1518 740 1589 pariam,
775 1515 896 1568 dicit
925 1513 1174 1566 Dominus
1197 1511 1223 1563 ?
1251 1512 1315 1565 Si
1354 1527 1471 1580 ego,
1501 1506 1585 1579 qui
1614 1510 1987 1579 generationem
2015 1524 2116 1563 ca:—

523 1612 643 1666 teris
664 1610 847 1670 tribuo,
865 1606 1049 1661 sterilis
1076 1622 1182 1670 ero,
1213 1606 1286 1657 ait
1307 1602 1564 1658 Dominus
1598 1602 1733 1657 Deus
1754 1612 1868 1656 tuas
1895 1603 1919 1655 ?
1942 1602 2113 1656 Laeta-

518 1703 645 1757 mini
674 1718 785 1755 cum
812 1696 1124 1764 Jerusalem,
1157 1710 1203 1751 et
1228 1696 1452 1750 exultate
1492 1699 1544 1749 in
1594 1712 1653 1748 ea
1679 1711 1852 1749 omnes
1879 1696 1967 1763 qui
1996 1696 2113 1749 dili-

2220 489 2427 547 uisionis
2467 488 2605 543 omni
2635 490 2799 549 carni.
2834 483 2974 557 Quid
3020 486 3163 542 aliud
3216 484 3566 547 detrahentes
3613 486 3823 540 faciunt

2220 583 2305 654 (S.
2338 581 2519 661 Greg.,
2566 600 2646 657 ep.
2682 599 2804 651 χιν,
2834 583 2922 639 lib.
2956 586 3097 655 VIII),
3131 583 3231 641 nisi
3262 582 3313 636 in
3353 583 3628 653 pulverem
3657 582 3822 648 ﬂant,

2218 686 2379 745 atque
2412 677 2462 729 in
2493 676 2679 730 oculos
2706 692 2833 730 suus
2878 686 3079 730 terram
3130 673 3403 729 excitant?
3432 674 3496 728 Et
3526 676 3665 729 unilc
3695 675 3825 744 plus

2217 769 2626 825 detractationis
2667 768 2917 838 perﬂant,
2953 769 3077 824 inde
3110 770 3277 838 magis
3307 767 3437 822 nihil
3468 769 3709 823 veritatis
3728 771 3823 823 vi-

2217 862 2346 917 dent
2372 862 2397 914 ‘?
2420 861 2580 916 Tales
2624 870 2824 926 tamen,
2855 861 3021 916 frater
3047 859 3383 925 charissime,
3417 861 3659 929 portandi
3689 872 3829 916 sunt

2218 964 2269 1008 ct
2300 953 2622 1023 corrigendi,
2657 953 2776 1022 quia
2837 953 2962 1006 eieci
3013 961 3154 1017 sunt,
3180 962 3225 1004 et
3253 952 3404 1005 duces
3442 968 3691 1005 caecorum
3724 953 3824 1025 (S.

2221 1048 2431 1115 Malllt.,
2452 1046 2564 1118 xv).
2586 1046 2695 1113 llis,
2721 1048 3051 1114 cliarissiine,
3082 1046 3331 1116 respondi
3358 1048 3587 1104 breviter
3602 1051 3830 1104 consul-

2220 1142 2289 1194 tis
2314 1142 2438 1206 tuis,
2462 1156 2580 1209 quae
2607 1149 2658 1194 te
2686 1148 2739 1193 et
2769 1155 2957 1194 omnes
2982 1141 3264 1210 episcnpns
3288 1140 3606 1209 regulariter
3629 1150 3831 1198 tenero

2219 1236 2551 1291 mandamus.
2588 1235 2754 1288 Tuam
2790 1244 2993 1302 tamen,
3027 1233 3212 1300 frater,
3253 1249 3535 1289 monemus
3582 1236 3833 1305 pruden-

2222 1332 2371 1397 tiam,
2416 1340 2470 1385 ut
2505 1346 2603 1400 pro
2631 1338 2772 1384 statu
2804 1328 3057 1384 Ecclesiae
3099 1337 3152 1383 et
3178 1329 3517 1383 sacerdotum
3547 1328 3686 1403 ejus,
3719 1345 3831 1399 pro

2220 1425 2422 1479 viribus
2452 1424 2732 1477 elaborare
2752 1422 2992 1488 studeas,
3011 1429 3065 1475 et
3085 1420 3328 1476 ordinem
3350 1430 3548 1476 sancta:
3579 1438 3831 1477 romana:

2217 1528 2273 1575 et
2302 1518 2616 1588 apostolicre
2660 1516 2917 1571 Ecclesia:
2972 1531 3069 1585 per
3098 1516 3275 1570 omnia
3312 1524 3518 1579 teneas,
3548 1525 3602 1570 et
3625 1516 3828 1575 violari

2220 1621 2524 1666 sanctorum
2574 1610 2790 1663 decreta
2840 1624 2944 1662 non
2974 1610 3272 1678 permittas,
3313 1608 3408 1663 sed
3437 1625 3622 1665 omnes
3653 1627 3831 1680 quos-

2220 1719 2449 1774 cumque
2480 1705 2711 1773 potueris
2731 1744 2745 1768 ,
2794 1703 3022 1757 instruas
3043 1742 3059 1768 ,
3092 1712 3153 1756 ut
3181 1702 3481 1759 fructuosos
3513 1704 3829 1773 manipulos

521 1798 640 1869 gitis
678 1811 809 1848 eam.
845 1791 1076 1846 Gaudete
1100 1807 1215 1845 cum
1256 1806 1313 1843 ea
1338 1789 1557 1842 uniuersi
1584 1790 1793 1859 gaudio,
1819 1789 1903 1856 qui
1930 1789 2112 1859 lugetis
2140 1804 2188 1865 Β
2218 1798 2441 1854 Domino
2460 1806 2824 1865 repraesentes.
2850 1794 2997 1851 Vale.
3036 1797 3163 1851 Data
3191 1796 3345 1850 nonis
3370 1806 3392 1832 ο
3417 1795 3829 1865 junii,Claudio

442 1946 448 1965 ί
517 1903 670 1960 super
698 1901 828 1950 eam,
852 1895 905 1937 ut
930 1882 1123 1953 sagulis
1150 1891 1195 1934 et
1217 1879 1513 1951 repleamini
1539 1879 1602 1933 ab
1624 1879 1772 1933 abere
1801 1880 2109 1934 consolatio-

520 1980 601 2033 nis
627 1979 756 2050 ejus,
790 1987 843 2029 ut
865 1976 1128 2045 mulgeatis
1177 1983 1222 2026 et
1256 1973 1449 2026 deliciis
1477 1973 1705 2044 afﬂuatis
1730 1972 1793 2026 ab
1819 1974 2113 2027 omnimodo

520 2073 684 2144 gloria
701 2074 829 2141 ejus,
861 2071 979 2139 quia
1014 2068 1119 2121 lucc
1136 2066 1257 2120 dicit
1286 2065 1709 2120 Dominus:Ecce
1734 2082 1824 2136 ego
1851 2066 2113 2120 declinabo

519 2184 674 2238 super
701 2181 813 2219 eam
861 2163 1005 2233 quasi
1051 2161 1264 2231 ﬂuvium
1294 2160 1456 2231 pacis,
1489 2170 1535 2213 et
1559 2160 1682 2231 quia
1711 2170 1980 2213 torrentem
2029 2162 2111 2214 in-

516 2263 796 2317 undantem
840 2259 1057 2331 gloriam
1101 2259 1325 2329 gentium
1360 2272 1514 2328 quam
1569 2256 1780 2327 sugetis.
1824 2257 1904 2309 Ad
1956 2257 2110 2310 ubera

523 2354 871 2427 portabimini,
889 2364 935 2407 et
961 2369 1112 2424 super
1133 2367 1296 2421 genua
1326 2349 1649 2403 blandientur
1665 2349 1823 2404 vobis.
1848 2349 2113 2415 Quomodo

521 2450 566 2503 si
596 2449 679 2503 cui
730 2456 891 2500 mater
945 2444 1273 2507 blandiatur,
1304 2444 1376 2497 ita
1402 2459 1492 2514 ego
1522 2442 1821 2498 consolabor
1847 2460 1961 2507 vos,
1993 2454 2037 2497 et
2062 2445 2114 2497 in

517 2541 804 2596 Jerusalem
850 2536 1251 2593 consolabimini.
1309 2535 1587 2600 Videbitis,
1636 2550 1681 2590 et
1724 2537 1960 2607 gaudebit
2026 2554 2115 2590 eor

520 2648 760 2699 vestrum,
808 2643 854 2689 et
895 2651 1010 2687 ossa
1053 2643 1216 2685 uestra
1262 2631 1387 2684 sicut
1413 2631 1597 2701 glierba
1644 2632 2013 2701 germinabunt.
2045 2632 2115 2685 Et

517 2738 843 2802 cognoscetur
894 2744 1070 2780 manus
1116 2725 1322 2778 Domini
1366 2726 1520 2779 semis
1549 2727 1677 2795 ejus,
1700 2727 2116 2798 "indignabitur

515 2826 732 2880 inimicis
758 2823 882 2877 suis.
907 2821 1039 2886 Quia
1068 2837 1179 2873 ecce
1204 2818 1453 2874 Dominus
1478 2820 1529 2873 in
1556 2821 1673 2891 igne
1697 2822 1878 2885 veniet,
1908 2832 1953 2875 et
1973 2824 2117 2891 quasi

520 2919 664 2971 turbo
700 2917 948 2988 quadriga
976 2913 1001 2951 b
1040 2917 1148 2985 ejus
1174 2956 1188 2978 ,
1226 2914 1435 2967 reddere
1482 2914 1828 2984 indignatione
1879 2920 2107 2985 furorem

519 3027 686 3075 suum,
710 3019 755 3062 et
788 3007 1183 3072 increpationem
1213 3021 1356 3058 suam
1385 3006 1435 3058 in
1467 3006 1677 3073 flantum
1706 3008 1856 3077 ignis.
1892 3006 2025 3073 Quia
2052 3011 2106 3061 in

519 3126 637 3197 igne
667 3123 913 3178 Dominus
958 3122 1203 3192 dijudicat
1232 3131 1277 3186 ο,
1312 3131 1356 3175 et
1398 3122 1448 3175 in
1478 3121 1651 3191 gladio
1680 3140 1772 3175 suo
1800 3123 1867 3177 ad
1907 3141 2110 3179 onmem

518 3236 741 3282 carnem,
776 3228 820 3274 et
866 3216 1338 3288 multiplicabuntur
1385 3218 1637 3288 interfecti
1665 3234 1696 3269 a
1724 3217 1965 3271 Domino.
2013 3218 2111 3285 Qui
2138 3203 2181 3265 (ἶ

517 3309 990 3381 sanctiﬁcabantur,
1022 3317 1068 3360 et
1095 3307 1312 3361 mundos
1343 3325 1395 3362 se
1420 3308 1664 3377 putabant
1717 3309 1769 3362 in
1818 3311 1976 3364 hortis
2001 3322 2111 3382 post

516 3407 731 3475 ianuam
758 3404 1079 3466 intrinsecus,
1112 3402 1201 3467 qui
1226 3401 1548 3453 comedebant
1575 3419 1777 3454 carnem
1818 3404 2041 3468 suillam,
2067 3415 2113 3458 et

521 3498 974 3559 abominationem,
1022 3504 1068 3547 et
1118 3510 1312 3547 murem
1338 3509 1356 3546 :
1400 3494 1553 3548 simul
1582 3508 1958 3564 consumentar,
1991 3499 2112 3552 dicit

516 3593 786 3648 Dominus.
824 3589 935 3659 Ego
962 3596 1125 3641 autem
1154 3604 1308 3657 opera
1351 3604 1547 3653 eorum,
1596 3601 1641 3645 et
1673 3592 1999 3661 cogitationes
2028 3611 2109 3648 eo-

519 3706 653 3752 rum,
685 3687 825 3741 veaio
854 3694 909 3737 ut
934 3700 1231 3755 congregem
1270 3700 1382 3736 cum
1426 3683 1654 3737 onmibas
1683 3687 1911 3756 gentibus
1939 3698 1984 3740 et
2012 3689 2110 3741 liu-

518 3782 630 3853 guis
657 3798 674 3835 :
705 3790 750 3833 et
794 3779 988 3832 venient
1018 3788 1063 3831 et
1108 3777 1344 3830 videbunt
1374 3777 1591 3847 gloriam
1623 3795 1805 3845 meum,
1850 3790 1895 3835 et
1923 3798 2108 3852 ponam

518 3880 573 3932 in
603 3876 674 3930 eis
704 3873 922 3945 signum.
953 3870 1021 3925 Et
1052 3879 1249 3926 mittam
1285 3885 1346 3923 ex
1373 3874 1443 3925 eis
1471 3874 1560 3938 qui
1592 3872 1773 3925 saluati
1800 3872 2007 3944 fuerint,
2042 3875 2109 3926 ad

520 3976 687 4041 gentes
716 4010 730 4029 ,
759 3967 812 4020 in
862 3966 987 4019 mari
1005 4009 1019 4033 ,
1046 3968 1099 4019 in
1129 3967 1324 4038 Africa,
1352 3965 1405 4018 in
1437 3962 1601 4034 Lydia
1622 3960 1649 4000 ἀ
1678 3964 1935 4021 tendentes
1953 3968 2110 4041 sagit—

522 4074 622 4119 tam
654 4064 706 4116 in
752 4059 985 4127 Italiam,
1019 4071 1063 4114 et
1096 4058 1364 4129 Gra’ciam,
1399 4061 1466 4118 ad
1496 4061 1690 4116 insulas
1731 4061 1899 4131 longe,
1931 4058 1999 4115 ad
2025 4078 2108 4115 eos

519 4158 607 4230 qui
628 4172 728 4210 non
756 4151 1028 4207 audierant
1049 4152 1112 4206 de
1133 4171 1230 4220 me,
1245 4164 1291 4209 et
1316 4173 1416 4211 non
1443 4155 1669 4209 viderunt
1690 4154 1905 4225 gloriam
1923 4170 2104 4206 meam.

518 4251 588 4306 Et
623 4246 997 4305 annuntiabunt
1027 4246 1244 4317 gloriam
1297 4265 1457 4302 meum
1488 4248 1735 4319 gentibus,
1782 4257 1826 4301 et
1854 4246 2107 4301 adducent

521 4360 693 4400 omnes
718 4342 904 4412 fratres
921 4349 1108 4393 vestros
1129 4342 1191 4394 de
1202 4344 1391 4399 cunctis
1404 4342 1632 4414 gentibus
1648 4342 1835 4399 donum
1862 4340 2103 4407 Dontino,

515 4439 570 4493 in
600 4438 758 4508 equis,
802 4446 847 4490 et
877 4438 930 4492 in
954 4435 1237 4507 quadrigis,
1270 4444 1315 4487 et
1347 4436 1397 4488 in
1428 4434 1637 4499 lecticis,
1686 4442 1731 4487 et
1756 4434 1809 4488 in
1856 4433 2027 4496 mulis,
2061 4443 2108 4491 et

514 4536 568 4590 in
608 4536 835 4589 carrucis
868 4534 937 4588 ad
975 4542 1195 4587 montem
1240 4541 1469 4585 sanctum
1498 4547 1665 4585 meum
1691 4527 1999 4592 Jerusalem,
2031 4529 2108 4583 di-

514 4632 582 4686 cit
607 4630 858 4686 Dominus
886 4627 1179 4701 :quomodo
1208 4627 1251 4679 si
1278 4627 1497 4697 inferant
1526 4625 1623 4693 filii
1655 4624 1818 4679 Israel
1849 4640 2030 4677 manus
2054 4624 2107 4678 in

520 4737 637 4779 vase
687 4724 877 4778 mundo
918 4723 969 4775 in
1020 4720 1169 4774 domo
1205 4718 1427 4773 Domini.
1460 4716 1529 4772 Et
1558 4734 1814 4773 assumant
1855 4734 1917 4772 ex
1948 4717 2017 4770 eis
2055 4717 2108 4770 in

513 4819 796 4872 sacerdotes
819 4828 865 4870 et
892 4819 945 4873 in
972 4815 1164 4879 levitas,
1195 4814 1314 4867 dicit
1336 4812 1588 4867 Dominus
1622 4830 1639 4865 .·
1667 4812 1801 4880 Quia
1827 4812 1950 4865 sicut
1995 4809 2107 4864 coeli

519 4908 656 4975 novi,
691 4916 736 4960 et
763 4916 897 4961 terra
926 4925 1075 4976 nova,
1102 4922 1214 4978 qua:
1266 4922 1360 4977 ego
1401 4907 1534 4977 facio
1560 4915 1695 4960 stare
1716 4922 1886 4959 coram
1913 4920 2012 4970 me,
2029 4903 2109 4956 di-

514 5004 583 5059 cit
608 5002 878 5065 Dominus,
900 5002 972 5055 sic
998 5004 1148 5057 stabit
1168 5018 1336 5059 semen
1359 5010 1576 5055 vestrum
1600 5009 1645 5055 et
1668 5016 1848 5053 nomen
1871 5008 2105 5054 vestrum.

511 5096 581 5151 Et
609 5096 702 5151 erit
726 5094 910 5149 mensis
950 5112 1011 5150 ea:
1039 5113 1223 5161 mense,
1263 5103 1307 5149 et
1351 5092 1609 5147 sabbatum
1630 5109 1692 5147 ea:
1718 5092 1924 5147 sabbato
1951 5100 1994 5147 et
2021 5108 2101 5145 ve-

512 5192 612 5249 niet
642 5190 778 5244 omni
811 5204 978 5253 scaro,
1007 5198 1061 5242 ut
1087 5191 1260 5244 adoret
1306 5205 1476 5244 coram
1519 5188 1648 5260 facie
1674 5204 1804 5255 mea,
1846 5187 1965 5241 dicit
2001 5185 2109 5241 Do-

508 5286 693 5339 minus.
716 5281 784 5336 Et
806 5282 1123 5354 egre-dicatur
1135 5291 1182 5338 et
1211 5280 1444 5337 videbunt
1476 5281 1724 5337 cadavera
1749 5280 1992 5346 uirorum,
2020 5280 2108 5351 qui

2219 1901 2271 1948 et
2303 1887 2626 1945 Aurelianof
2664 1888 2795 1943 viris
2824 1887 3133 1942 clarissimis
3157 1888 3496 1944 consuribus.

2802 2050 3131 2106 EPISTOLA
3173 2048 3235 2104 ll.

2361 2183 2425 2221 DE
2466 2179 2835 2220 AUCTOBITATE
2874 2179 3072 2220 JUDICIS
3110 2178 3257 2219 SEDIS
3297 2178 3632 2221 Ανοδτοιῑεε
3656 2204 3669 2229 ο

2574 2253 2640 2291 ΕΤ
2682 2254 2748 2292 DE
2789 2253 3048 2292 EPISCOPIS
3089 2252 3372 2291 ACCUSATIS
3403 2247 3453 2291 ὅ.

2224 2376 2370 2431 Felix
2412 2378 2681 2448 episcOpus
2729 2376 2977 2432 universis
3024 2374 3274 2444 episcopis
3321 2390 3409 2443 per
3456 2370 3641 2427 Gallia:
3689 2388 3822 2441 pro-

2455 2471 2643 2525 vincias
2672 2471 2976 2535 constitutis,
3005 2470 3058 2523 in
3092 2468 3309 2523 Domino
3342 2468 3574 2521 salutem.

2290 2607 2560 2664 Bonorum
2585 2622 2805 2678 operum
2836 2616 2892 2661 et
2921 2604 3273 2677 spiritualium
3307 2602 3605 2658 studiorum
3638 2602 3821 2657 Deum

2217 2710 2490 2757 auctorem
2542 2716 2662 2755 esse
2702 2698 2788 2772 (S.
2824 2697 2949 2752 Leo.
3001 2714 3086 2767 ep.
3133 2697 3223 2763 52)
3287 2711 3390 2749 non
3438 2694 3659 2748 dubium
3707 2704 3822 2760 est,

2217 2793 2308 2863 qui
2336 2808 2522 2847 eorum
2551 2792 2735 2845 incitat
2772 2804 2981 2845 mentes
3016 2801 3074 2843 et
3121 2789 3340 2859 adjuvat
3364 2787 3625 2841 actiones.
3658 2784 3826 2841 Unde

2220 2888 2391 2943 ltetari
2420 2902 2506 2941 me
2532 2886 2778 2941 fecerunt
2802 2884 2999 2953 scripta
3027 2894 3201 2939 vestra
3224 2922 3240 2947 ,
3269 2897 3335 2937 ex
3364 2882 3507 2937 bono
3556 2880 3733 2934 studio
3765 2892 3826 2935 et

2216 2992 2281 3035 ex
2329 2979 2633 3049 illlt‘gt'llitle
2681 2979 2802 3032 lidei
2833 2976 3132 3031 devotionis
3162 2987 3355 3030 vestra:
3386 2993 3397 3027 :
3431 2974 3524 3027 sed
3548 2989 3612 3028 ex
3640 2971 3823 3028 afﬂic-

2218 3072 2365 3126 tione
2390 3082 2444 3126 et
2469 3072 2793 3127 contritione
2820 3081 2998 3125 vestra
3020 3084 3211 3139 magna
3238 3083 3308 3123 ex
3334 3075 3487 3137 parte
3509 3068 3821 3123 tristavcre.

2219 3162 2409 3218 Tristis
2438 3166 2612 3227 enim,
2662 3164 2841 3217 tristes
2883 3161 3055 3231 (Petri
3081 3160 3406 3232 Clirysologi,
3434 3176 3515 3230 ep.
3548 3158 3615 3212 ad
3646 3157 3823 3230 Euty-

2216 3257 2381 3325 ebeni)
2415 3256 2513 3326 legi
2548 3255 2756 3310 litteras
2784 3263 3023 3318 vestras,
3051 3264 3105 3308 et
3135 3256 3333 3323 scripta
3358 3263 3546 3308 IMP-sla
3576 3267 3822 3309 mterorc

2215 3349 2398 3404 debito
2438 3349 2677 3418 percurri
2712 3367 2725 3404 :
2757 3351 2882 3419 quia
2926 3348 3065 3402 sicut
3111 3363 3210 3402 nos
3260 3347 3620 3402 Ecclesiarum
3672 3364 3818 3416 pax,

2216 3444 2664 3513 sacerdotumqnc
2694 3444 2809 3512 ejus
2845 3441 3135 3495 concordia
3166 3449 3220 3495 et
3255 3440 3610 3510 tranquillitas
3642 3440 3764 3511 pleb
3789 3458 3822 3497 s

2212 3538 2399 3591 audire
2428 3534 2453 3572 ¹ι
2495 3539 2619 3591 facit
2659 3537 2906 3606 gaudium
2943 3534 2985 3600 ί,
3026 3536 3095 3589 ita
3144 3550 3241 3589 nos
3291 3534 3480 3604 afﬂigit
3521 3546 3578 3590 et
3626 3534 3822 3603 dejicit

2216 3630 2448 3684 fraterna
2490 3630 2731 3687 alllictio.
2764 3630 2873 3682 Vos
2901 3638 3078 3682 tatuen
3128 3629 3293 3682 nolite
3336 3628 3563 3682 multum
3612 3626 3819 3681 tristari

2212 3722 2297 3794 (S.
2332 3722 2485 3792 Greg.
2534 3739 2613 3790 ep.
2649 3723 2747 3785 45,
2780 3722 2869 3775 lib.
2939 3721 3082 3789 vin),
3129 3720 3251 3789 quia
3299 3720 3436 3773 sicut
3472 3719 3582 3788 ipsa
3624 3735 3718 3787 per
3750 3732 3819 3775 se

2216 3816 2428 3871 Veritas
2457 3816 2533 3869 ait
2561 3833 2573 3867 :
2604 3815 2666 3869 Si
2701 3816 2762 3869 de
2788 3817 2881 3868 lioc
2908 3814 3099 3867 mundo
3138 3814 3392 3883 fuissetis,
3427 3812 3647 3867 mundus
3674 3818 3819 3883 quod

2213 3925 2363 3962 suum
2384 3919 2514 3969 erat,
2534 3909 2768 3978 diligeret
2798 3923 2818 3961 .°
2846 3908 2936 3961 sed
2955 3908 3074 3977 quia
3104 3908 3169 3961 de
3189 3908 3284 3959 lioc
3315 3907 3505 3960 mundo
3527 3922 3627 3959 non
3656 3908 3813 3975 estis,

2217 4002 2305 4055 sed
2329 4019 2418 4072 ego
2450 4002 2572 4072 elegi
2598 4018 2682 4055 vos
2712 4002 2775 4055 de
2806 4002 3016 4063 mundo,
3045 4011 3313 4071 prapterea
3336 4000 3442 4053 odit
3472 4016 3557 4054 vos
3585 4000 3818 4055 mundus

2222 4094 2307 4163 (S.
2361 4093 2542 4161 Joan.,
2573 4092 2688 4165 xv),
2737 4093 2787 4147 id
2836 4104 2938 4155 est,
2994 4093 3176 4147 mundi
3204 4101 3491 4147 amatores.
3538 4090 3817 4161 Quidquid

2219 4201 2397 4245 tamen
2436 4190 2489 4244 lii
2538 4191 2843 4259 loquantur,
2892 4197 2985 4242 aut
3027 4187 3312 4247 adversum
3352 4201 3448 4240 vos
3491 4196 3678 4255 agant,
3711 4202 3817 4241 vos

2213 4293 2390 4338 tamen
2437 4299 2652 4352 semper
2695 4284 2955 4353 integrant
3004 4290 3224 4336 servate
3276 4279 3470 4345 lldem,
3519 4288 3573 4333 et
3618 4293 3814 4348 puram

2212 4379 2467 4433 habetote
2509 4379 2893 4433 conscientiam
2919 4417 2933 4441 ,
2976 4386 3029 4428 ut
3059 4376 3253 4447 integer
3298 4374 3511 4443 spiritus
3551 4383 3597 4427 et
3634 4373 3815 4431 anima

2211 4486 2436 4529 servetur
2463 4477 2514 4527 in
2544 4475 2627 4528 die
2648 4473 2856 4526 Domini
2887 4471 2931 4535 ll
2971 4470 3151 4536 Tlies.,
3184 4472 3259 4540 ν).
3286 4469 3394 4523 Nos
3421 4484 3551 4523 vero
3580 4468 3644 4522 ad
3674 4484 3814 4539 sup-

2133 4600 2186 4660 D
2215 4570 2543 4639 plementum
2589 4576 2823 4620 vestrum
2871 4565 3064 4619 fratres
3096 4575 3150 4617 et
3195 4564 3549 4633 coepiscopos
3594 4572 3813 4618 nostros

2211 4664 2520 4718 vocavimus
2538 4662 2767 4730 amplius
2791 4674 2947 4729 quam
2965 4658 3324 4728 septuaginta,
3341 4672 3461 4710 cum
3485 4655 3677 4725 quibus
3693 4656 3812 4712 lucc

2213 4774 2331 4829 quae
2358 4759 2541 4811 subter
2561 4755 2826 4809 habentur
2842 4754 3062 4817 inserta,
3079 4750 3398 4821 regulariter
3421 4747 3697 4802 tractanda
3720 4748 3811 4805 de-

2213 4852 2502 4910 crevimus.
2527 4849 2738 4904 Vestris
2759 4848 2901 4902 enim
2928 4845 3169 4910 epistolis
3192 4845 3243 4898 in
3272 4843 3511 4897 omnium
3533 4842 3807 4897 audientia

2214 4948 2499 5020 perlectis,
2545 4961 2661 5015 qua:
2710 4942 2905 4996 multas
2955 4940 3049 5012 (ut
3095 4936 3305 5009 nostis)
3352 4937 3718 5007 querimonias
3751 4948 3810 4993 et

2212 5040 2590 5112 oppressiones
2622 5037 2673 5090 in
2696 5053 2754 5089 se
2781 5031 3130 5089 continebant
3158 5040 3397 5097 vestras,
3432 5030 3805 5100 decretisque,

2213 5150 2330 5207 qua:
2353 5142 2476 5188 sunt
2507 5131 2574 5186 de
2601 5127 3032 5183 accusationibus
3058 5124 3433 5195 episcoporum
3453 5166 3467 5189 ,
3502 5135 3683 5179 sancta
3711 5139 3804 5195 sy-

2282 5293 2364 5364 (l)
2412 5288 2598 5351 Falsas
2641 5300 2754 5342 cos.
2807 5293 2933 5341 nota
2979 5296 3377 5355 quamcumque
3427 5290 3479 5339 te
3519 5289 3699 5338 vertas
3749 5282 3802 5339 in

510 5375 827 5444 prwuaricati
871 5384 988 5429 sunt
1014 5377 1070 5429 in
1097 5392 1194 5431 me.
1223 5373 1417 5430 Vermis
1443 5391 1614 5431 eorum
1634 5390 1735 5430 non
1763 5373 2021 5439 morietur,
2053 5381 2099 5426 et
2180 5372 2440 5439 'partem.

1745 5487 2124 5546 LECTIONES
2160 5475 2574 5540 VARIANTES.

576 5579 603 5609 ⁸
636 5578 867 5629 Parietur
892 5580 1033 5632 Labb.

569 5637 598 5677 1)
634 5640 891 5701 Quadrigas
917 5644 1058 5695 Labb.

572 5706 595 5733 ο
632 5702 927 5764 Dijudicaliit
953 5706 1098 5757 Labb.

572 5765 600 5802 (ι
632 5763 781 5827 Libya
806 5766 952 5827 Labb.
990 5810 995 5815 .

586 5832 608 5857 ε
640 5825 781 5875 Nono
804 5826 996 5878 kalend.
1026 5827 1170 5881 Labb.

2267 5574 2289 5617 ι
2329 5574 2603 5626 Marintano
2627 5567 2774 5621 Labb.

2267 5643 2293 5681 s
2331 5638 2391 5688 Et
2415 5637 2479 5685 de
2504 5634 2751 5694 memoriis
2773 5636 3039 5694 martyrum
3063 5627 3207 5679 Labb.

2271 5701 2302 5740 h
2335 5699 2484 5749 Adire
2510 5693 2652 5747 Labb.

2277 5766 2295 5805 ι
2338 5760 2565 5811 Gaudere
2591 5758 2703 5809 facit
2724 5756 2905 5822 gaudio
2929 5753 3122 5806 caelesti
3147 5754 3295 5806 Labb.
