4018 6284
191 273 292 330 N9

1328 262 1691 325 EPISTOLIE
1740 264 1976 323 DUBL‘E
2021 266 2377 343 QUATUOR.

3371 271 3475 331 150

190 390 358 447 nodus
387 387 467 461 (Ι)
499 387 637 445 dixit
680 405 696 442 :
754 388 878 444 ﬂare
918 395 1072 452 sunt,
1116 398 1237 456 quae
1271 381 1526 453 deinceps
1568 389 1784 453 propter
1810 388 1855 447 Α
1887 383 2269 437 communione
2323 383 2720 454 suspendatur,
2775 384 2860 440 cui
2931 384 3137 439 crimen
3187 383 3478 440 intenditur

189 484 451 539 malorum
488 480 766 539 hominum
797 479 1047 544 insidias,
1096 477 1184 549 qui
1230 478 1280 531 in
1324 475 1617 530 Ecelesiam
1650 485 1701 529 et
1732 477 1781 527 in

189 574 589 632 ecclesiasticos
629 574 858 628 saaviunt
888 574 1034 626 viros
1061 569 1454 634 indifferenter,
1483 577 1537 622 et
1562 584 1783 623 conser-

188 685 317 725 vare
363 667 672 723 ﬁrmissime
717 668 967 721 volumus
1013 667 1063 721 in
1108 665 1351 720 smculo:
1389 664 1443 718 Si
1492 662 1610 734 quis
1641 663 1784 732 epis-

191 776 357 832 c0pus
374 763 439 814 ah
456 759 562 814 illis
581 762 1005 825 accusatoribus,
1029 757 1115 831 qui
1141 755 1431 825 recipiendi
1457 766 1601 820 sunt,
1628 753 1790 809 fuerit

192 849 496 921 accusatus,
526 863 812 925 postquam
840 854 951 924 ipse
983 852 1049 906 ab
1076 853 1155 905 eis
1183 850 1464 905 caritative
1491 858 1789 905 conventus

193 951 384 1014 fuerit,
431 957 488 1002 ut
537 947 707 1017 ipsam
739 962 953 1001 caus:im
997 945 1285 1005 emendare
1312 944 1539 1005 debeat.
1572 952 1627 997 et
1669 958 1786 997 eam

192 1042 461 1113 corrigere
502 1041 770 1107 noluerit,
806 1056 910 1094 non
956 1040 1117 1103 olim,
1148 1038 1244 1093 sed
1289 1048 1413 1091 tunc
1453 1036 1519 1090 ad
1550 1051 1793 1091 summos

192 1135 445 1209 primates
483 1149 643 1188 causa
684 1133 801 1201 ejus
840 1134 1101 1187 canonice
1136 1130 1430 1196 deferatur,
1460 1131 1550 1200 qui
1581 1129 1633 1189 in
1662 1145 1791 1185 con-

189 1244 322 1299 gruo
369 1227 522 1293 loco,
568 1225 709 1280 intra
751 1226 920 1295 ipsam
954 1224 1316 1294 provinciam,
1370 1231 1612 1290 tempore
1658 1235 1790 1275 con-

188 1337 323 1395 gruo
352 1318 452 1391 (2),
489 1320 540 1373 id
590 1328 713 1385 est,
755 1319 1052 1375 autumnali
1097 1318 1179 1373 vel
1229 1316 1454 1382 aestivo,
1500 1315 1787 1371 concilium

188 1412 511 1485 regulariter
551 1427 857 1467 convocare
894 1411 1201 1477 debebunt,
1232 1411 1304 1465 ita
1337 1419 1394 1467 ut
1422 1409 1489 1465 ab
1535 1407 1789 1464 omnibus

192 1505 434 1576 ejusdem
475 1503 765 1572 provincia:
808 1503 1076 1571 episcopis
1115 1501 1241 1557 inibi
1276 1501 1544 1559 audiatur.
1574 1499 1692 1569 Quo
1737 1509 1792 1561 et

191 1599 310 1670 ipse
357 1598 679 1668 regulariter
725 1606 1090 1661 convocatus;
1120 1597 1164 1651 si
1213 1611 1332 1651 eum
1369 1604 1460 1649 aut
1508 1592 1792 1651 inﬁrmitas

190 1691 330 1766 (cod.
362 1690 487 1747 Tlte.
522 1692 608 1745 lib.
641 1707 714 1756 rx,
742 1692 817 1747 tit.
848 1706 883 1755 ι,
915 1702 1074 1744 const.
1109 1690 1194 1757 1,0,
1220 1692 1271 1754 5,
1296 1706 1347 1760 q.
1376 1689 1431 1754 2,
1458 1689 1501 1741 si
1522 1688 1791 1758 episcopus

188 1787 298 1840 suis
329 1784 507 1855 fuerit)
541 1794 632 1839 aut
659 1784 760 1843 alia
789 1786 965 1855 gravis
998 1785 1293 1838 necessitas
1325 1799 1431 1838 non
1461 1782 1787 1849 detinuerit,

189 1879 382 1933 adesse
413 1880 632 1934 debebit
661 1896 675 1935 :
710 1880 830 1948 quia
859 1879 995 1933 ultra
1030 1879 1322 1949 provincim
1353 1878 1614 1933 terminos
1636 1890 1794 1933 accu-

190 1973 345 2028 sandi
388 1985 513 2027 ante
562 1973 773 2026 licentia
808 1990 911 2027 non
961 1981 1075 2035 est,
1107 1988 1209 2042 qua
1249 1971 1520 2027 audientia
1549 1977 1790 2040 rogetur.

192 2068 325 2123 Nam
350 2069 393 2122 si
422 2068 533 2121 suis
560 2068 740 2131 fuerit,
763 2077 854 2121 aut
886 2066 1146 2121 Ecclesice
1172 2066 1271 2119 sibi
1301 2066 1603 2123 commissae
1631 2065 1793 2119 rebus

192 2162 520 2235 cxpoliatus,
548 2172 634 2214 aut
659 2160 823 2234 (quod
847 2161 1007 2226 absit,
1030 2160 1171 2231 quod
1196 2159 1431 2213 alienum
1454 2159 1521 2213 ab
1542 2157 1794 2215 onmibus

190 2269 321 2309 esse
364 2252 523 2306 debet
569 2250 839 2322 ﬁdelibus)
872 2269 896 2305 a
927 2250 1055 2306 sede
1083 2252 1298 2322 propria
1340 2252 1577 2321 ejectus,
1609 2258 1701 2305 attt
1741 2250 1792 2307 in

192 2343 513 2399 detentione
544 2343 719 2413 aliqua
750 2358 778 2397 a
808 2343 919 2396 suis
959 2343 1147 2397 ovibus
1187 2341 1346 2397 fuerit
1375 2351 1744 2413 sequestratns
1780 2360 1792 2393 :

194 2446 327 2490 tunc
370 2436 627 2489 canonice
655 2444 943 2505 antequam
976 2434 1025 2488 in
1058 2435 1284 2503 pristino
1312 2443 1452 2491 statu
1486 2434 1799 2487 restituatur

193 2546 324 2586 cum
352 2530 495 2585 omni
531 2529 806 2598 privilegio
836 2529 915 2582 sui
945 2527 1168 2587 honoris
1188 2570 1202 2591 ,
1228 2538 1281 2582 et
1310 2541 1405 2581 sua
1436 2524 1643 2593 omnia,
1679 2540 1798 2595 qua:

195 2625 413 2680 insidiis
446 2624 779 2679 inimicorum
805 2638 1024 2681 suorum
1056 2624 1103 2679 ei
1127 2624 1299 2681 ablata
1331 2622 1564 2686 fuerant,
1594 2620 1800 2692 legibus

196 2718 640 2788 redintegreutur
666 2735 680 2771 :
715 2733 812 2771 nec
841 2719 1123 2771 convocari
1146 2760 1160 2779 ,
1194 2732 1291 2771 nec
1314 2716 1540 2785 judicari
1570 2719 1798 2786 poterit,

198 2813 304 2866 nisi
334 2813 444 2883 ipse
465 2826 563 2882 pro
584 2827 678 2865 sua
712 2811 1028 2864 necessitate
1060 2800 1304 2878 (minime
1337 2818 1515 2863 tamen
1545 2808 1798 2877 judican-

195 2906 330 2979 dus)
384 2906 638 2960 advenire
684 2914 873 2975 sponte
924 2904 1169 2974 elegerit.
1224 2902 1539 2957 Nullatenus
1596 2915 1723 2969 ergo
1771 2915 1800 2957 ει

198 3015 472 3071 quoquam
520 2998 847 3069 respondere
897 3006 1180 3067 rogetur“,
1231 3006 1515 3067 antequam
1569 2994 1801 3064 integer-

198 3092 346 3146 rime
372 3090 450 3164 (5)
493 3090 672 3144 omnia
721 3106 838 3161 quze
892 3105 983 3156 per
1034 3090 1404 3158 suggestioncs
1464 3087 1800 3145 inimicorum

199 3198 430 3238 suorum
469 3183 752 3241 amiserat.
787 3180 1038 3253 potestati
1078 3181 1193 3249 ejus
1229 3181 1296 3233 ab
1340 3179 1637 3232 honorabili
1664 3194 1796 3231 con-

199 3282 337 3335 cilio
386 3279 540 3349 legali
588 3277 777 3331 ordine
824 3276 1255 3346 redintegrentur
1284 3272 1393 3346 (.l);
1426 3272 1621 3341 pra~sul
1672 3286 1801 3324 vero

199 3391 332 3429 cum
366 3375 509 3429 omni
561 3373 767 3426 honore
814 3372 974 3425 statui
1026 3370 1249 3438 pristino
1279 3368 1554 3432 reddatur,
1589 3375 1643 3420 et
1687 3366 1802 3435 ipse

199 3469 486 3540 dispositis
514 3466 879 3535 ordinatisque
911 3465 1077 3519 libere
1116 3472 1274 3532 atque
1318 3477 1505 3515 secure
1542 3459 1630 3514 diu
1667 3458 1800 3523 suis,

203 3572 337 3616 tunc
366 3561 679 3630 regulariter
705 3558 839 3612 infra
872 3566 1100 3629 quatuor
1133 3557 1213 3609 vel
1256 3555 1491 3625 quinque
1512 3594 1525 3616 ,
1554 3561 1647 3607 aut
1676 3565 1803 3620 sep-

208 3666 318 3712 tem
353 3654 379 3691 δ
414 3668 657 3718 menses,
696 3651 846 3721 juxta
890 3650 1030 3720 quod
1062 3648 1386 3718 possibilitas
1432 3647 1479 3700 ci
1524 3643 1719 3708 fuerit,
1751 3650 1808 3697 et

205 3768 313 3805 non
353 3758 495 3812 ante,
526 3757 853 3801 convocatus
883 3744 947 3797 ad
980 3752 1215 3815 tempus,
1246 3740 1472 3795 concilio
1495 3740 1546 3797 in
1568 3738 1805 3807 legitimo

202 3854 259 3900 et
281 3843 566 3904 canonico.
590 3842 764 3895 veniat
794 3839 858 3892 ad
884 3853 1098 3891 causam
1127 3854 1139 3889 :
1164 3846 1219 3891 et
1245 3835 1286 3888 si
1312 3834 1378 3891 ita
1408 3832 1550 3901 justo
1574 3830 1803 3894 videtur,

207 3938 581 4004 accusantium
636 3932 1089 4006 propositionibus
1143 3927 1482 3996 respondeat.
1521 3924 1654 3979 Nam
1707 3924 1807 3977 hoc

206 4045 560 4098 summOpere
619 4024 1009 4099 proxilcudum
1061 4033 1179 4085 eSl,
1232 4037 1297 4073 ne
1346 4030 1632 4086 antequam
1691 4014 1807 4067 lucc

208 4125 381 4185 liant,
433 4131 649 4176 coactus
707 4115 1060 4188 rcSpondeat,
1108 4114 1228 4183 quia
1281 4112 1549 4165 contentio
1596 4122 1808 4175 semper

204 4215 428 4272 vitanda
478 4224 581 4266 est.
632 4211 805 4267 Adimi
858 4224 1089 4277 namque
1141 4205 1395 4275 episcopo
1439 4202 1805 4273 episcopatum

207 4311 397 4385 (Cone.
421 4311 557 4379 Afra,
594 4324 638 4360 c.
670 4305 782 4375 8'7),
822 4315 1102 4374 antequam
1148 4314 1322 4353 causa‘
1361 4298 1477 4367 ejus
1510 4295 1683 4351 exitus
1711 4309 1809 4364 ap-

210 4412 406 4474 pareat
428 4444 442 4466 ,
468 4401 597 4454 nulli
630 4399 922 4454 christiano
952 4394 1119 4449 videri
1147 4392 1268 4461 jure
1300 4399 1501 4460 potest,
1536 4389 1659 4459 quia
1690 4386 1811 4441 talis

208 4495 574 4568 pra‘sumptio
610 4492 946 4560 sacrilegium
978 4499 1078 4550 est,
1112 4495 1165 4539 et
1194 4495 1381 4538 auctor
1410 4483 1616 4547 talimn,
1644 4479 1811 4535 sacri-

210 4590 392 4661 legus.
426 4586 578 4653 Quod
617 4587 660 4639 si
702 4591 965 4652 {egrotans
1007 4577 1162 4633 fuerit
1193 4576 1480 4645 episcopus
1516 4574 1571 4642 (5
1602 4590 1651 4640 q.
1681 4571 1735 4636 '5,
1769 4571 1813 4624 si

211 4680 524 4753 rrgrotans).
573 4688 665 4733 aut
716 4678 893 4746 aliqua
937 4672 1281 4753 emngravis
1329 4671 1624 4725 necessitas
1672 4667 1811 4720 deti-

214 4776 423 4839 nuerit,
473 4786 570 4844 pro
608 4786 666 4825 se
713 4770 942 4837 legatum
986 4765 1051 4819 ad
1100 4762 1359 4835 synodum
1411 4763 1604 4816 mittat.
1643 4759 1750 4813 Nec
1785 4772 1813 4810 a

296 4927 382 4999 (l)
414 4928 544 4999 Syn.
572 4938 790 4980 romana
820 4922 1012 4999 dicitur
1037 4918 1222 4999 lladrz,
1246 4917 1368 4999 coll.
1400 4916 1527 4997 c..5,
1553 4914 1645 4994 sed
1672 4930 1812 4999 quin,

220 4986 409 5077 quove
439 4986 679 5066 {corpore
709 4993 1135 5077 nominati-patet.
1159 4989 1237 5077 Ex‘
1264 4988 1361 5043 hac
1392 4986 1531 5045 enim
1562 4986 1808 5054 epistula,

218 5063 345 5144 qum
372 5063 561 5144 spuria:
581 5063 1043 5144 est._ni_ltil_culligi
1072 5069 1264 5130 potest.

296 5144 379 5213 (2)
406 5129 558 5205 Apud
595 5138 727 5192 Ilad.
764 5129 1266 5213 legiturc'tempore
1293 5147 1321 5185 a
1351 5129 1817 5212 canonibuSprm-

223 5202 373 5269 vero,
404 5202 541 5266 idem
572 5202 846 5279 apostolus
873 5206 1002 5259 dicit
1032 5222 1044 5257 :
1164 5205 1297 5279 enim
1324 5219 1437 5255 cum
1465 5202 1663 5279 inimici
1690 5215 1820 5254 esse-

223 5288 340 5342 ﬁxo
364 5273 619 5338 Nicrenisf
646 5281 772 5335 Inde
802 5279 1043 5349 arguitur
1074 5276 1219 5331 fraus
1248 5273 1668 5344 interpolatoris.

299 5358 387 5426 (5)
420 5355 492 5426 Ita
524 5365 875 5426 etmanuser.

223 5494 229 5501 _
420 5424 627 5479 Coucil.
653 5438 792 5478 rom.
816 5420 905 5489 Ill,
934 5418 1033 5475 sub
1057 5418 1389 5491 symmaclto.

1891 475 2109 548 (Concil.
2144 476 2321 531 C(trl/t.
2356 493 2434 541 ιιι,
2465 494 2580 531 can.
2606 477 2698 549 7);
2733 478 2834 533 nisi
2873 478 2938 532 ad
2966 491 3183 533 causam
3215 491 3366 531 suam
3393 474 3479 530 di-

1890 567 2113 625 cendam
2146 568 2441 624 cloelorum
2471 569 2707 640 judicum
2752 569 2839 624 die
2874 578 3069 624 statuta
3112 568 3305 624 litteris
3348 583 3478 623 evo-

1892 671 2039 716 catus
2062 703 2075 726 ,
2109 662 2325 718 minime
2357 663 2690 719 occurrerit:
2725 664 2825 719 hoc
2853 675 2964 731 est,
2994 664 3094 721 nisi
3134 678 3255 721 eum
3298 662 3476 734 aliqua

1891 772 2295 828 prmoccupavct
2314 761 2350 812 it
2382 760 2675 812 necessitas
2698 756 2831 812 infra
2852 757 3083 827 spatium
3109 756 3481 826 prmdictorum

1895 850 2194 917 mensium,
2245 860 2299 905 et
2342 867 2407 906 eo
2457 851 2718 921 amplius,
2768 859 2927 921 prout
2973 865 3131 904 causa
3182 849 3483 907 dictaverit.

1894 944 2046 1013 Quod
2078 944 2122 998 si
2154 960 2219 998 ex
2267 956 2493 1013 utraque
2527 954 2675 1013 parte
2724 942 2788 996 ad
2832 958 3047 997 causam
3076 941 3355 997 dicendam
3392 957 3485 996 ve-

1894 1036 2107 1101 nerint;
2155 1035 2277 1105 quia
2309 1051 2446 1089 unus
2474 1036 2676 1105 absque
2721 1035 2892 1090 altero
2920 1033 3091 1089 audiri
3143 1050 3247 1089 non
3294 1033 3486 1097 debet.

1895 1127 2245 1200 qua-rendum
2272 1140 2355 1181 est
2389 1128 2439 1181 in
2466 1127 2703 1197 judicio,
2738 1127 2891 1194 cujus
2923 1128 3029 1180 sint
3066 1126 3489 1181 conversationis

1894 1231 1948 1277 et
1981 1221 2101 1275 lidei
2143 1232 2303 1292 atque
2331 1221 2651 1295 snSpicionis
2681 1229 3020 1275 accusatores
3048 1230 3141 1275 aut
3174 1237 3277 1293 qua
3315 1223 3490 1277 inten-

1896 1316 2041 1371 tione
2069 1314 2172 1370 ltoc
2202 1315 2398 1369 faciant
2432 1332 2444 1368 :
2480 1316 2599 1384 quia
2632 1314 2697 1369 ad
2728 1315 2827 1368 hoc
2855 1313 3063 1370 admitti
3108 1331 3216 1370 non
3267 1314 3486 1382 debent,

1894 1408 1997 1465 nisi
2026 1409 2181 1463 bona:
2212 1410 2638 1465 conversationis
2668 1418 2721 1463 et
2760 1419 2922 1465 recta:
2953 1407 3076 1463 ﬁdei
3106 1408 3227 1474 viri,
3263 1408 3314 1462 hi
3342 1408 3490 1463 vide-

1896 1502 2024 1557 licet
2050 1501 2141 1572 qui
2179 1502 2326 1557 omni
2368 1502 2675 1573 suspicione
2710 1509 2957 1567 careant,
2990 1510 3042 1555 et
3082 1500 3221 1556 bona
3246 1501 3353 1555 vita
3384 1502 3492 1557 cla-

1897 1606 2085 1660 reant,
2117 1612 2291 1669 neque
2328 1596 2554 1653 infames
2579 1595 2832 1650 existant.
2863 1594 3015 1662 Quod
3047 1596 3092 1651 si
3122 1605 3491 1653 accusatorum

1898 1705 2141 1759 persona!
2170 1688 2222 1741 in
2249 1686 2453 1757 judicio
2475 1688 2552 1759 (5,
2577 1705 2628 1759 q.
2656 1689 2743 1743 10.
2776 1688 2837 1741 Si
2858 1697 3212 1745 accusatorum
3240 1689 3489 1761 personat)

1896 1784 2276 1853 episcoporum
2332 1782 2628 1855 culpabiles
2677 1782 3024 1852 apparuerint
3082 1782 3277 1851 (idem,
3334 1780 3493 1839 Cone.

1900 1878 2126 1948 Carm),
2151 1876 2216 1931 ad
2240 1877 2575 1946 arguendum
2598 1893 2705 1933 non
2731 1877 3105 1942 admittantur.
3125 1879 3228 1933 nisi
3251 1880 3493 1950 proprias

1896 1986 2087 2026 causas
2111 1986 2355 2025 asserere
2375 1971 2504 2041 (non
2537 1980 2712 2027 tamen
2742 1970 3071 2040 criminales)
3097 1972 3176 2025 vel
3210 1973 3495 2026 ecclesias-
3556 2044 3559 2047 _

1898 2067 2030 2119 ticas
2056 2065 2344 2120 voluerint.
2368 2062 2585 2123 lufamis
2607 2064 2748 2123 enim
2775 2079 3003 2135 persona
3026 2063 3102 2137 (5,
3126 2081 3179 2136 ιι.
3200 2064 3251 2128 7,
3276 2062 3498 2135 Infamis

1900 2161 2165 2229 persona),
2209 2174 2309 2221 nec
2352 2168 2669 2229 procurator
2710 2167 2884 2228 potest
2909 2173 3060 2225 esse,
3093 2172 3191 2212 nec
3230 2159 3496 2228 cognitor.

1901 2253 2141 2308 Abseute
2165 2266 2292 2307 vero
2318 2251 2627 2311 adversario
2655 2250 2735 2322 (5,
2757 2268 2807 2319 (ι.
2835 2251 2890 2316 9,
2923 2250 3141 2305 Absente
3156 2250 3497 2324 adversario),

1900 2360 2006 2407 non
2034 2344 2285 2401 audiatur
2308 2354 2588 2400 accusator
2613 2362 2627 2399 :
2657 2360 2756 2400 nec
2784 2345 3070 2409 sententia,
3095 2346 3315 2400 absente
3344 2355 3495 2415 parte

1905 2441 2037 2505 alia,
2070 2455 2098 2492 a
2127 2439 2306 2510 judice
2333 2438 2495 2503 dicta,
2527 2439 2687 2495 ullam
2714 2438 2979 2495 obtinebit
3006 2438 3312 2495 ﬁrmitatem
3339 2438 3501 2511 (Vide

1900 2528 2163 2585 'Anianum
2210 2532 2262 2584 in
2300 2543 2431 2586 sent.
2478 2530 2669 2597 Pauli,
2722 2530 2810 2586 lib.
2854 2548 2908 2597 v,
2939 2532 3017 2585 tit.
3054 2531 3088 2585 :2
3118 2542 3163 2585 et
3192 2530 3247 2602 5)
3282 2550 3294 2587 :
3328 2546 3501 2603 neque

1906 2623 2100 2677 absens
2125 2637 2218 2694 per
2239 2622 2403 2677 alium
2425 2624 2665 2681 accusari
2695 2623 2774 2695 (5,
2803 2641 2852 2695 q.
2884 2624 2939 2689 9,
2967 2622 3158 2679 Absens
3184 2641 3273 2695 per
3292 2624 3498 2696 alium),

1908 2726 2001 2769 aut
2024 2730 2279 2769 accusare
2309 2726 2520 2783 potest,
2555 2730 2653 2772 nec
2682 2714 2859 2770 afﬁnis
2890 2715 2995 2770 illis
3031 2716 3361 2775 admittatur.
3394 2716 3500 2774 Ne-

1908 2807 2105 2860 minem
2156 2822 2284 2876 crgo
2337 2806 2579 2865 exhiberi
2633 2807 2699 2865 de
2746 2808 3017 2878 provincia
3055 2807 3119 2862 ad
3168 2809 3497 2879 provinciam

1908 2898 2068 2973 (Vide
2110 2902 2361 2956 novellam
2392 2902 2590 2955 tertiam
2630 2900 2745 2955 libri
2774 2902 2908 2956 tertii
2939 2913 2985 2955 et
3016 2901 3275 2957 Attianum
3297 2913 3341 2959 et
3379 2905 3498 2967 cod,

1910 2992 2102 3051 Tlteod.
2149 3004 2311 3049 const.
2362 2996 2416 3059 4,
2466 2996 2556 3050 lib.
2608 3011 2665 3058 ιι,
2716 2995 2795 3048 tit.
2838 2992 2897 3067 ι),
2946 2996 3029 3049 vel
3076 2995 3143 3051 ad
3187 2998 3496 3053 comitatum

1908 3097 2152 3159 oportet,
2193 3089 2294 3142 nisi
2334 3088 2398 3141 ad
2434 3087 2752 3142 relationem
2795 3087 3023 3155 judicis,
3055 3088 3120 3151 ad
3150 3105 3308 3161 quem
3343 3088 3504 3147 fuerit

1907 3183 2265 3255 appellatum,
2301 3182 2353 3237 id
2382 3192 2492 3246 est,
2523 3191 2583 3236 ut
2624 3190 2811 3245 auctor
2836 3198 3047 3252 semper
3088 3181 3164 3236 rei
3206 3182 3377 3245 forum
3416 3200 3503 3241 se-

1905 3288 2117 3353 quatur.
2140 3277 2194 3332 Si
2219 3279 2337 3345 quis
2359 3286 2537 3331 autem
2555 3275 2790 3346 judicem
2818 3275 2919 3330 sibi
2942 3276 3222 3333 adversum
3250 3279 3497 3347 senserit,

1906 3388 2093 3427 vocem
2151 3370 2527 3440 appellationis
2583 3367 2836 3423 exhibeat
2888 3384 3047 3439 quam
3105 3370 3236 3423 nulli
3290 3381 3507 3441 oportet

1908 3464 2090 3534 negari
2136 3460 2278 3535 (Huc
2320 3478 2478 3532 usque
2520 3472 2674 3530 caput
2712 3460 2767 3523 ὅ.
2801 3461 2921 3514 coll.
2959 3459 3152 3524 lludr.,
3198 3461 3502 3532 quibusdam

1910 3558 2123 3614 subinde
2150 3557 2395 3630 insertis).
2430 3557 2717 3628 Peregrina
2749 3572 2879 3612 vero
2902 3556 3099 3626 judicia
3134 3556 3209 3630 (5.
3232 3575 3283 3627 q.
3312 3556 3367 3622 6,
3399 3555 3505 3610 Pe-

1910 3653 2116 3725 regrina
2134 3649 2359 3723 judicia)
2382 3650 2621 3721 generali
2650 3651 2934 3706 sanctione
2962 3650 3307 3721 prohibemus
3338 3667 3351 3700 :
3380 3651 3504 3721 quia

1910 3745 2187 3816 indignum
2213 3753 2295 3798 est
2317 3785 2331 3809 ,
2377 3752 2432 3797 ut
2459 3744 2527 3797 ab
2552 3743 2792 3800 externis
2833 3742 3105 3811 judicctur
3134 3743 3222 3814 qui
3250 3756 3502 3812 compro-

1909 3837 2169 3891 vincialcs
2192 3834 2386 3904 (Hadr.
2422 3836 2542 3890 coll.
2581 3835 2667 3900 l7,
2697 3850 2760 3888 ex
2789 3844 2950 3889 const.
2985 3833 3071 3901 10,
3107 3834 3182 3889 lit.
3220 3835 3272 3898 l.
3304 3834 3395 3889 lib.
3428 3850 3503 3899 ιιι,

1911 3931 2027 3985 cod.
2054 3929 2284 4001 Tlte.)et
2308 3944 2337 3982 a
2365 3944 2423 3983 se
2454 3928 2654 3982 electos
2681 3926 2844 3982 debet
2880 3927 3080 3982 habere
3098 3926 3328 3996 judices.
3355 3926 3502 3993 llaec.

1912 4025 2106 4080 fratres
2125 4066 2139 4090 ,
2168 4022 2235 4078 ad
2273 4031 2508 4078 vestram
2537 4030 2591 4077 et
2614 4021 2854 4077 omnium
2880 4020 3320 4092 coepiscoporum
3349 4036 3506 4093 opem

1912 4128 1967 4173 et
1990 4117 2358 4171 defensionem
2388 4116 2441 4173 in
2473 4114 2680 4187 synodo
2702 4114 3027 4171 unanimiter
3056 4121 3181 4167 sunt
3200 4112 3509 4180 decreta,ut

1913 4211 1957 4265 si
1988 4210 2125 4265 forte
2154 4209 2314 4281 aliqui
2347 4206 2570 4278 (Concil.
2603 4206 2758 4278 Hisp.
2789 4223 2847 4274 ιι,
2877 4222 2922 4260 c.
2956 4203 3047 4276 15)
3091 4204 3376 4261 stultorum
3412 4219 3510 4265 vos

1915 4318 2211 4367 accusare,
2252 4302 2341 4372 qui
2380 4300 2661 4356 diabolica:
2696 4298 3027 4369 deceptionis
3072 4311 3258 4352 errore
3297 4296 3511 4370 decepti

1838 4408 2071 4493 Dsunt,
2120 4396 2422 4461 voluerint,
2471 4394 2597 4453 dum
2644 4393 2743 4448 ista
2789 4393 3019 4464 legerint
3068 4394 3156 4450 vel
3203 4392 3509 4459 audierint,

1917 4493 2238 4564 resipiscant
2279 4502 2333 4546 et
2360 4488 2425 4544 ad
2479 4487 2699 4543 unitatis
2737 4484 3080 4543 concordiam
3122 4495 3508 4543 revertantur:

1918 4597 1972 4645 et
1996 4586 2138 4659 quod
2168 4586 2314 4659 prius
2352 4593 2467 4638 erat
2504 4581 2557 4637 in
2585 4580 2877 4647 ultionem,
2908 4580 3151 4636 transibit
3180 4580 3231 4641 in
3258 4577 3506 4651 gloriam.

1920 4680 2051 4745 Nam
2085 4677 2272 4750 procul
2300 4676 2462 4733 dubio
2486 4674 2640 4735 multi
2661 4683 2806 4740 sunt,
2831 4673 2917 4747 qui
2944 4671 3261 4741 (secundum
3283 4670 3516 4741 apostoli

1921 4771 2131 4843 vocem)
2162 4768 2443 4841 prurientes
2465 4764 2693 4830 auribus,
2721 4781 2752 4820 a
2778 4764 2983 4819 veritate
3008 4765 3238 4819 auditum
3259 4772 3511 4835 avertunt,

1927 4869 1993 4923 ad
2020 4864 2222 4937 fabulas
2265 4872 2435 4916 autem
2473 4869 2827 4917 convertuntur
2857 4858 2903 4931 (Ι
2936 4857 3092 4925 Τὶιιι..
3121 4863 3199 4931 tv)
3229 4868 3285 4916 et
3309 4860 3373 4916 ad
3413 4875 3516 4916 ιιο-

1926 4969 2172 5019 cumenta
2216 4958 2479 5015 honorum
2511 4967 2531 4992 ο
2566 4963 2870 5011 transeunt.
2909 4954 3002 5011 Ait
3036 4954 3196 5025 (idem
3228 4971 3370 5010 conc.
3402 4953 3517 5027 cit.)

1927 5064 2108 5111 autem
2154 5051 2296 5107 idem
2342 5047 2616 5120 apostolus
2642 5046 2710 5103 de
2741 5046 3035 5105 inﬁdelium
3080 5047 3379 5120 ignorantia
3412 5065 3423 5101 :
3455 5046 3518 5105 Si

1925 5147 2295 5223 cognovissent,
2324 5159 2603 5217 numquam
2631 5139 2912 5199 Dominum
2940 5141 3118 5214 gloria:
3146 5140 3520 5210 cruciﬁxiuent

1928 5244 1972 5317 (l
2010 5241 2127 5298 Cor.
2159 5240 2243 5311 ιι).
2284 5235 2544 5295 Similiter
2574 5236 2618 5290 si
2656 5234 2710 5291 hi
2752 5234 3035 5291 Dominum
3075 5234 3308 5304 perfecte
3355 5246 3521 5303 agno-

1926 5338 2131 5393 vissent
2156 5345 2209 5391 et
2237 5344 2540 5397 amassent,
2587 5343 2877 5400 numquam
2915 5340 3105 5383 servos
3147 5326 3261 5396 ejus
3306 5336 3521 5397 pertur-

1930 5431 2170 5496 hassent,
2190 5441 2291 5485 nec
2310 5425 2489 5483 verbis
2509 5432 2601 5482 aut
2619 5421 2773 5479 factis
2795 5418 3061 5493 persecuti
3082 5424 3285 5476 essent.
3312 5416 3471 5487 Quod
3499 5417 3525 5459 ιι

1458 5573 1835 5633 LECTIONES
1871 5569 2290 5631 VARIANTES.

298 5733 344 5834 ξι
368 5725 749 5845 ait

1999 5712 2022 5741 °
2058 5708 2303 5759 Bonorum
2327 5704 2471 5757 Labb.

2000 5771 2028 5812 d
2064 5772 2220 5831 Quum
2246 5765 2390 5820 Labb.
