3970 6328
541 305 635 361 liii

1861 299 1918 352 S.
1962 294 2142 350 FELll

2272 292 2354 346 PA
2362 291 2475 346 ΡᾹΣ
3730 293 3743 343 t
3758 291 3815 344 3‘2

540 441 686 488 ntus,
738 423 1045 476 reconciliati
1093 437 1263 473 sumus
1314 418 1421 471 Deo
1476 435 1563 487 per
1603 428 1813 469 mortem
1846 413 1969 468 Filii
2015 415 2125 472 eius
2152 413 2205 473 Λ
2230 409 2370 465 enim
2404 419 2458 464 et
2496 409 2819 464 cuntutneiia
2859 410 2910 464 in
2953 406 3433 480 loqttela(Eccles.,
3468 404 3550 477 v),
3577 406 3705 460 etin
3747 408 3817 459 lo-

542 515 721 589 (Rom.
756 515 831 586 v),
882 532 975 569 cur
1002 514 1337 583 insequimur
1368 512 1598 566 fratres?
1624 510 1733 566 Cur
1764 508 2141 581 perturbamus

542 619 740 664 statum
783 609 1036 662 Ecclesia:
1074 608 1197 672 Dei,
1247 618 1299 661 et
1330 621 1424 659 eos
1452 607 1541 675 qui
1583 606 1631 657 ei
1673 606 1876 657 servire
1903 603 2138 668 debent,

542 702 862 771 aflligimus?
921 700 1181 772 Martyres
1222 701 1365 754 enim
1415 700 1554 768 passi
1604 709 1730 752 sunt
1775 698 1929 767 (idem
1982 695 2139 749 Conc.

544 794 681 867 cit.),
708 809 811 849 non
836 804 1011 850 tamen
1035 796 1228 849 animm-
1252 810 1436 849 eorum
1459 795 1649 849 occisze
1672 803 1796 847 sunt
1826 796 1874 847 in
1897 794 2141 861 corporis

544 889 825 957 passione,
856 904 950 942 ore
986 887 1237 941 Veritatis
1264 895 1550 941 atteStaute
1582 904 1595 939 :
1629 884 1804 939 Nolite
1844 885 2018 938 timere
2058 901 2141 937 eos

542 980 630 1050 qui
662 979 896 1032 occidunt
938 996 1156 1048 corpus,
1187 980 1408 1033 animam
1439 989 1607 1032 autem
1644 995 1743 1032 non
1769 988 1978 1049 possunt
2004 978 2143 1031 occi-

541 1072 661 1125 dere
716 1072 777 1143 (l
830 1070 1017 1126 Matth.
1056 1074 1139 1141 χ).
1192 1071 1290 1127 Ubi
1341 1073 1560 1142 agnosci
1606 1081 1853 1141 oportet,
1902 1070 2041 1141 quod
2096 1072 2137 1125 si

544 1167 739 1219 anima:
804 1178 1135 1237 martyrum,
1202 1181 1430 1234 corpore
1488 1178 1802 1236 perempto,
1868 1164 2139 1234 suppliciis

542 1259 777 1327 extingui
821 1275 924 1311 non
972 1267 1227 1329 possunt,
1259 1273 1359 1313 nec
1402 1256 1596 1311 aninne
1644 1257 2051 1326 prazdiCatorum
2088 1267 2141 1311 et

542 1350 825 1404 doctorum
860 1350 1108 1421 persequi
1149 1349 1494 1414 debuissent,
1525 1360 1614 1403 aut
1649 1350 1986 1419 perturbari,
2020 1357 2075 1402 et
2110 1365 2138 1401 a

542 1443 639 1496 Dei
670 1442 927 1496 fainnlatu
966 1444 1164 1504 averti.
1203 1444 1327 1513 quia
1363 1459 1481 1496 cum
1525 1442 1843 1510 corporibus
1874 1457 1977 1494 non
2009 1440 2140 1495 deli-

541 1538 709 1590 ciuttt.
732 1537 888 1591 Tales
909 1550 1084 1592 autem
1116 1540 1513 1606 perturbatores
1538 1537 1796 1592 Ecclesia!
1827 1552 1931 1591 ttOtt
1961 1536 2138 1591 Solum

543 1629 799 1699 prrcdicta
827 1640 989 1699 agunt
1041 1630 1178 1684 tuala
1202 1674 1216 1697 ,
1248 1631 1341 1684 sed
1373 1643 1425 1685 et
1458 1632 1746 1684 memorias
1789 1628 1965 1699 (Coac.
2002 1627 2140 1682 Gan-

539 1737 737 1790 grense,
771 1738 885 1791 cap.
914 1722 1005 1786 9.0,
1034 1723 1221 1791 interp.
1253 1721 1435 1794 Dion.)
1468 1735 1761 1794 martyrum
1794 1733 2135 1775 execrantur.

2245 502 2401 571 quela
2430 502 2622 571 lingua:
2646 502 2880 557 bominis
2903 512 2926 538 υ
2962 516 3120 556 casus
3151 502 3294 555 illius
3323 509 3425 555 est.
3453 498 3680 570 Ideoque
3703 513 3819 554 con-

2247 594 2472 647 veniens
2505 605 2614 655 est.
2652 594 2789 648 Itane
2820 594 3036 663 quidem
3068 592 3434 647 ostensiouem
3467 590 3821 661 reprehensio‘

2250 701 2375 739 num
2413 685 2624 740 illorum
2658 686 2856 741 nostris
2885 687 3093 740 actibus
3137 687 3323 749 inseri,
3370 700 3438 739 ne
3480 684 3698 739 ulterius
3722 684 3819 752 jam

2253 780 2372 832 talia
2407 779 2704 847 patiamini,
2736 780 3126 834 setninantibus
3154 778 3233 834 eis
3263 778 3465 832 zizania
3492 777 3818 839 ctscandala,

2244 872 2338 927 sed
2380 873 2545 928 la'tari
2588 874 2639 927 in
2682 874 2875 927 ofﬁciis
2913 883 2968 928 et
3007 872 3347 944 dogmatibus
3392 871 3585 926 vestris
3627 885 3820 926 merea-

2248 964 2399 1018 tnini.
2433 964 2599 1035 Igitur
2638 966 2997 1025 erubescant.
3040 982 3101 1019 ac
3134 965 3256 1018 talia
3289 972 3343 1019 et
3384 962 3685 1032 hojusmodi
3722 961 3823 1016 bla-

2245 1057 2545 1125 sphemiam
2596 1059 2917 1112 subtrahere
2961 1059 3240 1121 festinent,
3279 1058 3323 1112 si
3370 1056 3638 1110 noluerint
3678 1069 3706 1107 a
3742 1069 3823 1109 sa-

2245 1150 2507 1204 cerdotali
2575 1160 2761 1205 nostro
2822 1152 3052 1221 Collegio
3118 1149 3418 1220 segregati,
3485 1161 3536 1203 et
3594 1166 3621 1199 a
3676 1147 3824 1201 totius

2245 1241 2523 1295 christiani
2567 1242 2745 1311 pepuli
2790 1244 3046 1297 διιοίυωιυ
3076 1242 3279 1296 divelli.
3311 1240 3460 1295 Licet
3504 1253 3728 1309 namque
3765 1238 3823 1292 de

2246 1330 2329 1385 bis
2376 1333 2524 1402 plura
2568 1344 2623 1389 et
2668 1350 2763 1403 per
2807 1336 3147 1400 necessaria,
3175 1351 3294 1404 quae
3340 1334 3391 1387 in
3434 1331 3663 1386 decretis
3696 1330 3825 1387 sedis

2243 1426 2555 1492 apostolica:
2596 1435 2651 1480 et
2680 1427 2748 1480 ab
2778 1428 3036 1496 apostolis
3072 1441 3365 1497 eorumque
3402 1422 3822 1488 successoribus,

2243 1521 2441 1574 nostris
2458 1519 2703 1575 videlicet
2726 1508 3233 1589 praedecesstaribus,
3257 1527 3453 1573 statuta
3473 1518 3821 1580 inveniuntur,

2241 1609 2425 1665 dicere
2472 1621 2524 1665 et
2570 1613 2915 1666 conscribere
2974 1611 3370 1680 potuissemus,
3420 1618 3599 1663 tamen
3649 1607 3827 1661 melius

2244 1704 2399 1784 nobis
2443 1706 2613 1759 visum
2658 1714 2771 1769 est,
2812 1715 2869 1758 ut
2901 1704 3183 1776 epistolam
3223 1704 3469 1758 oratione
3509 1700 3825 1756 claudamus.

540 1812 877 1883 Quam-“pic.-
928 1814 980 1868 ίη
1029 1815 1246 1885 prmfma
1291 1816 1664 1871 consumimus
1695 1815 1924 1887 synodo.
1956 1815 2136 1871 vobis-
2166 1812 2214 1872 Β
2244 1797 2385 1852 Deus
2408 1799 2747 1868 omnipotens
2763 1808 2817 1852 et
2838 1797 3316 1867 bujusunigeuitus
3331 1796 3516 1862 Filius,
3539 1794 3828 1850 etsaIVator

542 1919 646 1976 que
673 1916 725 1960 et
745 1907 995 1962 omnibus
1018 1909 1273 1964 Ecclesiis
1300 1910 1585 1965 tenendum
1614 1919 1669 1964 et
1692 1910 1954 1979 agendum
1984 1925 2135 1963 man-

542 2000 734 2054 damus
756 2043 769 2067 ,
804 2012 864 2055 ut
905 2018 1069 2071 super
1100 2005 1387 2058 memorias
1421 2017 1713 2075 martyrum
1762 2006 1939 2058 missa:
1987 2002 2136 2059 cele-

538 2093 785 2158 breutur,
831 2111 897 2150 ne
937 2097 1211 2151 memoriae
1252 2111 1435 2150 eorum
1462 2112 1490 2150 a
1520 2096 1711 2150 talibus
1737 2096 2004 2166 extingui,
2046 2106 2138 2150 aut

542 2190 823 2243 veneratio
854 2192 1023 2259 possit
1053 2191 1343 2261 prohiberi.
1372 2191 1483 2245 Vos
1514 2205 1677 2257 vero,
1713 2189 1937 2255 fratres,
1972 2190 2137 2245 nolite

544 2282 773 2336 multum
803 2284 1040 2348 turbari,
1086 2284 1253 2338 nolite
1278 2284 1478 2357 .vexari
1502 2325 1515 2346 ,
1544 2285 1637 2338 sed
1678 2283 2056 2337 confortamiui
2087 2284 2136 2336 in

540 2374 799 2439 Domino,
849 2389 901 2430 et
946 2376 997 2430 in
1045 2378 1280 2446 potentia
1322 2377 1580 2431 claritatis
1613 2377 1729 2445 ejus
1761 2375 2005 2448 (Ep/188.,
2038 2376 2133 2443 vr).

541 2468 807 2524 Habelote
847 2469 1060 2523 interim
1106 2472 1203 2525 iSIa
1232 2470 1298 2523 ad
1327 2469 1634 2539 sull'ragiutn
1678 2481 1947 2535 vestrum,
1978 2484 2139 2540 apos-

542 2563 700 2618 tolica
750 2563 1063 2617 auctoritate
1107 2564 1321 2617 decreta
1362 2580 1377 2616 :
1432 2573 1487 2616 et
1530 2563 1722 2617 scitote
1792 2577 1889 2616 uos
1927 2577 2140 2632 semper

545 2667 764 2728 paratos
808 2656 1007 2713 habere
1038 2658 1197 2712 etiam
1249 2658 1315 2729 (si
1364 2671 1584 2712 necesse
1629 2656 1810 2724 fuerit)
1860 2670 2029 2725 usque
2072 2655 2139 2709 ad

546 2764 805 2816 mortem,
857 2753 924 2807 ad
970 2769 1323 2823 quaecumque
1384 2753 1538 2807 vobis
1591 2750 1891 2806 necessaria
1945 2750 2138 2805 fuerint

545 2845 799 2918 (Domino
827 2863 982 2915 opem
1018 2845 1243 2916 ferente)
1276 2844 1621 2916 perficienda.
1657 2844 1732 2899 llli
1768 2854 1941 2898 tamen
1966 2886 1978 2906 ,
2012 2857 2131 2897 auc-

542 2947 663 2993 tore
696 2940 839 3005 Deo,
888 2939 1169 3007 peribunt,
1202 2948 1256 2994 et
1285 2954 1379 2993 vos
1407 2939 1648 3013 stabilis,
1682 2938 1728 2993 si
1771 2948 1945 2991 tamen
1987 2936 2139 2991 labor

545 3042 727 3086 vester
758 3047 862 3087 non
893 3031 1045 3086 fuerit
1080 3033 1274 3100 inanis,
1308 3032 1400 3087 sed
1428 3032 1615 3101 plenus
1643 3031 1747 3087 fide
1771 3040 1826 3086 et
1853 3030 2135 3085 ebaritate.

550 3121 679 3191 Vw,
714 3124 881 3194 inquit
918 3125 1172 3195 pmplteta
1194 3167 1208 3192 ,
1240 3128 1325 3196 qui
1354 3137 1525 3192 potum
1556 3126 1643 3180 dat
1668 3127 1832 3179 amico
1856 3142 1950 3181 suo
1971 3166 1984 3186 ,
2022 3126 2140 3179 mit-

547 3230 655 3273 tens
695 3220 764 3288 fel
789 3237 937 3273 suttm
962 3219 1211 3285 (Hahae,
1245 3219 1326 3291 tt).
1361 3222 1426 3274 Et
1471 3221 1666 3275 iterum
1715 3221 2144 3289 sapientissimus
2172 3204 2216 3266 C

546 3312 798 3366 Salomon
827 3314 900 3367 ait
944 3312 1098 3385 (litvo
1135 3316 1309 3367 eodem
1338 3314 1391 3365 in
1420 3330 1502 3381 ep.
1536 3312 1728 3367 Felicis
1755 3330 1812 3378 ιι,
1844 3313 1912 3365 ad
1937 3312 2145 3385 nggp-

544 3401 663 3473 tios)
695 3420 713 3456 :
738 3402 838 3467 Qui
865 3403 1088 3467 loquitur
1118 3406 1293 3475 iniqua
1336 3419 1438 3457 non
1471 3413 1633 3473 potest
1663 3405 1851 3469 latere,
1886 3422 1975 3458 nec
2014 3421 2145 3475 prte-

548 3500 688 3551 teriet
713 3498 860 3551 illum
890 3500 1170 3565 corripiens
1192 3500 1472 3570 judicium.
1508 3498 1573 3552 In
1610 3501 1995 3570 cogitationibus
2026 3518 2145 3571 ergo

546 3593 694 3659 impii
724 3594 1053 3661 interrogatio
1093 3594 1208 3645 erit.
1242 3591 1546 3646 Sermonum
1575 3604 1745 3646 autem
1784 3595 1922 3648 illius
1950 3596 2146 3649 auditio

550 3683 620 3736 ad
649 3682 929 3736 Dominum
959 3685 1230 3753 perveniet,
1266 3694 1313 3738 et
1338 3686 1405 3738 ad
1430 3688 1796 3757 correptione»:
1820 3688 2148 3758 iniquitatum

546 3775 709 3828 illius.
747 3774 1003 3838 Quoniam
1047 3778 1187 3829 auris
1233 3778 1330 3831 zeli
1376 3780 1520 3831 audit
1567 3780 1770 3845 omnia,
1820 3792 1865 3833 et
1900 3781 2148 3835 tumultus

550 3869 1011 3922 murntttratiomtm
1039 3887 1138 3923 non
1168 3870 1525 3925 absconde-tur.
1560 3872 1738 3944 (δίψη
1771 3870 1832 3943 ι).
1866 3873 1987 3929 Haec
2005 3875 2146 3929 enim

549 3961 597 4015 si
648 3960 895 4031 amplecti
950 3962 1245 4018 voluissent
1299 3965 1515 4034 proprio
1566 3976 1619 4020 et
1667 3981 1800 4019 sano
1826 3982 2025 4035 sensu,
2081 3968 2148 4023 ad

552 4056 842 4124 reprobum
888 4071 1101 4110 sensum
1150 4058 1364 4111 minime
1396 4060 1703 4114 laberentur
1736 4078 1749 4113 :
1788 4062 1880 4115 sed
1927 4078 2022 4131 per
2056 4063 2147 4117 Dei

553 4150 805 4204 timorem
838 4165 1145 4206 sermonum
1175 4167 1392 4207 suorum
1420 4167 1788 4223 prmcavcntes
1808 4157 2107 4211 custodiam
2131 4200 2147 4223 ,

551 4241 697 4313 piam
738 4252 1043 4299 sanctorum
1088 4255 1297 4315 patrum
1338 4245 1712 4302 diflittitionem
1756 4249 1873 4303 sine
1916 4251 2148 4320 quadam

553 4339 863 4392 nocumenti
888 4339 1327 4407 prazsumptioue,
1353 4338 1537 4408 utique
1559 4354 1981 4396 conserwssent.
2007 4343 2149 4410 Quo-

478 4428 487 4433 ’
556 4429 702 4484 niam
724 4431 1079 4487 dicitsacrum
1108 4432 1381 4501 eloquium
1402 4449 1413 4485 :
1434 4430 1919 4487 Consiliumbonum
1941 4452 2149 4490 conser-

522 4570 527 4574 .
554 4525 690 4581 vabit
718 4535 786 4591 te,
815 4536 861 4579 et
882 4542 1021 4579 mens
1042 4525 1172 4579 bona
1193 4526 1437 4579 custodiet
1459 4535 1507 4579 te
1527 4524 1737 4600 (Ρι-ου..
1760 4525 1845 4598 ιι).
1869 4528 1983 4581 Non
2006 4531 2149 4584 enim

2240 1898 2422 1942 noster
2450 1886 2697 1942 Christus
2742 1888 2843 1943 hoc
2881 1890 3030 1943 vobis
3071 1890 3272 1942 tribuat
3303 1888 3739 1949 incitamentum,
3775 1894 3825 1937 ut

2238 1982 2486 2036 omnibus
2517 1981 2770 2036 fratribus
2800 1992 2853 2037 et
2874 1983 3214 2052 coepisc0pis
3244 1980 3465 2045 nostris,
3495 1980 3825 2050 quibuscum-

2240 2091 2345 2147 que
2400 2076 2839 2132 tribulationibus
2889 2077 3295 2143 laborantibus,
3348 2078 3474 2131 totis
3520 2074 3829 2130 succurratis

2241 2168 2449 2223 viribus
2471 2210 2485 2234 ,
2525 2180 2577 2224 et
2621 2186 2743 2224 cum
2787 2171 2866 2225 eis
2896 2170 3321 2240 compatientes,
3354 2183 3575 2223 crucem
3606 2167 3828 2237 ejusdem

2244 2264 2454 2317 Domini
2486 2262 2791 2319 Salvatoris
2849 2266 3075 2335 portetis
3097 2308 3111 2331 ,
3155 2275 3211 2318 ιιι
3244 2266 3355 2319 veri
3401 2265 3573 2334 ipsius
3602 2259 3829 2330 discipuli

2242 2370 2425 2410 coram
2450 2357 2700 2410 omnibus
2724 2358 3049 2425 appareatis,
3079 2367 3135 2411 ut
3157 2369 3211 2411 et
3232 2372 3346 2423 vos,
3374 2367 3428 2410 et
3452 2357 3543 2427 qui
3571 2354 3827 2411 vobiscum

2243 2458 2391 2515 sunt,
2422 2449 2505 2502 bie
2529 2460 2581 2503 et
2611 2450 2661 2503 in
2694 2450 2872 2504 futuro
2896 2451 3118 2503 meliora
3162 2449 3505 2521 possidentis,
3533 2465 3646 2519 qua:
3670 2446 3830 2499 oculus

2242 2557 2343 2594 non
2370 2542 2517 2605 vidit,
2539 2557 2629 2593 nec
2654 2541 2797 2594 auris
2819 2542 3037 2605 audivit,
3064 2547 3221 2595 ueciu
3240 2558 3327 2595 cor
3348 2541 3573 2594 hominis
3600 2536 3829 2597 ascendit,

2241 2652 2355 2706 qute
2372 2637 2666 2705 preparavit
2690 2636 2824 2690 Deus
2854 2637 3182 2707 diligentibus
3204 2654 3254 2689 se
3274 2635 3315 2707 (Ι
3335 2633 3481 2700 Cor.,
3508 2635 3589 2707 tt).
3621 2635 3721 2690 Per
3741 2633 3833 2687 Do.

2204 2738 2209 2741 ’
2245 2730 2446 2783 mitium
2468 2739 2711 2784 nostrum
2729 2730 2910 2786 Jesum
2930 2731 3225 2795 Christum,
3247 2747 3341 2799 per
3362 2746 3520 2801 quem
3539 2740 3833 2796 etcumth

2243 2820 2592 2890 omnipotenti
2638 2823 2745 2875 Deo
2771 2823 2937 2893 gloria
2986 2824 3037 2876 in
3071 2824 3263 2877 saecula
3294 2820 3831 2878 smculorum.Amen.

2243 2912 2438 2969 Valere
2471 2930 2567 2970 VOS
2592 2925 2720 2986 opto
2742 2959 2755 2980 ,
2785 2916 3087 2970 cltarissimi
3119 2915 3333 2971 fratres.
3368 2917 3493 2970 Data
3520 2917 3702 2986 quinto
3728 2912 3833 2967 idus

2243 3008 2455 3075 augusti
2476 3048 2492 3074 ,
2533 3007 2760 3061 Claudio
2792 3018 2846 3063 et
2875 3007 3111 3062 Paterno
3144 3008 3277 3062 viris
3305 3008 3623 3063 clarissimis
3652 3019 3832 3061 consu-

2243 3097 2447 3154 laribus
2478 3106 2592 3169 (an.
2624 3100 2821 3155 Christi
2849 3099 2980 3165 269,
3011 3098 3247 3153 tt0ndutn
3281 3108 3493 3154 mortuo
3542 3093 3832 3169 Dionysio).

2818 3230 3158 3286 EPISTULA
3195 3231 3282 3286 ΙΙΙ.

2675 3362 2743 3400 ΑΙ)
2794 3361 3057 3402 BENIGNUI
3113 3361 3425 3401 EPlSCOPL‘M.

2320 3480 2359 3533 Ι.
2397 3478 2583 3533 Errant
2608 3480 2692 3549 qui
2731 3477 2924 3533 Filium
2970 3495 3069 3533 non
3099 3479 3267 3532 videre
3291 3479 3499 3534 Patrem
3524 3475 3830 3539 contendunt,

2250 3588 2306 3625 eo
2322 3572 2458 3643 quod
2484 3571 2643 3625 Deum
2668 3588 2813 3624 nemo
2840 3569 2963 3624 vidit
2986 3588 3242 3641 umquam.

2328 3664 2391 3719 ll.
2430 3662 2619 3717 Errant
2648 3664 2955 3734 affirmantes
2988 3662 3036 3715 F
3041 3666 3181 3717 ilium
3226 3664 3470 3718 minorem
3520 3664 3699 3730 Putre,
3729 3659 3835 3732 qui“

2252 3756 2344 3810 ille
2366 3755 2650 3817 invisibilis,
2688 3753 2855 3808 Filius
2887 3771 2999 3809 vero
3027 3755 3256 3810 visibilis.

2327 3845 2669 3900 Dilectissimo
2692 3846 2842 3915 fratri
2862 3845 3089 3917 Benigno
3108 3850 3368 3919 episcopo,
3392 3848 3546 3904 Felix
3567 3849 3830 3917 episcopus,

2252 3933 2307 3986 in
2334 3931 2554 3987 Domino
2578 3934 2816 3986 salutem.

2326 4067 2693 4137 Suscipicntcs
2735 4066 3085 4122 fraternitatis
3119 4079 3222 4123 tua:
3249 4071 3505 4139 epistolas
3534 4068 3833 4144 (Zacharias,

2252 4179 2331 4234 ep.
2363 4165 2415 4231 ν)
2442 4205 2455 4225 ,
2486 4165 2680 4233 quibus
2727 4180 2812 4216 tne
2852 4163 3123 4231 requisisti
3153 4179 3315 4234 super
3345 4166 3466 4220 fidei
3489 4166 3831 4221 documentis,

2252 4271 2374 4326 qua:
2406 4256 2473 4309 ab
2497 4257 2618 4310 aliis
2643 4256 2980 4311 habebantur
3000 4258 3176 4319 aliter.
3201 4275 3359 4327 quam
3392 4272 3552 4313 recta:
3580 4258 3696 4313 fidei
3720 4270 3835 4308 οοηο

2256 4351 2462 4405 tiueant
2483 4360 2840 4411 sacramenta,
2869 4362 3023 4420 prout
3061 4351 3322 4406 Dominus
3344 4353 3518 4414 dedit,
3552 4368 3646 4422 pro
3668 4352 3838 4406 frater-

2256 4444 2440 4498 nitatis
2469 4460 2656 4499 amore
2702 4446 3032 4513 respondere
3065 4462 3170 4499 non
3201 4446 3600 4502 rcsultavimus.
3633 4445 3835 4512 Semper

2256 4537 2401 4591 enim
2450 4536 2610 4591 dubia
2659 4545 2716 4591 et
2767 4537 2968 4605 majora
3025 4539 3266 4609 negotia,
3327 4540 3612 4594 terminmn
3658 4538 3721 4589 ab
3748 4532 3834 4587 bac

557 4620 625 4675 de
652 4618 890 4674 fontibus
918 4618 1207 4673 salutiferis
1247 4618 1600 4687 spiritualiter
1634 4619 1699 4672 ad
1738 4621 2148 4690 acquisitionem
2176 4604 2229 4663 D
2256 4641 2443 4683 sancta
2482 4630 2635 4696 sede,
2667 4645 2695 4682 a
2724 4638 2968 4700 tempore
3009 4604 3376 4702 apdstolorutn
3399 4676 3411 4696 ,
3464 4635 3553 4703 qui
3589 4646 3701 4686 cam
3736 4625 3834 4681 suis

557 4720 775 4767 aeternas
802 4711 928 4765 vita:
957 4711 1256 4781 procedunt
1288 4714 1423 4766 tales
1454 4713 1823 4769 accusationes
1850 4727 1904 4769 ct
1935 4715 2149 4771 detrac-

557 4804 768 4870 tienes,
811 4813 969 4873 atque
1011 4806 1132 4859 ideo
1181 4817 1557 4876 competenter
1593 4823 1690 4862 nos
1718 4809 1905 4863 beatus
1952 4809 2150 4865 Paulus

557 4896 832 4966 apestnlus
882 4899 1249 4963 prmmuuicns
1281 4901 1357 4952 ait
1389 4916 1403 4952 :
1436 4898 1557 4953 Non
1598 4900 1778 4954 debere
1817 4902 1934 4972 plus
1974 4919 2154 4973 sapere

554 5004 710 5060 quam
771 4997 965 5055 oportet
1030 5005 1240 5058 sapere,
1303 4991 1392 5044 sed
1459 5008 1637 5062 sapere
1699 4993 1767 5047 ad
1832 4994 2151 5049 sobrietatem

555 5080 761 5155 (Rom.,
793 5078 911 5151 xu),
953 5079 1006 5134 in
1046 5081 1361 5137 definitione
1401 5084 1614 5153 pietatis
1647 5087 2017 5155 perdurantes.
2048 5090 2151 5157 Qui

555 5173 700 5228 enim
728 5174 845 5227 haec
876 5183 1199 5241 prattereunt
1221 5216 1237 5241 ,
1277 5192 1381 5229 non
1421 5186 1624 5231 uultum
1657 5179 1768 5233 Ιιιξεὶ
1814 5191 1969 5248 sunt,
2002 5181 2149 5237 deci-

556 5265 747 5321 dentes
786 5281 816 5320 a
864 5267 1307 5323 eorroboratione
1357 5284 1489 5333 sua,
1542 5272 1633 5326 sed
1678 5272 1998 5344 insipientia}
2038 5293 2149 5334 sua:

556 5360 961 5430 deneliquerunt
997 5361 1247 5417 domibus
1275 5366 1611 5433 memoriam,
1643 5376 1699 5421 ut
1723 5369 1772 5421 in
1806 5368 1918 5437 bis,
1948 5372 2000 5426 iu
2029 5374 2149 5443 qui-

557 5453 655 5511 bus
699 5466 1083 5525 peccaverunt,
1128 5457 1350 5514 minime
1387 5457 1557 5517 latere
1601 5463 1924 5531 potuissent.
1962 5463 2146 5523 Gloria

2255 4723 2596 4779 documentis
2626 4724 3016 4788 instruxerunt,
3060 4727 3306 4795 accipere
3336 4732 3749 4783 consueverunt.
3778 4717 3835 4773 Et

2252 4817 2375 4874 ideo
2402 4828 2457 4873 tu
2484 4830 2632 4873 recte
2662 4818 2854 4879 fecisti,
2885 4819 3027 4889 quod
3058 4820 3218 4890 hujus
3243 4834 3443 4877 sancta:
3470 4822 3614 4877 sedis
3639 4812 3832 4893 consul-

2256 4913 2324 4966 tis
2351 4921 2404 4967 te
2451 4922 2783 4981 eaeterosque
2828 4912 3027 4967 firmari
3057 4921 3113 4969 et
3142 4914 3333 4969 instrui
3360 4914 3598 4970 voluisti.

2326 5006 2368 5061 Ι.
2397 5006 2849 5063 ——Continebant
2896 5007 3041 5062 enim
3082 5008 3274 5063 littera:
3319 5018 3460 5075 tuae,
3516 5008 3831 5069 fratrumque

2261 5108 2494 5163 tuorum,
2535 5100 2677 5169 quod
2704 5099 2919 5168 quidam
2957 5099 3166 5166 dicunt,
3193 5097 3385 5155 Filium
3421 5116 3524 5156 non
3547 5112 3698 5169 posse
3718 5105 3831 5163 pro-

2257 5194 2374 5264 prie
2404 5193 2590 5247 videre
2637 5192 2879 5258 Patrem,
2907 5192 3031 5261 quia
3060 5192 3318 5260 scriptum
3363 5202 3446 5248 est
3478 5209 3492 5245 :
3526 5189 3682 5244 Deum
3709 5183 3825 5239 enim

2255 5300 2401 5339 nemo
2447 5283 2572 5336 vidit
2616 5299 2877 5353 umquam.
2914 5282 2981 5337 Et
3022 5283 3112 5338 alii
3145 5282 3351 5355 lingunt
3380 5302 3393 5337 :
3420 5284 3545 5338 [deo
3570 5280 3735 5336 minor
3757 5278 3829 5326 est

2253 5376 2413 5431 Patre
2441 5375 2643 5443 Filius,
2670 5377 2921 5445 quoniam
2947 5374 3104 5431 Pater
3131 5376 3212 5430 illi
3239 5377 3461 5447 perhibet
3484 5369 3823 5429 testimonium.

2252 5468 2481 5538 Quidam
2518 5478 2697 5525 autem
2728 5468 2993 5541 garriunt,
3020 5468 3163 5540 quod
3196 5468 3317 5526 ideo
3346 5468 3503 5525 Patre
3534 5466 3703 5522 minor
3732 5466 3822 5525 est,

1787 5653 2169 5716 LECTIONES
2206 5652 2619 5716 VARIANTES.
2639 5672 2643 5677 ·

619 5816 642 5845 ⁸
677 5816 734 5867 In
760 5816 923 5880 lingua
945 5821 1323 5892 hominiszlabb.
