4018 6294
162 348 275 405 iii?)

1309 339 1666 397 EPISTUL‘E
1706 336 1935 395 DUBIXE
1973 338 2326 407 QUATUOR.

3352 333 3454 391 liii

161 466 291 536 quia
329 463 597 519 invisibilis
626 465 735 535 ipse
773 462 957 517 dicitur
993 463 1016 532 (
1047 460 1107 515 S.
1139 460 1320 524 .Ioan.,
1356 476 1401 521 ις
1433 458 1493 511 S.
1539 456 1750 520 llIottIt.,
1783 465 1833 523 Α
1860 460 1993 529 quod
2036 458 2384 512 absconditum
2428 456 2526 524 fuit
2570 473 2602 511 a
2647 454 2848 512 sarculis
2886 464 2933 509 et
2972 471 3005 508 a
3048 452 3456 526 generationibus

163 573 316 624 xvn;
343 556 401 612 S.
431 556 624 622 Mam,
648 574 734 621 ix;
767 556 998 622 S.Luc.,
1031 570 1117 619 Ix;
1148 552 1337 617 ICor.,
1361 568 1452 617 tv;
1480 550 1678 619 Colos.,
1706 568 1756 613 ις

166 649 191 705 ι
231 648 392 714 Tim.,
435 648 517 720 ι),
568 648 734 703 Filius
778 664 905 703 vero
959 646 1187 703 visibilis
1231 646 1631 714 comprobatur.
1692 644 1756 700 lli

162 744 313 799 enim
341 744 646 813 ignorantes
667 742 966 796 divinarum
992 740 1386 810 Scripturarum
1404 749 1459 794 et
1487 738 1759 808 apostolo-

165 855 289 894 rum
362 839 498 906 jura,
570 854 634 892 ex
687 838 903 908 proprio
947 844 1039 890 aut
1072 836 1377 889 adulterino
1426 849 1585 888 sensu
1636 833 1758 887 talia

166 932 465 998 fabricant.
496 942 549 986 et
590 931 849 986 seducere
888 929 1049 985 corda
1092 929 1325 984 ﬁdelium
1377 938 1622 999 qnmrunt
1652 926 1757 999 (l).

164 1028 282 1083 Nos
308 1042 433 1083 vero
458 1026 525 1081 ad
550 1025 717 1096 ipsius
740 1024 901 1079 fontis
930 1025 1191 1095 originem
1222 1022 1523 1085 redeamus,
1557 1038 1621 1075 ex
1652 1035 1759 1092 quo

168 1119 366 1175 Filium
417 1117 630 1173 Patrem
681 1133 894 1187 semper
952 1117 1132 1172 videre
1184 1118 1422 1186 potuisse
1454 1114 1537 1168 vel
1578 1127 1757 1182 posse,

166 1214 593 1270 evidentiorilnts
618 1213 937 1268 testimoniis
969 1213 1172 1268 Veteris
1201 1212 1396 1267 etNovi
1429 1209 1757 1265 Testamenti

166 1307 362 1361 litteris
404 1306 699 1370 docemus,
726 1306 1015 1363 Salomone
1047 1307 1255 1362 dicente
1290 1322 1303 1360 :
1343 1305 1431 1359 Est
1459 1315 1619 1358 tecum
1670 1320 1757 1357 sa-

164 1403 394 1473 pientia,
439 1419 552 1474 qute
578 1404 716 1457 nouit
759 1419 913 1472 opera
942 1416 1049 1465 tua,
1084 1417 1196 1472 qua:
1218 1400 1384 1472 adfuit
1414 1400 1501 1453 tibi
1540 1416 1650 1452 cum
1681 1403 1762 1469 fa-

164 1512 312 1551 ceres
360 1496 529 1551 orbem
559 1506 829 1561 terrarum,
872 1506 917 1550 et
958 1497 1069 1563 ipsa
1097 1495 1231 1549 novit
1257 1494 1379 1563 quid
1416 1494 1482 1547 sit
1518 1494 1759 1562 placitum

162 1586 514 1656 cormnfoculis
536 1591 653 1644 tuis.
671 1589 736 1644 Et
753 1589 1005 1643 Dominus
1025 1588 1078 1643 in
1098 1588 1388 1658 Evangelia
1410 1606 1422 1638 :
1444 1585 1609 1640 Nemo
1626 1585 1761 1639 novit

159 1681 367 1736 Filium
392 1683 491 1737 nisi
519 1680 697 1748 Pater,
728 1698 886 1745 neque
922 1680 1124 1735 Patrem
1145 1682 1255 1749 quis
1277 1681 1412 1734 novit
1442 1679 1541 1733 nisi
1568 1676 1617 1731 F
1620 1678 1755 1742 ilius,

156 1785 212 1828 et
240 1776 325 1828 cui
354 1776 565 1829 voluerit
585 1773 630 1828 F
632 1774 751 1829 ilius
782 1775 1016 1829 revelare.
1044 1775 1108 1830 Et
1140 1775 1328 1828 iterum
1358 1791 1372 1826 :
1402 1769 1565 1825 Nemo
1596 1768 1758 1823 Deum

1861 549 2154 622 (Ibidem).
2196 550 2323 605 Item
2363 549 2471 604 ibi:
2520 547 2586 604 Ut
2629 548 2954 604 consolentur
2998 547 3154 602 corda
3187 562 3360 601 eorum
3400 546 3456 599 in

1859 646 2128 703 charitate.
2162 646 2212 699 in
2239 661 2411 698 omnes
2437 644 2640 698 divitias
2661 643 3038 711 adimpletionis
3068 642 3372 705 intellectus,
3402 642 3457 694 in

1861 737 2167 806 agnitionem
2207 738 2460 807 mysterii,
2493 736 2628 803 quod
2668 746 2738 789 est
2780 731 3054 800 Christus,
3098 734 3149 787 in
3189 749 3287 803 quo
3336 741 3455 788 sunt

1834 828 2035 882 ‘omnes
2074 829 2299 882 thesauri
2339 829 2607 897 sapientia:
2645 837 2694 881 et
2732 824 2958 879 scientia:
2998 824 3283 878 absconditi
3322 822 3458 894 (Co-

1862 921 2007 981 loss.,
2039 923 2134 992 11).
2171 921 2235 975 Et
2262 922 2311 974 in
2345 923 2551 989 psalmo
2577 935 2775 975 Lxxvt:
2805 917 2871 972 In
2898 920 3026 971 mari
3052 928 3126 972 est
3151 918 3231 972 uia
3259 928 3347 972 tua
3366 960 3381 986 ,
3410 926 3456 972 et

1861 1014 2054 1067 semitm
2082 1024 2182 1066 tute
2207 1014 2258 1066 in
2288 1013 2434 1082 aquis
2460 1011 2664 1076 multis,
2693 1022 2740 1066 et
2767 1012 2973 1083 vestigia
3002 1021 3089 1065 tua
3115 1027 3217 1065 non
3243 1026 3457 1084 cognos-

1861 1116 2057 1161 centur.
2092 1107 2153 1161 Et
2190 1108 2239 1160 in
2268 1106 2587 1161 Salomone:
2618 1106 2939 1175 Sapientiam
2972 1104 3065 1159 Dei
3092 1107 3455 1174 prlecedentem

1862 1200 2065 1260 omnia,
2098 1201 2209 1268 quis
2237 1199 2552 1269 investigabit
2596 1196 2800 1270 (Eccl.,
2833 1198 2925 1269 t)?
2967 1198 3100 1253 Item
3143 1198 3247 1253 ibi:
3284 1196 3456 1251 Radix

1859 1293 2124 1362 sapientia:
2148 1294 2230 1347 cui
2255 1296 2473 1347 revelata
2497 1293 2608 1347 est?
2638 1305 2683 1346 et
2709 1294 2926 1347 astutias
2952 1294 3091 1347 illius
3114 1294 3226 1365 quis
3250 1294 3456 1364 agnovit

1860 1384 2137 1457 (Ibidem)?
2161 1386 2286 1440 Item
2308 1387 2375 1440 ibi
2398 1385 2714 1451 :Disciplina
2735 1386 3001 1454 sapientia:
3025 1386 3108 1439 cui
3136 1386 3457 1454 manifestata

1861 1488 1951 1543 est,
1979 1487 2024 1531 et
2070 1478 2544 1545 multiplicationem
2572 1478 2828 1547 ingressus
2870 1476 3010 1530 illius
3052 1477 3165 1547 quis
3209 1476 3456 1530 intellexit

1865 1570 2174 1644 (Ibidem)?
2219 1571 2350 1628 Item
2400 1573 2506 1626 ibi:
2553 1572 2807 1639 Quoniam
2846 1569 3102 1624 mirabilia
3147 1577 3263 1623 sunt
3302 1584 3457 1639 opera

1862 1664 2069 1719 Domini
2105 1666 2265 1719 solius
2285 1708 2299 1729 ,
2338 1674 2386 1719 et
2417 1666 2640 1735 gloriosa
2671 1675 2715 1719 et
2745 1664 2990 1719 absconsa
3011 1706 3027 1730 ,
3061 1672 3107 1717 et
3137 1680 3291 1733 opera
3319 1663 3456 1718 illius

1859 1761 2021 1815 invisa
2049 1760 2334 1814 hominibus
2364 1759 2579 1832 (Eccl.,
2616 1758 2710 1832 ιι).
2747 1759 2882 1814 Ecce
2911 1758 3050 1813 sicut
3082 1758 3239 1813 Pater
3268 1757 3457 1812 invisi-

155 1868 291 1921 tn’dit
320 1884 583 1938 umquam,
631 1870 730 1923 nisi
775 1870 1065 1939 unigenitus
1095 1867 1279 1929 Filius,
1318 1866 1405 1937 qui
1438 1875 1510 1919 est
1540 1864 1591 1917 in
1640 1864 1754 1917 sinu
1783 1869 1831 1928 Β
1861 1854 1981 1907 bilis
2005 1865 2083 1909 est
2102 1896 2116 1920 ,
2140 1854 2210 1909 ita
2240 1855 2398 1909 etiam
2424 1864 2478 1908 et
2504 1852 2670 1908 Filius
2698 1852 2990 1906 invenitur.
3018 1850 3301 1919 Quomodo
3325 1863 3456 1919 ergo

158 1957 361 2027 Patris,
386 1962 492 2034 ipse
521 1964 765 2018 narravit.
788 1962 854 2016 Et
881 1963 1071 2017 iterum
1099 1962 1297 2018 Iudaeis
1318 1960 1451 2013 dixit
1476 1976 1492 2013 :
1529 1957 1625 2012 Vos
1654 1974 1755 2011 non

155 2056 326 2109 nostis
381 2073 493 2110 eum
521 2100 533 2119 ,
579 2075 668 2129 ego
708 2066 873 2110 autem
916 2058 1030 2109 novi
1076 2073 1213 2110 eum.
1262 2054 1413 2120 Quod
1443 2054 1485 2107 si
1538 2053 1752 2117 dixero,

156 2148 284 2214 quia
316 2164 416 2201 non
446 2149 561 2202 novi
589 2166 699 2202 eum
721 2190 736 2216 ,
791 2165 874 2201 ero
920 2149 1099 2202 similis
1143 2149 1281 2201 vobis
1307 2188 1319 2207 ,
1352 2146 1589 2200 mendax.
1626 2143 1756 2199 Item

160 2241 236 2296 ibi
273 2260 285 2295 :
320 2241 421 2308 Qui
443 2260 506 2297 ex
532 2241 640 2297 Deo
668 2254 759 2307 est,
791 2243 871 2297 hic
901 2243 1034 2296 novit
1074 2259 1186 2296 eum
1218 2259 1230 2294 :
1279 2241 1346 2295 Et
1372 2244 1563 2296 iterum
1597 2258 1609 2294 :
1644 2236 1756 2309 Ego

161 2335 280 2389 novi
304 2351 439 2401 eum,
463 2336 584 2404 quia
605 2335 668 2389 ab
688 2336 800 2405 ipso
822 2352 953 2389 sum.
981 2335 1123 2390 Ecce
1153 2334 1430 2389 docuimus
1459 2334 1579 2403 quia
1610 2331 1757 2385 videt

163 2442 381 2498 semper
414 2427 579 2482 Filius
612 2428 847 2484 Patrem.
872 2429 1153 2496 Quomodo
1188 2430 1475 2483 adstruunt
1501 2430 1622 2483 eum
1658 2427 1754 2481 Pa-

164 2528 302 2574 trem
327 2535 433 2575 non
465 2535 623 2590 posse
650 2522 832 2577 videre
853 2565 867 2587 ,
896 2523 949 2578 in
976 2521 1128 2590 cuius
1152 2522 1267 2576 sinu
1289 2520 1524 2576 noscitur
1551 2535 1758 2592 perma-

162 2612 332 2667 nere?
359 2611 417 2666 Si
442 2628 637 2667 sereno
667 2629 828 2668 sensu
860 2614 1069 2669 divinas
1113 2629 1397 2669 recenseas
1427 2612 1756 2683 Scripturas,

164 2705 409 2761 invenies
441 2720 544 2760 non
564 2706 738 2761 Solum
769 2707 986 2762 Patrem
1014 2708 1152 2763 Filio
1176 2709 1540 2763 testimonium
1573 2707 1777 2778 perhiv

92 2858 97 2864 ,
165 2799 407 2865 bentem,
449 2801 542 2855 sed
572 2809 734 2855 totam
777 2802 938 2857 simul
980 2802 1395 2872 inseparabilem
1439 2804 1752 2867 trinitatem,

165 2891 284 2963 ipso
313 2892 540 2947 Domino
583 2903 936 2963 protestante,
967 2895 1057 2964 qui
1082 2896 1154 2949 ait
1188 2914 1199 2949 :
1235 2894 1344 2966 Ego
1367 2912 1477 2949 sum
1498 2898 1586 2965 qui
1619 2899 1760 2951 testi-

163 2985 388 3038 monium
433 2986 669 3056 perhibeo
690 2987 752 3041 de
774 3003 853 3041 me
875 2987 1005 3058 ipso,
1056 2997 1101 3042 et
1149 2987 1489 3041 testimonium
1532 2988 1759 3053 perhibet

162 3076 355 3141 deme,
384 3078 472 3146 qui
529 3078 666 3132 misit
726 3096 823 3143 me,
882 3077 1041 3134 Pater
1099 3078 1183 3151 (S.
1236 3078 1421 3144 Joan.,
1481 3078 1619 3148 vm).
1692 3081 1759 3136 Et

160 3170 362 3227 iterum
394 3188 407 3225 :
437 3170 499 3226 Si
538 3187 630 3243 ego
659 3172 998 3225 testimonium
1032 3170 1266 3240 perhibeo
1289 3171 1351 3223 de
1372 3172 1580 3239 nteipso,
1614 3173 1755 3225 testi-

1858 1948 1926 2001 ah
1957 1947 2095 2011 illis,
2128 1948 2217 2017 qui
2250 1947 2351 2002 hoc
2377 1946 2557 2001 dicunt
2589 1945 2730 2015 quod
2773 1943 3099 2006 mandastis,
3131 1944 3181 1996 in
3214 1956 3280 1996 eo
3307 1939 3452 2012 quod

1860 2039 2014 2094 nobis
2040 2040 2330 2093 carnaliter
2357 2054 2417 2092 se
2443 2038 2612 2093 videri
2640 2038 2889 2106 dignatus
2911 2045 3025 2097 est,
3052 2034 3212 2089 Patre
3235 2032 3459 2088 inferior

1854 2132 2166 2203 judicatnr?
2214 2131 2436 2186 Talibus
2484 2131 2650 2184 nolite
2691 2127 2916 2182 credere
2963 2140 3092 2192 vos,
3136 2134 3191 2180 et
3226 2126 3362 2181 alios
3391 2124 3459 2179 ab

1860 2238 2045 2279 eorum
2073 2238 2233 2279 sensu
2257 2234 2502 2278 avertere
2524 2224 2732 2277 docete.
2768 2219 2869 2275 Vos
2894 2236 3013 2290 ergo
3037 2221 3218 2274 servite
3240 2218 3458 2274 Domino

1860 2318 1913 2371 in
1943 2318 2121 2372 timore
2140 2362 2152 2379 ,
2186 2328 2232 2370 et
2261 2317 2486 2373 exultate
2536 2318 2582 2371 ei
2611 2333 2725 2370 cum
2756 2327 2970 2371 tremore
3000 2313 3184 2386 (Psal.
3215 2310 3310 2384 ιι).
3345 2314 3456 2385 Ap-

1861 2413 2157 2483 prehendite
2185 2412 2511 2481 disciplinam
2532 2454 2547 2477 ,
2581 2427 2644 2465 ue
2672 2410 2885 2481 pereatis
2924 2410 2987 2463 de
3024 2410 3105 2463 via
3136 2409 3299 2478 justa.
3332 2407 3458 2463 Hmc

1860 2518 1990 2559 vero
2023 2502 2165 2575 (‘24,
2198 2521 2250 2575 q.
2284 2505 2336 2558 1.
2376 2505 2414 2556 Α
2455 2513 2593 2557 recta
2633 2519 2750 2571 ergo
2792 2498 2929 2570 fide)
2969 2499 3335 2569 apostolorum
3376 2507 3461 2554 est

1861 2598 1978 2650 viva
2012 2597 2247 2662 traditio,
2274 2595 2390 2650 haec
2412 2610 2533 2651 vera
2555 2595 2811 2656 Charitas,
2842 2609 2961 2665 qua:
2991 2591 3327 2661 praedicanda
3353 2601 3457 2658 est,

1860 2705 1925 2744 ac
1955 2689 2222 2743 veraciter
2249 2689 2517 2759 diligenda
2550 2704 2613 2743 ac
2642 2686 2872 2743 fovenda
2892 2730 2906 2752 ,
2941 2696 3101 2757 atque
3141 2685 3458 2741 ﬁducialiter

1861 2781 1932 2836 ab
1958 2780 2211 2836 ontnihus
2243 2781 2496 2836 tenenda.
2528 2780 2654 2835 Haec
2678 2790 2859 2835 sancta
2889 2790 2943 2834 et
2968 2778 3259 2848 apostolica
3289 2787 3462 2833 mater

1862 2873 2101 2929 omnium
2131 2872 2483 2928 ecclesiarum
2517 2872 2735 2947 (Agath.
2767 2889 2850 2940 ep.
2877 2874 2945 2925 ad
2969 2870 3144 2927 Const.
3172 2868 3334 2940 Intp.,
3354 2880 3457 2924 act.

1862 2982 1936 3021 tv.
1967 2982 2111 3020 conc.
2145 2982 2196 3020 γι
2225 2965 2575 3035 ωσιιηιεηὶοξ),
2625 2963 2826 3020 Christi
2870 2964 3141 3024 Ecclesia.
3194 2977 3313 3034 qum
3365 2976 3461 3033 per

1864 3060 1954 3115 Dei
1985 3059 2370 3130 omnipotentis
2400 3060 2628 3130 gratiam
2649 3101 2663 3125 ,
2699 3074 2727 3113 a
2762 3058 2975 3112 tramite
3010 3056 3321 3128 apostolica:
3354 3064 3461 3110 tra—

1861 3152 2079 3206 ditionis
2109 3166 2398 3222 numquam
2422 3166 2637 3206 errasse
2669 3151 2946 3220 probatur,
2974 3165 3070 3204 nec
3095 3149 3164 3203 ab
3192 3148 3461 3202 hzcreticis

159 3264 393 3317 monium
424 3240 595 3318 ,ηεωῇι
644 3280 814 3319 verum
842 3266 1073 3335 ωενφιία
1100 3266 1204 3319 “io
1236 3264 1371 3318 unde
1396 3265 1553 3329 venio,
1586 3275 1633 3319 ει
1660 3282 1761 3336 quo
1789 3262 1832 3323 ρ
1868 3245 2193 3301 novitatibus
2219 3244 2563 3315 depravanda
2589 3242 2911 3309 succubuit,
2940 3241 3035 3298 sed
3069 3251 3127 3296 ut
3154 3241 3204 3295 in
3236 3240 3460 3296 exordio

156 3357 295 3413 vado
335 3356 602 3432 (Ibidem).
647 3360 711 3415 Et
757 3361 823 3415 de
851 3360 1052 3427 Spiritu
1102 3361 1346 3418 Sancto:
1394 3359 1522 3415 Cum
1569 3362 1756 3415 uenerit

159 3451 472 3508 Paracletus
488 3455 700 3525 spiritus
718 3456 962 3520 ueritatis,
992 3454 1083 3509 ille
1109 3457 1448 3510 testimonium
1480 3455 1756 3524 perhibebit

157 3547 229 3600 de
254 3563 334 3601 me
361 3546 565 3618 (Joan.,
600 3552 722 3617 xv).
761 3546 998 3615 Intende,
1028 3565 1219 3621 quaeso,
1249 3549 1453 3604 intende
1493 3550 1753 3619 quoniam,

156 3640 214 3692 in
242 3639 422 3709 quibus
451 3657 553 3694 una
574 3641 942 3709 testificationis
960 3644 1117 3695 virtus
1144 3642 1425 3695 ostenditur
1444 3684 1459 3709 ,
1492 3642 1666 3697 nullus
1692 3642 1755 3696 ab

153 3736 268 3790 alio
289 3752 449 3807 neque
474 3737 642 3807 potior
669 3752 828 3806 neque
844 3736 1055 3805 inferior
1068 3736 1355 3806 judicatur.

234 3827 587 3896 IL—Sa‘pius
617 3828 712 3882 ista
730 3827 833 3896 iam
849 3827 1101 3891 diximus,
1117 3827 1237 3896 quia
1256 3828 1549 3881 secundum
1567 3825 1645 3900 (9.)
1661 3826 1756 3880 ho-

151 3924 328 3980 minis
365 3924 587 3978 formam
615 3921 782 3976 Filius
809 3922 1038 3976 visibilis
1064 3922 1279 3981 dicitur,
1308 3921 1598 3975 secundum
1630 3935 1757 3975 vero

150 4017 383 4074 dcit-itis
412 4015 762 4071 substantiam
796 4013 1080 4067 invisibilis
1111 4013 1446 4081 praedicatur,
1483 4012 1648 4066 Paulo
1678 4022 1757 4067 at-

153 4119 396 4165 testantc
418 4109 697 4178 apostolo:
719 4108 763 4160 0
779 4106 1017 4169 altitudo,
1036 4107 1230 4175 inquit,
1250 4105 1538 4158 divitiarum
1556 4106 1756 4174 sapien-

154 4205 248 4259 lite
276 4212 323 4256 et
352 4202 574 4257 scientiis
598 4200 725 4254 Dei!
744 4217 893 4270 quam
922 4198 1447 4268 incomprehensibilia
1474 4208 1590 4251 sunt
1609 4199 1757 4267 judi-

154 4299 241 4352 cia
271 4314 409 4367 ειυς,
446 4306 494 4349 et
523 4295 894 4364 investigabiles
924 4295 1019 4348 via:
1045 4296 1152 4364 ejus
1184 4294 1201 4365 (
1226 4294 1402 4354 Rom.,
1442 4310 1493 4347 χι
1514 4291 1568 4362 )!
1607 4293 1672 4347 Et
1702 4294 1753 4347 in

153 4391 330 4446 ISaia:
365 4389 469 4444 Cui.
489 4389 703 4443 similem
732 4388 993 4442 wstimatis
1022 4404 1135 4441 eum
1154 4428 1168 4452 ,
1200 4403 1314 4440 cum
1344 4387 1406 4441 sit
1437 4389 1544 4457 ipse
1575 4387 1753 4439 invisi-

156 4485 276 4541 bilis
310 4482 482 4558 (Isai.
507 4526 519 4543 ,
560 4498 627 4537 tu.
651 4482 704 4555 )‘t
736 4482 801 4537 Et
854 4483 979 4536 item
1035 4482 1327 4552 Apostolus
1372 4500 1382 4535 :
1421 4481 1556 4534 Mihi
1585 4493 1754 4535 autem

153 4578 373 4633 minimo
402 4576 624 4629 omnium
654 4587 945 4628 sanctorum
975 4574 1095 4626 data
1125 4584 1196 4627 est
1224 4578 1388 4645 gratia
1419 4575 1527 4628 haec
1554 4576 1606 4628 in
1632 4593 1752 4645 gen-

1862 3357 2107 3396 normam
2136 3341 2255 3395 lidei
2284 3340 2592 3396 christianze
2620 3339 2861 3409 percepit
2890 3337 2959 3392 ab
2985 3336 3296 3391 auctoribus
3320 3335 3454 3401 suis,

1859 3435 2225 3505 apostolorum
2256 3432 2455 3489 Chris1i
2498 3432 2867 3502 principibus,
2910 3429 3114 3484 illibata
3158 3429 3263 3482 ﬁne
3303 3438 3459 3482 tenus

1858 3539 2074 3590 manet,
2107 3526 2405 3584 secundum
2442 3527 2608 3597 ipsius
2642 3525 2851 3580 Domini
2884 3522 3178 3578 Salvatoris
3218 3521 3455 3576 divinam

1859 3624 2300 3692 pollicitationem
2325 3665 2341 3689 ,
2370 3622 2461 3692 qui
2490 3636 2708 3675 suorum
2737 3616 3120 3687 discipulorum
3151 3614 3372 3686 principi
3403 3613 3455 3667 in

1860 3719 1971 3775 Suis
1998 3717 2136 3770 latus
2164 3726 2247 3771 est
2272 3714 2597 3784 evangeliis:
2627 3712 2781 3767 Petre
2801 3754 2816 3775 ,
2847 3711 3093 3781 inquiens
3114 3752 3129 3775 ,
3160 3726 3273 3763 ecce
3299 3709 3456 3763 Sata-

1860 3826 1953 3863 nas
1979 3810 2215 3880 expetivit
2258 3817 2307 3861 ut
2338 3806 2581 3860 cribraret
2607 3822 2713 3871 vos,
2740 3805 2867 3857 sicut
2887 3809 2973 3874 qui
2996 3803 3182 3857 eribrat
3207 3803 3451 3857 triticum.

1862 3904 1973 3975 Ego
2003 3913 2167 3955 autem
2198 3902 2289 3967 pro
2320 3910 2367 3953 te
2395 3898 2570 3970 rogavi
2590 3941 2605 3961 ,
2638 3908 2692 3951 ut
2722 3914 2824 3950 non
2858 3897 3064 3964 deﬁciat
3094 3896 3220 3964 [ides
3248 3905 3374 3959 tua;
3405 3905 3453 3949 et

1860 4010 1915 4053 tu
1935 3995 2212 4066 aliquando
2238 4009 2526 4057 conversus,
2552 3992 2798 4059 conﬁrma
2821 3992 3007 4061 fratres
3032 3998 3143 4042 tuos
3172 3989 3190 4058 (
3211 3987 3250 4043 S
3300 3986 3455 4054 Luc.,

1860 4108 1980 4150 xxn
2001 4091 2039 4161 ).
2063 4088 2383 4144 Consideret
2416 4088 2595 4156 itaque
2624 4094 2801 4138 vestra
2833 4082 3107 4138 excellens
3138 4081 3416 4152 prudentia
3441 4125 3455 4147 ,

1861 4202 2021 4258 quam
2066 4184 2265 4238 bonum
2310 4182 2381 4235 sit
2423 4182 2715 4251 persistere
2760 4178 2812 4233 in
2858 4176 3264 4249 dispensatione
3308 4174 3462 4230 vobis

1859 4278 2060 4333 credita
2082 4317 2096 4340 ,
2128 4284 2183 4329 et
2213 4276 2263 4327 itt
2300 4272 2402 4327 lide
2433 4280 2612 4335 recta,
2644 4281 2803 4341 atque
2850 4269 3118 4324 lttcreticis
3153 4278 3205 4322 et
3247 4267 3458 4322 aemulis

1860 4368 2059 4424 Christi
2103 4380 2436 4437 repugnare,
2467 4374 2520 4420 et
2557 4378 2846 4434 numquam
2889 4378 2918 4416 a
2959 4361 3201 4417 veritatis
3245 4362 3457 4416 tramite

1860 4462 2156 4518 declinare.
2207 4459 2471 4525 Quoniam
2518 4456 2774 4510 Dominus
2811 4464 2867 4509 et
2900 4453 3146 4507 Salvator
3172 4456 3409 4507 omnium
3436 4493 3452 4517 ,

1859 4558 2013 4627 cujus
2043 4554 2175 4609 lides
2200 4563 2314 4617 est,
2346 4552 2432 4622 qui
2468 4566 2564 4618 pro
2592 4549 2745 4604 nobis
2774 4546 2908 4601 mori
2942 4562 3047 4600 non
3075 4545 3368 4609 dubitavit,
3400 4552 3457 4599 et

154 4671 323 4733 tibus,
356 4670 699 4739 euangelizare
727 4668 1093 4738 inuestigabiles
1123 4639 1325 4722 diriiias
1352 4666 1541 4721 Christi
1559 4708 1573 4730 ,
1615 4639 1662 4720 et
1692 4668 1754 4721 il-
1780 4679 1831 4739 ι)
1857 4651 2077 4723 ρτορνίο
2105 4664 2203 4703 “"5
2232 4662 2331 4701 δυο
2359 4644 2587 4739 redemi‘
2617 4643 2911 4739 ³³η8υί¹¹θῙ
2944 4639 3104 4696 ﬁdem
3136 4639 3287 4739 beati“
3310 4639 3456 4694 Ρθηί

155 4767 414 4821 luminare
442 4779 644 4828 omnes,
676 4778 789 4832 qua:
814 4763 879 4815 sit
908 4761 1174 4830 dispositio
1202 4761 1505 4814 sacramenti
1543 4760 1753 4814 abscon-

156 4860 251 4912 diti
282 4875 313 4910 a
344 4857 576 4919 steculis,
609 4858 660 4908 in
691 4855 871 4924 quibus
910 4855 1081 4907 omnia
1110 4855 1295 4906 creauit
1325 4854 1344 4925 (
1372 4853 1590 4923 Ephes.,
1626 4856 1751 4926 111).

156 4952 294 5007 Item
330 4950 476 5019 ipse:
517 4948 618 5016 Qui
644 4957 735 5011 est,
764 4948 858 5011 ait,
887 4948 1054 5017 imago
1081 4947 1173 4999 Dei
1197 4945 1464 4999 invisibilis
1491 4946 1750 5017 (Coloss.,

156 5059 175 5101 ι
198 5044 239 5113 ).
270 5043 337 5097 Et
361 5040 425 5095 :td
450 5040 835 5095 Colosscnses:
863 5038 973 5110 Ego
1003 5037 1202 5093 Paulus
1230 5038 1475 5101 minister,
1503 5039 1591 5109 qui
1619 5053 1755 5091 nunc

157 5137 359 5211 gaudeo
386 5135 438 5189 in
468 5134 789 5203 passionibus
828 5134 950 5186 meis
992 5149 1084 5201 pro
1113 5132 1280 5197 vobis,
1323 5139 1369 5183 et
1398 5130 1610 5201 suppleo
1640 5143 1753 5199 qua:

158 5233 345 5285 desunt
376 5226 759 5282 tribulationum
789 5224 978 5280 Christi
1015 5227 1067 5279 in
1096 5241 1247 5278 carne
1275 5239 1385 5277 mea
1418 5239 1510 5293 pro
1540 5240 1754 5292 corpore

160 5324 302 5394 ejus,
336 5320 471 5392 quod
500 5333 573 5374 est
604 5320 864 5385 Ecclesia,
897 5320 1044 5388 cujus
1074 5322 1237 5389 factus
1264 5334 1378 5373 sum
1408 5334 1498 5389 ego
1527 5318 1753 5372 minister

159 5417 441 5472 secundum
485 5415 907 5485 dispensationem
942 5413 1032 5468 Dei
1062 5415 1113 5469 in
1157 5416 1489 5469 ministerium
1527 5414 1750 5482 Christi,

231 5574 553 5650 (1)7Vid_e_sis
582 5573 763 5629 lthacii
795 5574 928 5650 adv.
952 5573 1295 5650 varimadum
1322 5574 1599 5650 Arianntn,
1632 5589 1750 5650 cap.

160 5645 372 5713 18;19,
426 5646 518 5713 20,
551 5662 845 5717 eorumque
891 5645 1073 5703 titulos
1097 5687 1113 5715 ,
1138 5659 1296 5716 atque
1343 5650 1465 5703 inde
1509 5648 1754 5703 fraudein

160 5735 188 5773 a
230 5735 418 5775 nosce.

193 5738 313 5876 8(ξὲ.)
345 5789 535 5845 ltltacii
566 5803 685 5860 cap.
718 5787 811 5860 20,
843 5806 950 5863 quo
989 5790 1314 5850 mentionem
1347 5789 1462 5846 ﬁeri
1491 5790 1639 5848 vides
1668 5806 1759 5845 su-

163 5878 461 5932 periurum.

200 5879 461 5920 errorum.

1859 4760 1965 4800 non
2008 4741 2339 4798 defecturam
2383 4737 2660 4809 promisit,
2690 4747 2743 4791 et
2767 4733 3088 4789 conlirmare
3114 4749 3237 4788 eum
3265 4734 3457 4788 fratres

1856 4853 1985 4892 suos
2025 4832 2302 4889 admonuit
2341 4850 2354 4886 :
2399 4827 2541 4899 quod
2588 4825 2912 4897 apostolicos
2960 4824 3272 4894 pontiﬁces,
3320 4840 3454 4879 inea!

1857 4926 2160 4997 exiguitatis
2205 4922 2629 4995 pra-decessures
2650 4963 2664 4982 ,
2694 4918 3029 4972 confidenter
3061 4917 3281 4982 fecisse,
3313 4932 3455 4972 sent-

1859 5039 1955 5094 per
1979 5019 2189 5077 cunctis
2218 5028 2300 5073 est
2326 5016 2622 5085 cognitum.
2654 5014 2895 5081 Quorum
2923 5024 2975 5067 et
3004 5012 3271 5082 pttsillitas
3298 5028 3415 5067 mea
3435 5055 3449 5077 ,

1855 5118 1981 5173 licet
2010 5119 2180 5185 impar
2204 5123 2260 5169 et
2286 5111 2525 5175 minima,
2559 5127 2654 5180 pro
2681 5119 2932 5179 suscepto
2954 5117 3132 5165 tamen
3166 5107 3341 5162 divina
3372 5106 3452 5160 di-

1854 5212 2108 5283 gnatione
2148 5207 2480 5270 ministerio,
2529 5204 2815 5275 pedisequa
2858 5205 3006 5275 cupit
3052 5202 3304 5258 existere.
3361 5200 3451 5255 Vm

1857 5308 1997 5362 enim
2027 5304 2181 5358 nobis
2206 5304 2342 5366 erit,
2372 5302 2461 5370 qtti
2489 5300 2648 5369 hujus
2670 5299 2950 5353 ministerii
2978 5313 3114 5352 onus
3141 5303 3446 5364 susceptum

1858 5400 2137 5461 habemus,
2166 5398 2211 5452 si
2242 5398 2520 5452 veritatem
2548 5392 2845 5447 Salvatoris
2874 5391 3040 5445 nostri
3067 5389 3193 5444 Jesu
3223 5385 3455 5453 Cltristi,

1858 5508 2017 5565 quam
2061 5490 2289 5560 apostoli
2334 5486 2803 5559 praedicaverunt,
2852 5482 3143 5552 pra-dicare
3194 5479 3447 5548 neglexe-

1857 5584 2050 5639 ritnus.
2082 5580 2173 5636 Va:
2202 5581 2301 5635 erit
2333 5580 2487 5633 nobis
2507 5619 2522 5640 ,
2556 5580 2598 5631 si
2626 5578 2839 5631 silentio
2867 5576 3143 5628 veritatem
3168 5587 3455 5643 oppresse-

1859 5678 2061 5740 rintus,
2101 5688 2261 5746 quam
2292 5687 2517 5742 erOgare
2548 5667 2916 5724 nutnmulariis
2943 5666 3216 5735 iubemur,
3249 5665 3300 5719 id
3330 5675 3449 5733 est,

1861 5769 2187 5826 christianos
2209 5766 2433 5839 populos
2465 5764 2704 5818 imbuere
2733 5770 2787 5817 et
2807 5760 3021 5815 docere.
3049 5757 3186 5828 Quid
3210 5760 3260 5813 in
3285 5758 3455 5829 ipsius

1862 5861 2044 5917 futuro
2071 5860 2270 5915 Christi
2303 5858 2494 5913 dicturi
2528 5870 2712 5910 smnus
2744 5853 3028 5921 examine,
3061 5854 3106 5908 si
3139 5867 3453 5909 sermonum
