4018 6298
615 273 720 332 153

1373 275 1458 330 DE
1499 272 1770 332 SANCTO
1808 271 2252 338 EUTYCHIANO
2291 273 2470 334 PAPA
2511 271 2786 332 NOTITIA
2830 269 3215 330 HISTORICA.

3811 275 3885 332 iiii

607 391 724 462 ejus
755 391 1032 450 veritatem
1063 389 1440 446 coutndimur
1471 391 1800 468 praedicare?
1829 391 1966 460 Quid
1997 391 2102 446 erit
2129 391 2196 445 de
2224 396 2274 454 Α
2301 405 2403 462 qua
2436 388 2695 460 potestis,
2733 403 2829 458 pro
2859 388 3066 444 viribus
3092 389 3396 460 extirpetis.
3429 388 3700 458 Quoniam
3729 401 3786 444 iit
3813 390 3884 446 lia-

609 484 767 538 nobis
787 525 801 548 ,
831 499 950 538 cum
979 482 1048 538 de
1072 483 1376 544 commissis
1407 483 1566 548 nobis
1596 485 1876 542 animabus
1897 527 1912 550 ,
1942 494 1994 540 et
2024 486 2092 540 de
2122 485 2206 540 of-

610 575 734 633 ﬁcio
775 587 1025 648 suscepto
1066 579 1332 632 rationem
1371 578 1548 649 justus
1584 577 1750 653 judex
1779 578 2028 634 Christus
2063 581 2206 636 Deus

607 681 792 725 noster
809 669 1104 723 districtam
1131 672 1366 740 exegerit
1400 670 1442 743 (Ι
1463 670 1575 725 Cor.
1590 716 1605 738 ,
1629 688 1712 736 ix;
1735 672 2019 733 S..ilattli..
2039 671 2208 742 xxv)?

607 760 754 826 Ideo,
780 759 996 826 fratres,
1019 760 1207 815 liortnr
1223 761 1568 818 dilectionem
1601 775 1832 818 vestram
1864 765 1950 835 (S.
1972 765 2096 820 Leo.
2121 783 2204 835 ep.

604 853 722 907 adv.
760 852 1132 924 Manichacus),
1165 854 1407 932 obtestor
1434 864 1488 910 et
1516 871 1730 924 maneo,
1767 867 1822 910 ut
1851 873 1953 930 qua
1986 857 2207 926 potestis

603 956 658 1001 et
696 945 944 1017 debetis,
988 947 1358 1004 sollicitudine
1401 949 1662 1020 vigitetis,
1696 951 1760 1004 ad
1807 950 2206 1022 investigandos

606 1036 915 1105 haereticos,
938 1049 992 1094 et
1020 1039 1268 1095 inimicos
1295 1055 1494 1097 sanetae
1521 1042 1610 1096 Dei
1639 1044 1904 1107 ecclesiae,
1929 1054 1984 1098 et
2007 1060 2035 1098 a
2063 1043 2206 1098 sanis

607 1133 898 1204 mentibus,
933 1149 1000 1190 ne
1026 1135 1196 1216 pestis
1225 1135 1341 1192 haec
1370 1136 1532 1200 latius
1559 1137 1882 1210 divulgetur,
1917 1138 2206 1194 severitate

2318 485 2467 540 bebit
2504 501 2534 538 a
2577 485 2686 538 Deo
2724 483 2901 554 digna:
2942 483 3398 538 remunerationis
3452 483 3743 554 praemium
3770 529 3784 550 ,
3822 488 3886 556 qui

2313 577 2662 646 diligentius,
2705 575 2847 647 quod
2887 575 2954 632 ad
2994 576 3225 632 salutem
3263 577 3570 632 commissa:
3615 577 3720 632 sibi
3751 579 3890 648 plebis

2318 669 2598 738 proﬁciat,
2644 667 2805 722 fui-rit
2843 679 3138 724 executus:
3174 668 3244 722 ita
3275 678 3400 732 ante
3433 667 3675 722 tribunal
3711 667 3890 725 Domini

2313 763 2381 817 de
2424 771 2575 814 reatu
2623 760 2964 831 negligentia:
2995 775 3054 814 se
3086 775 3193 814 non
3226 759 3425 836 poterit
3463 775 3761 827 excusare,
3798 762 3889 832 qni-

2311 870 2543 954 cinoque
2579 853 2792 926 plebem
2827 868 2976 908 suam
3010 863 3197 908 contra
3229 854 3508 924 sacrilega:
3550 855 3892 926 persuasionis

2311 947 2566 1002 a'uelores
2608 947 2846 1002 noluerit
2885 948 3180 1003 custodire.
3227 948 3354 1004 Data
3401 947 3570 1002 Neiiis
3607 947 3890 1014 Februarii,
3964 947 3965 984 ῖ

2309 1039 2537 1095 Claudio
2567 1049 2619 1094 et
2648 1039 2881 1093 Paterno
2911 1041 3042 1094 viris
3067 1042 3384 1098 clarissimis
3413 1041 3738 1100 consulibus
3765 1041 3884 1114 (269

2309 1136 2552 1194 nonduin
2594 1135 2769 1192 electo
2802 1133 3050 1206 Felice).

1935 1273 2275 1332 EPISTULA
2305 1273 2372 1330 iv
2411 1274 2520 1346 (l).

1514 1434 1582 1474 Αι)
1613 1433 1857 1476 MAXIMUM
1889 1434 2174 1476 EPISCOPUI
2204 1434 2272 1474 ET
2301 1433 2558 1475 CLEBICOS
2587 1425 2612 1454 ⁸
2645 1431 3027 1477 Αιειιιθιωιιε.

1561 1551 1636 1606 De
1665 1551 1854 1608 Christi
1883 1553 2150 1608 divinitate
2179 1562 2226 1608 et
2257 1551 2576 1608 humanitate
2603 1549 2967 1623 fragmentum.

681 1709 759 1772 De
799 1711 1168 1772 incarnatione
1219 1725 1351 1768 vero
1385 1710 1549 1768 Verbi
1589 1723 1643 1768 et
1685 1711 1790 1770 ﬁde
1830 1713 2100 1770 credimus
2149 1713 2202 1768 in

606 1805 893 1866 Dominum
918 1815 1160 1864 uestrum
1189 1805 1374 1862 Jesum
1403 1807 1679 1862 Christum
1709 1824 1771 1863 ex
1799 1808 1958 1864 Maria
1983 1809 2204 1876 Virgine

2381 1717 2496 1790 Περὶ
2530 1709 2610 1786 (2)
2640 1712 2694 1768 δὲ
2711 1723 2802 1774 τῆς·
2820 1717 3131 1790 σαρκώσεως
3157 1718 3248 1770 τοῦ
3268 1715 3434 1787 Λὸγου
3455 1716 3660 1774 καὶτῆς
3681 1716 3889 1778 πίστεως.

2310 1809 2617 1878 πιστεύομεν
2649 1809 2718 1866 εἰς
2752 1807 2839 1860 τὸν
2870 1807 3049 1880 Κύριον
3081 1807 3219 1876 ἡμῶν
3248 1803 3440 1862 Ἰησοῦν
3469 1807 3720 1879 Χριστὸν.
3759 1809 3833 1862 τὸν
3856 1809 3893 1862 ἐι

607 1911 815 1964 natum,
849 1900 1104 1971 quoniam
1151 1901 1264 1971 ipse
1311 1910 1393 1954 est
1430 1910 1667 1956 internus
1711 1902 1801 1958 Dei
1847 1902 2059 1960 Filius:
2093 1902 2203 1957 Nec

2321 1909 2400 1960 τῆς
2431 1902 2678 1972 παρθένου
2707 1903 2903 1974 Μαρίας
2929 1902 3193 1974 γενηθέντα
3215 1940 3226 1960 .
3289 1896 3367 1958 ὅτι
3411 1901 3570 1961 αὐτὸς
3613 1903 3751 1956 ἐστιν
3777 1899 3800 1955 ὁ
3822 1907 3892 1954 τοῦ

607 1994 752 2052 enim
797 1992 1070 2048 hominem
1109 1994 1402 2064 assumpsit
1445 1994 1535 2048 Dei
1569 1994 1776 2058 Filius,
1813 2005 1867 2048 ut
1898 2004 2042 2050 esset
2072 1996 2208 2050 alter

609 2096 804 2160 prmter
843 2087 1054 2160 ipsum:
1097 2087 1192 2143 sed
1239 2089 1376 2142 Deus
1417 2090 1658 2143 existens
1700 2089 2000 2160 perfectus,
2035 2088 2208 2144 factus

611 2191 696 2244 est
721 2181 879 2242 simul
912 2189 967 2238 et
997 2181 1161 2240 homo
1201 2181 1493 2256 perfectus,
1527 2182 1835 2241 incarnatus
1869 2198 1934 2240 ex
1966 2182 2204 2253 Virgine.

684 2493 766 2566 (1)
803 2493 1010 2566 kllujus
1039 2494 1282 2563 epistolae
1328 2494 1680 2566 fragmentum
1745 2501 1892 2549 extat
1962 2493 2012 2566 in
2049 2507 2211 2566 Acon-

613 2561 758 2634 cili—0'
788 2561 1233 2627 Clinlcedoneiisi,
1283 2561 1492 2622 actiu'ne
1535 2567 1724 2634 prima,
1767 2575 1821 2620 et
1849 2565 1988 2632 apud
2037 2561 2211 2633 Cyril-

613 2635 722 2694 lum
752 2637 935 2722 inusua
986 2638 1264 2722 Apologia.
1315 2637 1648 2722 Diictissiiiiis
1705 2637 2022 2722 quibusdam
2082 2637 2208 2689 viris

612 2709 958 2774 auctoribus,
1001 2705 1048 2761 a‘
1091 2708 1266 2764 Felice
1315 2705 1359 2762 ll
1408 2711 1660 2778 scriptam
1715 2705 1879 2762 fuisse
1929 2710 2208 2761 existnna-

613 2787 724 2834 tum
749 2789 860 2841 est,
888 2781 984 2834 hac
1010 2780 1076 2834 de
1101 2795 1262 2835 causa
1282 2821 1294 2840 ,
1323 2780 1466 2850 quod
1497 2781 1805 2845 praedictum
1837 2779 2194 2850 fragmentum

613 2851 899 2921 utrobique
943 2861 1062 2920 post
1100 2848 1381 2921 epistolam
1412 2853 1536 2906 .liilii
1571 2867 1720 2922 pap:c
1773 2860 2058 2905 attexatur.
2097 2848 2205 2922 Ye-

614 2938 732 2995 runi
763 2934 1136 2992 argumentum
1162 2933 1216 2977 et
1257 2923 1440 2995 titulus
1461 2921 1704 2995 epistnln-
1731 2939 1848 2977 eam
1885 2921 2205 2995 sententiain

615 2993 920 3066 ﬁrmissime
945 2995 1214 3066 refellunt.
1260 2994 1390 3048 Nam
1421 2999 1463 3049 si
1491 2993 1748 3066 Scriptum
1776 3003 1886 3057 cst,
1915 2993 2056 3064 quod
2089 2995 2210 3046 titu-

613 3065 698 3119 lus
724 3065 953 3128 iodicat,
984 3066 1050 3120 ad
1086 3065 1372 3120 Maximum
1404 3065 1824 3120 Alexandrinuun
1857 3068 2169 3134 episeopinii
2191 3106 2206 3127 ,

614 3136 854 3209 Dionysii
901 3153 1306 3204 succesmrem,
1358 3153 1462 3192 ncii
1503 3136 1804 3201 secundus,
1853 3136 1948 3191 sed
2003 3138 2209 3203 primus

612 3207 770 3280 felix
807 3223 922 3264 eam
967 3213 1248 3278 scripsisse
1295 3211 1494 3280 potuit:
1532 3211 1731 3280 eodem
1774 3210 1918 3262 enim
1965 3217 2210 3280 tempore

613 3278 762 3352 Felix
798 3280 1032 3352 Diony~ii
1063 3280 1269 3336 romani
1298 3278 1575 3352 pontificis
1607 3295 1908 3352 successor.
1945 3278 2209 3352 universa:

617 3351 869 3406 Ecclesiic
897 3348 1166 3422 pra-sedit,
1191 3348 1583 3422 qnoMzixiiniis
1606 3361 1728 3417 post
1752 3350 2062 3422 Dionysium
2088 3348 2209 3422 Ale-

613 3419 1176 3477 xandrinie'Ecelesne
1207 3419 1438 3490 praefuit.
1467 3421 1694 3474 Occasio
1720 3419 2020 3474 scribendze
2051 3419 2210 3484 hujus

615 3493 856 3562 epistolae
881 3493 996 3548 ba-c
1015 3504 1127 3549 est:
1153 3493 1286 3548 Cum
1307 3508 1336 3546 a
1360 3492 1528 3548 Paulo
1553 3493 1907 3548 Samosateno
1930 3491 2209 3562 catholica:

613 3560 825 3620 veritati
860 3579 1048 3617 recens
1080 3563 1275 3618 vulnus
1307 3563 1566 3620 inﬂictum
1599 3573 1776 3628 esset,
1808 3573 1864 3617 et
1892 3562 2112 3616 cicatrix
2141 3560 2209 3614 de

614 3651 800 3690 errare
839 3635 1055 3690 Saliellii
1099 3635 1340 3688 nondum
1371 3633 1605 3689 obducta
1641 3637 1849 3697 fuisset,
1893 3633 2040 3688 Felix
2071 3647 2208 3701 pna-

617 3706 742 3760 tifex
775 3708 840 3760 de
880 3705 996 3760 Filii
1043 3707 1135 3761 Dei
1167 3706 1477 3771 divinitate,
1511 3722 1574 3760 ac
1605 3708 1806 3775 pariter
1837 3706 2202 3770 humanitate,

617 3777 930 3846 naturisipie
982 3777 1188 3835 duabus
1241 3779 1293 3832 in
1350 3795 1452 3839 una
1511 3793 1739 3844 persona
1793 3778 2094 3842 distinctis,
2149 3776 2216 3828 ad

616 3849 904 3920 Maximum
948 3849 1370 3920 Alexandiinum
1413 3849 1721 3920 epist-opum
1763 3847 1900 3902 lianc
1937 3847 2220 3915 epi~tolam

617 3919 862 3988 scripsit,
895 3929 952 3974 ut
979 3919 1174 3975 bellum
1206 3921 1466 3974 advi-rsus
1493 3919 1786 3976 Sabelliuni
1817 3931 1871 3974 et
1909 3921 2216 3974 StlltttiSule-

625 4007 754 4044 num
793 4006 822 4045 a
865 3991 1078 4064 duobus
1122 3993 1389 4064 Dionysiis
1421 3993 1611 4048 horiiiii
1645 3991 2078 4046 antecessoribus
2107 4004 2222 4042 cte-

523 4121 528 4129 ,
619 4071 794 4134 ptum,
817 4063 1092 4131 utriusque
1117 4063 1458 4120 successores
1484 4065 1802 4119 ardentibus
1817 4064 2013 4118 animis
2033 4076 2216 4134 prose-

618 4133 932 4203 Querentur.
962 4134 1196 4194 Proinde
1227 4137 1328 4190 hac
1355 4137 1581 4203 cpistola
1613 4137 1759 4190 velut
1789 4135 2006 4203 ancipiti
2039 4133 2216 4202 gladio

620 4214 899 4276 utramque
929 4207 1175 4262 haeresim
1207 4223 1312 4262 uno
1341 4208 1449 4261 ictu
1479 4206 1750 4272 confodit;
1789 4217 1846 4261 ut
1887 4207 2012 4259 dum
2054 4213 2212 4258 natu-

685 4415 711 4445 ⁸
747 4413 942 4466 Clerum
969 4412 1116 4465 Labb.

2309 2001 2437 2049 Θεοῦ
2468 1993 2626 2055 didm;
2654 1989 2785 2055 Υἱὸςί
2821 1997 2906 2047 καὶ
2935 1994 3114 2066 Λόγος,
3153 1997 3241 2046 καὶ
3269 1995 3354 2046 οὐκ
3381 1989 3648 2068 ἆνῦρωπος
3677 1994 3777 2046 ὑπό
3793 1999 3892 2046 Θισῦ

2310 2087 2617 2157 ἀναληφθεὶς,
2647 2085 2708 2139 ἶν’
2733 2087 2906 2159 ἕτερος
2935 2083 3109 2162 ᾖπαρ’
3137 2087 3341 2140 ἐκεῖνον.
3367 2084 3498 2140 Οὐδὲ
3532 2090 3638 2164 γὰρ
3666 2083 3891 2158 ἄνθρωπον

2311 2177 2546 2232 ἀνέλαϐεν
2572 2177 2596 2232 ὁ
2619 2185 2708 2233 τοῦ
2741 2185 2870 2233 Θεοῦ
2901 2180 3036 2242 Υὶὸς,
3063 2179 3124 2232 ἶν’
3152 2175 3182 2255 ᾖ
3210 2179 3382 2254 ἔτερος
3409 2179 3534 2253 παρ’
3558 2181 3738 2234 αὐτὸν·
3761 2179 3889 2240 ἀλλὰ,

2313 2270 2433 2330 Θεὸς
2452 2268 2516 2324 ὢν
2532 2270 2736 2331 τέλειος,
2757 2273 2954 2345 γέγονεν
2977 2270 3087 2344 ἅμα
3102 2275 3191 2326 καὶ
3208 2271 3392 2332 τέλειος
3414 2267 3701 2346 ἄνθρωπος,
3716 2291 3885 2345 σαρκω-

2311 2365 2409 2422 θεὶς
2439 2363 2494 2416 ἐκ
2525 2364 2801 2438 παρθένου.

2316 2511 2432 2569 ram
2461 2497 2697 2552 divinam
2727 2498 2779 2552 in
2805 2497 3020 2552 Christo
3049 2497 3370 2554 humanitati
3415 2499 3664 2569 ejusdem
3696 2499 3885 2555 indivise

2315 2568 2656 2637 conjunctain
2679 2571 2934 2634 ostendit,
2963 2569 3112 2626 Pauli
3143 2573 3388 2626 lizeresim
3407 2568 3764 2628 condemnet:
3788 2571 3885 2626 dunt

2314 2654 2444 2696 vero
2467 2639 2752 2694 humanam
2785 2643 2836 2694 iii
2867 2643 3058 2696 eodeni
3087 2643 3304 2696 Christo
3326 2659 3354 2696 a
3386 2654 3573 2696 natura
3608 2645 3780 2698 divina
3805 2644 3887 2696 dis-

2316 2711 2536 2766 tinctam
2566 2728 2707 2778 esse,
2739 2722 2791 2765 et
2821 2713 3016 2766 divina:
3043 2714 3360 2766 substantia'
3389 2713 3440 2768 in
3473 2717 3648 2768 tribus
3677 2713 3884 2784 personis

2314 2784 2712 2837 SllihiSlelliiilm
2740 2785 3092 2849 demonstrat,
3125 2786 3414 2840 Sabelliuni
3456 2783 3724 2842 confutet.
3765 2783 3884 2853 Quod

2312 2864 2490 2930 autem
2539 2853 3056 2930 iannlcedonensi
3101 2859 3431 2930 concilio,et
3470 2860 3617 2928 apud
3659 2857 3881 2930 Cyrillum

2313 2925 2583 2999 priedii-tis
2608 2927 2736 2999 locis
2761 2937 2878 2998 post
2900 2926 3027 2985 Julii
3057 2929 3340 2996 epistolam
3367 2925 3739 2990 recensentur,
3763 2943 3818 2982 ex
3836 2942 3885 2981 eo

2312 2997 2528 3072 accidit,
2548 2997 2700 3072 _t|itud
2725 2997 2774 3051 in
2802 2999 2884 3053 liis
2916 3000 3262 3072 recensendis
3294 3001 3507 3072 nullani
3531 3002 3788 3072 teiiiporis
3813 3014 3882 3072 ra-

2317 3070 2514 3122 tionein
2547 3069 2878 3124 habuissent.
2915 3069 3227 3124 Vincentius
3267 3081 3444 3124 autem
3488 3067 3786 3126 Lirinensis
3810 3067 3882 3122 ad-

2315 3154 2502 3212 versus
2534 3142 2790 3204 Iltl.‘l‘eSL‘S,
2821 3156 2941 3209 inp.
2974 3141 3044 3196 42
3066 3184 3078 3196 .
3129 3142 3292 3206 prolie
3320 3143 3631 3212 intelligens
3675 3155 3882 3210 tempore

2314 3209 2510 3264 Felicis
2549 3212 2770 3266 secundi
2815 3213 3033 3267 nullum.
3063 3213 3440 3273 Alexandriam
3474 3209 3736 3271 Ecclesia:
3775 3209 3882 3280 pric-

2316 3281 2480 3336 fuisse
2510 3283 2820 3350 episcopum
2840 3327 2854 3346 ,
2887 3285 3106 3338 iinniine
3137 3283 3456 3351 Maximum,
3497 3287 3683 3346 habita
3713 3285 3884 3339 ratione

2316 3355 2604 3421 temporis,
2639 3357 2810 3422 primo
2840 3357 2958 3409 loco
2984 3355 3247 3419 Felicem,
3279 3357 3475 3411 deinde
3506 3357 3710 3412 Jiilium
3741 3354 3882 3409 iionii-

2315 3433 2430 3499 nat.
2464 3423 2626 3499 Addit
2659 3427 2798 3480 idem
2831 3426 3146 3499 Vincentius
3179 3431 3316 3482 bane
3346 3427 3592 3484 eamdem
3631 3425 3883 3499 epistolain

2312 3495 2510 3569 Felicis
2542 3512 2689 3564 papin
2713 3509 2768 3552 et
2794 3494 3044 3569 martyris
3073 3500 3212 3556 inter
3247 3499 3348 3554 alia
3377 3509 3588 3569 patrem
3616 3494 3882 3556 testimonia

2323 3568 2374 3620 in
2423 3569 2654 3620 concilio
2702 3568 2976 3635 Eplicsiiio
3029 3570 3219 3623 IBI‘IMII
3266 3568 3431 3623 fuisse
3479 3569 3658 3635 (Vide
3699 3571 3880 3626 Barca,

2323 3652 2466 3711 anno
2485 3639 2682 3711 Christi
3157 3641 3224 3695 12

2396 3708 2480 3779 (2)
2505 3709 2750 3765 Graecum
2779 3721 2980 3767 textum
3004 3713 3319 3766 exhibemus
3351 3707 3650 3770 exacnone
3673 3707 3880 3770 iconcilii
3964 3741 3965 3780 ξ

2325 3779 2617 3856 Epltesini,
2654 3782 2706 3836 in
2739 3798 2838 3856 qua
2875 3784 3008 3836 lecta
3041 3796 3163 3837 sunt
3199 3799 3227 3838 a
3265 3785 3420 3840 l’cti'o
3448 3788 3756 3856 presbytero
3782 3780 3880 3856 Δις·

2325 3853 2562 3906 xandriai
2587 3864 2634 3906 et
2673 3851 2980 3922 primicerio
3004 3857 3336 3909 notariorum
3382 3851 3582 3912 selecto
3612 3851 3678 3912 ex
3718 3851 3882 3908 Sanctis

2327 3922 2574 3976 l'atribiis
2607 3925 2908 3979 testimonia
2935 3927 3001 3979 de
3024 3926 3397 3982 lncarnaiione
3430 3929 3488 3980 l).
3513 3927 3576 3982 N.
3602 3928 3653 3984 .l.
3677 3927 3736 3982 (Ζ.
3759 3933 3882 3991 atque

2326 4010 2396 4048 ex
2442 3999 2617 4064 capite
2648 4012 2685 4050 ll
2727 3999 2894 4065 partis
2936 4013 2992 4052 iii
3031 3998 3272 4063 ejusdem
3303 3999 3549 4063 concilii,
3583 4001 3696 4054 sive
3722 3993 3882 4065 Ανοβοο

2319 4063 2811 4142 εριίιοοδηβγιίίιιι
2840 4067 3192 4124 Alexandrini
3235 4071 3553 4139 patriarcha:
3589 4063 3880 4142 proiduode-

2319 4137 2423 4194 cini
2453 4137 2719 4212 capitibus
2751 4141 3010 4196 adversus
3037 4137 3328 4206 orientales
3355 4137 3661 4216 episcopos.
3692 4141 3834 4197 Lana.

1852 4315 2236 4378 LEUTIUNES
2275 4315 2438 4374 VARI
2448 4317 2686 4375 ANTES.

617 4513 3860 4546 mw

807 4619 1048 4734 DE
1121 4615 1840 4734 διιπετο
1915 4613 3132 4734 Επτγεπιωπο
3204 4615 3732 4732 ΡΔΡΔ

1901 4810 2178 4870 NOTITIA
2220 4809 2616 4868 ﬂlSTURlCA.

693 4949 1048 5026 Eutychianus
1102 4952 1370 5006 ordinatur
1420 4969 1559 5025 papa
1598 4951 1681 5006 die
1725 4967 1756 5006 v
1797 4951 2033 5023 januarii
2084 4950 2212 5018 275,
2243 4950 2513 5012 Ddiebus
2559 4949 2750 5016 tribus,
2807 4963 2949 5004 anno
2983 4947 3112 5014 285,
3161 4963 3236 5004 vn
3279 4947 3398 5004 idus
3441 4946 3739 5004 decembris
3777 4935 3878 4998 satis

620 5060 850 5104 momnis
881 5064 1002 5101 ann.
1033 5047 1161 5102 285.
1192 5077 1263 5085 —
1283 5045 1652 5118 Etitycliianns
1674 5046 1860 5100 Marini
1890 5062 1982 5100 seu
2007 5044 2220 5100 Martini

621 5143 786 5208 ﬁlius,
807 5142 1080 5204 Etruscus,
1108 5140 1274 5210 patria
1292 5137 1576 5206 Lunensis,
1605 5138 1806 5193 ultimis
1831 5139 1956 5192 anni
1980 5137 2086 5192 274
2108 5137 2222 5192 die-

621 5237 744 5302 bus,
775 5235 858 5290 vel
907 5234 1096 5305 primis
1120 5234 1392 5302 sequentis
1415 5233 1540 5286 anni
1569 5233 1696 5296 9.75,
1732 5233 1896 5288 Felici
1939 5234 2220 5298 successit;

622 5329 708 5384 die
736 5329 922 5398 quinta
945 5325 1176 5395 januarii
1207 5323 1487 5379 ordinatus
1515 5325 1610 5379 fuit
1642 5324 1773 5380 feria
1803 5327 1982 5392 tertia,
2013 5340 2132 5394 qua)
2157 5340 2224 5379 eo

623 5439 766 5480 anno
794 5438 916 5480 cum
955 5421 1043 5476 die
1073 5419 1256 5491 quinta
1295 5420 1526 5488 januarii
1555 5419 1826 5475 concurrit
1859 5417 1963 5492 (l).
2004 5415 2228 5472 Praefuit

627 5517 884 5572 Ecclesiae
939 5505 1182 5571 romame
1232 5513 1389 5569 annis
1433 5523 1575 5578 octo,
1628 5513 1908 5567 mensibus
1953 5510 2224 5576 undecim,

702 5648 782 5720 (ι)
825 5651 1049 5720 Pagius,
1097 5650 1151 5706 in
1191 5647 1394 5714 Critic.,
1443 5647 1524 5720 ad
1552 5663 1756 5720 annum
1783 5645 1889 5701 274
1925 5645 2230 5720 :_Baronius

630 5714 772 5796 (ἐπῇ
798 5714 940 5775 nimi.
977 5737 1032 5788 v,
1062 5733 1115 5776 et
1149 5721 1224 5796 ad
1255 5736 1454 5776 annum
1499 5718 1806 5796 235,191“).
1828 5714 2224 5796 ιιιςϐοιιςιιιιηι.ἓ

639 5793 811 5863 Epist.
847 5808 982 5848 rom.
1015 5787 1229 5862 pontiﬁ,
1265 5803 1397 5848 toni.
1429 5808 1468 5860 ι,
1494 5803 1614 5860 pag.
1637 5787 1764 5844 9.98.

2327 5043 2572 5110 functus,
2600 5043 2732 5097 utin
2763 5040 3020 5114 Catalogo
3067 5042 3408 5098 Bucheriano
3436 5043 3631 5114 legitur
3669 5039 3752 5097 :A
3786 5047 3879 5088 can-

2327 5139 2496 5192 snlatu
2567 5136 2831 5190 Aureliani
2885 5135 2949 5190 Ill
2999 5145 3046 5189 et
3095 5134 3419 5201 Marcellini,
3481 5136 3551 5190 ad
3603 5129 3876 5191 consulatum

2327 5231 2448 5287 Cari
2481 5229 2524 5285 ll
2559 5241 2604 5284 et
2633 5229 2838 5296 Carini,
2872 5230 2925 5284 id
2970 5239 3074 5297 est,
3104 5245 3134 5285 a
3172 5229 3260 5285 die
3304 5232 3490 5301 quinta
3527 5227 3745 5300 januarii
3782 5214 3876 5276 anni

2328 5323 2457 5388 275,
2485 5321 2552 5377 ad
2582 5323 2722 5377 diem
2755 5325 3034 5393 septimam
3066 5323 3368 5379 decembris
3395 5325 3520 5378 anni
3565 5325 3670 5382 285
3713 5317 3786 5374 vel
3811 5324 3877 5366 σε·

2333 5424 2533 5481 tavam,
2565 5430 2668 5484 qua
2698 5414 2786 5470 die
2813 5416 2866 5470 in
2898 5415 3136 5470 indiculo
3164 5416 3519 5488 depositionis
3547 5415 3876 5486 episcoporum

2331 5510 2652 5582 Eiitycliiani
2705 5527 2902 5566 nomen
2963 5513 3158 5584 legitur
3210 5531 3223 5566 :
3273 5512 3429 5568 Sexto
3480 5513 3596 5566 idus
3651 5497 3878 5567 decem!!!“

2333 5601 2644 5674 Eutychiani
2673 5605 2725 5658 in
2768 5603 3004 5672 Callisti,
3037 5621 3230 5676 nempe
3273 5606 3324 5660 iii
3357 5606 3668 5661 caemeterio
3689 5587 3874 5656 Callisti-

2333 5695 2511 5763 Qnare
2531 5695 2880 5766 corrigendos
2902 5697 3188 5764 Eusebius,
3215 5698 3302 5768 qui
3324 5697 3510 5754 decem
3537 5706 3730 5752 tantum
3755 5697 3872 5743 meti-

2336 5790 2485 5846 sibus
2531 5802 2813 5846 romanum
2859 5789 3230 5862 pontiﬁcatum
3261 5790 3654 5862 Eutycbiannm
3682 5777 3874 5842 tenuisse

3963 5715 3965 5752 l

3963 5763 3965 5814 4
