4018 6322
144 333 252 389 157

1130 327 1221 389 DE
1267 278 1605 383 Ducarius
1642 278 2080 385 EUTYCIIIANO
2116 322 2533 382 ADSCRIPTIS.

3330 323 3435 381 158

140 444 338 501 scribit
366 461 381 498 ε
411 452 467 499 et
496 444 577 499 uti
622 450 844 499 annotat
894 440 1166 501 Valesius,
1197 453 1368 493 annos
1412 448 1555 503 octo,
1601 452 1736 508 quos
1762 441 1814 502 Α
1843 437 1928 491 hic
1949 445 2165 492 sanctus
2200 436 2439 507 pontifex
2470 437 2539 491 ob
2565 436 2890 507 singularem
2930 450 3047 491 eam
3080 435 3391 507 religionem
3415 475 3433 505 ,

140 536 302 593 Sixto
327 546 570 601 auxerat,
619 534 954 605 Eutychiano
1000 531 1249 588 detraxit.
1282 530 1514 601 Turpius
1562 529 1738 584 adlmc

144 625 354 684 erravit
372 635 566 682 auctor
592 626 923 682 Pontiticalis
951 624 1179 679 Damaso
1208 622 1484 694 adscripti,
1513 622 1600 691 qui
1627 621 1736 675 Eu-

139 720 386 794 tychiani
417 720 785 791 pontificatum
816 734 844 772 a
870 718 1151 774 consulatu
1174 715 1443 771 Aureliani
1474 717 1652 781 tertio,
1687 723 1740 768 et

141 815 446 871 Marcellini
472 815 536 868 ad
563 813 756 870 Carum
785 814 831 869 ll
857 823 911 870 et
941 813 1190 867 Cariuum
1220 812 1479 875 extendit;
1512 826 1739 863 annum-

140 924 255 980 que
286 923 475 975 unum,
510 922 751 962 mensem
782 921 945 960 unum
972 951 985 974 ,
1029 905 1170 960 diem
1200 920 1361 959 unum
1392 904 1594 959 sedisse
1616 918 1738 973 pro-

118 996 247 1056 'dit.

216 1094 298 1151 De
323 1094 726 1147 manichcorum
747 1092 928 1147 hwresi
953 1101 1001 1146 et
1030 1091 1253 1146 Manete.
1279 1123 1348 1130 -—
1379 1090 1492 1146 Sub
1521 1089 1738 1160 pontiﬁ-

136 1197 271 1244 catu
312 1185 633 1257 Eutycbiani
684 1187 865 1239 insana
920 1185 1331 1239 Manichmorum
1380 1183 1635 1249 hzcresis,
1684 1183 1735 1237 in

137 1294 430 1335 commune
463 1277 679 1332 humani
706 1278 918 1349 generis
938 1277 1136 1332 malum
1165 1287 1349 1332 exorta
1384 1287 1464 1332 est
1487 1276 1587 1350 (t);
1617 1292 1736 1347 quae

137 1382 264 1426 utut
294 1386 400 1426 non
428 1373 605 1425 minus
636 1371 852 1425 infamis
880 1382 935 1427 et
975 1371 1195 1426 ridicula
1227 1371 1345 1436 fuit,
1378 1372 1518 1425 inter
1547 1386 1735 1427 omnes

136 1476 328 1521 tamen
380 1466 634 1532 haereses,
663 1481 783 1535 qua:
816 1467 984 1521 tribus
1029 1467 1213 1537 primis
1244 1466 1496 1522 Ecclesiae
1522 1468 1737 1522 saeculis

136 1557 454 1614 extulerunt
498 1567 678 1629 caput,
728 1558 1078 1615 celeberrima
1107 1561 1297 1625 evasit,
1347 1562 1505 1630 inque
1549 1560 1733 1614 urbem

133 1661 410 1706 terrarum
464 1651 723 1707 latissime
769 1664 1008 1724 grassata
1060 1663 1161 1709 est.
1221 1653 1536 1725 Coriphmus
1578 1653 1737 1724 hujus

133 1753 306 1799 sectae
354 1742 457 1799 fuit
507 1745 833 1817 mancipium
890 1747 1106 1802 natione
1154 1746 1339 1811 Persa,
1394 1748 1483 1817 qui
1538 1764 1732 1805 nomen

133 1852 297 1891 suum
322 1835 596 1892 Cubricum
624 1837 675 1892 in
707 1837 836 1893 illud
864 1838 1086 1894 Manetis
1102 1855 1198 1896 seu
1220 1839 1496 1895 Manichwi
1516 1856 1733 1912 permu-

134 1932 294 1996 tavit;
348 1932 544 1985 missus
586 1931 637 1985 in
670 1946 941 1987 carcerem
983 1933 1052 1987 ob
1101 1934 1453 1989 acceleratam
1505 1944 1730 1988 mortem

136 2021 249 2079 lilio
276 2019 601 2089 Varanauis,
624 2023 907 2079 Persarum
931 2027 1092 2095 regis,
1119 2042 1277 2091 quem
1313 2043 1404 2097 per
1436 2029 1732 2084 orationem

135 2130 195 2169 se
222 2124 538 2171 curaturum
552 2118 933 2188 spoponderat;
952 2119 1074 2174 inde
1092 2118 1212 2191 iuga
1243 2121 1477 2190 elapsus,
1497 2122 1735 2177 iulileso-

139 2207 438 2277 potamiam
462 2208 630 2273 venit,
658 2208 836 2279 ibique
862 2225 1074 2267 errores
1100 2212 1413 2283 somniaque
1436 2229 1527 2267 sua
1557 2213 1731 2270 disse-

137 2299 369 2355 minavit
389 2299 533 2354 circa
562 2316 759 2355 annum
786 2302 911 2356 277.
942 2304 1024 2358 Ab
1047 2305 1308 2360 Archelao
1337 2308 1735 2377 sapientissimo

138 2391 549 2463 Mesopotamia:
575 2394 985 2465 archiepiscopo
1013 2395 1209 2452 habitis
1248 2399 1298 2452 in
1330 2402 1568 2455 omnium
1604 2417 1731 2457 con-

136 2494 301 2540 ventu
329 2484 781 2555 disputationibus
811 2504 915 2541 non
944 2489 1115 2543 semel
1147 2500 1430 2560 superatus
1465 2502 1565 2547 est.
1598 2493 1733 2550 Hinc

136 2580 336 2634 iterum
365 2578 417 2633 in
461 2578 702 2634 Persiam
733 2580 945 2635 rediens
966 2596 995 2635 a
1023 2582 1345 2638 satellitibus
1375 2584 1551 2640 Persis
1579 2587 1731 2642 dete-

135 2682 274 2737 ctus,
306 2671 762 2741 comprehensus,
796 2682 850 2727 et
875 2673 940 2728 ad
970 2689 1148 2746 regem
1177 2676 1435 2731 adductus
1468 2678 1583 2743 fuit,
1615 2680 1727 2751 qui,

136 2766 460 2838 exprobrata
488 2765 683 2821 Maneti
715 2777 768 2821 ct
793 2768 881 2821 lilii
911 2768 1074 2832 ccede,
1109 2778 1269 2839 atque
1308 2770 1427 2841 fuga
1458 2787 1487 2826 e
1514 2787 1732 2832 carcere

135 2876 194 2914 ac
215 2861 452 2916 vinculis
468 2903 483 2927 ,
519 2861 786 2916 excoriari
804 2877 923 2917 eum
943 2864 1058 2933 lege
1080 2865 1290 2920 Persica
1310 2883 1436 2919 ann.
1455 2866 1562 2922 278
1587 2883 1734 2923 man-

134 2953 307 3019 davit,
344 2969 407 3009 ac
434 2955 698 3025 reliquum
726 2970 922 3025 corpus
944 2956 1129 3012 bestiis
1153 2958 1517 3013 devorandum
1552 2961 1687 3015 tradi
1714 2979 1727 3014 :

132 3058 311 3101 cutem
344 3061 495 3112 vero,
522 3062 622 3116 qua
646 3055 791 3102 tanta
826 3048 968 3102 illius
992 3048 1303 3119 improbitas
1329 3052 1727 3121 continebatur,

134 3148 409 3211 tamquam
431 3151 602 3194 utrem
632 3152 758 3195 ante
782 3151 961 3210 portas
989 3142 1238 3209 suspendi
1265 3143 1368 3217 (Ξ).

1842 545 1945 601 qua
1990 539 2608 601 ntartyres-prosecutus
2652 539 2755 584 est.
2805 527 2929 585 Suis
2959 526 3102 583 enim
3149 526 3433 595 manibus,

1844 632 1981 678 teste
2025 633 2243 678 auctore
2273 622 2394 677 libri
2428 621 2755 677 Pontilicalis
2780 663 2794 687 ,
2822 620 2957 675 duos
2985 629 3039 675 et
3083 619 3435 688 quadraginta

1841 730 2001 783 supra
2036 722 2303 769 trecentos
2331 714 2611 767 tumulavit
2632 725 2915 784 martyres,
2959 712 3344 781 (onstituitque
3368 725 3435 766 ne

1842 808 1961 879 quis
1998 816 2284 879 martyrem
2327 810 2442 863 sine
2485 808 2766 862 dalmatica
2798 817 2890 861 aut
2915 807 3126 861 colohio
3168 820 3435 875 purpureo

1842 901 2093 971 sepeliret
2109 900 2156 975 (i
2175 906 2209 970 ).
2230 900 2703 965 Consuetudinem,
2724 915 2841 971 qua!
2854 899 3089 967 alioquin
3105 898 3430 963 obtinuerat,

1843 1012 1979 1051 novo
2010 996 2225 1051 decreto
2273 996 2496 1051 asst‘ruit
2520 1038 2533 1060 ,
2562 1004 2615 1048 ut
2644 999 2835 1066 fruges,
2871 997 3022 1066 fabw,
3076 1004 3121 1046 et
3148 1008 3259 1046 uva,
3283 1008 3437 1063 super

1841 1090 1993 1144 altari
2020 1090 2426 1147 bettedicermlttr
2451 1132 2463 1154 ,
2500 1103 2618 1144 eam
2652 1089 2826 1143 forsan
2870 1088 2938 1142 ob
2963 1103 3175 1142 causam
3197 1129 3212 1154 ,
3245 1097 3300 1141 ιιι
3330 1088 3432 1142 im-

1841 1192 2102 1252 pugnaret
2145 1196 2383 1237 errorem
2434 1177 2897 1247 manichaeorum,’
2933 1181 3023 1252 qui
3084 1187 3356 1235 creaturas
3402 1194 3434 1234 ιι

1841 1278 1983 1332 malo
2011 1278 2271 1348 principio
2300 1286 2444 1331 ortas
2467 1277 2890 1331 detestabantur.

1912 1368 2222 1441 Entychiani
2246 1370 2492 1441 Epistolas
2516 1370 2747 1424 subdita.
2774 1399 2846 1409 —
2865 1367 3090 1422 Nomine
3114 1366 3435 1439 Eutycltiani

1841 1464 1975 1520 duas
2022 1474 2360 1520 commentus
2391 1478 2473 1520 est
2514 1464 2749 1519 Isidorus
2778 1464 3033 1519 Peccator
3056 1462 3142 1518 vel
3168 1461 3432 1516 Mercator

1840 1559 2113 1627 epistolas.
2144 1559 2299 1614 Prior
2340 1558 2405 1612 ad
2434 1558 2692 1612 Joannem
2726 1568 2778 1611 et
2820 1557 2885 1609 ad
2928 1571 3116 1610 omnes
3151 1555 3433 1624 episcopos

1840 1653 2069 1708 Boeticae
2100 1654 2407 1723 provinciis,
2439 1653 2505 1707 de
2537 1652 2639 1707 lide
2664 1648 3055 1707 incarnationis
3074 1649 3303 1704 Domini.
3334 1650 3461 1723 I’o-1

1840 1748 2035 1803 sterior
2047 1748 2111 1801 ad
2127 1748 2407 1817 episc0pos
2433 1763 2527 1817 per
2547 1745 2780 1799 Siciliam
2796 1744 3135 1807 constitutos,
3158 1743 3260 1798 tria
3285 1758 3433 1797 com-

1762 1850 1809 1915 B
1841 1840 2108 1910 plectitur.
2144 1840 2196 1893 l"
2229 1840 2301 1893 De
2324 1840 2483 1893 modo
2512 1838 2801 1908 recipiendi
2823 1836 3213 1891 accusationem
3237 1836 3430 1890 adver-

1839 1951 1931 1989 sus
1959 1934 2202 1989 clericos.
2226 1933 2284 1988 9.“
2311 1934 2411 2003 Qui
2434 1948 2537 1988 non
2566 1933 2914 1988 admittantur
2942 1936 3007 1986 ad
3035 1932 3431 1987 accusationem

1839 2028 2230 2098 religiosorum.
2269 2027 2329 2083 5°
2358 2028 2433 2082 De
2462 2025 2621 2081 modo
2650 2025 2973 2095 procedendi
3005 2026 3056 2079 in
3086 2024 3312 2095 negotiis
3342 2039 3432 2103 ec-

1838 2120 2180 2187 clesiasticis,
2211 2136 2333 2174 cum
2362 2119 2579 2189 procedi
2607 2134 2713 2173 non
2740 2118 2933 2173 debeat
2960 2117 3120 2172 modo
3160 2117 3428 2174 saeculari.

1838 2213 2001 2267 Notas
2041 2222 2219 2267 tamen
2251 2212 2606 2266 decretalibus
2637 2211 2748 2265 suis
2774 2210 3022 2281 apposuit
3057 2217 3265 2271 auctor,
3312 2223 3431 2279 qua:

1838 2320 1968 2360 vero
1996 2304 2330 2377 Eutychiano
2360 2320 2467 2359 non
2493 2305 2834 2359 conveniunt.
2871 2302 3103 2374 Epistola
3127 2302 3192 2356 ad
3220 2301 3430 2369 episco-

1840 2413 1939 2469 pos
1990 2398 2220 2452 Bocticae
2264 2398 2386 2452 data
2416 2405 2499 2451 est
2546 2412 2583 2451 tt
2623 2396 2743 2451 idus
2786 2396 3006 2466 aprilis,
3062 2395 3350 2449 Aureliano
3376 2404 3431 2450 et

1841 2490 2090 2545 Marcello
2120 2491 2249 2544 viris
2265 2490 2573 2544 clarissimis
2603 2504 2744 2544 coss.
2776 2488 2935 2557 Atqui
2959 2504 3117 2543 verus
3140 2486 3428 2559 Eutychia-

1842 2599 1943 2639 nus
1965 2583 2330 2639 Marcellinum
2351 2584 2674 2653 scripsisset,
2705 2598 2809 2636 nou
2841 2580 3146 2636 Marcellum
3172 2591 3431 2651 notasque

1841 2678 2110 2734 Aureliani
2139 2678 2450 2735 consulatus
2481 2677 2782 2732 numerales
2824 2675 2891 2729 de
2936 2690 3086 2729 more
3116 2673 3427 2729 addidisset.

1839 2773 1919 2828 Nil
1949 2773 2017 2828 ad
2043 2773 2354 2828 veteratoris
2383 2772 2764 2841 impudentiam
2794 2769 2915 2824 addi
2949 2778 3140 2840 potest,
3176 2768 3263 2839 qui
3290 2769 3429 2823 inte-

1835 2882 1987 2937 grum
2017 2881 2083 2921 ex
2128 2866 2326 2920 llilario
2356 2866 2668 2937 capitulum,
2718 2864 2858 2934 quod
2916 2873 3079 2928 extat,
3135 2873 3189 2918 et
3233 2862 3428 2917 Leonis

1836 2959 2008 3028 Magni
2036 2958 2099 3012 ad
2133 2959 2365 3013 Leonem
2396 2960 2693 3028 Augustum
2724 2958 2946 3028 epistola
2969 2958 3056 3022 97,
3077 2973 3129 3012 c.
3156 2960 3209 3023 5,
3238 2958 3429 3014 decre-

1838 3051 1927 3105 Iali
1970 3052 2189 3105 inseruit
2240 3067 2370 3105 suto.
2403 3050 2573 3105 Verba
2620 3066 2852 3121 quoque,
2901 3050 3229 3104 admonemus
3274 3053 3426 3106 etiam

1835 3156 2052 3198 vestram
2099 3144 2485 3215 fraternitatem,
2515 3153 2643 3208 etc.,
2680 3151 2925 3213 petuntur
2958 3160 3019 3197 ex
3054 3143 3423 3212 GregotiiMa-

201 3232 278 3285 Αιι
296 3229 660 3303 Eutycltianus
680 3233 988 3303 martyribus
1002 3234 1065 3287 sit
1098 3236 1555 3290 accettscndus?—
1574 3238 1726 3312 Euty-
1754 3242 1799 3303 C
1833 3238 1922 3309 gul
1951 3237 2174 3307 epistola
2202 3237 2273 3292 9.5
2294 3280 2306 3299 ,
2351 3237 2386 3292 Ι.
2422 3251 2479 3290 ιι.
2514 3236 2783 3289 l’ostetior
2828 3235 3049 3305 cpistola
3093 3234 3424 3305 Scriptorum

132 3323 390 3379 chianum
422 3326 678 3396 martyrio
707 3326 906 3380 obiisse
934 3326 1192 3381 Baronius
1237 3344 1356 3382 cum
1403 3331 1457 3384 in
1492 3333 1631 3386 notis
1661 3334 1727 3388 ad

131 3417 571 3489 Martyrologium
596 3460 611 3489 ,
661 3429 768 3472 tum
816 3420 871 3474 in
910 3419 1194 3475 annalibus
1225 3422 1391 3477 tradit
1419 3434 1579 3494 atque
1612 3437 1730 3496 post

132 3528 247 3567 eum
280 3513 598 3569 Blondellus
626 3512 727 3586 (5).
760 3515 825 3568 At
859 3514 999 3570 inter
1024 3515 1394 3581 confessores,
1427 3529 1483 3573 ιιι
1522 3521 1596 3575 ait
1628 3521 1728 3577 Pa-

129 3605 243 3674 gius
263 3606 373 3676 (4),
395 3606 761 3661 numerandus
793 3608 1032 3673 videtur;
1093 3618 1201 3663 tum
1232 3610 1355 3680 quia
1389 3611 1441 3664 in
1489 3610 1727 3668 ludiculo

131 3696 485 3766 depositionis
512 3700 911 3769 episcoporum,
945 3717 1050 3755 non
1084 3718 1211 3757 vero
1237 3714 1527 3775 martyrum
1556 3722 1582 3757 a
1614 3707 1723 3760 Btt-

130 3788 374 3844 cheriani
400 3792 623 3861 catalogi
649 3801 869 3848 auctore
893 3794 1214 3865 inscriptus;
1245 3809 1352 3850 tum
1384 3799 1566 3865 etiam,
1596 3801 1721 3871 quia

131 3881 273 3936 illius
286 3882 467 3937 obitus
481 3900 545 3938 eo
564 3896 803 3954 tempore
817 3889 1055 3957 contigit,
1074 3904 1198 3961 quo.
1223 3890 1449 3946 Eusebio
1465 3900 1598 3947 teste
1617 3894 1718 3965 (5),

132 3971 374 4028 Ecclesia
403 3973 596 4030 Christi
625 3978 879 4031 altissima
914 3994 1043 4047 pace
1062 3977 1359 4036 fruebatur.

201 4066 341 4130 Quid
370 4066 638 4122 decreverit
668 4068 727 4124 S.
752 4067 1100 4140 Eutyclzianus
1118 4071 1144 4124 ἱ)
1163 4102 1232 4111 --
1251 4070 1720 4133 Commendandus

198 4211 279 4291 (l)
311 4208 538 4275 Euseb,
558 4211 614 4269 in
638 4210 913 4279 Chronico,
944 4228 1063 4284 pag.
1092 4213 1217 4281 760,
1246 4224 1374 4275 tom.
1405 4230 1499 4270 vnt
1528 4214 1718 4271 Hiero-

129 4296 594 4429 ηξξὲἵειιὶρῑιτιηη
625 4356 926 4429 Ιιιειτιεεβω
950 4355 1131 4428 Cyrill.
1166 4356 1548 4429 llierosolynn,
1568 4355 1717 4412 Cate-

128 4425 259 4480 chesi
280 4439 372 4488 v1;
404 4424 753 4497 ῙιιεοιΙοιειι..
791 4424 1032 4482 Ηιυνεῑὶἐ.
1069 4429 1288 4497 fabulor.
1324 4424 1488 4491 lihft;
1526 4430 1717 4485 lliero-

127 4512 292 4567 nytn.,
312 4499 380 4550 de
401 4495 595 4566 Script.
620 4498 815 4557 Eccles.
840 4500 891 4555 in
912 4495 1239 4565 Are/ictam";
1267 4500 1517 4567 Zacagni,
1543 4501 1715 4557 Ecclec

126 4570 212 4621 sia:
251 4568 431 4640 intime
461 4579 507 4640 et
538 4586 714 4640 grtet'a:
742 4583 1097 4636 monumenta;
1135 4571 1334 4632 Vales.
1371 4570 1500 4628 Not.
1532 4574 1583 4627 in
1615 4574 1714 4628 So-

1834 3330 2015 3385 lztttdat
2040 3347 2107 3385 ex
2134 3333 2377 3385 versione
2402 3333 2565 3384 mixta
2605 3344 2668 3383 ex
2696 3329 2873 3384 Italica
2908 3340 2959 3383 ct
2987 3328 3420 3401 Hit‘ronytttiana.

1835 3425 2053 3479 Adriani
2078 3423 2100 3478 l
2128 3424 2339 3480 decreta
2375 3425 2424 3477 in
2454 3425 2675 3494 gratiam
2705 3423 2983 3494 lngelrami
3018 3423 3271 3478 metensis
3301 3423 3426 3493 Epi-

1832 3519 1979 3589 scopi
2014 3518 2322 3589 iuterpolat,
2362 3526 2419 3571 ttt
2439 3516 2549 3588 jam
2583 3517 2792 3583 erudite
2823 3516 3131 3572 observavit
3169 3514 3424 3571 Blondel-

1833 3613 1936 3665 lus.
2960 3610 3197 3664 Laurea.

1900 3856 1981 3929 (l)
2010 3856 2336 3913 Blancltinus
2357 3895 2372 3919 .
2405 3854 2456 3910 in
2490 3854 2628 3910 notis
2669 3854 3103 3929 ad_Auastasimu
3133 3854 3424 3929 bibliothe-

1826 3926 2048 3995 carinm,
2080 3939 2207 3982 tom.
2244 3943 2300 3990 ιι,
2335 3937 2470 3997 part.
2503 3942 2562 3991 tt,
2594 3943 2709 3996 pag.
2735 3926 3067 3987 2M.sctittit
3102 3945 3113 3981 :
3143 3926 3425 3981 Vindican-

1826 4002 2014 4054 doruut
2046 4012 2338 4070 martyrum
2385 4013 2569 4070 curam
2606 4014 2929 4070 promovens
2973 4008 3162 4053 cautus
3188 4000 3424 4065 pontifex

1826 4071 2167 4140 providenter
2191 4069 2462 4140 prcccepit,
2485 4080 2535 4121 ttt
2555 4069 2881 4123 adderentur
2900 4069 3095 4138 judicia
3120 4079 3265 4122 certa
3284 4084 3425 4123 mar-

1827 4144 2019 4212 tyriiiu
2059 4156 2246 4197 eorum
2295 4140 2650 4209 depositione.
2684 4141 2940 4194 Adhiberi
2980 4140 3250 4195 mandavit
3279 4142 3426 4194 colo-

1828 4216 1969 4275 hitnu
1998 4222 2090 4271 aut
2114 4212 2455 4269 dalmaticam
2480 4229 2582 4265 non
2607 4212 3078 4282 qualemcumque,
3110 4213 3203 4271 sed
3234 4227 3425 4283 purpu-

1822 4300 1992 4340 ratam
2019 4286 2084 4339 ad
2116 4284 2779 4357 involvendusmartyres,
2806 4300 2939 4357 qttos
2967 4284 3125 4337 etiam
3157 4300 3421 4357 purpura-

1823 4369 1900 4410 tos
1930 4372 2122 4411 vocare
2147 4355 2426 4411 CllllSlIe\il
2460 4355 2693 4408 Ecclesia
2726 4356 2775 4406 in
2808 4354 3007 4424 hymno
3038 4355 3274 4408 omnimn
3304 4371 3425 4409 san-

1822 4440 2028 4482 ctorum
2061 4446 2072 4479 :
2113 4426 2210 4481 Vos
2239 4427 2510 4496 purpurati
2540 4436 2806 4495 martyres.
2850 4430 2985 4479 Ante
3017 4425 3118 4478 hoc
3145 4427 3421 4481 det-velum

1824 4500 2140 4571 Eutychiani
2181 4507 2577 4571 continuaverunt
2610 4497 2889 4571 christiani
2927 4512 3075 4553 sacra
3109 4507 3419 4571 martyrum

1820 4568 2046 4641 corpora
2068 4572 2295 4639 sepelire
2324 4586 2444 4624 cum
2480 4569 2657 4621 linteis
2677 4568 2911 4637 ipsorum
2934 4569 3189 4641 sanguer
3212 4582 3421 4641 resperf

127 4651 293 4723 t:rat.;
335 4636 586 4723 Csii'iiflli,
626 4639 869 4723 [ᾕρησαι.
899 4641 1202 4723 λιναρνὶοἰί,
1249 4641 1492 4698 Biblioth.
1545 4641 1709 4723 (ἔχητε.

1839 4636 2196 4723 εἱεῘΡιξιδιιιιιΙιί
2225 4654 2409 4723 tamen
2439 4647 2703 4723 martyres
2728 4647 2849 4720 ante
2881 4636 3082 4723 etpost
3101 4636 3419 4723 Eutycltiaui

130 4719 263 4785 tom;
285 4726 357 4785 tt;
388 4709 880 4785 Walclt..Hi_storie
906 4715 996 4767 der
1020 4712 1231 4781 Κείων,
1265 4725 1393 4769 tom.
1428 4731 1467 4781 ι,
1501 4730 1553 4785 p.
1582 4715 1706 4770 715.

194 4781 273 4849 (5)
297 4781 587 4846 Blondell.,
621 4784 673 4837 in
706 4782 1164 4839 Pseudo-lsidoro.

197 4852 271 4923 (t)
300 4854 447 4924 Pagi.
474 4864 584 4908 not.
611 4854 677 4909 lO
704 4856 757 4912 iu
782 4873 910 4912 anu.
938 4858 1065 4911 285.

193 4924 271 4996 (5)
299 4924 524 4991 Euseb.,
559 4924 696 4980 llist.
716 4928 867 4993 eccl.,
897 4928 988 4982 lib.
1020 4944 1130 4996 vnt,
1154 4944 1273 4999 cap.
1304 4930 1356 4985 1.

149 5054 508 5074 -αν

1817 4714 2092 4768 decretum
2108 4712 2348 4767 candidis
2361 4710 2600 4764 obvolutt
2616 4708 2794 4762 linteis
2807 4708 3005 4762 conditi
3025 4707 3171 4762 fuere
3188 4707 3415 4775 tumulo,

1819 4788 1890 4839 uti
1905 4788 1974 4840 cl.
1995 4786 2309 4840 Laurentius
2327 4781 2491 4845 Betti,
2513 4780 2787 4835 Disseruit.
2812 4795 2847 4833 ι.
2869 4779 2932 4832 de
2949 4777 3101 4833 Rom.
3124 4778 3415 4848 Episwpis,

1710 4858 1723 4865 ”
1817 4872 1942 4929 stoc.
1974 4872 2053 4918 ιιι,
2084 4867 2210 4910 ιοιιι.
2245 4870 2300 4921 ιι,
2327 4852 2355 4924 §
2386 4853 2475 4929 21,
2507 4866 2626 4929 pag.
2652 4851 2778 4921 557,
2807 4852 3053 4906 observat
3084 4854 3251 4911 nostri
3279 4851 3418 4909 forte

1816 4928 2163 5000 Reparatoris
2193 4924 2461 4995 exemplo.

508 5062 3411 5087 ‘——_———————-——————I——-———-—-—————

369 5182 643 5326 DE
732 5183 1709 5335 DECRETIS
1832 5173 3157 5329 EUTYCHIANO

1442 5431 2108 5507 ADSOBIPTIS.

1325 5588 1344 5653 (
1370 5588 1441 5639 Ex
1487 5588 1531 5638 D
1552 5626 1564 5639 .
1592 5588 1877 5640 Constantio
1919 5586 2163 5650 desumpt.
2195 5583 2211 5649 )

132 5719 520 5775 ABGUIENTUH.
545 5747 615 5761 -—
634 5719 687 5775 1.
711 5716 928 5776 Decreta
951 5719 1071 5775 duo.
1101 5718 1248 5776 Unde
1272 5720 1444 5792 probet
1462 5718 1715 5776 Barom'us

200 5813 429 5883 primum
471 5813 748 5871 decretum.
776 5842 848 5856 —-
873 5811 929 5871 2.
966 5810 1115 5869 Unde
1140 5813 1344 5883 probari
1370 5814 1525 5884 possit
1552 5829 1729 5869 secun-

1895 5720 2170 5776 dum—3.
2202 5717 2510 5775 Dalmaticae
2535 5716 2771 5780 antiquus
2798 5716 2851 5773 in
2878 5710 3114 5773 Ecclesia
3132 5719 3408 5788 usum—5,

1910 5812 1964 5869 5.
1990 5809 2209 5869 Initium
2254 5811 2408 5880 hujus
2437 5825 2558 5864 usus
2587 5807 2843 5877 Sylvestro
2866 5822 3132 5877 perperam
3154 5809 3412 5869 tribuitur.
