4060 6324
616 361 722 420 159

1547 361 1633 418 DE
1673 359 2009 419 DECRETIS
2048 356 2490 417 EUTYCHIANO
2526 357 2952 417 ADSCRIPTIS.

3807 356 3914 414 160

689 477 929 538 -6-15.
949 478 1080 535 Duae
1097 478 1329 550 ερὶειοιω
1344 478 1405 533 ab
1434 478 1640 535 Isidoro
1668 478 1960 548 sumtosifw.
1986 476 2197 531 Decreta
2228 480 2277 539 Α
2304 476 2710 532 dalmaticarum
2743 494 2895 532 nsum
2927 478 3302 552 episcoporum
3341 478 3617 551 proprium
3647 490 3795 544 esse,
3854 484 3916 533 et

691 573 860 628 decem
886 572 1206 645 Eutychiano
1234 572 1516 644 adscripta.

692 668 742 722 1.
770 665 828 721 In
875 665 1013 720 libro
1040 665 1331 736 pontiﬁcali
1363 665 1734 737 Eutychianus
1758 664 2103 721 constituisse
2132 660 2212 717 di-

618 757 755 813 citur
784 776 804 808 ι
844 768 901 812 ιιι
926 755 1128 829 fruges,
1163 758 1299 813 faba:
1328 768 1384 814 et
1414 774 1529 814 uvae
1556 773 1720 829 super
1745 756 1940 812 altario
1988 754 2207 812 benedi-

615 861 891 917 cerentur,
919 870 938 904 ι
960 867 1170 907 necnon
1197 871 1216 905 ι
1240 853 1633 924 utquicnmque
1663 851 1898 908 fidelium
1918 859 2207 921 martyrem

617 942 890 1012 sepeliret,
919 943 1037 1001 sine
1061 944 1345 1002 dalntatica
1374 945 1693 1001 autcolohio
1717 952 2007 1016 purpurato
2039 942 2211 998 nulla-

617 1042 772 1091 tenus
799 1036 1074 1105 sepeliret.
1097 1055 1117 1089 ι
1152 1036 1257 1092 Sed
1287 1052 1409 1108 qua:
1440 1038 1492 1092 in
1521 1034 1624 1092 hoc
1654 1036 1793 1091 libro
1817 1050 1941 1091 eum
1978 1035 2047 1091 de
2091 1034 2211 1089 aliis

616 1126 983 1197 pontiﬁcibus,
1052 1138 1162 1183 tum
1214 1128 1528 1185 nominatim
1579 1128 1647 1185 de
1688 1127 2029 1198 Eutychiano
2079 1127 2209 1182 falsa

616 1219 996 1290 przedicantur,
1062 1220 1146 1276 bis
1199 1221 1489 1278 detrahunt
1556 1223 1953 1278 auctoritatem.
2010 1220 2210 1276 Verum

617 1324 903 1389 utrumque
929 1317 1163 1374 admittit
1198 1335 1261 1374 ac
1303 1320 1492 1389 probat
1541 1320 1824 1376 Baronius.
1857 1321 1923 1375 Et
1979 1319 2208 1390 primum

620 1411 843 1481 quidem
864 1423 1167 1482 opportune
1188 1416 1256 1470 ab
1278 1415 1383 1473 hoc
1411 1431 1543 1486 papa
1572 1416 1778 1472 editum
1804 1425 2011 1485 censet,
2038 1426 2097 1471 ut
2115 1416 2211 1473 ad-

619 1517 811 1559 versus
867 1516 1174 1562 nascentem
1205 1506 1483 1563 Manichzei
1532 1507 1806 1575 lueresim,
1862 1525 1981 1579 quae
2029 1508 2210 1580 fruges

616 1597 858 1669 aliasque
898 1614 984 1655 res
1030 1614 1320 1670 corporeas
1350 1610 1409 1656 ut
1449 1618 1478 1656 a
1519 1603 1783 1672 principio
1829 1603 1953 1657 mali
2003 1613 2211 1659 creatas

578 1685 583 1690 ’
616 1691 991 1757 execrabatur,
1040 1691 1225 1749 ﬁdeles
1255 1694 1508 1749 muniret.
1541 1693 1807 1750 Prmterea
1849 1694 1903 1749 in
1935 1694 2209 1765 opinionis

614 1797 728 1839 suae
755 1786 984 1856 gratiam
1012 1788 1341 1857 apostolicos
1367 1789 1495 1843 citat
1523 1803 1760 1843 canones
1786 1789 1839 1852 5.
1876 1788 1911 1843 ὦ
1934 1798 1989 1843 et
2008 1789 2063 1855 5,
2118 1789 2209 1861 qui

2312 588 2341 627 a
2382 572 2622 628 romanis
2650 572 2895 628 diaconis
2938 588 3035 643 per
3053 574 3415 645 arrogantiam
3445 581 3759 644 usurpatum
3786 584 3916 627 esse

2311 673 2483 720 uetat.
2524 664 2720 721 Scribit
2750 675 2806 721 et
2847 664 3147 739 Cyprianus
3192 664 3489 739 tolonensis
3532 664 3826 736 episcopus
3853 662 3915 719 in

2311 758 2428 814 Vita
2459 758 2516 814 S.
2547 756 2764 814 Cmsarii
2792 760 3107 817 arelatensis
3125 760 3474 834 episcopi,jeo
3500 760 3618 831 ipso
3637 769 3911 830 tempore,

2314 869 2421 925 quo
2452 856 2811 926 Symmachus
2854 872 2989 927 papa
3039 856 3330 913 Cmsarium
3365 871 3666 913 «concesso
3694 856 3918 926 specia-

2314 946 2434 1002 liter
2483 947 2632 1018 pallii
2691 946 2970 1003 decoravit
3016 948 3322 1021 privilegio,
3381 948 3639 1005 diaconos
3693 963 3920 1021 quoque

2313 1041 2480 1113 ipsius
2505 1040 2571 1096 ad
2604 1041 2861 1097 Romamn
2902 1041 3073 1098 instar
3097 1044 3340 1100 ecclesia:
3378 1043 3787 1099 dalmaticarntn
3831 1045 3917 1098 fe-

2312 1136 2451 1190 cisse
2480 1135 2662 1190 habitu
2688 1137 3063 1206 prmeminere.
3078 1155 3096 1188 ι
3118 1136 3367 1192 Testatur
3386 1136 3697 1207 Gregorius,
3720 1136 3815 1191 lib.
3837 1153 3914 1202 Ix,

2312 1231 2469 1299 epist.
2503 1230 2627 1296 107,
2660 1231 2920 1299 Arcginm
2947 1230 3281 1301 poposcisse,
3316 1242 3372 1285 ut
3402 1230 3502 1285 sibi
3545 1238 3599 1285 et
3642 1228 3920 1285 archidia-

2311 1339 2448 1379 cono
2476 1340 2576 1378 suo
2606 1324 2785 1379 utendi
2810 1324 3113 1379 daltnaticis
3137 1324 3407 1381 licentiam
3442 1324 3726 1395 pra-heret.
3757 1324 3919 1394 Quod

2312 1424 2371 1470 ut
2414 1434 2434 1467 ι
2456 1431 2654 1470 novum
2688 1431 2793 1471 non
2817 1416 3119 1472 inconsulte
3140 1426 3195 1472 et
3222 1416 3402 1472 subito
3445 1436 3464 1470 ι
3504 1417 3790 1488 permisit,
3818 1417 3918 1473 sed

2311 1508 2653 1580 postmodum
2685 1509 3011 1576 concedens,
3043 1510 3185 1579 ipsas
3202 1510 3364 1566 etiam
3385 1509 3699 1566 dalmatieas
3728 1510 3781 1567 ei
3815 1511 3924 1584 Cy-

2313 1604 2439 1657 riaci
2466 1603 2675 1658 abbatis
2714 1618 2878 1672 opera
2935 1604 3251 1659 transmisit.
3309 1604 3363 1658 In
3422 1602 3750 1660 bibliotheca
3792 1604 3923 1660 Flo-

2312 1697 2538 1752 riacensi
2562 1696 2703 1752 istud
2721 1696 2915 1767 legitur
2933 1697 3209 1752 Zachariae
3234 1712 3382 1768 papa:
3406 1698 3469 1751 ad
3490 1696 3921 1754 Austrobertum

2312 1790 2625 1861 episcopum
2655 1791 3004 1847 viennensem
3033 1789 3321 1846 scribentis
3346 1807 3358 1844 :
3382 1809 3401 1843 ‹
3429 1790 3777 1845 Dalmaticam
3803 1790 3921 1848 usi-

615 1885 794 1932 tamen
819 1877 917 1942 illi,
952 1880 1247 1948 praesertim
1276 1895 1343 1936 ex
1372 1880 1611 1953 Dyonisii
1656 1880 1848 1952 Exigui
1893 1881 2210 1952 interpreta-
2246 1885 2291 1946 Β
2318 1882 2417 1940 bus
2437 1885 2633 1939 vestris
2661 1883 2937 1938 misimus:
2983 1894 3040 1937 nt
3069 1884 3193 1955 quia
3237 1884 3463 1939 ecclesia
3494 1892 3676 1940 vestra
3715 1884 3788 1941 ab
3820 1883 3922 1939 hac

614 1969 782 2037 tione,
815 1970 1088 2029 adversari
1117 1975 1293 2045 potius
1320 1974 1587 2030 videntur.
1614 1975 1819 2046 Nempe
1838 1991 1959 2032 can.
1989 1977 2024 2032 4
2052 1991 2208 2033 cave-

616 2072 705 2118 tur
728 2075 785 2119 ut
819 2083 838 2116 ι
876 2065 1070 2123 offerre
1113 2082 1219 2122 non
1270 2067 1426 2124 liceat
1475 2069 1544 2122 ad
1594 2070 1755 2125 altare
1799 2080 1997 2141 praeter
2042 2085 2209 2124 novas

617 2156 795 2227 Spicas
820 2167 875 2214 et
905 2174 1036 2240 uvas
1057 2169 1110 2215 et
1136 2161 1314 2218 oleum
1344 2160 1411 2217 ad
1434 2162 1717 2218 luminaria
1756 2170 1812 2218 et
1840 2162 2154 2235 thymiama.
2182 2183 2201 2214 ι

616 2248 771 2306 Unde
787 2252 1191 2309 concedendum
1220 2263 1305 2310 est
1329 2255 1519 2312 saltem
1553 2255 1636 2310 his
1672 2255 1972 2311 eanonibus
2015 2256 2205 2322 vetari,

617 2357 687 2400 ne
719 2344 873 2412 fabae,
907 2362 1042 2418 quas
1070 2347 1122 2402 in
1148 2348 1305 2403 altari
1346 2349 1746 2405 benedicendas
1783 2364 1905 2406 esse
1934 2350 2206 2420 vulgatum

616 2435 930 2509 Eutychiani
961 2439 1237 2497 decretum
1265 2442 1566 2504 constituit,
1599 2442 1653 2496 in
1706 2442 1862 2497 altari
1892 2440 2205 2497 oll‘erantur.

616 2529 755 2587 Tum
781 2532 1019 2589 sancitur
1041 2550 1162 2590 can.
1195 2535 1251 2597 5,
1290 2554 1308 2586 ι
1335 2544 1390 2591 ιιι
1413 2535 1618 2606 reliqua
1672 2551 1829 2605 poma
1870 2536 2051 2591 omnia
2081 2534 2207 2607 (seu

617 2626 810 2697 reliqui
838 2642 1028 2684 omnes
1056 2628 1292 2700 fructus)
1317 2630 1381 2685 ad
1410 2629 1651 2692 domum,
1676 2630 1927 2700 primitiae
1951 2630 2210 2700 episcopo

617 2727 673 2776 et
700 2719 1029 2793 presbyteris
1059 2721 1378 2794 dirigantur,
1413 2737 1520 2778 non
1548 2722 1848 2779 offerantur
1872 2724 1927 2777 in
1967 2723 2121 2778 altari
2146 2728 2204 2779 ει

618 2811 707 2869 ubi
740 2813 792 2869 id
814 2815 955 2884 quod
988 2816 1305 2889 Eutychiani
1337 2817 1558 2875 decreto
1585 2819 1638 2873 in
1660 2821 1815 2874 altari
1843 2818 2025 2875 oll‘erri
2073 2834 2213 2891 pra:-

616 2906 831 2977 cipitur,
861 2907 944 2963 bis
971 2911 1268 2966 eanonibus
1284 2911 1451 2967 vetari
1473 2910 1740 2969 audimus.

616 3009 628 3035 ι
688 2999 745 3055 2.
774 2999 854 3056 Ad
879 3001 1154 3059 decretum
1180 3004 1408 3060 alterum
1431 3004 1575 3077 quod
1610 3006 1820 3070 attinet,
1849 3007 1989 3062 idem
2012 3007 2212 3064 Anna—

617 3090 746 3148 lium
778 3110 970 3165 parens
996 3096 1113 3166 ejus
1145 3112 1301 3154 usum
1320 3098 1517 3155 exinde
1543 3109 1791 3170 praetequ
1816 3100 2075 3171 religionis
2104 3116 2211 3154 non

617 3193 821 3243 tantum
854 3203 978 3260 erga
1008 3200 1293 3263 martyres,
1324 3191 1417 3247 sed
1448 3193 1612 3248 etiam
1664 3208 1793 3264 erga
1825 3208 2008 3248 sacros
2062 3192 2214 3247 mini-

2313 1974 2443 2031 sede
2492 1976 2790 2031 doctrinam
2850 1974 2971 2031 fidei
3039 1976 3280 2045 percepit
3333 1986 3388 2032 et
3451 1991 3654 2031 morem
3701 1975 3922 2032 habitus

2312 2067 2676 2134 sacerdotalis,
2724 2069 2791 2123 ab
2823 2067 2909 2123 illa
2934 2067 3097 2123 etiam
3145 2068 3403 2139 percipiat
3444 2067 3699 2125 decorem
3731 2068 3915 2124 hono—

2313 2163 2410 2218 ris.
2438 2182 2455 2215 ι

2385 2255 2440 2309 4.
2472 2254 2606 2309 llinc
2635 2249 3010 2326 colligere'est
3029 2269 3149 2326 qua:
3178 2253 3310 2311 tides
3341 2254 3584 2311 habenda
3608 2255 3676 2311 sit
3698 2256 3919 2328 vulgato

2316 2347 2596 2402 Anastasio
2618 2345 2685 2401 de
2723 2346 2983 2403 Silvestro
3013 2348 3302 2403 scribenti:
3339 2367 3357 2400 ι
3386 2348 3450 2403 Et
3478 2347 3581 2403 hoc
3603 2349 3915 2412 constituit.

2314 2452 2373 2496 ut
2401 2441 2614 2496 diaconi
2636 2441 2939 2497 dalmaticis
2960 2442 3013 2496 in
3046 2441 3287 2499 Ecclesia
3324 2452 3623 2510 uterentur,
3648 2464 3668 2497 ι
3693 2444 3742 2500 si
3772 2460 3915 2515 prm-

2314 2536 2499 2591 sertitn
2524 2535 2625 2591 hoc
2644 2535 2920 2591 decretum
2944 2551 3050 2590 non
3077 2545 3282 2591 tantum
3309 2534 3379 2591 de
3417 2535 3695 2601 Romanis,
3719 2538 3819 2592 scd
3849 2538 3916 2594 de

2315 2627 2641 2699 quibuslibet
2669 2627 2911 2683 diaconis
2937 2629 3139 2683 dictum
3169 2629 3517 2698 intelligatur.
3570 2628 3700 2685 Inde
3750 2633 3913 2686 etiam

2316 2719 2581 2774 refellitur
2639 2719 2780 2787 quod
2836 2719 2927 2774 alii
2972 2720 3178 2786 dicunt,
3228 2719 3636 2777 dahnaticarttm
3669 2726 3912 2779 usumin

2316 2813 2610 2868 Ecclesiam
2645 2814 2874 2882 primum
2904 2828 2933 2867 a
2968 2814 3229 2870 Silvestro
3268 2814 3537 2870 invectum
3585 2831 3728 2885 esse,
3789 2834 3911 2873 cum

2315 2914 2472 2960 antea
2499 2905 2723 2961 eolobiis
2749 2916 3027 2962 uterentur
3048 2908 3360 2963 sacerdotes
3381 2924 3397 2973 ;
3420 2919 3511 2963 aut
3550 2909 3691 2979 quod
3723 2910 3777 2965 in
3805 2909 3913 2965 Sil-

2316 3000 2481 3054 vestri
2506 2999 2619 3054 Vita
2636 3015 2666 3054 a
2685 2999 3008 3056 Combellsio
3031 2998 3171 3055 edita
3194 3009 3465 3069 narratur,
3493 3000 3912 3075 Euphrosynum

2315 3093 2517 3149 scilicet
2566 3094 2893 3166 Pamphylia:
2957 3096 3270 3165 episcOputn
3327 3095 3552 3152 Romam
3605 3098 3912 3155 venientem

2316 3188 2581 3243 colobium
2627 3188 2685 3245 S.
2732 3187 2917 3259 Jacobi
2977 3188 3157 3244 fratris
3230 3187 3439 3243 Domini
3502 3205 3685 3246 secum
3766 3201 3912 3246 attn-

613 3291 757 3339 stros
807 3283 1081 3341 inductum
1132 3286 1326 3356 probat
1353 3295 1463 3341 tum
1492 3303 1559 3343 ex
1613 3288 1753 3342 libro
1782 3304 1856 3342 tv.
1917 3288 2123 3359 Dialog.
2149 3288 2206 3343 S.
2236 3285 2280 3347 C
2315 3281 2460 3347 “$56.
2490 3290 2544 3336 ει
2569 3295 2690 3335 cum
2723 3295 2789 3335 ϐυ
2817 3280 3035 3336 infimus
3075 3296 3228 3336 5861⁵³
3261 3282 3574 3351 peregisset.
3615 3282 3743 3338 inde
3789 3286 3913 3355 qui-

615 3374 860 3446 Gregorii
888 3394 1059 3449 papae,
1086 3394 1205 3449 cap.
1241 3379 1332 3445 d0,
1359 3379 1448 3435 ubi
1473 3380 1747 3436 Paschasii
1767 3380 1977 3436 diaconi
2010 3381 2211 3435 dalma-

620 3469 777 3524 ticam
802 3470 919 3540 ejus
949 3472 1136 3541 {eretro
1165 3472 1542 3544 superpositae:
1571 3483 1776 3538 narrat,
1807 3482 1916 3527 tum
1949 3490 2011 3528 ex
2039 3477 2204 3545 gestis

614 3563 807 3634 synodi
834 3558 1073 3620 romana:
1101 3580 1244 3621 anno
1274 3565 1381 3619 515
1401 3564 1618 3632 habita),
1651 3566 1704 3620 in
1749 3582 1852 3637 qua
1886 3565 2026 3622 idem
2070 3582 2205 3639 papa

613 3654 790 3725 primo
814 3655 1103 3725 prarfatur:
1141 3677 1159 3709 ι
1184 3656 1350 3728 llujns
1375 3659 1521 3714 sedis
1551 3658 1851 3713 rectoribus
1903 3672 2021 3713 mos
2067 3660 2204 3713 ultra

615 3746 869 3802 meritum
906 3750 1104 3819 erupit,
1156 3758 1213 3804 ut
1253 3764 1375 3805 cum
1421 3765 1608 3805 eorum
1660 3765 1883 3820 corpora
1937 3750 2207 3805 humanda

613 3841 952 3911 deferuntur,
1012 3845 1126 3901 inec
1173 3845 1477 3901 dalmaticis
1526 3854 1831 3915 contegunt,
1887 3855 1943 3901 ct
1986 3845 2204 3901 easdem

546 3961 553 3968 ε
614 3937 926 3996 dalmatieas
954 3955 1049 4010 pro
1071 3940 1369 3995 sanctitatis
1394 3942 1696 3997 reverentia
1747 3940 2054 4010 partiendas
2106 3955 2206 4010 po-

614 4031 773 4101 pulus
810 4031 1038 4101 scindat.
1063 4052 1082 4083 ι
1114 4031 1250 4088 Τιιιιι
1274 4030 1550 4088 modestus
1576 4033 1665 4088 ille
1711 4030 1954 4103 pontifex
1998 4047 2207 4088 morem

613 4123 763 4180 illum
790 4124 1040 4195 prohibet
1070 4125 1152 4179 his
1173 4126 1380 4181 verbis:
1419 4124 1708 4181 «Praesenti
1744 4125 1963 4181 decreto
2001 4124 2207 4181 censti-

592 4230 728 4277 -tuo.
762 4226 821 4272 nt
844 4217 1121 4285 feretrum,
1153 4234 1258 4289 quo
1293 4219 1518 4273 Romani
1564 4220 1834 4289 pontificis
1886 4233 2086 4288 corpus
2137 4216 2206 4272 ad

612 4310 979 4380 sepeliendum
1004 4312 1233 4376 ducitttr,
1259 4312 1404 4366 nullo
1427 4312 1660 4383 tegmine
1684 4312 1910 4368 veletur.
1947 4331 1965 4363 ι
1997 4310 2202 4368 Simul-

611 4418 721 4475 que
776 4403 919 4460 nnde
955 4402 1170 4460 ﬂuxerit
1199 4405 1286 4460 ille
1315 4418 1465 4471 usus,
1515 4405 1689 4460 innuit
1730 4404 1859 4459 dum
1902 4405 2043 4459 inter
2091 4403 2207 4458 haec

611 4496 781 4563 addit,
817 4512 978 4554 «cum
1024 4496 1201 4553 adsint
1242 4498 1405 4553 multa
1436 4514 1463 4551 a
1494 4500 1666 4554 sacris
1711 4497 2030 4567 corporibus
2075 4510 2206 4565 apo-

610 4591 871 4647 stolorum
905 4600 1305 4664 martyrumque
1322 4592 1609 4657 velamina,
1626 4611 1644 4644 ι
1663 4599 1772 4646 etc.
1792 4588 1955 4659 Quasi
1976 4588 2202 4654 diceret,

2313 3376 2433 3431 dem
2467 3377 2664 3431 factum
2687 3391 2808 3432 esse
2838 3386 2895 3430 ut
2919 3376 3143 3430 Romani
3182 3375 3493 3431 sacerdotes
3518 3376 3750 3433 colobiis
3797 3388 3913 3434 utr.L

2316 3482 2524 3538 rentur,
2582 3470 2676 3526 sed
2743 3480 2927 3540 postea
2982 3469 3239 3525 nuditatis
3293 3469 3634 3525 brachiorum
3668 3472 3912 3542 tegendae

2312 3565 2482 3637 gratia
2523 3562 2731 3618 colobia
2781 3564 2834 3617 in
2867 3563 3183 3619 dalmatieas
3220 3561 3384 3618 fuisse
3425 3573 3788 3631 commutata;
3818 3581 3912 3621 seu

2311 3657 2455 3729 quod
2487 3656 2774 3711 Anselmus
2799 3655 3102 3711 Lucensisa
3137 3655 3408 3727 Ducaugio
3428 3656 3671 3712 laudatus
3716 3657 3908 3713 tradit:

2320 3767 2338 3800 ι
2360 3753 2403 3803 A
2432 3758 2620 3802 sancto
2662 3747 2924 3803 Silvesuo
2964 3758 3016 3802 et
3047 3747 3380 3819 presbyteris
3427 3749 3542 3817 ejus
3572 3748 3909 3805 colobiorutn

2316 3857 2443 3897 usus
2466 3842 2954 3911 sumpsit'initium,
2984 3851 3037 3897 et
3064 3841 3272 3898 Marcus
3297 3858 3361 3897 ac
3389 3842 3561 3897 Julius
3581 3853 3638 3899 et
3661 3843 3911 3901 Liberius

2314 3952 2379 3991 ex
2407 3936 2597 3991 ordine
2626 3937 2707 3991 usi
2737 3946 2883 3991 sunt.
2919 3935 3049 3991 Post
3072 3937 3169 3991 hos
3198 3949 3374 3992 autem
3403 3937 3607 3994 colobia
3637 3940 3688 3993 in
3705 3939 3913 3995 dalma—

2314 4030 2445 4085 tieas
2466 4039 2954 4084 suntcommntata.
2981 4050 2999 4081 ι
3030 4028 3185 4085 Unde
3211 4040 3548 4101 sequeretur,
3581 4040 3637 4085 ut
3691 4033 3872 4087 dalma

2313 4123 2541 4182 ticarum
2564 4138 2718 4176 nsum
2742 4122 3147 4188 nonSilvester,
3182 4122 3278 4177 sed
3315 4123 3575 4178 Damasus
3619 4124 3831 4193 primus
3861 4127 3908 4180 in

2315 4216 2617 4273 Ecclesiam
2647 4217 2916 4271 invexisse
2946 4216 3207 4270 dicendus
3236 4225 3399 4271 esset.
3431 4216 3534 4271 Sed
3563 4227 3618 4273 et
3642 4219 3807 4289 quod
3846 4219 3911 4275 dc

2313 4307 2567 4380 Cypriani
2591 4308 2878 4363 daltnatica
2910 4322 2976 4364 ex
2998 4307 3117 4377 ejus
3129 4306 3251 4362 Vita
3272 4324 3300 4361 a
3332 4308 3523 4365 Pontio
3549 4311 3747 4376 scripta
3767 4310 3910 4365 dixi-

2312 4417 2456 4467 mus,
2485 4402 2603 4470 ejus
2634 4410 2786 4455 usum
2814 4401 2866 4455 in
2892 4400 3132 4456 Ecclesia
3171 4411 3225 4455 et
3276 4401 3505 4456 Damaso
3548 4411 3604 4455 et
3650 4400 3912 4458 SilveStro

2312 4495 2672 4565 antiquiorem
2691 4508 2814 4549 esse
2835 4494 3123 4563 persuadet
3143 4512 3155 4547 :
3175 4494 3316 4548 sicut
3342 4508 3409 4549 ex
3438 4492 3763 4549 testimoniis
3786 4509 3908 4550 mox

2310 4587 2488 4641 allatis
2508 4587 2810 4652 conficitur,
2829 4587 3077 4641 eumdem
3107 4586 3435 4641 colobiorum
3460 4600 3562 4640 usu
3609 4586 3773 4658 vulgo
3793 4603 3907 4645 ere.

613 4683 713 4741 Hic
743 4684 1043 4755 honor,qni
1070 4686 1435 4754 apostolorum
1455 4696 1859 4754 martyruntque
1888 4680 2205 4751 corporibus
2235 4686 2283 4746 1)
2309 4678 2479 4734 ditum
2508 4693 2631 4734 esse
2661 4681 3039 4735 recentiorem.

607 4780 730 4851 jure
755 4782 964 4836 delatus
994 4789 1096 4845 est,
1120 4780 1187 4835 ad
1213 4796 1329 4845 eos,
1362 4796 1590 4851 quorum
1617 4793 1720 4833 non
1747 4788 1830 4832 est
1874 4793 1969 4847 par
2010 4777 2208 4831 sancti-

613 4886 718 4943 tas,
748 4876 1017 4931 immerito
1045 4875 1140 4930 fuit
1162 4877 1470 4932 translatus.
1500 4874 1572 4931 Ut
1595 4884 1773 4929 autem
1794 4873 2205 4929 hunchouoretn

615 4968 985 5040 Eutychianns
1024 4969 1355 5040 martyribus
1406 4967 1749 5032 decerneret,
1802 4981 1865 5022 ea
1914 4965 2205 5033 excogitari

614 5073 794 5136 potest
821 5079 1004 5131 causa,
1057 5064 1200 5134 quod
1232 5062 1514 5118 Manichaei
1540 5072 1856 5116 sanctorum
1907 5071 2205 5133 martyrum

614 5158 817 5214 cultum
846 5174 950 5213 non
976 5172 1137 5214 secus
1156 5168 1320 5227 atque
1349 5155 1704 5210 idololatrian)
1738 5156 2086 5225 respuebant.

686 5253 740 5307 5.
773 5251 879 5308 Nec
905 5250 1207 5322 negandum
1248 5246 1445 5304 colobii
1473 5257 1565 5302 aut
1609 5247 2017 5305 dalmaticarnm
2047 5263 2210 5304 voces

614 5345 862 5414 antiquas
882 5359 1025 5400 esse.
1060 5343 1117 5396 ln
1173 5342 1280 5394 vita
1310 5339 1369 5396 S.
1404 5338 1653 5412 Cypriani
1686 5356 1716 5395 a
1768 5341 1960 5398 Pontio
2007 5342 2209 5409 scripta

614 5435 870 5510 legimus:
904 5457 923 5489 ι
954 5437 1169 5491 Etcum
1224 5449 1283 5488 se
1332 5433 1616 5489 dalmatica
1676 5434 2028 5503 cxspoliasset
2071 5430 2212 5508 (Cy-

613 5530 885 5602 prianus),
927 5538 983 5584 et
1020 5527 1334 5582 diaconihus
1362 5526 1690 5592 tradidisset,
1722 5528 1773 5582 in
1820 5527 1958 5583 linea
1990 5528 2160 5583 stetit.
2187 5546 2206 5579 ι

614 5625 880 5693 Antiquos
908 5630 1116 5686 auctor,
1146 5619 1347 5686 anest.
1376 5618 1568 5675 Vet.et
1583 5619 1716 5675 Nov.
1738 5619 1887 5676 Test.
1920 5620 2063 5691 apud
2094 5623 2209 5673 Au-

613 5717 887 5791 gustimun
912 5757 927 5781 ,
960 5712 1205 5786 Append.
1248 5722 1287 5768 t.
1321 5729 1398 5781 ιιι,
1417 5728 1468 5768 c.
1492 5712 1587 5776 49,
1611 5727 1731 5767 cum
1757 5728 1997 5767 romanae
2036 5710 2213 5769 eccle-

615 5815 713 5871 sia:
741 5811 983 5873 diaconis
1009 5810 1082 5866 ita
1109 5809 1444 5883 expostulat:
1493 5828 1512 5862 ι
1537 5808 1701 5879 Quasi
1733 5825 1839 5865 non
1890 5807 2054 5865 hodie
2092 5808 2211 5864 dia-

620 5905 741 5960 coni
771 5903 1090 5974 {dalmaticis
1140 5904 1431 5960 induantur
1486 5905 1623 5957 sicut
1673 5901 1928 5972 episcopi.
1968 5920 1988 5953 ι
2025 5900 2125 5955 Ubi
2156 5911 2211 5956 et

2384 4772 2437 4827 5.
2473 4773 2695 4828 Colobia
2728 4784 2931 4837 autem,
2956 4773 3095 4827 sient
3115 4781 3170 4828 et
3196 4772 3519 4839 dalmaticm,
3543 4777 3908 4832 eranttunica:

2312 4869 2527 4923 talares.
2557 4867 2671 4923 Hoc
2698 4868 2969 4925 distabant
2996 4867 3299 4921 dahnatica:
3328 4884 3355 4921 a
3375 4868 3570 4924 tunicis
3591 4881 3643 4924 et
3662 4871 3906 4935 colobiis,

2308 4961 2453 5032 quod
2479 4961 2786 5018 dalmaticis
2816 4963 3010 5032 ampla:
3048 4972 3202 5017 erant
3233 4963 3478 5030 tnanicze,
3510 4965 3702 5019 tunicis
3756 4966 3909 5021 stricc

2308 5064 2399 5120 ιω,
2426 5055 2651 5111 colobiis
2693 5055 2773 5110 vel
2820 5054 2982 5110 null-.e
3033 5056 3115 5110 vel
3159 5056 3369 5111 breves.
3403 5056 3476 5112 De
3527 5058 3755 5114 colobiis
3787 5077 3903 5116 cum

2311 5146 2568 5204 brevibus
2614 5148 2842 5203 manicis
2869 5148 3129 5203 habemus
3158 5149 3286 5203 illud
3313 5149 3578 5218 Cassiani,
3610 5153 3680 5208 de
3711 5153 3904 5209 Habitu

2311 5242 2589 5309 monach.,
2621 5257 2673 5297 c.
2705 5243 2774 5297 5:
2812 5261 2830 5293 ι
2850 5241 3088 5297 Colobiis
3114 5258 3331 5314 quoque
3358 5243 3515 5300 lineis
3564 5246 3759 5312 induti,
3787 5264 3903 5318 qua:

2313 5333 2401 5389 vix
2422 5332 2491 5389 ad
2517 5336 2819 5389 cubitorum
2846 5335 2996 5390 initia
3031 5338 3361 5407 pertingunt,
3390 5338 3560 5393 nudas
3594 5340 3663 5394 de
3699 5342 3904 5412 reliquo

2313 5428 2697 5484 circumierunt
2724 5444 2933 5483 manus.
2963 5451 2981 5481 ι
3014 5431 3316 5485 Dorotbeus
3343 5447 3472 5485 vero
3503 5432 3647 5487 doct.
3679 5434 3729 5489 1.
3755 5449 3902 5504 quae-

2313 5520 2407 5586 rit,
2434 5535 2533 5575 cur
2555 5523 2946 5576 monachorum
2988 5522 3256 5577 colobiutn
3287 5522 3512 5578 manicis
3536 5534 3741 5592 careat,
3782 5542 3900 5581 cum

2316 5624 2636 5669 caeterornm
2665 5615 2904 5669 omnium
2930 5617 3250 5672 manicatum
3272 5616 3522 5677 sitJdem
3546 5626 3600 5673 et
3631 5618 3718 5673 ubi
3748 5618 3901 5675 addi.

2314 5708 2424 5765 dit:
2459 5727 2478 5760 ι
2502 5708 2783 5764 Colobium
2812 5721 3057 5766 nostrum
3088 5711 3249 5767 habet
3276 5713 3487 5783 signum
3518 5728 3898 5785 purpureum,»

2315 5817 2529 5859 rursum
2556 5803 2776 5874 quaerit:
2806 5803 2946 5872 Quid
2972 5804 3074 5859 sibi
3101 5806 3212 5862 vult
3241 5807 3452 5877 signum
3480 5810 3847 5878 purpureum?
3877 5827 3895 5860 ι

2314 5912 2377 5952 ac
2405 5894 2729 5964 respondet:
2763 5896 3182 5968 (Unusquisque
3205 5899 3439 5954 militans
3470 5900 3579 5964 regi
3612 5915 3901 5969 purpuram
