4060 6276
682 384 789 444 1673

1299 370 1725 435 nuncnum
1765 334 1967 433 nam
2007 362 2459 433 EXHORTATIO
2488 370 2579 429 ao
2619 366 3147 443 rassamaos,
3188 368 3340 429 aro.

3871 375 3951 433 164

684 502 970 557 Gratianus
1008 514 1198 563 xxvnt,
1253 504 1447 567 quaest.
1483 496 1532 562 l,
1580 510 1629 549 c.
1665 491 1700 547 2
1747 501 1800 548 et
1852 493 1884 546 5
1936 488 2258 560 suppeditat.
2290 484 2342 545 Α
2370 495 2477 540 tum
2529 502 2668 550 ρεςρ,
2717 497 2771 542 et
2823 487 2874 542 in
2904 504 2985 554 ea,
3034 486 3176 543 sicut
3207 495 3261 541 et
3302 487 3354 543 in
3396 484 3634 555 Oriente,
3678 486 3872 543 saltem
3900 490 3951 543 ad

686 592 818 649 llnic
845 591 1194 664 prreluserant
1221 587 1587 652 Bnrchardus,
1641 587 1733 640 lib.
1764 603 1850 651 xr,
1882 601 1931 639 c.
1978 585 2046 639 so
2075 594 2130 639 et
2181 585 2273 651 60,

684 704 891 742 necnon
914 685 1024 750 lvo,
1056 701 1107 755 p.
1130 682 1184 750 8,
1207 699 1255 738 c.
1280 682 1382 739 193
1404 692 1458 737 et
1482 679 1603 736 196.
1628 678 1922 749 Utrumque
1944 679 2274 748 descriptum

682 791 764 835 est
788 797 848 835 ex
876 775 1237 834 Pmttiteutiali
1265 774 1532 830 Theodori
1564 772 1818 828 Cantuar.
1852 786 1971 842 cap.
2006 772 2073 826 l3
2104 781 2159 825 et
2182 771 2273 836 15,

680 883 740 929 ιιι
768 872 953 928 videre
976 880 1059 927 est
1079 869 1218 943 apud
1239 869 1641 936 Petitum,tom.
1669 884 1705 934 ι,
1737 883 1854 938 pag.
1885 867 1974 934 11,
2000 875 2053 921 et
2074 863 2278 920 Dache—

682 969 819 1023 rium
847 965 1129 1036 Spicileg.,
1160 974 1291 1021 tom.
1320 976 1396 1019 lx.
1596 950 1601 953 ⁷

753 1060 840 1117 11.
868 1058 1023 1129 Quod
1052 1058 1283 1131 septimo
1308 1057 1428 1112 loco
1457 1072 1488 1113 e
1509 1054 1786 1121 Gratiano,
1816 1070 1981 1120 xxxv,
2006 1051 2275 1126 qtttest.6,

678 1173 728 1213 e.
761 1155 816 1222 7,
872 1152 1202 1220 descriptum
1251 1159 1335 1206 est
1371 1151 1434 1205 de
1474 1150 1766 1221 juramento
1813 1146 2073 1218 synodali,
2125 1143 2280 1216 cujus

678 1247 888 1302 initium
917 1265 929 1300 :
967 1263 985 1297 ι
1020 1244 1322 1314 Episcopus
1372 1243 1423 1297 in
1452 1240 1661 1314 synodo
1690 1240 1958 1306 residens,
1996 1247 2118 1309 post
2147 1252 2278 1292 con-

679 1354 868 1410 gruam
886 1336 1339 1402 exhortationem,
1355 1344 1564 1404 septem
1583 1350 1647 1388 ex
1668 1332 1826 1403 plebe
1845 1332 1964 1402 ejus
1984 1329 2276 1401 parochite,

682 1433 765 1489 vel
796 1449 860 1487 eo
886 1433 1133 1502 amplius,
1163 1440 1323 1500 prout
1367 1426 1564 1483 viderit
1602 1425 1878 1497 expedire,
1932 1423 2277 1490 maturiores,

684 1524 1021 1581 honestiores
1047 1533 1207 1594 atque
1240 1523 1543 1577 veraciores
1572 1521 1718 1575 viros
1750 1518 1907 1574 debet
1957 1518 2009 1573 in
2043 1518 2280 1573 medium

680 1617 965 1684 advocare,
986 1625 1090 1672 etc.
1116 1634 1134 1667 ι
1159 1612 1347 1669 eadem
1362 1613 1571 1667 ratione
1594 1611 1824 1667 refertur
1841 1619 1894 1665 et
1922 1609 2063 1679 apud
2089 1608 2280 1664 Ansel-

679 1730 824 1771 mum
859 1713 951 1768 lib.
982 1727 1057 1777 vr,
1085 1710 1377 1767 secundum
1410 1725 1512 1765 ms.
1542 1708 1824 1777 German.,
1857 1723 1907 1763 c.
1944 1706 2067 1762 HG.
2115 1704 2283 1761 Extat

680 1817 735 1864 et
758 1807 895 1879 apud
920 1805 1312 1871 Burchardum,
1347 1802 1441 1859 lib.
1468 1820 1507 1869 ι,
1540 1818 1660 1873 cap.
1693 1802 1755 1857 9i
1790 1814 1840 1856 et
1890 1799 1984 1867 99.,
2017 1800 2163 1854 velut
2215 1814 2282 1853 ex

2379 588 2587 633 sextum
2613 597 2779 649 usque
2817 581 3097 643 smculum,
3153 578 3292 634 hunc
3345 581 3642 636 obtinuisse
3692 597 3866 646 usum,
3911 595 3955 635 ut

2382 673 2743 727 testimonium
2789 673 2984 729 dicturi
3032 673 3316 743 Evangelia
3345 675 3459 730 sibi
3490 670 3791 745 proposita,
3836 673 3955 728 nulla

2379 778 2651 819 sacrarum
2721 748 3071 838 reliquiarum
3123 767 3398 822 mentione
3442 768 3602 833 facta,
3660 776 3952 838 tangerent:

2379 860 2531 929 CltjttS
2560 863 2635 915 rei
2662 861 2819 917 [idem
2849 862 3045 919 facient
3067 862 3295 933 epistola
3327 861 3397 918 15
3428 859 3606 932 Vigilii
3640 875 3815 932 papae,
3839 876 3887 913 ιι.
3911 858 3954 923 2,

2382 953 2579 1025 Pelagii
2611 954 2632 1010 Ι
2679 955 3035 1028 fragmentum
3070 958 3161 1023 44,
3214 954 3281 1012 ad
3326 955 3668 1017 Decoratum,
3702 948 3955 1025 Mopsues-

2381 1060 2519 1105 tena:
2543 1051 2733 1123 synodi
2773 1062 2925 1122 gesta
2957 1052 3169 1108 concilii
3198 1052 3367 1122 quinti
3395 1052 3667 1123 generalis
3717 1050 3955 1107 actionis

2381 1144 2603 1208 inserta,
2630 1156 2840 1200 sextum
2863 1147 3151 1202 concilium
3169 1147 3442 1217 generale,
3466 1156 3573 1202 act.
3592 1146 3682 1211 11,
3706 1161 3832 1218 pag.
3851 1146 3953 1201 977.

2384 1241 2688 1311 Superioris
2754 1252 2934 1299 autem
2983 1243 3227 1300 formula:
3274 1243 3615 1312 adhibendte,
3676 1260 3779 1300 seu
3823 1259 3957 1315 supra

2383 1334 2655 1405 Reliquias
2672 1336 2889 1406 jurandi
2916 1347 3244 1408 praeceptum
3276 1338 3418 1409 apud
3441 1337 3748 1405 Baluzium,
3782 1347 3902 1391 tom.
3925 1352 3953 1399 l,

2382 1428 2609 1501 Capitol.
2645 1431 2698 1485 in
2720 1430 3013 1501 Capitulari
3039 1448 3117 1500 tv,
3159 1433 3434 1500 anni803,
3468 1434 3583 1489 sive
3622 1434 3692 1488 de
3723 1433 3842 1504 lege
3884 1432 3958 1486 lli-

2384 1524 2694 1593 puariense,
2734 1541 2853 1595 cap.
2884 1526 2975 1589 57,
3022 1542 3145 1598 pag.
3194 1528 3325 1594 598,
3351 1537 3404 1582 et
3443 1527 3584 1599 apud
3635 1527 3957 1584 Sirmondutn

2386 1630 2517 1675 tom.
2549 1637 2609 1689 ιι,
2661 1637 2816 1676 conc.
2866 1622 3030 1688 Gall.,
3066 1639 3183 1693 pag.
3235 1622 3362 1689 246,
3414 1623 3609 1692 legitur
3638 1622 3730 1677 his
3775 1623 3957 1677 verbis:

2393 1731 2410 1762 ι
2438 1713 2607 1767 Ornue
2634 1722 3032 1768 sacramentum
3057 1714 3109 1768 in
3141 1714 3390 1769 Ecclesia
3424 1726 3519 1770 aut
3542 1729 3706 1785 supra
3738 1714 3961 1785 reliquias

2383 1804 2629 1874 juretur:
2656 1815 2708 1860 et
2737 1806 2879 1877 quod
2912 1807 2963 1861 in
2996 1806 3238 1862 Ecclesia
3265 1806 3555 1876 jurandum
3584 1818 3693 1872 est,
3728 1806 3816 1862 vel
3864 1821 3961 1862 cum

681 1902 916 1956 decretis
954 1898 1272 1970 Eutyciiiani
1322 1911 1497 1967 papic,
1550 1911 1669 1965 cap.
1701 1895 1754 1951 9.
1788 1894 1893 1950 Sed
1946 1890 2087 1964 apud
2135 1890 2280 1946 hunc
2309 1894 2485 1956 Bsex
2517 1898 2726 1962 electis,
2761 1898 2866 1964 vel,
2922 1898 2964 1952 si
3016 1897 3300 1953 duodecim
3358 1914 3480 1954 esse
3532 1899 3761 1966 debent,
3810 1898 3961 1969 quales

682 2011 800 2065 cap.
829 1993 899 2049 9?.
943 2003 997 2047 et
1043 1992 1114 2047 95
1152 1989 1511 2059 subjiciuntur
1554 1988 1623 2045 88
1659 1988 1921 2058 capitula,
1974 1986 2041 2041 de
2087 1984 2283 2056 quibus

683 2087 826 2143 velut
854 2102 919 2142 ex
952 2083 1193 2155 ejusdem
1228 2082 1547 2155 Eutychiani
1592 2093 1863 2152 praecepto
1919 2074 2283 2149 interrogandi

683 2183 792 2237 sint
812 2182 900 2251 qui
929 2183 1075 2251 prius
1099 2188 1440 2235 sacramento
1472 2175 1715 2248 synodali
1746 2191 1808 2231 se
1834 2174 2277 2229 constrinxerint.

685 2274 850 2328 Porro
882 2284 1069 2326 omnes
1101 2269 1174 2324 illi
1208 2268 1529 2325 collectores
1560 2267 1611 2322 in
1646 2266 1746 2321 hac
1788 2264 2113 2320 sacramenti
2171 2263 2282 2317 for-

687 2367 826 2421 mula
873 2364 1241 2429 consentiuut,
1274 2378 1377 2435 qua
1439 2360 1658 2416 (allatis
1713 2361 2031 2416 Sanetorum
2084 2358 2278 2428 pigno-

685 2464 853 2525 ribus,
883 2474 901 2511 ι
966 2474 995 2513 a
1045 2458 1256 2526 iurante
1313 2455 1544 2524 exigitur
1580 2454 1765 2525 «quod
1812 2460 1865 2507 tu
1919 2468 2019 2508 nec
2065 2460 2286 2522 propter

684 2568 944 2618 amorem,
981 2567 1078 2606 nec
1111 2558 1329 2621 propter
1387 2551 1656 2614 timorem,
1720 2563 1817 2601 nec
1878 2554 2099 2616 propter
2148 2561 2287 2614 prte-

685 2646 875 2708 :uium,
932 2657 1032 2698 nec
1060 2650 1279 2713 prOpter
1310 2639 1639 2711 parentelam
1672 2638 1937 2693 ullatenus
1980 2637 2124 2692 celes
2169 2639 2286 2707 epi-

684 2754 930 2809 scopum,
960 2748 1052 2792 aut
1082 2739 1200 2807 ejus
1233 2737 1455 2792 missum
1490 2736 1575 2790 cui
1608 2736 1709 2789 hoc
1740 2733 2013 2805 inquirere
2039 2731 2284 2803 jusserit,

685 2832 1133 2901 quandocumque
1160 2846 1223 2885 ex
1250 2830 1352 2885 hoc
1384 2838 1435 2885 te
1464 2829 1895 2899 interrogaverit.
1929 2828 2018 2883 Sic
2057 2837 2103 2880 te
2148 2823 2288 2881 Deus

685 2929 909 2995 adiuvet,
935 2937 980 2981 et
1009 2928 1121 2981 ista:
1147 2926 1455 2981 Sanctorum
1493 2925 1773 2996 reliquiae.»
1810 2923 1906 2979 Cui
1960 2923 2150 2978 similis
2206 2928 2289 2976 est

684 3026 782 3079 ista
806 3022 1170 3092 interrogandi
1199 3021 1429 3075 formula
1451 3017 1589 3090 apud
1604 3017 1942 3085 Gratianum,
1979 3017 2135 3083 ibid.,
2156 3028 2208 3071 c.
2228 3016 2284 3082 5,

683 3119 849 3173 relata
883 3117 933 3171 iu
970 3116 1110 3171 hunc
1152 3114 1403 3170 modum:
1463 3126 1482 3165 ι
1511 3114 1583 3169 De
1640 3115 1737 3168 ista
1789 3111 2084 3184 parentela,
2127 3125 2285 3182 quam

683 3212 869 3268 dicunt
888 3226 1008 3267 esse
1036 3211 1176 3266 inter
1202 3209 1352 3264 illum
1371 3208 1436 3262 N.
1463 3218 1517 3263 et
1537 3208 1677 3263 inter
1699 3204 1844 3261 illam
1864 3205 1982 3275 ejus
1999 3204 2286 3274 conjugem

2391 1990 2622 2058 potuerit
2661 1988 2942 2055 invenire;
2970 1999 3023 2045 et
3053 1991 3131 2045 sic
3151 1990 3332 2061 juret:
3369 1991 3458 2047 Sic
3489 1992 3636 2046 illum
3662 1990 3807 2047 Deus
3836 1991 3961 2062 adju-

2387 2092 2485 2144 t~ct,
2520 2084 2666 2137 etilli
2695 2082 2877 2138 Sancti
2907 2100 3123 2154 quorum
3150 2086 3260 2139 ista:
3282 2085 3510 2150 reliquiw
3549 2095 3692 2150 sunt,
3751 2093 3810 2140 ut
3850 2084 3964 2139 dicat

2387 2173 2691 2229 veritatem.
2709 2195 2726 2226 ι
2760 2175 3010 2245 Ejusdem
3031 2176 3108 2231 rei
3134 2186 3460 2247 praeceptum
3479 2187 3640 2250 atque
3671 2192 3831 2233 usum
3852 2175 3964 2247 apud

2388 2266 2698 2336 pt'atdicntm
2734 2268 3032 2335 Baluzium,
3066 2285 3185 2340 pag.
3234 2269 3321 2335 60,
3355 2271 3538 2327 videre
3582 2282 3660 2326 est
3716 2271 3771 2325 in
3820 2271 3961 2341 Daga-

2389 2357 2527 2412 berti
2561 2360 2702 2430 regis
2730 2359 3024 2430 Capitulari
3056 2377 3111 2425 tt,
3146 2362 3271 2415 anni
3292 2360 3420 2430 650,
3445 2363 3560 2418 sive
3592 2362 3725 2430 lege
3745 2363 3966 2418 Alaman-

2389 2472 2603 2521 norum,
2627 2472 2747 2526 cap.
2769 2457 2821 2523 7,
2843 2457 2932 2511 ubi
2953 2458 3226 2513 sancitur:
3256 2478 3274 2510 ι
3296 2458 3400 2514 Ista
3422 2468 3773 2515 sacramenta
3798 2459 3965 2516 debent

2390 2565 2510 2604 esse
2542 2550 2744 2619 jurata,
2778 2559 2836 2605 ut
2881 2551 2956 2604 illi
3006 2552 3378 2622 conjuratores
3425 2569 3615 2608 manus
3660 2568 3796 2610 suas
3836 2566 3965 2621 super

2389 2657 2604 2713 Capsam
2648 2652 2870 2712 ponant,
2917 2655 2972 2699 et
2997 2644 3088 2699 ille
3125 2644 3291 2709 solus,
3343 2645 3429 2699 cui
3468 2661 3631 2702 causa
3668 2646 3963 2716 requiretur,
4024 2644 4025 2716 ξ

2389 2738 2551 2792 verba
2587 2746 2790 2792 tantum
2820 2738 2983 2805 dicat,
3018 2747 3072 2793 et
3093 2754 3255 2808 super
3282 2740 3521 2793 omnium
3549 2754 3749 2793 manus
3780 2750 3960 2794 manum

2391 2846 2545 2885 suam
2566 2833 2825 2900 imponat,
2846 2839 2900 2885 ut
2918 2832 2997 2885 sic
3018 2831 3088 2885 illi
3112 2832 3251 2886 Deus
3267 2830 3484 2901 adjuvet
3499 2832 3585 2886 vel
3607 2830 3718 2885 illa:
3738 2829 3960 2900 reliquie,

2390 2934 2496 2978 etc.
2512 2943 2530 2974 ι
2566 2922 2699 2977 Vide
2722 2921 3012 2977 concilium
3042 2920 3527 2976 Francofordiense
3544 2937 3692 2976 anno
3716 2921 3821 2978 794
3840 2919 3964 2975 cele-

2390 3016 2624 3082 bratum,
2656 3032 2777 3072 can.
2805 3015 2863 3083 9,
2887 3015 2973 3070 tibi
3000 3024 3092 3069 aut
3119 3017 3275 3071 tactis
3321 3015 3651 3086 Evangeliis,
3679 3023 3775 3070 aut
3816 3025 3963 3070 coram

2388 3111 2677 3179 propositis
2698 3109 2937 3181 reliquiis
2959 3108 3171 3178 jnrandi
3208 3123 3324 3163 mos
3344 3108 3630 3164 indicatur.

2468 3203 2552 3258 15.
2611 3202 2894 3258 Decretum
2961 3200 3120 3257 illud:
3175 3201 3376 3255 Malunt
3414 3217 3660 3273 magnum
3723 3199 3961 3262 ebrietatis,

4022 2874 4026 2945 1

4020 3010 4026 3187 Ι

682 3307 747 3362 Ν.
780 3304 1038 3377 quidquid
1060 3303 1185 3360 inde
1206 3305 1314 3359 scis
1334 3306 1427 3357 aut
1455 3303 1649 3357 audisti
1694 3317 1722 3355 a
1757 3301 1862 3355 tuis
1890 3300 2101 3365 vicinis,
2134 3309 2225 3354 aut
2251 3314 2281 3381 ει
2309 3301 2351 3363 C
2386 3296 2524 3367 quod
2547 3312 2613 3351 ex
2646 3295 2902 3351 librorum
2926 3311 3035 3361 xw,
3061 3295 3198 3350 libro
3216 3311 3330 3360 xw,
3362 3311 3482 3366 cap.
3502 3295 3556 3363 2,
3581 3295 3857 3366 vulgatum
3883 3302 3961 3353 est.
4022 3348 4023 3357 χ

2387 3391 2640 3463 quodque
2665 3389 2805 3462 apud
2840 3389 3233 3457 Burchardum,
3267 3390 3360 3445 lib.
3396 3405 3516 3455 XVI,
3548 3405 3671 3460 cap.
3702 3391 3760 3459 2,
3793 3400 3846 3445 et
3870 3386 3962 3442 lvo-
4022 3440 4023 3455 η

2388 3501 2532 3547 nent,
2563 3501 2614 3554 p.
2646 3485 2733 3547 15,
2768 3500 2817 3539 c.
2844 3484 2932 3550 71,
2962 3484 3304 3551 offendimus,
3325 3494 3409 3540 est
3429 3483 3761 3555 Mogontiaci
3785 3478 3962 3540 concilii
4022 3522 4023 3529 η

685 3403 789 3456 luis
837 3398 1230 3469 antiquioribus
1290 3396 1625 3467 propinquis,
1673 3394 1816 3465 quod
1849 3403 1905 3447 tu
1949 3409 2043 3463 per
2075 3391 2279 3446 nullum

687 3494 986 3564 ingenium,
1032 3506 1132 3546 nec
1166 3498 1389 3561 propter
1418 3503 1684 3555 amorem,
1716 3503 1817 3543 nec
1849 3495 2071 3557 prepter
2124 3487 2285 3540 timo-

686 3603 825 3650 rem,
854 3596 945 3639 aut
998 3598 1094 3653 per
1120 3583 1438 3653 pratmium,
1487 3589 1578 3634 aut
1612 3595 1707 3650 per
1755 3576 2281 3649 consaugninitatem

686 3678 887 3733 celabis
916 3676 1227 3746 episcopum
1252 3685 1421 3737 tuum,
1479 3681 1571 3726 aut
1620 3671 1739 3741 clas
1767 3670 1988 3724 missum
2040 3668 2125 3724 cui
2181 3667 2284 3722 hoc

686 3772 958 3843 inquirere
983 3768 1223 3841 jusserit,
1254 3766 1704 3838 quandocumque
1732 3775 1785 3820 te
1828 3778 1892 3819 ex
1924 3763 2026 3817 hoc
2053 3762 2283 3817 interro-

686 3866 908 3936 gaverit.
941 3864 1028 3919 Sic
1056 3872 1104 3918 te
1133 3862 1268 3916 Deus
1290 3860 1517 3930 adjuvet,
1549 3870 1595 3913 et
1641 3858 1753 3912 ista:
1796 3858 2117 3913 Sanctorum
2164 3854 2285 3908 reli-

687 3958 835 4027 quiae.
860 3975 881 4007 ι
918 3957 1077 4025 Atqui
1126 3955 1239 4010 haec
1280 3953 1569 4008 novissima
1622 3949 1846 4006 formula
1875 3950 2032 4022 (qua:
2063 3956 2117 4003 et
2145 3944 2285 4017 apud

691 4049 1063 4104 Burcltardum
1087 4048 1179 4101 lib.
1202 4062 1296 4113 vn,
1318 4062 1367 4101 c.
1383 4045 1473 4107 25,
1494 4053 1549 4100 et
1568 4042 1704 4115 apud
1723 4044 1961 4106 lvonem,
1979 4056 2030 4110 p.
2047 4039 2099 4107 9,
2121 4055 2169 4095 c.
2192 4038 2282 4105 61,

687 4141 1051 4213 ancpigrapha
1079 4149 1198 4207 est;
1229 4154 1404 4211 neque
1440 4138 1606 4203 enim,
1644 4144 1700 4189 ut
1744 4140 1999 4207 putarunt
2026 4128 2283 4187 Pitlueani

690 4236 911 4301 fratres,
940 4235 1009 4291 ad
1042 4235 1179 4290 hanc
1211 4229 1832 4305 pertinetstiperioribus
1872 4228 2107 4285 decretis
2147 4242 2284 4297 prae-

690 4330 792 4384 lixa
827 4328 1071 4400 Gregorii
1095 4343 1161 4384 ex
1209 4324 1440 4383 concilio
1485 4325 1645 4380 Rom.
1681 4320 1894 4393 citatio)
1946 4339 1975 4376 a
2028 4321 2286 4378 Gratiano

689 4434 746 4478 ut
771 4438 837 4480 ex
858 4422 1059 4478 Ordine
1086 4422 1329 4477 Romano
1349 4419 1565 4474 citatur.
1598 4416 1883 4473 Probabile
1926 4424 2011 4470 est
2041 4415 2199 4485 igitur
2231 4418 2287 4469 et

688 4534 753 4573 ex
799 4518 990 4573 eodem
1038 4514 1240 4571 Ordine
1287 4513 1573 4586 repetitum
1627 4524 1749 4567 csse
1795 4506 2046 4580 superius
2099 4508 2288 4563 decre-

688 4625 819 4669 tum.

2387 3593 2530 3634 anno
2553 3578 2661 3633 815
2690 3578 2969 3644 celebrati,
3002 3594 3175 3634 canon
3205 3577 3298 3633 46.

2463 3674 2550 3728 ll.
2577 3673 2730 3739 Quod
2756 3673 2880 3728 huic
2905 3673 3213 3742 subjicitur:
3240 3672 3527 3743 «Episcopi
3546 3688 3610 3727 ac
3639 3671 3745 3729 Dei
3772 3665 3964 3727 ministri

2389 3782 2496 3821 non
2527 3762 3235 3821 debentcomessationibus
3261 3776 3316 3821 et
3352 3764 3661 3821 vinolentiis
3692 3762 3865 3821 nimiis
3904 3762 3964 3814 in-

2388 3860 2677 3926 cumbere,
2710 3879 2728 3912 s
2764 3860 2911 3915 velut
2951 3876 3013 3915 ex
3043 3859 3231 3913 iisdem
3266 3859 3452 3926 libris,
3496 3857 3654 3926 ibid.,
3706 3874 3759 3914 c.
3793 3859 3845 3921 5,
3872 3855 3963 3909 des-

2389 3956 2641 4026 criptum,
2674 3957 2918 4012 similiter
2935 3968 2987 4011 et
3004 3954 3366 4021 Burchardus,
3392 3955 3484 4010 lib.
3508 3971 3619 4019 xvi,
3638 3971 3691 4010 c.
3715 3957 3770 4022 5,
3807 3964 3856 4009 et
3875 3952 3958 4015 lvo,

2388 4059 2530 4121 part.
2571 4066 2685 4114 xm,
2736 4065 2788 4105 (ι.
2818 4050 2909 4115 70,
2943 4049 3218 4116 exhibent,
3248 4065 3314 4102 ac
3337 4048 3502 4103 nihilo
3532 4050 3707 4120 magis
3736 4048 3804 4104 ad
3834 4047 3963 4114 Euty-

2389 4143 2638 4200 cbiauum
2672 4142 2926 4213 pertinet,
2949 4143 3043 4198 sed
3070 4142 3137 4197 ad
3176 4143 3446 4198 Remense
3472 4141 3776 4197 secundum
3818 4133 3965 4195 conci-
4022 4122 4023 4133 “

2390 4236 2544 4303 ὶίυιιι,
2567 4251 2709 4290 anno
2732 4235 2838 4291 815
2856 4234 3122 4302 habitum,
3146 4236 3297 4304 cujus
3320 4246 3402 4289 est
3418 4250 3588 4290 canon
3621 4233 3716 4291 18.

2465 4329 2553 4383 15.
2599 4329 2975 4384 Postremum:
3026 4327 3411 4382 Observandum
3441 4336 3511 4382 est
3542 4325 3708 4390 nobis,
3749 4341 3851 4397 quo
3889 4318 3963 4375 mi-
4022 4332 4023 4397 ἦ

2391 4421 2573 4476 nistris
2626 4420 2717 4475 Dei
2752 4420 3119 4490 prtescribitur
3172 4420 3493 4491 quibuscum
3540 4418 3821 4474 convivari
3862 4411 3962 4485 ipsis

2391 4512 2570 4578 liceat,
2595 4530 2661 4568 ex
2685 4513 2941 4567 librorum
2965 4530 3078 4579 XVI,
3109 4513 3201 4568 lib.
3228 4530 3337 4577 xnv,
3359 4529 3477 4582 cap.
3507 4512 3592 4577 10,
3625 4512 3959 4580 desumptum.

2393 4618 2448 4661 et
2487 4604 2673 4661 eadem
2708 4608 2916 4662 ratione
2963 4623 2993 4662 a
3044 4604 3376 4670 Burchardo,
3404 4604 3496 4659 lib.
3552 4622 3659 4669 xvr,
3704 4621 3755 4660 c.
3804 4602 3883 4666 10,
3922 4606 3961 4653 et

763 4707 851 4763 12.
884 4706 1181 4764 Fatendum
1229 4717 1405 4761 tamen
1446 4714 1529 4761 est
1574 4702 1628 4759 in
1678 4717 1956 4757 romanam
1992 4694 2286 4755 Ecclesium
2315 4728 2368 4788 Β
2392 4699 2575 4766 lvone,
2608 4716 2660 4769 p.
2694 4701 2782 4766 11,
2807 4716 2855 4755 c.
2890 4701 2980 4766 78,
3000 4696 3294 4764 laudatum,
3332 4707 3415 4752 est
3454 4695 3778 4767 Capitularis
3814 4694 3959 4751 Theo-

692 4802 995 4872 linjusmodi
1023 4816 1226 4859 morem
1265 4798 1477 4857 nuntiisi
1507 4796 1843 4870 sequioribns
1871 4794 2082 4850 s:t:culis
2111 4794 2293 4848 invec-

696 4931 1388 4956 ἰι-..ιι--ιι--κ

2396 4791 2525 4847 dulli
2559 4791 2797 4864 episcopi
2825 4792 3229 4848 Aurelianensis
3271 4800 3431 4863 caput
3458 4792 3546 4846 l5.

1392 4916 3937 4951 b—_————-—_—_———————-—————‘I——‘

1441 5038 2606 5161 EUTYCEIANI
2692 5038 3233 5159 PAPE

1006 5260 1541 5329 EXHORTATIO
1584 5260 1693 5325 AD
1736 5256 2298 5325 PRESBYTEROS
2338 5256 2457 5319 EX
2500 5257 2859 5333 ANTIQUO
2901 5259 3189 5326 CODICE
3235 5261 3675 5326 VATICANO.

770 5442 985 5502 Fratres
1012 5452 1065 5498 et
1106 5440 1414 5496 sacerdotes
1446 5436 1677 5501 Domini,
1711 5440 2093 5503 cooperatores
2122 5430 2295 5486 ttostri

698 5542 901 5598 ordinis
927 5539 1077 5593 estis.
1137 5535 1243 5589 Nos
1288 5533 1526 5603 quidem,
1559 5530 1808 5602 quamvis
1837 5526 2063 5597 indigni,
2114 5526 2291 5583 locum

700 5640 877 5691 Aaron
909 5643 1185 5693 tenemus;
1240 5643 1333 5682 vos
1389 5626 1567 5680 locum
1618 5622 1855 5675 Eleazari
1886 5629 1938 5673 et
1968 5618 2289 5672 [titaniarisz

701 5745 801 5785 nos
827 5731 939 5783 vice
982 5724 1266 5781 duodecim
1320 5720 1687 5792 apostolorum
1736 5712 2040 5785 fungimur;
2082 5725 2177 5767 vos
2222 5712 2291 5768 ad

700 5824 931 5878 formam
957 5814 1294 5888 septuaginta
1318 5810 1547 5869 duorum
1574 5810 1963 5879 discipulorum
1986 5805 2119 5862 estis
2144 5823 2157 5860 :
2194 5821 2297 5862 nos

704 5924 949 5989 pastores
973 5910 1138 5966 vestri
1164 5921 1379 5971 sumus;
1410 5919 1505 5960 vos
1534 5901 1704 5976 plebis
1748 5901 1898 5960 vobis
1942 5900 2244 5959 Commissw
2275 5917 2289 5954 :

2399 5445 2497 5483 nos
2520 5430 2587 5485 de
2612 5431 2763 5486 vobis
2788 5433 3049 5489 rationem
3072 5434 3332 5491 reddituri
3355 5449 3541 5490 sumus
3556 5447 3771 5489 summo
3792 5423 3956 5503 pastori

2398 5525 2624 5579 Domino
2670 5537 2855 5582 nostro
2899 5527 3027 5584 Jesu
3074 5529 3327 5597 Christo;
3382 5545 3478 5585 vos
3526 5531 3593 5585 de
3649 5530 3801 5601 plebe
3837 5520 3955 5578 vobiS

2396 5620 2722 5675 commissa:
2753 5638 2851 5677 nos
2902 5623 2969 5676 de
3014 5624 3166 5678 vobis
3211 5625 3546 5693 pastoribus;
3601 5638 3693 5678 vos
3745 5635 3865 5675 vero
3906 5612 3957 5666 de

2396 5710 2607 5775 oribus,
2634 5710 2686 5767 id
2705 5720 2785 5767 est
2814 5712 2881 5769 de
2905 5713 3149 5784 plebibus
3175 5714 3722 5772 vobiscommendatis
3743 5732 3754 5767 :
3772 5724 3823 5770 et
3843 5707 3951 5765 ideo.

2397 5806 2489 5862 lilii
2530 5808 2867 5877 charissimi,
2903 5810 3292 5882 praevideamus
3339 5806 3637 5885 periculum
3668 5809 3798 5866 tanti
3826 5797 3956 5862 ofilcii

2397 5901 2553 5958 nobis
2590 5904 2886 5962 commissi.
2939 5905 3305 5964 Admonemus
3343 5906 3525 5979 itaque
3564 5915 3619 5963 et
3647 5903 3957 5964 obsecramus
