4060 6322
176 484 274 540 163

734 528 737 533 .
813 478 1234 539 EU’I‘YCillANl
1274 470 1779 553 ΡειΡ.ιΕ;ιζΧιιΟιι1

1886 473 1959 533 ἸΟ
1985 474 2076 531 AD
2104 468 2420 533 PRESBYT
2438 472 2634 543 EliOS,
2661 470 2816 531 ETC.

3360 470 3464 531 166

173 596 546 654 fraternitatem
580 602 829 663 vestram,
864 602 919 651 ut
942 613 1060 667 qua)
1104 605 1299 650 vestra:
1329 604 1632 663 nostrmque
1669 608 1754 645 sa-
1781 593 1833 651 Α
1860 590 2121 659 agendum
2152 608 2311 645 unum
2342 605 2435 644 Vas
2466 587 2677 655 habeat,
2709 598 2761 644 et
2790 589 2931 643 circa
2965 585 3159 642 atrium
3191 600 3343 641 suum
3379 588 3464 641 vel

173 694 281 756 lllll,
326 689 692 761 suggerimus,
737 691 1011 744 memoria)
1048 691 1455 745 commemictis.
1508 687 1756 757 Inprimis

171 787 511 841 admonemus
543 792 600 837 ut
631 784 736 838 vita
764 793 817 837 et
845 782 1186 839 conversatio
1216 794 1388 838 vestra
1410 782 1753 852 irrepreben-

171 879 332 933 sibilis
356 879 423 931 sit
452 893 465 929 :
490 875 715 940 scilicet,
747 886 801 930 ιιι
825 876 957 931 cella
980 886 1155 931 vestra
1184 876 1418 947 sitjuxta
1447 876 1753 940 ecclesiam,

171 982 223 1026 ct
275 973 324 1024 in
373 969 616 1023 domibus
647 970 839 1023 vestris
884 969 1113 1024 feminas
1142 985 1248 1024 non
1296 970 1533 1024 habeatis
1566 986 1580 1024 ι
1611 970 1755 1023 omni

171 1075 323 1117 nocte
348 1061 410 1116 ad
452 1072 744 1115 nocturnas
785 1062 1021 1131 surgite;
1052 1078 1269 1117 cursum
1313 1071 1550 1117 vestrum
1594 1063 1756 1117 certis

170 1157 311 1211 horis
345 1154 629 1211 decantate
676 1173 688 1209 :
732 1156 1015 1210 missarum
1068 1157 1463 1212 celebrationes
1506 1155 1756 1227 religiose

170 1250 440 1322 peragite:
484 1266 682 1321 corpus
726 1259 779 1305 et
804 1252 1115 1320 sanguinem
1150 1251 1357 1307 Domini
1415 1267 1534 1307 cum
1569 1251 1757 1309 timore

171 1354 223 1399 et
268 1345 566 1399 reverentia
594 1344 811 1398 sumite.
849 1344 1039 1400 Nullus
1069 1346 1268 1400 scaccis
1294 1348 1378 1399 vel
1409 1345 1644 1400 alearum
1678 1344 1755 1401 lu-

168 1437 245 1492 dis
276 1437 515 1491 intendat
545 1455 558 1492 :
593 1452 716 1492 vasa
746 1453 895 1492 sacra
925 1437 1169 1492 manibus
1204 1436 1437 1507 prepriis
1466 1437 1665 1493 abluite
1703 1446 1758 1493 et

167 1530 443 1600 extergite.
466 1529 656 1584 Nullus
699 1539 881 1584 cantet
910 1530 1127 1585 missam
1162 1529 1261 1584 nisi
1287 1531 1504 1600 jejunus
1538 1549 1551 1584 :
1580 1530 1758 1585 nullus

166 1633 340 1677 cantet
366 1621 453 1692 qui
481 1639 589 1677 non
615 1622 979 1677 communicet
1011 1640 1022 1675 :
1055 1622 1235 1677 nullus
1262 1631 1441 1677 cantet
1478 1623 1594 1678 sine
1624 1622 1753 1678 arni-

165 1729 272 1783 ctu,
304 1718 441 1782 alba,
476 1717 637 1784 stola,
671 1717 965 1787 manipulo,
998 1716 1049 1771 id
1069 1726 1156 1772 est
1182 1717 1376 1773 fauone
1402 1728 1453 1773 ct
1477 1716 1679 1783 casula,
1704 1728 1757 1772 et

169 1808 281 1862 haec
306 1808 627 1865 vestimenta
666 1808 827 1862 nitida
858 1808 986 1874 sint,
1032 1817 1086 1863 et
1126 1808 1191 1863 ad
1238 1810 1409 1865 nullos
1454 1809 1588 1866 alios
1631 1824 1757 1864 usus

163 1901 288 1954 sint.
335 1899 526 1955 Nullus
553 1902 605 1954 in
645 1900 761 1955 alba
810 1917 914 1972 qua
958 1902 1007 1955 itt
1049 1918 1175 1955 suos
1205 1918 1331 1956 usus
1361 1902 1526 1957 utitur
1555 1885 1753 1958 (latitet.

1860 689 1999 738 circa
2041 686 2321 739 ccciesiattt
2363 684 2427 737 ad
2469 682 2864 753 proceSsiouem
2914 688 3019 737 eat.
3065 679 3225 735 Sacra
3255 695 3379 733 vasa
3414 684 3468 732 et

1861 778 2178 831 ve~titnenta
2209 756 2581 832 [sacerdotalia
2639 777 2801 831 nolite
2848 775 2900 829 itt
2946 773 3306 828 vadimonium
3338 776 3469 827 dare

1860 871 2199 941 negotiatori,
2234 872 2313 926 vel
2344 871 2500 925 alictti
2539 869 2807 925 saeculari.
2862 867 3049 922 Nullus
3084 878 3320 923 vestrum
3364 867 3469 920 mi-

1861 979 1961 1016 nus
2010 964 2168 1032 digne
2237 963 2582 1033 ptenitcntem
2632 961 3017 1032 cuju~cumque
3064 961 3139 1015 rei
3187 960 3353 1031 gratia
3402 957 3471 1015 ad

1861 1054 2350 1111 reconciliationem
2384 1054 2648 1117 adducat,
2681 1062 2733 1109 ct
2760 1056 2808 1109 ei
2836 1053 3198 1109 testimonium
3226 1052 3472 1108 reconci-

1861 1148 2099 1203 liationis
2128 1151 2280 1205 ferat.
2313 1148 2501 1204 Nullus
2528 1158 2761 1203 vestrum
2788 1163 3003 1203 usuram
3027 1149 3233 1218 exigat,
3264 1157 3316 1202 et
3338 1161 3471 1202 con-

1860 1239 2053 1296 ductor
2070 1242 2151 1295 sui
2181 1241 2377 1296 fenoris
2405 1242 2621 1297 existat.
2654 1241 2758 1295 [tes
2784 1251 2837 1296 et
2866 1241 3168 1308 facultates,
3194 1256 3328 1312 quas
3378 1256 3475 1310 per

1859 1334 2007 1389 diem
2042 1335 2419 1391 'ordinationis
2469 1343 2663 1390 vestrae
2710 1333 3021 1406 acquiritis,
3081 1332 3146 1388 ad
3190 1332 3472 1389 ecclesiam

1859 1427 1926 1482 ad
1976 1444 2132 1498 quam
2182 1428 2373 1484 titulati
2401 1431 2553 1497 estis,
2600 1428 2679 1485 vel
2720 1428 2802 1484 cui
2834 1428 3149 1493 deservitis,
3205 1426 3476 1498 pertinere

1860 1521 2065 1576 sciatis.

1933 1613 2124 1668 Nullus
2153 1614 2270 1670 sine
2300 1615 2626 1670 conscientia
2654 1620 2707 1670 et
2733 1629 2998 1670 consensu
3028 1612 3265 1684 episc0pi
3296 1612 3473 1669 eccle-

1860 1708 1991 1761 siam
2011 1709 2253 1779 acquirat
2274 1720 2328 1764 et
2349 1710 2621 1764 obtineat:
2649 1708 2825 1764 nullus
2846 1724 2938 1780 per
2960 1717 3277 1779 potestatem
3305 1723 3478 1763 saecu-

1859 1799 2053 1854 larium
2086 1801 2368 1857 ecclesiam
2395 1811 2572 1857 teneat
2603 1820 2615 1856 :
2644 1803 2823 1858 nullus
2858 1803 3140 1858 ecclesiam
3161 1845 3176 1869 ,
3209 1802 3273 1857 ad
3318 1816 3477 1873 quant

1863 1890 2102 1946 titulatus
2150 1902 2251 1959 est,
2309 1894 2573 1956 dimittat,
2608 1904 2661 1949 et
2696 1892 2763 1949 ad
2810 1894 2968 1949 aliam
3020 1895 3210 1965 migret
3250 1911 3262 1946 :
3296 1893 3477 1948 nullus
3542 1956 3546 1960 ,

162 1992 349 2048 Nullus
372 1992 423 2047 in
458 1994 637 2063 ligneo
663 2002 755 2047 aut
801 1993 854 2048 in
896 1994 1068 2048 vitreo
1101 1996 1267 2049 calice
1304 1995 1499 2050 audeat
1547 1994 1763 2051 missam

1886 1982 2054 2049 )lures
2071 1984 2326 2038 ecclesias
2353 1986 2469 2039 sine
2487 1984 2753 2054 adjutorio
2774 1985 3000 2040 aliorum
3032 1986 3471 2057 presbyterorum

167 2085 455 2141 celebrare.
482 2086 637 2141 Nulla
662 2088 854 2141 ietnina
874 2087 940 2142 ad
963 2088 1130 2143 altare
1152 2087 1394 2153 accedat,
1421 2105 1517 2144 nec
1546 2089 1766 2145 calicem

170 2179 376 2234 Domini
429 2189 643 2250 tangat;
679 2182 962 2248 corporale
1003 2182 1411 2236 ηιιιιιιιίςδίιιιιιιιι
1462 2183 1551 2237 sit.
1588 2184 1769 2238 Aitare

164 2270 232 2325 sit
261 2282 573 2340 conpertum
602 2260 669 2327 ile
702 2273 913 2328 mundis
956 2273 1155 2329 linteis.
1212 2275 1385 2344 Super
1427 2274 1597 2330 altare
1637 2275 1769 2330 nihil

165 2374 406 2432 ponatur.
442 2364 541 2417 nisi
565 2379 742 2433 capsae
772 2373 825 2419 et
855 2365 1096 2435 reliquit}:
1121 2374 1174 2421 et
1200 2377 1429 2435 quatuor
1453 2365 1764 2435 Evangelia,

166 2463 253 2508 aut
283 2456 437 2525 pyxis
462 2470 582 2509 cum
622 2472 847 2524 corpore
887 2456 1098 2511 Domini
1146 2457 1211 2512 ad
1242 2457 1489 2512 viaticum
1524 2459 1766 2513 inlirmo-

165 2561 280 2599 rtttn
318 2563 331 2598 ε
356 2556 550 2601 caetera
582 2547 632 2600 in
662 2546 829 2601 nitido
851 2548 967 2603 loco
991 2548 1372 2603 recomlantur.
1400 2548 1612 2603 liiissale
1646 2550 1761 2619 pie-

170 2637 410 2701 narimn,
477 2638 883 2707 lectiouarimn,
938 2640 1413 2708 antiphonatium,
1468 2652 1521 2696 et
1575 2642 1764 2696 librum

168 2729 517 2800 quadraginta
557 2730 893 2783 itotniliarum
937 2732 1303 2801 unusquisque
1341 2732 1549 2787 habeat.
1590 2731 1767 2787 Locus

169 2822 219 2875 in
246 2823 539 2877 secretario
569 2822 651 2877 vel
680 2822 834 2891 juxta
864 2822 1033 2878 altare
1059 2826 1125 2876 sit
1152 2836 1483 2893 pra'paratns
1515 2825 1602 2879 ubi
1630 2840 1767 2897 aqua

168 2916 507 2983 effundatur,
538 2916 753 2988 quando
782 2933 930 2972 sacra
964 2932 1092 2973 vasa
1122 2918 1437 2986 abluuntur,
1463 2929 1517 2974 et
1548 2920 1635 2973 ubi
1683 2936 1775 2976 vas

170 3011 394 3067 nitidum
447 3011 748 3081 dependeat
796 3027 915 3065 cum
963 3027 1121 3081 aqua,
1174 3021 1233 3065 ut
1277 3013 1531 3067 sacerdos
1585 3028 1777 3069 manus

170 3105 310 3160 lavet
337 3114 456 3175 post
478 3107 933 3159 communionem.
967 3103 1222 3159 Ecclesia:
1251 3105 1356 3160 sint
1384 3105 1521 3161 bene
1547 3122 1774 3177 cooper-

169 3208 236 3252 ιω
260 3208 312 3253 et
334 3210 642 3267 cameratas,
662 3209 714 3254 et
744 3197 935 3254 atrium
965 3198 1210 3254 ecclesia:
1239 3200 1308 3254 sit
1330 3200 1565 3273 undique
1595 3201 1772 3257 numi-

176 3301 361 3398 ¹¹¹¹Ῐῗ’..
540 3396 547 3398 .
733 3388 827 3398 ..
1081 3389 1094 3398 .
1804 3334 1851 3398 c

240 3386 434 3442 Nullus
461 3396 612 3442 extra
636 3388 920 3444 ecclesiam
949 3404 1043 3459 per
1063 3389 1271 3456 domos,
1300 3406 1400 3446 nec
1426 3393 1477 3446 in
1509 3393 1641 3447 locis
1672 3409 1779 3448 non

171 3480 504 3534 consecratis
535 3480 752 3535 missam
784 3490 965 3535 cantet
1010 3498 1023 3534 :
1056 3482 1233 3536 nullus
1264 3483 1413 3537 solus
1440 3493 1620 3539 cantet
1653 3486 1782 3538 mis-

174 3584 288 3624 sam
325 3589 338 3623 :
369 3572 544 3625 omnis
568 3572 851 3643 presbyter
872 3573 1126 3627 clericum
1149 3575 1231 3630 vel
1261 3577 1560 3631 scholarem
1589 3577 1782 3632 habeat

173 3663 262 3733 qui
291 3664 576 3734 epistolam
618 3666 700 3720 vel
733 3666 1014 3721 lcctioneut
1056 3666 1229 3737 legat,
1276 3680 1330 3723 et
1374 3670 1422 3724 ei
1464 3670 1528 3724 ad
1563 3671 1780 3726 missam

174 3757 524 3826 respondeat.
545 3766 598 3812 et
620 3773 741 3813 eum
769 3774 876 3827 quo
899 3758 1132 3827 psalmos
1154 3770 1355 3816 cantet.
1377 3754 1623 3817 lutirntos
1653 3765 1780 3817 visi-

177 3857 307 3912 tate,
336 3859 391 3904 et
422 3865 515 3903 eos
544 3851 609 3903 ad
658 3850 1053 3904 confessionem
1093 3854 1474 3920 reconciliate,
1529 3864 1584 3910 et
1627 3856 1781 3925 juxta

179 3941 489 4009 apostolum
527 3942 648 3995 oleo
674 3951 858 3996 sancto
887 3944 1085 4011 ungite,
1116 3953 1169 3997 et
1200 3961 1360 3999 manu
1389 3948 1603 4015 propria
1633 3964 1783 4002 com-

178 4032 479 4085 tnunicate.
514 4032 716 4093 ,Nullus
764 4045 1050 4102 pratsumat
1098 4035 1308 4090 tradere
1350 4041 1781 4096 communionem

178 4123 312 4179 laico
345 4124 427 4177 vel
462 4124 674 4179 fontium
704 4125 767 4178 ad
797 4126 1148 4181 deferendum
1186 4127 1394 4184 infirmo
1424 4146 1438 4187 :
1480 4133 1659 4186 nullus
1703 4149 1778 4187 sa-

181 4233 328 4271 crum
363 4216 598 4285 chrisma
631 4217 827 4273 vendat
859 4237 872 4272 :
909 4220 1085 4273 nullus
1116 4231 1350 4276 vestrum
1386 4240 1480 4292 pro
1511 4225 1788 4293 baptizan-

184 4309 264 4364 dis
310 4309 604 4365 infantibus
632 4354 646 4371 ,
694 4312 777 4366 vel
833 4328 927 4380 pro
968 4313 1374 4369 reconciliandis
1419 4320 1788 4385 peccatoribus

188 4402 269 4454 vel
315 4401 567 4469 inﬁrmis,
614 4415 706 4455 aut
752 4420 849 4473 pro
901 4406 1125 4460 mortuis
1171 4409 1514 4477 sepeliendis,
1562 4411 1645 4467 vel
1692 4429 1788 4481 pro

188 4494 572 4550 consecrandis
615 4497 876 4558 ecclesiis.
930 4500 1207 4567 praemium
1261 4512 1352 4555 aut
1406 4504 1628 4571 pretium
1676 4506 1789 4560 sive

1876 2075 2068 2129 habeat
2105 2094 2117 2128 :
2150 2077 2451 2130 nullatenus
2484 2092 2585 2130 una
2618 2076 2846 2131 ecclesia
2892 2077 3035 2132 inter
3076 2074 3485 2147 plores.divida-

1876 2179 1980 2222 tur.
2015 2167 2201 2223 Nullus
2227 2169 2449 2224 alterius
2493 2167 2898 2239 parochianum,
2929 2169 3030 2224 nisi
3057 2169 3108 2225 in
3140 2169 3353 2237 itinere,
3391 2175 3485 2223 aut

1872 2259 1916 2313 si
1948 2258 2013 2313 ad
2045 2260 2301 2329 placitum
2336 2260 2493 2315 fuerit
2516 2303 2531 2327 ,
2564 2261 2632 2315 ad
2671 2261 2887 2317 missam
2920 2262 3145 2333 recipiat
3177 2280 3189 2316 :
3222 2262 3400 2318 nullus
3430 2264 3482 2318 itt

1872 2351 2098 2406 alterius
2124 2353 2374 2419 ecclesia,
2406 2354 2485 2407 vel
2528 2354 2779 2425 parochia
2813 2356 3027 2410 missam
3053 2364 3250 2422 cantet,
3277 2355 3481 2427 absque

1873 2445 2077 2513 proprii
2113 2448 2387 2501 voluntate
2425 2456 2481 2501 et
2510 2458 2696 2519 rogatu
2747 2448 3084 2520 presbyteri:
3129 2449 3307 2503 nullus
3337 2448 3487 2505 deci-

1876 2554 2019 2593 mam
2051 2537 2115 2592 ad
2148 2537 2305 2593 aliam
2335 2538 2615 2593 ecclesiam
2651 2541 3001 2609 pertinentem
3024 2540 3262 2611 recipiat.
3296 2541 3486 2597 Nullus

1874 2632 2226 2701 pmnitentem
2268 2633 2458 2687 invitet
2504 2648 2720 2688 carnem
2757 2634 3081 2689 manducare
3112 2646 3165 2689 et
3192 2638 3371 2689 viuum
3404 2635 3481 2689 bi-

1871 2725 2021 2789 bere,
2056 2724 2154 2779 nisi
2189 2741 2284 2794 pro
2311 2742 2376 2779 eo
2402 2725 2467 2780 ad
2499 2740 2736 2796 pnesens
2772 2726 3111 2798 electuosyna
3142 2726 3252 2783 ﬂat.
3291 2725 3481 2783 Nullus

1875 2829 2160 2888 przesuotat
2188 2818 2483 2888 baptizare,
2519 2829 2713 2888 prmter
2742 2819 2795 2874 in
2825 2820 2999 2891 vigilia
3024 2816 3244 2876 Paschm
3269 2822 3323 2877 et
3350 2822 3491 2877 Pen-

1881 2923 2135 2975 tecostes,
2193 2914 2291 2967 nisi
2350 2929 2445 2983 pro
2501 2917 2825 2970 necessitate
2882 2924 2933 2971 et
2985 2918 3219 2985 periculo
3273 2916 3487 2973 mortis.

1884 3004 2260 3075 Umrsquisque
2309 3005 2482 3060 fontes
2537 3005 2774 3077 lapideos
2829 3008 3071 3064 habeat:
3120 3008 3261 3081 quod
3306 3011 3349 3066 si
3381 3027 3488 3066 nou

1879 3107 2056 3169 potest
2090 3098 2287 3151 habere
2317 3097 2574 3167 lapideos.
2610 3096 2804 3154 habeat
2853 3115 2947 3155 vas
2977 3102 3119 3157 aliud
3167 3103 3233 3157 ad
3264 3105 3364 3159 hoc
3396 3121 3493 3175 pa-

1878 3199 2077 3255 ratum,
2113 3188 2162 3243 in
2196 3204 2301 3260 quo
2333 3186 2463 3244 nihil
2496 3190 2636 3244 aliud
2668 3188 2777 3245 liat.
2803 3190 2993 3247 Videte
3023 3202 3080 3248 ut
3113 3195 3365 3250 omnibus
3397 3212 3490 3266 pa-

1880 3282 2153 3336 rochianis
2185 3281 2378 3336 vestris
2419 3280 2719 3354 symbolum
2754 3293 2808 3338 et
2831 3284 3129 3340 orationem
3163 3285 3490 3343 dominicam

1886 3374 2192 3429 insinuatis.
2221 3374 2494 3444 Jejunium
2535 3384 2766 3444 quatuor
2807 3386 3135 3446 temporum,
3176 3387 3233 3434 et
3259 3380 3494 3449 rogatio-

1886 3482 2034 3531 num,
2065 3475 2119 3521 et
2159 3466 2358 3519 litanias
2413 3467 2633 3536 majoris
2659 3509 2674 3533 ,
2721 3469 2962 3537 plebibus
3006 3472 3203 3526 vestris
3245 3474 3493 3529 omnibus

1886 3556 2059 3615 ntodis
2101 3560 2496 3615 observandum
2528 3560 2769 3617 indicite.
2820 3562 2976 3617 Feria
3017 3574 3205 3635 quarta
3243 3577 3366 3621 ante
3396 3583 3487 3635 XL,

1889 3656 2104 3726 plebem
2136 3657 2200 3710 ad
2232 3656 2626 3711 confessionem
2658 3660 2879 3716 invitate
2904 3702 2919 3725 ,
2949 3670 3002 3717 et
3031 3664 3108 3718 eis
3130 3662 3281 3733 juxta
3316 3666 3494 3737 quali-

1888 3758 2053 3803 tatem
2102 3746 2282 3805 delicti
2344 3750 2717 3807 Paenitentiam
2764 3753 3048 3823 injungite,
3081 3768 3187 3815 non
3233 3772 3301 3814 ex
3330 3759 3503 3823 corde

1887 3858 2087 3908 vestro,
2115 3845 2208 3898 sed
2240 3846 2379 3899 sicut
2409 3846 2459 3900 in
2492 3847 2843 3916 ptenttentiali
2875 3850 3135 3917 scriptum
3164 3861 3266 3906 est.
3301 3853 3497 3909 'l‘rihus

1889 3937 2221 4004 temporibus
2249 3936 2301 3991 in
2328 3952 2488 4003 anno,
2520 3939 2569 3993 id
2598 3949 2680 3993 est
2710 3940 2760 3992 in
2793 3940 2954 3995 natali
2977 3940 3189 3997 Domini
3211 3954 3265 3998 et
3286 3944 3495 4003 Pascha

1888 4046 1941 4089 et
1961 4034 2280 4089 Pentecoste
2305 4050 2495 4091 omnes
2527 4034 2713 4090 fideles
2742 4036 2808 4090 ad
2839 4040 3274 4094 communionem
3305 4055 3498 4110 corpo-

1890 4128 1963 4183 ris
1984 4138 2037 4183 et
2059 4129 2351 4199 sanguinis.
2387 4129 2626 4198 exceptis
2658 4131 3065 4199 paenitentibus,
3097 4133 3286 4202 quibus
3317 4136 3501 4205 prohi-

1894 4220 2074 4275 bitum
2125 4231 2227 4286 est,
2286 4221 2547 4277 accedere
2590 4223 2897 4279 admonete.
2954 4225 3127 4282 Certis
3170 4230 3501 4298 temporibus

1891 4317 2206 4385 eonjugatos
2228 4316 2295 4371 ab
2317 4317 2574 4371 uxoribus
2609 4304 2879 4374 abstinere
2905 4320 3272 4376 exhortamini
3298 4364 3311 4387 ,
3342 4323 3392 4378 id
3420 4335 3503 4381 est

1894 4410 1959 4463 ab
1984 4409 2230 4465 Adventu
2256 4411 2468 4464 Domini
2504 4428 2671 4482 usque
2702 4412 2767 4465 ad
2803 4421 3096 4469 transactas
3127 4424 3342 4469 octavas
3369 4417 3503 4489 Epi-

1895 4503 2141 4572 pham-.12;
2172 4515 2223 4559 et
2254 4519 2282 4558 a
2311 4504 2711 4574 Septuagesinta
2736 4521 2904 4575 usque
2930 4502 2996 4560 ad
3032 4517 3323 4565 transactas
3351 4524 3505 4567 octa-

191 4605 381 4643 munus
410 4589 628 4659 exigat,
660 4591 741 4644 vel
771 4592 1028 4646 ecclesias
1055 4594 1352 4664 aliquorum
1395 4596 1515 4651 data
1571 4599 1791 4668 pecunia
1816 4581 1870 4642 Ῐ)
1897 4612 1991 4651 vas
2021 4594 2276 4655 Pascluc;
2327 4605 2381 4651 et
2412 4614 2439 4650 a
2480 4596 2866 4665 Rogationibus
2897 4614 3065 4671 usque
3108 4601 3174 4654 ad
3207 4613 3504 4658 transactas

193 4685 275 4738 vel
305 4684 488 4754 aliquo
520 4686 660 4738 malo
692 4685 906 4754 ingenio
932 4684 1213 4757 subripiat.
1249 4688 1437 4746 Videte
1467 4701 1523 4745 ut
1561 4708 1654 4762 per
1699 4708 1813 4747 ne-'

191 4775 499 4845 gligentiant
530 4788 761 4831 vestram
794 4777 970 4833 nullus
1011 4779 1188 4834 infans
1228 4781 1343 4837 sine
1381 4783 1650 4853 baptismo
1679 4801 1787 4841 mo-

193 4869 384 4925 riatur.
438 4870 626 4926 Nullus
676 4881 913 4925 vestrum
956 4873 1025 4927 sit
1067 4873 1313 4929 ebriosus
1357 4878 1440 4931 vel
1486 4878 1791 4948 litigiosus:

196 4964 367 5018 ttttlius
390 4982 538 5019 arma
558 4975 734 5036 portet
760 4964 812 5020 itt
839 4966 1104 5023 seditione
1123 5007 1139 5033 ,
1166 4967 1265 5021 nisi
1296 4970 1520 5024 verbum
1555 4971 1795 5027 Domini.

195 5054 379 5111 Nullus
407 5074 599 5112 caumn
628 5057 710 5112 vel
757 5058 935 5113 avium
973 5059 1113 5128 jocis
1162 5060 1417 5116 inserviat
1463 5080 1474 5115 :
1526 5065 1701 5120 nullus
1746 5066 1800 5123 in

199 5147 435 5203 tabernis
467 5149 750 5204 manducet
796 5138 850 5205 et
888 5148 1052 5205 bibat.
1102 5149 1480 5224 Unusquisque
1536 5165 1797 5224 vestrum,

200 5250 453 5308 quantum
477 5240 633 5310 sapit,
660 5240 799 5310 plebi
823 5257 933 5296 sua:
958 5241 1025 5297 de
1053 5245 1346 5314 evangelio,
1384 5246 1463 5301 vel
1498 5246 1567 5303 de
1594 5250 1801 5318 episto~

204 5329 273 5396 la,
301 5332 387 5386 vel
420 5332 595 5403 aliqua
626 5332 802 5390 divina
831 5341 1089 5407 scriptura
1119 5337 1172 5391 in
1199 5339 1481 5395 dominicis
1515 5351 1568 5395 et
1596 5342 1805 5397 festivis

212 5422 400 5480 diebus
425 5427 722 5482 annuntiet.
754 5427 947 5484 Curam
976 5441 1117 5502 gerat
1141 5446 1454 5501 pauperum,
1489 5438 1804 5504 peregrino-

208 5520 747 5590 rum,orphanorum,
780 5525 1021 5593 prmbens
1049 5525 1125 5579 eis
1157 5526 1461 5582 refectiouis
1489 5529 1800 5599 hospitium,

211 5621 268 5665 ιιι
292 5616 730 5670 sustentationem
778 5616 1025 5674 habeant.
1064 5618 1344 5675 Discordes
1370 5621 1433 5677 ad
1464 5623 1805 5678 cuneordiam

214 5715 426 5761 revocet
455 5725 468 5763 :
500 5707 685 5763 viduas
715 5709 984 5775 defendat,
1006 5721 1061 5766 ut
1089 5713 1139 5766 in
1166 5714 1246 5767 his
1276 5722 1329 5769 et
1352 5714 1469 5769 aliis
1502 5715 1809 5785 lt'thSutOdi

217 5798 375 5854 totius
404 5800 527 5855 boui
569 5802 873 5870 exemplum
912 5806 1166 5873 przebeat.
1219 5807 1376 5862 Ortini
1418 5810 1505 5864 die
1538 5808 1807 5864 dominico

218 5898 339 5944 ante
378 5891 597 5947 missam
639 5907 829 5962 aquam
860 5893 1195 5952 benedictam
1240 5897 1429 5963 faciat,
1487 5909 1541 5955 et
1595 5901 1807 5971 plebem

220 5996 368 6039 suam
409 5992 464 6040 et
506 5985 621 6042 loca
670 5985 901 6043 fidelium
947 5987 1248 6063 adspergat,
1280 6001 1334 6048 et
1366 5991 1585 6050 adhoc
1636 5992 1808 6050 solum

1898 4701 2112 4745 octavas
2155 4692 2516 4746 i'entecostes.
2562 4689 2849 4755 Przeterea,
2897 4691 2949 4745 in
2989 4693 3238 4747 omnibus
3267 4697 3503 4755 sabbatis

1899 4798 2067 4852 usque
2093 4781 2157 4834 ad
2187 4781 2372 4835 feriam
2404 4779 2693 4836 secundam
2718 4790 2772 4833 et
2790 4779 2968 4850 vigilia
2998 4793 3199 4837 sanetae
3229 4784 3505 4854 Marim,et

1900 4874 2071 4927 sancti
2123 4871 2369 4937 Joannis,
2397 4880 2449 4925 et
2491 4869 2854 4940 apostolorum
2883 4911 2898 4938 ,
2945 4881 2999 4924 et
3046 4874 3238 4946 vigiliis
3291 4875 3507 4936 indictis

1899 4966 2124 5021 aliorum
2166 4972 2503 5025 sanctorum,
2549 4970 2815 5017 eteorum
2859 4962 3046 5031 festis,
3103 4967 3342 5041 eulogias
3385 4982 3507 5042 post

1903 5061 2119 5114 missam
2139 5057 2421 5112 dominicis
2440 5056 2627 5111 diebus
2646 5056 2784 5128 plebi
2807 5059 3036 5117 tribuite.
3068 5060 3258 5119 Nullus
3282 5069 3506 5136 presby-

1908 5153 2060 5216 lera'n
2088 5152 2277 5206 itinere
2304 5149 2419 5204 sine
2448 5149 2645 5213 orario,
2679 5148 2729 5203 id
2759 5148 3018 5220 eststola,
3049 5154 3280 5213 incedat.
3322 5159 3506 5218 Nullus

1905 5256 2143 5301 vestrum
2177 5243 2508 5298 vestimentis
2549 5241 2829 5297 laicaiibus
2868 5255 2923 5300 et
2966 5244 3191 5304 diversis
3234 5251 3506 5311 coloribus

1908 5340 2176 5395 induatur.
2206 5337 2393 5392 Nullus
2421 5354 2532 5393 rem
2566 5348 2656 5392 aut
2700 5342 3096 5408 possessionem
3145 5346 3387 5401 ecclesia:
3414 5357 3507 5405 aut

1909 5431 2231 5499 mancipium
2263 5428 2515 5493 vendere,
2549 5440 2642 5484 aut
2669 5446 2999 5491 commutare
3021 5446 3114 5491 aut
3152 5437 3329 5508 aliquo
3354 5439 3506 5513 tnge-

1910 5524 1999 5579 nio
2020 5524 2087 5578 ab
2112 5539 2173 5579 ea
2211 5523 2443 5579 alienare
2476 5532 2783 5594 prmsumat.

1984 5614 2131 5671 Diem
2162 5614 2489 5670 dominicum
2518 5629 2569 5671 et
2593 5612 2725 5671 alias
2751 5616 3068 5677 festivitates
3093 5616 3295 5694 absque
3323 5630 3507 5689 servili

1911 5725 2072 5779 opere
2098 5725 2125 5762 a
2152 5723 2369 5779 vespera
2398 5708 2449 5761 in
2480 5723 2753 5777 vesperam
2779 5710 3052 5766 celebrare
3068 5714 3282 5773 docete.
3300 5719 3503 5778 Cantus

1911 5812 1965 5857 et
1987 5801 2215 5857 choreas
2244 5800 2531 5856 mulierum
2562 5809 2614 5855 et
2643 5799 2795 5855 ludos
2820 5801 3188 5874 joculatorios,
3219 5820 3274 5866 et
3300 5816 3506 5872 cantio-

1915 5910 2010 5950 nes
2040 5894 2092 5948 in
2123 5893 2349 5949 ecclesia
2380 5903 2433 5948 et
2468 5892 2519 5946 in
2555 5892 2694 5947 atrio
2741 5892 2855 5949 lieri
2903 5897 3199 5967 prohibete.
3254 5905 3504 5970 Carmina

1916 5986 2179 6045 diabolica
2206 5996 2327 6062 quae
2354 5998 2513 6060 super
2540 5990 2780 6045 mortuos
2823 5996 3097 6052 nocturnis
3128 5992 3274 6056 boris
3313 6003 3501 6079 vulgus
