3970 6276
537 405 547 416 .
598 352 704 410 167

1580 354 1641 412 s.
1684 340 2102 412 EU’I‘YCHIANI
2140 310 2347 409 mare
2388 350 2478 408 ET
2517 351 2873 411 MAtt'rvuts

3819 348 3919 410 158

596 471 776 527 facere
794 470 953 538 solet,
981 477 1037 529 et
1055 471 1350 530 cachinnos
1376 487 1513 544 quos
1538 485 1776 542 exercet,
1800 475 1901 530 sub
1924 483 2193 529 contesta.
2222 478 2272 535 Α
2301 482 2356 528 et
2382 473 2580 528 utinam
2612 488 2827 528 sensum
2874 471 2941 528 ad
2987 471 3220 528 litteram
3267 470 3443 543 possit
3489 469 3853 528 manifestare
3903 475 3916 525 t

599 572 743 622 tione
772 565 861 619 Dei
886 566 1270 635 omnipotentis
1297 566 1414 624 ﬁeri
1437 577 1632 623 vetate.
1657 569 1791 623 Cum
1821 566 2194 622 excommuni-

596 661 730 715 catis
759 660 922 715 nolite
946 664 1347 716 communicare
1382 680 1395 715 :
1430 663 1609 717 nullus
1637 670 1926 730 prtcsumat
1956 677 2074 715 cum
2116 659 2194 714 eis

596 754 677 808 vel
705 754 922 808 missam
953 763 1195 821 cantare,
1228 755 1323 811 sed
1352 764 1405 811 et
1444 756 1690 827 plebibus
1730 754 1882 811 vobis
1924 769 2193 810 commen-

590 846 730 901 datis
745 847 848 904 hoc
878 851 1214 905 aunuutiate.
1241 850 1430 905 Nullus
1452 859 1689 905 vestrum
1720 852 1784 904 ad
1814 850 2029 920 nuptias
2060 860 2149 904 eat
2174 865 2188 903 :

592 940 849 996 omnibus
873 942 1190 997 denuntiate
1212 954 1271 997 ut
1298 943 1480 998 nullus
1507 942 1607 998 nisi
1653 942 1865 1012 publice
1904 942 2193 998 celebratis

591 1035 792 1104 nuptiis
819 1049 1040 1090 uxorem
1068 1034 1232 1090 ducat
1260 1053 1273 1088 :
1310 1036 1488 1091 nullus
1513 1051 1765 1106 sponsam
1796 1036 2020 1090 alterius
2047 1035 2189 1090 acci-

590 1129 722 1196 piat,
770 1126 824 1182 ét
871 1130 1085 1200 nuptias
1113 1128 1228 1183 fieri
1271 1128 1550 1197 prohibete
1596 1128 1663 1182 ab
1702 1126 1933 1182 adventu
1981 1125 2192 1182 Domini

594 1237 767 1291 usque
787 1221 854 1276 ad
879 1230 1179 1277 transactas
1206 1232 1431 1276 octavas
1457 1222 1796 1293 Epiphaniae,
1821 1230 1876 1275 et
1904 1237 1932 1275 a
1962 1222 2190 1291 Septua-

587 1316 789 1387 gesima
823 1331 993 1385 usque
1033 1317 1100 1371 ad
1148 1326 1476 1371 transactum
1514 1318 1726 1386 pascha:
1779 1316 2021 1381 clusum,
2076 1325 2127 1369 et
2157 1330 2186 1369 a

587 1406 973 1479 Rogationibus
995 1423 1162 1478 usque
1186 1406 1252 1463 ad
1273 1416 1566 1463 transactas
1582 1416 1798 1462 Octavus
1816 1406 2181 1461 Pcutecostes.

587 1503 819 1571 Raptum
844 1501 1097 1558 omnibus
1120 1501 1292 1557 modis
1318 1502 1620 1572 prohibete,
1643 1510 1697 1555 ct
1714 1511 1771 1554 ut
1800 1502 1865 1555 ad
1889 1505 2185 1565 proximam

586 1600 668 1653 sui
701 1598 976 1669 sanguinis
1024 1595 1282 1653 feminam
1325 1598 1410 1652 vel
1449 1612 1573 1652 cum
1621 1596 2038 1667 conSanguineis
2075 1597 2187 1651 suis

585 1706 757 1761 usque
810 1690 876 1745 ad
927 1691 1211 1755 septimam
1266 1690 1666 1760 generationem
1722 1690 1899 1744 nullus
1945 1689 2185 1754 accedat,

584 1783 1052 1839 anathematizate.
1087 1782 1339 1839 Pastores
1380 1798 1569 1837 omnes
1607 1790 1662 1837 et
1713 1781 1847 1835 alios
1887 1782 2187 1836 servientes

2301 568 2634 623 Psalmorum
2682 584 2870 624 versus
2921 577 2977 624 et
3025 568 3402 623 distinctiones
3462 567 3797 639 regulariter
3854 586 3917 625 ex

2296 661 2459 716 corde
2528 677 2650 715 cum
2700 661 2931 715 canticis
2997 660 3499 717 consuetudinariis
3562 665 3920 732 pronuntiare

2295 756 2450 809 sciat.
2482 754 2799 810 Sermonem
2818 753 3099 810 Athanasii
3126 754 3387 826 episcopi,
3414 755 3578 827 cujus
3603 756 3817 812 initium
3842 768 3921 812 est

2301 864 2319 896 ι
2346 846 2680 918 Quicumque
2702 849 2812 902 vult
2842 868 2859 899 ι
2883 848 3195 903 memoriter
3218 858 3397 904 teneat
3424 861 3480 905 et
3503 850 3663 905 omni
3689 851 3779 906 die
3796 865 3920 906 can-

2294 948 2391 996 tet.
2424 941 2765 996 Exorcismos
2796 951 2849 995 et
2896 942 3170 996 orationes
3213 941 3280 996 ad
3330 941 3796 999 catecbttmeuum
3847 946 3919 998 fa-

2293 1032 2576 1097 ciendum,
2604 1042 2658 1089 et
2692 1033 2757 1087 ad
2787 1034 2987 1088 fontem
3016 1034 3268 1104 baptismi
3309 1035 3796 1103 consecrandum,
3830 1047 3918 1092 aut

2292 1125 2529 1195 reliquas
2550 1126 2821 1181 orationes
2848 1142 3011 1196 super
3038 1127 3337 1181 masculum
3361 1138 3413 1182 et
3435 1127 3708 1184 feminam
3736 1131 3917 1202 singu-

2292 1216 2478 1272 lariter
2498 1230 2551 1274 et
2579 1219 2859 1288 pluraliter
2885 1220 3060 1275 valeat
3083 1231 3137 1276 et
3168 1221 3303 1275 sciat
3333 1220 3599 1278 distincte
3648 1224 3913 1293 proferre,

2292 1323 2346 1366 et
2372 1314 2615 1368 ordinem
2664 1314 2967 1384 baptizandi
2997 1314 3065 1369 ad
3108 1316 3540 1371 succurrendum
3578 1316 3818 1373 infirmis
3864 1328 3915 1373 et

2292 1409 2538 1463 ordinem
2567 1409 2950 1464 reconciliandi
2982 1410 3277 1464 secundum
3318 1411 3715 1467 auctoritatem
3756 1429 3913 1468 cano-

2293 1518 2449 1565 num,
2508 1512 2562 1557 et
2615 1502 2861 1557 ordinem
2913 1503 3182 1573 ttnguendi
3233 1504 3482 1559 infirmos
3538 1508 3911 1578 unusquisque

2291 1594 2487 1650 habeat
2517 1607 2573 1651 et
2612 1596 2902 1666 prudenter
2937 1598 3090 1652 sciat.
3127 1597 3204 1652 Ad
3237 1598 3485 1654 inﬁrmos
3514 1615 3738 1670 quoque
3783 1602 3909 1655 visi-

2289 1688 2500 1753 tandos,
2520 1689 2656 1745 etad
2676 1690 3130 1746 reconciliandum
3159 1705 3252 1745 eos
3283 1690 3545 1746 invitatus
3573 1703 3902 1763 spontaneos

2290 1793 2491 1847 currat,
2519 1793 2573 1838 et
2598 1799 2783 1839 eorum
2830 1784 3167 1853 necessitati,
3200 1799 3307 1839 non
3335 1801 3433 1855 pro
3465 1785 3621 1840 lucro
3651 1797 3867 1841 terreno
3890 1827 3905 1855 ,

583 1895 712 1934 suos
741 1887 799 1933 nt
822 1878 1186 1948 unusquisque
1209 1877 1274 1929 ad
1298 1874 1578 1931 ecclesiam
1603 1874 1888 1930 dominicis
1918 1875 2000 1928 vel
2030 1874 2177 1927 festi-
2207 1883 2251 1943 Β
2280 1876 2375 1930 sed
2412 1890 2507 1946 pro
2530 1876 2613 1931 illa
2641 1878 2903 1931 charitate
2928 1892 3029 1947 qua
3062 1876 3305 1932 Christus
3332 1894 3435 1933 nos
3462 1877 3683 1944 dilexit,
3703 1879 3901 1933 subve—

584 1975 663 2027 vis
689 1972 876 2028 diebus
908 1972 1097 2026 venire
1118 1969 1279 2024 faciat
1305 1969 1613 2025 admonete.
1642 1969 1840 2023 Patrini
1865 1968 2040 2021 tiliolis
2073 1967 2185 2021 suis

584 2064 950 2136 spiritualibus
977 2062 1305 2135 symbolum,
1337 2071 1391 2116 et
1417 2063 1718 2116 orationem
1747 2059 2069 2116 dominicam
2104 2059 2184 2113 in-

582 2159 821 2223 sinuent,
850 2156 933 2213 vel
973 2156 1171 2212 docere
1208 2170 1302 2210 eos
1345 2156 1560 2209 faciant.
1604 2154 1853 2208 Chrisma
1880 2153 1981 2209 sub
2007 2152 2183 2224 sigillo

579 2252 671 2317 sit,
703 2261 793 2307 aut
823 2250 922 2307 sub
952 2266 1093 2316 sera,
1124 2258 1344 2318 propter
1366 2247 1627 2318 quosdam
1658 2246 1925 2301 inﬁdeles.
1963 2247 2036 2301 De
2067 2261 2182 2317 my-

580 2345 747 2400 sterio
794 2343 947 2399 vobis
988 2342 1282 2398 commisso
1333 2356 1429 2394 vos
1485 2340 1778 2395 admonere
1820 2354 2090 2403 curamus,
2124 2349 2181 2392 ut

579 2439 945 2508 unusquisque
985 2445 1248 2500 vestrum,
1298 2434 1346 2489 si
1390 2433 1505 2489 fieri
1553 2447 1744 2502 pateSt,
1787 2433 2181 2502 ettpositiouem

579 2532 814 2605 symboli
863 2542 919 2586 et
970 2529 1229 2585 orationis
1272 2526 1560 2583 dominicae
1617 2527 1766 2597 juxta
1830 2525 2177 2581 traditionem

577 2627 999 2684 ortltodoxorum
1031 2635 1237 2693 patrum
1284 2638 1447 2693 penes
1485 2638 1545 2678 se
1591 2622 1787 2677 habeat
1815 2622 2092 2692 scriptam,
2128 2631 2182 2675 et

577 2738 697 2779 cam
750 2720 978 2791 pleniter
1021 2716 1298 2788 intelligat,
1330 2726 1384 2772 et
1430 2715 1557 2771 inde
1598 2715 1851 2787 populum
1893 2714 1994 2769 sibi
2036 2729 2181 2769 com-

575 2816 800 2872 missum
830 2812 1048 2869 assidue
1079 2809 1420 2882 przedicaudo
1461 2810 1709 2874 instruat,
1740 2818 1827 2876 ct,
1862 2808 1908 2862 si
1946 2823 2051 2863 non
2082 2822 2183 2862 no-

576 2909 735 2976 verit,
765 2908 955 2964 saltem
985 2920 1168 2963 secum
1200 2912 1377 2961 teneat
1402 2912 1457 2959 et
1491 2902 1693 2958 credat.
1728 2886 2015 2958 Orationes
2044 2918 2179 2973 quo-

575 3019 679 3077 que
697 3003 979 3059 missarum
1007 3009 1062 3056 et
1082 2999 1420 3069 praefationes
1443 3009 1497 3053 et
1520 3012 1781 3053 cauonem
1816 2998 1952 3052 bene
1980 2997 2180 3051 intelli-

573 3108 680 3168 gat,
712 3105 766 3152 et
816 3097 862 3151 si
904 3112 1008 3150 non
1041 3093 1232 3149 saltem
1274 3092 1527 3148 distincte
1570 3108 1633 3147 ac
1665 3092 1979 3147 memoriter
2006 3092 2182 3147 valeat

2290 1969 2421 2036 uiat,
2453 1979 2508 2024 et
2533 1970 2804 2024 orationes
2834 1979 2888 2024 et
2923 1981 3129 2039 septem
3168 1971 3406 2040 psalmos
3447 1973 3722 2041 speciales
3763 1975 3899 2028 circa

2288 2075 2382 2116 eos
2410 2061 2695 2116 decantare
2743 2073 2914 2116 curet.
2948 2061 3206 2117 Similiter
3249 2064 3497 2120 ordinem
3556 2065 3611 2120 in
3662 2066 3900 2134 exequiis

2287 2153 2661 2209 deluuctorum
2721 2156 2979 2226 agendis,
3027 2171 3237 2225 preces,
3293 2158 3637 2213 exorcismos
3693 2173 3901 2228 quoque

2286 2247 2416 2302 salis
2443 2260 2493 2301 et
2524 2263 2676 2318 aqua-
2703 2250 3015 2305 memoriter
3052 2234 3232 2306 teneat
3264 2270 3277 2306 :
3309 2262 3532 2308 cantum
3553 2267 3894 2319 nocturnum,

2285 2347 2445 2408 atque
2489 2340 2739 2395 diurnum
2795 2342 2950 2397 sciat.
2998 2342 3321 2413 Computum
3383 2345 3428 2399 si
3481 2361 3592 2401 non
3618 2345 3894 2416 majorem,

2285 2434 2475 2488 saltem
2504 2436 2799 2502 minorem,
2830 2436 2881 2490 id
2910 2446 2995 2515 est
3014 2448 3230 2507 epactas
3255 2449 3674 2505 concurrentes,
3711 2436 3891 2495 termi-

2286 2542 2384 2583 nos
2412 2529 2706 2599 regulares,
2738 2539 2793 2585 et
2828 2532 2871 2585 si
2909 2542 3106 2601 potest,
3149 2541 3342 2588 cartera
3375 2535 3540 2590 sciat.
3576 2532 3889 2605 Martyrolo-

2286 2623 2430 2692 gium
2456 2632 2510 2677 et
2535 2625 2955 2694 prenitentialem
2995 2626 3187 2695 sapiat.
3226 2625 3498 2682 Libellum
3528 2629 3689 2682 istum
3729 2641 3888 2681 unus-

2286 2717 2514 2787 quisque
2564 2717 2761 2772 habeat
2810 2729 2865 2773 et
2922 2720 3230 2790 frequenter
3277 2720 3458 2792 legat,
3508 2737 3576 2777 ne
3636 2718 3891 2777 oblivioni

2288 2809 2463 2863 tradat
2486 2826 2547 2865 ea
2593 2825 2712 2881 qua:
2755 2821 2878 2866 sunt
2929 2812 3029 2867 sibi
3075 2814 3434 2870 observanda.
3474 2814 3633 2883 Quod
3660 2858 3674 2883 ,
3706 2814 3888 2869 fratres

2284 2902 2608 2972 cltarissimi,
2640 2916 2698 2959 ut
2728 2906 3041 2962 memoriter
3070 2906 3301 2963 retinere
3326 2918 3382 2963 et
3420 2890 3716 2965 salubriter
3740 2921 3888 2978 pera—

2283 3011 2410 3067 gere
2462 2998 2754 3064 valeamus,
2808 3000 3152 3070 omnipotens
3203 3001 3344 3057 Deus
3398 3002 3559 3058 nobis
3596 3000 3886 3057 concedere

2284 3091 2554 3163 dignetur,
2578 3094 2730 3164 cujus
2750 3111 2973 3165 regnum
3003 3106 3057 3151 et
3083 3096 3364 3167 imperium
3394 3098 3517 3154 sine
3542 3096 3662 3154 .tine
3684 3109 3886 3168 perma-

572 3189 834 3263 proferre,
859 3187 1141 3260 epistolam
1173 3193 1229 3241 et
1251 3185 1588 3257 evangelium
1614 3184 1751 3241 bene
1776 3185 1959 3255 legere
1987 3186 2175 3254 possit,
2205 3199 2251 3260 (ε
2284 3195 2376 3241 net
2406 3185 2457 3239 in
2489 3186 2684 3241 scccula
2714 3190 3057 3243 saeculorum.
3087 3187 3283 3245 Amen.

614 3331 3840 3366 Μ

2085 3470 2177 3531 SA
2188 3470 2372 3534 ΝΟΤί

575 3632 1747 3759 EUTYGHIANI
1865 3634 2181 3749 PA]

2284 3633 2410 3748 Ε
2535 3633 2774 3750 ΕΤ
2886 3627 3878 3752 MARTYBIS

1692 3850 2029 3908 EPISTOLA
2071 3851 2156 3907 ET
2195 3851 2518 3909 DECRETA
2547 3853 2773 3912 BUBIA.

1110 3998 1443 4057 EPISTOLA
1477 3998 1493 4054 l
1525 3996 1626 4072 (ι).

693 4160 761 4200 an
796 4155 1034 4198 JOANNEII
1074 4153 1143 4193 ετ
1183 4154 1250 4192 an
1289 4149 1461 4191 ouans
1500 4147 1774 4190 EPISCOPOS
1811 4132 2064 4188 Βεοτιωε

1218 4288 1535 4329 PBOVINCIE.

928 4396 1003 4450 De
1041 4395 1145 4467 ﬁde
1168 4391 1546 4448 Iucarnationt's
1583 4388 1813 4443 Domini.

573 4520 793 4573 Christus
810 4523 865 4569 ut
879 4514 1010 4567 salva
1030 4514 1334 4582 proprietate
1356 4510 1611 4582 utriusque
1620 4514 1831 4582 natoue,
1850 4519 2001 4557 verus
2017 4505 2173 4565 Deus,

539 4579 545 4585 ’
1010 4577 1064 4628 et
1084 4577 1232 4627 homo
1254 4586 1406 4625 verus
1428 4577 1675 4623 extiterit.

572 4714 895 4772 Charissimis
938 4709 1180 4784 fratribus
1217 4705 1411 4762 Joanni
1441 4714 1488 4760 et
1514 4702 1747 4759 omnibus
1794 4717 1883 4772 per
1912 4699 2173 4755 Beoticam

582 4848 587 4855 .
646 4807 956 4877 prouinciam
983 4802 1270 4858 constitutis
1298 4800 1571 4871 episcopis,
1605 4795 1960 4868 Eutychianus
1981 4794 2176 4865 episco-

648 4916 743 4968 pus
768 4899 821 4951 in
842 4896 1063 4951 Domino
1079 4896 1315 4951 salutem.

648 5031 901 5087 llortatur
930 5042 1030 5083 nos
1059 5028 1284 5098 aequitas
1325 5024 1721 5096 postulationis,
1756 5022 2025 5079 desiderio
2053 5020 2167 5075 fra-

572 5122 845 5180 ternitatis
877 5131 983 5175 tua:
1015 5118 1242 5191 (Symm.
1274 5133 1355 5188 ep.
1383 5118 1418 5172 5
1438 5158 1454 5183 ,
1486 5116 1553 5169 ad
1585 5116 1646 5172 S.
1678 5111 2014 5187 Caesarium),
2047 5128 2168 5185 gra-

570 5230 752 5277 tanter
771 5231 1012 5274 annuere
1025 5225 1072 5281 ⁸,
1086 5225 1141 5271 et
1161 5215 1420 5271 consultis
1446 5214 1549 5269 tuis
1566 5214 1799 5271 breviter
1816 5214 2165 5285 respondere.

643 5359 724 5431 (t)
810 5357 965 5414 Prior
1036 5355 1152 5411 hate
1219 5353 1446 5423 epistola
1509 5353 1826 5431 Eutychiani
1909 5353 2171 5431 adversus

570 5425 717 5487 Pauli
748 5431 1320 5486 Samosateni-venena
1372 5425 1942 5496 paratutnantidutum
1984 5425 2167 5481 habet.

571 5503 740 5557 Docet
758 5502 901 5557 enim
933 5499 1206 5558 Christum
1238 5498 1542 5565 Dominum,
1572 5512 1730 5568 quem
1756 5497 1952 5551 Paulus
1978 5512 2169 5568 purum

571 5572 847 5628 hominem
867 5588 989 5629 esse
1007 5570 1242 5640 dicebat,
1268 5586 1454 5626 verum
1476 5580 1531 5627 et
1552 5567 1815 5625 aeternum
1837 5569 1933 5624 Det
1958 5567 2169 5634 Filium,

2276 3993 2345 4049 Et
2369 3996 2611 4067 quamvis
2658 3997 3006 4054 dilectionem
3052 4007 3196 4054 tuam
3226 4000 3395 4056 sciam
3440 4002 3506 4058 ad
3538 4017 3699 4058 omne
3744 4008 3872 4068 opus

2275 4087 2475 4143 honuni
2500 4105 2621 4145 esse
2646 4090 2892 4147 devotam
2919 4090 3009 4165 (S.
3041 4091 3168 4161 Leo,
3198 4110 3279 4164 ep.
3320 4094 3435 4168 e6),
3471 4106 3527 4150 ut
3559 4105 3735 4149 tamen
3764 4089 3871 4144 effl-

2278 4183 2459 4238 cacior
2484 4182 2575 4237 ﬁat
2604 4184 2670 4238 ad
2694 4184 2834 4249 illos,
2862 4187 2952 4255 qui
2978 4200 3109 4241 sane
3134 4201 3241 4240 non
3264 4188 3500 4258 sapiunt,
3533 4187 3760 4258 qualiter
3783 4194 3870 4236 eos

2284 4274 2352 4329 de
2382 4275 2755 4332 incarnatione
2790 4276 3087 4333 Salvatoris
3119 4280 3285 4334 nostri
3336 4279 3633 4338 informare
3662 4277 3868 4338 debeas.

2240 4444 2247 4450 '
2277 4370 2619 4425 mandamus.
2644 4369 2816 4426 Unum
2843 4371 3005 4442 igitur
3025 4372 3127 4429 hoc
3149 4373 3427 4431 immobile
3449 4377 3866 4432 fundamentum,

2196 4446 2251 4509 Ῑ)
2279 4479 2383 4518 una
2417 4466 2533 4517 hinc
2559 4462 2687 4519 felix
2715 4464 2835 4520 fidei
2859 4475 3036 4536 petra,
3070 4467 3210 4522 Petri
3241 4482 3338 4523 ore
3359 4468 3609 4524 confessa
3636 4484 3649 4521 :
3677 4462 3755 4518 Tu
3798 4474 3865 4521 es,

2277 4557 2470 4628 inquit,
2487 4554 2719 4612 Christus
2740 4557 2911 4614 Filias
2940 4557 3039 4614 Dei
3070 4560 3166 4615 vivi
3196 4561 3281 4632 (S.
3315 4560 3533 4627 Malllt.,
3569 4559 3700 4630 1m),
3733 4561 3867 4609 tanta

2279 4652 2331 4705 in
2363 4666 2422 4705 se
2443 4662 2757 4721 argumenta
2787 4644 3061 4709 sustinens
3084 4654 3350 4721 veritatis,
3378 4665 3595 4727 quantae
3618 4643 3869 4723 perversi-

2278 4746 2765 4815 tatisqmcstiones,
2781 4754 2838 4802 et
2859 4746 3193 4803 inﬁdelitatis
3221 4750 3505 4804 calumnia:
3519 4744 3865 4803 moremini"?

2282 4836 2369 4909 (S.
2402 4837 2527 4904 Leo,
2563 4857 2614 4907 ρ.
2648 4838 2740 4903 97,
2767 4855 2831 4893 ea:
2858 4839 2920 4895 S.
2958 4839 3155 4895 Hilarii
3195 4841 3339 4897 libris
3364 4842 3428 4897 de
3456 4840 3725 4901 Trinitalc,
3749 4842 3864 4903 quos

2276 4931 2470 5002 citat.).
2497 4930 2616 4986 Jam
2644 4932 2694 4986 in
2725 4933 2935 4988 caeteris
2959 4932 3293 5001 dispensatio
3321 4932 3611 4988 voluntatis
3636 4933 3860 5000 paterna:

2273 5023 2361 5078 sit.
2394 5022 2536 5094 Ergo
2583 5034 2768 5093 partus
2810 5033 2866 5078 et
2910 5038 3130 5095 corpus,
3182 5034 3409 5096 postque
3437 5040 3590 5089 crux,
3620 5033 3759 5076 mors
3787 5013 3860 5066 in-

2274 5115 2434 5182 ferni,
2475 5116 2624 5172 salus
2668 5126 2853 5172 nostra
2885 5127 2969 5173 est
2993 5117 3021 5157 ι)
3054 5118 3270 5174 humani
3299 5121 3441 5175 enim
3471 5115 3682 5190 generis
3710 5116 3859 5165 causa

2274 5211 2371 5268 Dei
2394 5211 2564 5269 Filius
2586 5224 2740 5269 natus
2764 5228 2830 5269 ex
2856 5211 3076 5286 Virgine
3101 5226 3181 5270 est
3207 5224 3263 5271 et
3291 5214 3491 5286 Spiritu
3523 5219 3726 5271 sancte,
3755 5204 3862 5271 ipso

2276 5352 2332 5424 in
2383 5360 2625 5424 tempore
2669 5352 2864 5409 virtute
2912 5355 3144 5424 Spiritus
3197 5356 3381 5412 Sancti
3435 5355 3485 5410 in
3530 5363 3679 5405 utero
3705 5347 3861 5399 heals?

2272 5422 2455 5478 Maria:
2498 5423 2757 5498 Virginis;
2781 5422 3117 5481 incarnatum
3149 5442 3290 5491 esse,
3323 5440 3376 5483 et
3406 5442 3500 5498 per
3530 5425 3631 5498 hoc
3671 5426 3860 5498 nt'quﬂ’

2274 5509 2433 5564 quam
2458 5482 2704 5550 naturam
2728 5495 2966 5553 divinam
2988 5482 3339 5554 immutatam
3356 5482 3538 5554 fuisse.
3574 5482 3766 5550 SsvenI
3787 5482 3860 5537 Bt-

2274 5579 2414 5621 NIUS.

1800 5702 2184 5762 LECTIONES
2225 5702 2633 5762 VARIANTES.

576 5842 589 5894 ξ
641 5835 667 5897 ξι
704 5833 921 5883 tonuere
946 5829 1087 5884 Labb.
1152 5893 1163 5897 _
1476 5895 1482 5897 Α
2020 5888 2030 5897 _

644 5896 669 5933 ι)
696 5897 879 5958 Virgo,
903 5900 1072 5959 partus
1094 5893 1360 5959 etjcorpus,
1380 5895 1639 5958 postquam
1656 5902 1798 5951 crux,
1832 5902 1982 5951 mors,
2018 5888 2185 5951 inferi,

2283 5822 2416 5875 salus
2436 5834 2603 5877 nostra
2627 5833 2723 5876 est.
2748 5824 2832 5879 Sic
2855 5829 3050 5880 omnino
3070 5829 3357 5894 legendum.
