4060 6360
208 435 298 490 itit)
1635 426 1965 484 EPISTOLA
2006 427 2046 481 Ι.
3379 437 3479 489 17o

203 554 294 608 sibi
323 551 373 605 in
409 550 511 604 hae
556 551 869 620 operatione
897 546 1219 614 famulante,
1250 557 1304 603 et
1327 564 1446 613 sua,
1480 547 1570 604 Dei
1598 547 1787 603 videli-
1813 551 1861 610 Α
1893 547 1953 602 S.
1988 546 2234 617 Hilario),
2267 557 2317 602 et
2359 545 2652 602 secundum
2683 545 3067 615 plenitudinem
3101 554 3398 616 temporum
3430 550 3483 604 in

203 657 301 710 cet,
334 645 675 699 inunihrante
698 645 921 704 virtute,
948 641 1192 712 corporis
1219 643 1318 696 sibi
1350 643 1497 697 initia
1526 642 1786 704 consevit,
1893 640 2182 710 semetipso
2215 640 2523 710 profuturus
2563 640 2614 696 in
2665 639 2828 694 Deum
2882 639 3173 702 hominem,
3223 640 3362 696 lnmc
3392 657 3488 711 per

203 750 252 794 et
273 738 495 795 exordia
512 737 1009 802 cat-nisinstitnita,
1031 747 1086 789 ut
1107 738 1267 790 homo
1286 736 1454 791 factus
1473 752 1537 792 ex
1563 736 1787 806 virgine.
1894 734 2071 787 omnia
2115 732 2408 804 evangelici
2449 735 2716 788 sermonis
2745 732 2959 786 modum
2994 734 3180 794 tenuit,
3213 747 3267 788 ut
3295 750 3354 788 se
3398 735 3490 790 Dei

203 844 442 888 naturam
470 833 521 886 in
555 847 615 887 se
643 832 821 886 carnis
848 832 1139 900 acciperet,
1171 845 1266 900 per
1289 846 1452 901 quam
1501 829 1657 898 hujus
1699 827 1794 881 ad-
1898 823 2088 878 Filium
2121 825 2270 881 credi
2300 826 2538 891 doceret,
2561 837 2614 879 et
2641 824 2873 878 hominis
2903 825 3065 880 lilimn
3099 826 3414 894 praediceret
3438 838 3494 882 et

204 927 471 982 mixtionis
511 926 846 990 societatem,
900 926 1289 980 sanctiﬁcatum
1341 925 1392 979 in
1441 939 1506 978 eo
1561 923 1792 977 universi
1898 920 2236 984 admoneret,
2274 920 2500 989 loquens
2529 928 2584 973 et
2629 934 2825 989 gerens
2878 919 3037 972 homo
3085 920 3329 974 universa
3373 935 3496 991 qua:

205 1020 415 1076 lmmani
444 1021 658 1090 generis
687 1035 883 1090 corpus
930 1019 1208 1074 existeret.
1244 1019 1309 1073 Et
1335 1016 1788 1090 quemadmodum
1900 1010 1992 1064 Dei
2019 1020 2164 1072 sunt,
2185 1011 2409 1080 loquens
2433 1022 2489 1065 et
2509 1026 2704 1081 gerens
2722 1011 2914 1066 deinde
2942 1011 3080 1066 Deus
3103 1013 3349 1068 universa
3375 1029 3496 1084 quae

203 1131 384 1170 omnes
405 1115 456 1169 in
485 1115 602 1183 ipso
635 1129 728 1184 per
752 1113 822 1174 id.
855 1113 996 1185 quod
1025 1128 1341 1182 corporeum
1371 1128 1431 1167 se
1453 1127 1577 1168 esse
1605 1111 1790 1176 voluit,
1901 1100 2131 1156 hominis
2161 1113 2315 1167 sunt;
2348 1103 2420 1157 ita
2452 1113 2651 1166 tamen,
2686 1113 2742 1157 ιιι
2766 1104 2883 1173 ipso
2911 1102 3003 1157 in"
3033 1104 3308 1176 utriusque
3335 1122 3472 1176 gene

201 1207 585 1270 conderentur,
619 1207 688 1260 ita
722 1222 932 1261 rursum
966 1206 1017 1260 in
1045 1222 1236 1262 omnes
1262 1209 1375 1277 ipse
1409 1223 1504 1275 per
1547 1206 1622 1270 id,
1652 1205 1796 1275 quod
1899 1195 1975 1251 ris
1995 1211 2269 1262 sermone,
2301 1212 2575 1266 nunquam
2597 1194 2698 1250 nisi
2719 1210 2839 1250 cum
2863 1195 3249 1265 signiﬁcatione
3270 1197 3503 1253 hominis

204 1302 316 1373 ejus
340 1310 423 1356 est
451 1299 735 1365 invisibile,
770 1299 1087 1357 referretur.
1123 1301 1216 1356 Dei
1265 1301 1429 1371 igitur
1455 1301 1631 1372 imago
1664 1300 1799 1354 invi-

1950 1295 2111 1340 »cutns
2162 1285 2232 1341 sit
2275 1297 2330 1342 et
2377 1289 2490 1343 Dei.
2542 1288 2665 1343 ηερε
2698 1288 2715 1326 τ
2747 1289 2926 1360 itaque
2971 1289 3190 1346 fallendi
3233 1292 3507 1361 Simplices

205 1395 392 1456 sibilis.
441 1395 701 1464 pudorem
748 1395 968 1449 humani
1013 1394 1218 1450 exordii
1271 1411 1376 1449 non
1429 1394 1716 1461 recusavit,
1747 1402 1802 1448 et

1950 1391 2063 1449 Lque
2093 1379 2421 1450 ignorantes,
2458 1382 2723 1438 ltzcreticis
2747 1385 2960 1438 oceasio
2985 1396 3089 1451 est,
3118 1398 3172 1440 ut
3203 1402 3324 1456 qua:
3354 1389 3420 1442 ab
3441 1405 3507 1444 eo

205 1504 297 1559 per
341 1488 752 1558 conceptionem
779 1529 793 1555 ,
856 1496 1105 1556 partum,
1161 1487 1436 1557 vagitum,
1491 1495 1547 1542 et
1596 1499 1799 1552 cunas,
1905 1474 2198 1529 secundum
2233 1475 2502 1530 hominem
2531 1477 2670 1531 dicta
2694 1488 2840 1544 sunt,
2872 1479 3010 1534 dicta
3057 1495 3178 1534 esse
3206 1481 3504 1537 secundum

203 1595 497 1650 omnesque
551 1591 750 1634 nostra}
806 1589 1010 1634 natura}
1059 1579 1414 1635 contumelias
1459 1577 1801 1632 transcurrit,
1906 1565 2099 1620 divina‘
2123 1576 2328 1623 naturae
2355 1569 2724 1626 inﬁrmitatem
2751 1573 3079 1628 mentiantur
3108 1589 3123 1627 ζ
3155 1582 3211 1629 et
3230 1575 3349 1642 quia
3373 1593 3512 1632 unus

203 1672 340 1740 Quid
374 1671 585 1724 tandem
615 1671 834 1741 dignum
884 1687 915 1725 a
961 1671 1116 1724 nobis
1162 1679 1323 1724 tanta:
1362 1669 1688 1739 dignatiOnis
1729 1668 1807 1721 ai-
1908 1667 2068 1729 atque
2097 1659 2238 1715 idem
2269 1671 2373 1726 est.
2411 1662 2635 1732 loquens
2666 1664 2844 1718 Olnnia
2885 1681 3004 1735 qua:
3048 1666 3284 1737 loquitur
3316 1668 3384 1724 de
3423 1684 3513 1725 se-

201 1764 340 1820 fectu
369 1761 396 1800 δ
421 1762 780 1834 rependetur?
808 1761 1186 1817 lnenarrabilis
1213 1776 1341 1832 ergo
1367 1777 1396 1814 a
1428 1761 1536 1816 Deo
1557 1759 1804 1830 originis,
1911 1754 2169 1822 metipso,
2193 1755 2370 1809 omnia
2398 1771 2521 1810 eum
2548 1755 2616 1811 de
2644 1756 2917 1813 divinitate
2963 1757 3198 1813 locutum
3228 1777 3349 1816 esse
3377 1776 3511 1816 con-

204 1870 342 1910 unus
389 1853 695 1923 unigenitus
743 1851 906 1918 Deus,
954 1852 1006 1906 in
1034 1853 1279 1922 corporis
1327 1851 1546 1906 humani
1581 1853 1807 1905 formam
1911 1845 2155 1901 tendant.
2205 1846 2312 1902 Nec
2357 1863 2486 1904 sane
2540 1865 2820 1920 negamus,
2877 1860 3045 1906 totum
3093 1853 3266 1917 illum,
3321 1855 3411 1924 qui
3461 1855 3512 1911 ei

203 1956 408 2003 sanctae
439 1946 672 2016 Virginis
701 1956 858 2000 utero
887 1945 1124 2000 insertus
1169 1946 1430 2000 accrescit
1460 1962 1474 1998 :
1508 1945 1598 2014 qui
1629 1944 1807 1998 omnia
1839 1955 1886 2013 Β
1914 1950 2116 2002 manet,
2170 1952 2377 1995 naturae
2419 1957 2531 1996 suae
2581 1959 2702 1999 esse
2733 1959 3060 2002 sermonem.
3119 1947 3224 2003 Sed
3271 1949 3317 2002 si
3357 1949 3518 2006 Jesus

203 2042 473 2105 continet,
506 2040 643 2094 intra
676 2055 858 2110 quem,
890 2047 945 2091 et
973 2054 1068 2108 per
1097 2054 1256 2108 quem
1287 2047 1480 2094 cuncta
1512 2047 1657 2104 sunt,
1712 2037 1812 2092 hu-
1913 2031 2159 2089 Christus
2185 2046 2237 2089 et
2270 2035 2432 2092 homo
2459 2048 2515 2092 et
2546 2038 2710 2106 Deus,
2756 2050 2812 2095 et
2857 2056 3031 2112 neque
3075 2058 3197 2098 cum
3245 2044 3408 2099 homo
3450 2047 3521 2102 sit

203 2135 351 2190 mani
387 2141 571 2204 partus
600 2133 718 2202 lege
752 2132 1040 2202 profertur.
1072 2133 1152 2185 Ad
1183 2131 1338 2200 cnjus
1363 2147 1553 2186 vocem
1582 2129 1813 2184 archan-
1917 2136 2026 2181 tum
2056 2128 2284 2196 primum
2320 2131 2480 2196 Deus,
2537 2148 2711 2202 neque
2759 2143 2892 2201 tum,
2927 2151 3047 2189 cum
3077 2145 3131 2191 et
3161 2137 3323 2192 homo
3353 2139 3421 2194 sit
3465 2151 3524 2196 et

202 2231 333 2300 geli,
359 2239 519 2298 atque
541 2227 714 2296 angeli
746 2237 1000 2291 tremunt,
1033 2227 1228 2281 caelum
1256 2234 1312 2280 et
1355 2233 1519 2290 terra,
1554 2234 1607 2279 et
1633 2224 1813 2277 omnia
1920 2219 2082 2287 Dens,
2111 2233 2219 2276 tum
2248 2225 2526 2280 nonetiam
2555 2235 2609 2280 et
2643 2227 2804 2294 Deus,
2828 2245 3000 2298 neque
3029 2240 3145 2300 post
3179 2233 3449 2290 hominem
3471 2235 3524 2290 in

203 2325 370 2396 hujus
397 2324 579 2380 mundi
615 2323 952 2378 resolvuntur
978 2323 1266 2381 elementa,
1297 2321 1501 2389 vagitus
1527 2332 1547 2357 ιε
1577 2318 1816 2373 infantia:
1919 2313 2052 2380 Deo,
2081 2329 2187 2368 non
2217 2325 2358 2370 totus
2383 2317 2542 2373 homo
2567 2328 2711 2374 totus
2725 2321 2884 2388 Deus,
2907 2333 3244 2396 nnumatqne
3270 2328 3408 2384 idem
3434 2346 3527 2386 ne-

204 2421 444 2475 anditnr.
479 2419 579 2487 Qui
607 2417 890 2472 invisibilis
923 2426 975 2470 et
997 2415 1558 2486 incomprehensibilis
1579 2422 1682 2480 est,
1709 2431 1814 2468 non
1919 2422 2071 2462 cessc
2087 2408 2518 2480 estdicaturejns
2543 2429 2664 2469 esse
2685 2428 3100 2482 Sacramenlttm,
3129 2422 3271 2491 quod
3293 2428 3524 2492 generis,

207 2515 353 2578 visu,
387 2527 568 2572 sensu,
599 2521 848 2579 tactuque
881 2509 1262 2569 moderandus.
1295 2509 1450 2562 cunis
1476 2517 1560 2562 est
1589 2507 1815 2577 obvolu-
1923 2502 1989 2556 Et
2016 2518 2136 2557 cum
2172 2505 2222 2558 in
2255 2519 2322 2560 eo
2356 2508 2649 2562 Secundum
2683 2517 2894 2580 tempus
2946 2513 3206 2570 discernis
3259 2517 3527 2577 hominem

207 2617 322 2662 tus.
351 2605 482 2661 Haec
513 2605 556 2659 si
583 2609 703 2673 quis
731 2602 946 2672 indigna
975 2602 1082 2656 Deo
1108 2602 1315 2660 recolit.
1348 2609 1494 2655 tanto
1514 2615 1572 2653 se
1602 2599 1821 2668 majoris
1922 2611 1952 2650 a
1988 2596 2126 2659 Deo,
2178 2597 2269 2652 Dei
2320 2608 2444 2653 tunc
2472 2611 2632 2670 atque
2662 2601 2893 2657 hominis
2924 2604 3170 2662 discerne
3199 2624 3526 2669 sermonem.

207 2697 465 2754 beneﬁcii
517 2690 806 2750 obnOxium
863 2694 1168 2760 conﬁtetur,
1222 2704 1424 2762 quanto
1472 2694 1653 2748 minus
1706 2692 1822 2747 hzcc
1925 2687 2132 2744 Etcum
2168 2690 2332 2746 Deum
2378 2701 2538 2763 atque
2567 2693 2838 2751 hominem
2869 2697 2921 2750 in
2956 2709 3199 2769 tempore
3228 2704 3522 2771 conﬁteris,

208 2791 309 2848 Dei
339 2798 711 2844 convenerunt
738 2786 1026 2854 majestati.
1052 2785 1166 2841 Non
1188 2787 1279 2841 ille
1310 2787 1456 2856 eguit
1485 2786 1648 2840 homo
1673 2785 1813 2840 cl'lici
1927 2781 2022 2835 Dei
2073 2792 2198 2838 tunc
2246 2793 2406 2854 atque
2439 2786 2668 2839 hominis
2714 2790 2763 2841 in
2813 2798 3055 2857 tempore
3106 2793 3245 2849 dicta
3277 2797 3526 2866 dijudica,

209 2903 310 2954 per
367 2901 526 2954 quem
577 2884 739 2940 homo
787 2882 960 2938 factus
1005 2892 1129 2936 est:
1163 2881 1256 2936 sed
1306 2896 1403 2936 nos
1450 2881 1718 2950 egnimus,
1767 2876 1826 2932 ιιι
1927 2875 2060 2929 Cum
2092 2892 2220 2931 vero
2245 2889 2325 2932 est
2359 2878 2575 2935 homine
2602 2881 2808 2946 elDeo,
2836 2900 3048 2939 rursum
3084 2890 3214 2943 totiu
3273 2890 3504 2949 hominis

205 2979 368 3035 Deus
393 2993 518 3032 euro
551 2978 722 3041 ﬁeret,
753 2989 807 3030 et
836 2974 1099 3027 habitaret
1123 2974 1173 3026 in
1203 2973 1380 3038 nobis,
1409 2972 1461 3026 id
1488 2982 1592 3037 est,
1620 2985 1827 3027 assum-
1931 2966 2090 3021 totius
2139 2968 2249 3038 jam
2302 2969 2394 3025 Dei
2429 2983 2640 3040 tempus
2680 2973 2930 3047 intelligis
2963 2998 2976 3031 :
3010 2979 3274 3051 siquidem
3307 2986 3434 3041 illud
3467 2937 3533 3044 ad

211 3076 410 3145 ptione
425 3072 623 3137 carnis,
651 3085 785 3124 unus
811 3070 1020 3123 interna
1045 3067 1316 3121 universae
1340 3066 1517 3120 carnis
1545 3065 1828 3119 incoleret.
1929 3058 2451 3117 demonstrationem
2503 3066 2762 3135 temporis
2793 3067 2992 3124 dictum
3023 3081 3125 3138 est,
3161 3079 3386 3146 tempori
3413 3096 3537 3135 coa-

210 3167 517 3226 llnmilitas
545 3165 662 3236 ejus
692 3173 876 3220 nostra
925 3163 1177 3216 nobilitas
1207 3171 1287 3216 est
1318 3176 1333 3212 :
1361 3157 1685 3215 contumelia
1713 3157 1830 3228 ejus
1931 3161 2101 3224 ptato,
2121 3170 2239 3223 qum
2260 3155 2400 3210 diota
2429 3165 2554 3210 sunt
2578 3176 2592 3210 :
2625 3169 2679 3212 ut
2707 3175 2827 3213 cum
2856 3163 2995 3217 aliud
3023 3165 3092 3220 sit
3112 3179 3236 3223 ante
3261 3170 3532 3229 hominem

214 3263 408 3317 honor
435 3271 618 3316 noster
643 3268 745 3314 est.
774 3257 927 3324 Quod
955 3255 1046 3310 ille
1071 3255 1212 3308 Dens
1241 3254 1294 3307 in
1320 3268 1484 3306 carne
1503 3253 1828 3317 eonsiswns,
1935 3245 2098 3312 Deus,
2131 3247 2273 3302 aliud
2297 3249 2362 3301 sit
2388 3249 2552 3303 homo
2577 3261 2631 3306 et
2653 3251 2812 3315 Dens,
2844 3255 2988 3309 aliud
3017 3258 3085 3312 sit
3114 3271 3230 3328 post
3259 3262 3532 3323 hominem

215 3354 331 3412 hoc
367 3369 465 3409 nos
493 3352 726 3407 vicissim
751 3352 802 3405 in
840 3351 1003 3404 Deum
1030 3364 1094 3402 ex
1126 3363 1289 3402 carne
1318 3345 1578 3400 renovati.
1625 3343 1786 3398 Plane
1807 3340 1832 3378 ἀ
1861 3347 1906 3408 C
1937 3349 1994 3394 et
2022 3340 2211 3406 Deum,
2265 3351 2406 3396 totus
2438 3343 2601 3398 homo
2648 3355 2701 3400 et
2731 3355 2874 3402 totus
2903 3349 3061 3415 Dens,
3098 3369 3201 3408 non
3241 3358 3536 3416 confundas

215 3451 394 3505 vitam
443 3463 594 3503 suam
641 3445 828 3509 nescit,
878 3443 966 3514 qui
1022 3441 1296 3497 Chris‘tum
1328 3439 1514 3495 .lesum
1546 3448 1604 3494 ut
1647 3454 1833 3495 verum
1941 3434 2269 3505 temporibus
2292 3445 2348 3491 et
2371 3438 2658 3504 generibus
2685 3440 3533 3521 diSpensationissacramentum,

216 3545 424 3610 Deum,
470 3542 538 3596 ita
585 3548 639 3595 et
681 3554 865 3595 verum
923 3547 946 3571 (τ
993 3535 1202 3606 ignorat
1249 3533 1541 3589 hominem.
1601 3533 1664 3586 Et
1719 3530 1838 3601 ejus
1942 3544 2062 3584 enm
2090 3542 2186 3597 pro
2209 3529 2467 3600 qualitate
2495 3545 2856 3600 generum,ac
2874 3544 3204 3605 naturarum,
3233 3542 3393 3598 alium
3415 3559 3534 3600 cum

217 3639 354 3694 dem
408 3634 627 3707 periculi
684 3648 773 3689 res
821 3641 922 3692 est,
977 3629 1159 3685 Jesum
1214 3628 1508 3693 Christum,
1537 3627 1621 3682 vel
1666 3626 1838 3696 Spiri-
1945 3633 2281 3678 sacramento
2307 3621 2537 3678 hominis
2557 3639 2778 3680 necesse
2805 3637 2888 3681 est
2914 3645 3216 3687 sermonem
3242 3634 3403 3692 fuisse
3427 3654 3536 3694 non

219 3741 348 3787 tum
381 3739 646 3792 sanctum,
683 3726 846 3781 Deum
878 3739 983 3778 non
1015 3721 1259 3786 credere,
1291 3723 1374 3776 vel
1403 3737 1622 3776 carnem
1670 3719 1840 3775 nostri
1947 3727 2095 3784 nato,
2137 3717 2299 3773 alium
2351 3718 2524 3774 adhuc
2578 3721 2856 3788 morituro,
2912 3723 3071 3778 alium
3123 3729 3282 3782 etiam
3311 3740 3538 3788 :eterno.

219 3821 480 3893 corporis
509 3819 561 3874 in
587 3817 802 3872 Christo
824 3815 1120 3884 denegaret
1163 3811 1336 3885 (Idem
1383 3813 1446 3867 S.
1477 3810 1600 3880 Leo,
1629 3811 1836 3878 ibidem,
1945 3811 2123 3876 Nostri
2153 3812 2310 3878 igitur
2335 3826 2495 3867 causa
2530 3813 2642 3867 lucc
2673 3815 2850 3869 omnia
2878 3815 3036 3871 Jesus
3060 3818 3302 3876 Christus
3321 3840 3542 3894 gerens,

217 3933 292 3971 ex
318 3913 497 3970 eodem
525 3911 586 3967 S.
621 3907 868 3977 Hilario).
898 3906 1078 3961 Omnis
1121 3922 1259 3977 ergo,
1291 3907 1385 3969 ait,
1413 3907 1499 3976 qui
1520 3904 1844 3974 conﬁtebitur
1945 3913 2000 3960 et
2028 3904 2272 3974 corporis
2319 3905 2484 3959 nostri
2527 3904 2689 3960 homo
2721 3915 2896 3973 natus,
2930 3911 3222 3966 secundum
3254 3929 3544 3974 consuetu-

219 4026 315 4065 me
347 4022 522 4060 coram
555 4002 862 4065 hominibus,
891 3998 1172 4067 conﬁtebor
1199 4007 1244 4052 et
1272 4014 1363 4068 ego
1393 4015 1506 4051 eum
1535 4015 1705 4051 coram
1737 3995 1843 4049 Pa-
1945 3998 2123 4054 dinem
2155 4007 2360 4053 natm-ae
2387 3999 2806 4054 nostrzclocutus
2829 4011 2930 4066 est,
2964 4017 3070 4058 non
3094 4014 3266 4062 tamen
3289 4010 3544 4068 omittens

220 4115 308 4158 (re
359 4116 490 4164 utea,
537 4097 626 4164 qui
655 4096 708 4149 in
736 4093 875 4148 catis
902 4102 974 4146 est
1009 4109 1020 4144 :
1053 4091 1139 4160 qui
1167 4099 1335 4143 autem
1365 4090 1621 4160 negaverit
1650 4106 1729 4143 me
1756 4105 1844 4142 co-
1946 4101 2156 4145 natur-te
2185 4104 2295 4144 sum
2339 4105 2482 4156 esse,
2531 4091 2671 4162 quod
2707 4092 2846 4147 Deus
2893 4103 2992 4148 est.
3046 4095 3176 4151 Nam
3225 4103 3434 4158 tametsi
3487 4104 3541 4160 in

223 4212 354 4252 ram
388 4188 696 4253 hominibus,
731 4184 924 4257 negabo
955 4192 1000 4236 et
1030 4199 1141 4236 eum
1185 4197 1356 4234 coram
1391 4179 1548 4234 Patre
1578 4196 1707 4244 meo,
1758 4181 1844 4245 qui
1947 4194 2100 4252 partu
2130 4193 2184 4238 et
2212 4184 2460 4253 passione
2488 4194 2542 4239 et
2573 4195 2747 4241 morte
2777 4195 2982 4240 naturae
3027 4201 3229 4245 nostra:
3258 4211 3368 4249 rem
3417 4212 3540 4267 per-

223 4300 309 4346 es!
337 4289 395 4342 in
421 4285 560 4340 caelis
589 4281 804 4354 (Matth.
829 4282 908 4346 x).
939 4275 1062 4331 Haec
1097 4273 1311 4328 Verbum
1351 4291 1470 4327 caro
1515 4278 1705 4345 factum
1753 4273 1842 4344 (S.

224 4385 404 4440 ιΙοαη.
429 4383 472 4448 ι)
493 4375 832 4448 loquebatur,
851 4380 908 4428 et
930 4370 1090 4425 homo
1116 4367 1275 4423 Jesus
1301 4365 1569 4431 Christus,
1593 4365 1846 4421 Dominus

226 4472 548 4546 majestatis
592 4466 839 4532 docebat,
899 4462 1161 4519 mediator
1193 4461 1306 4532 ipse
1336 4461 1387 4514 in
1433 4476 1491 4514 se
1522 4457 1588 4514 ad
1618 4458 1842 4514 salutem

229 4566 508 4628 Ecclesia:
532 4563 857 4621 constitutus
883 4568 938 4614 et
961 4557 1078 4638 ipso
1103 4555 1194 4610 illo
1224 4555 1362 4610 inter
1394 4553 1561 4609 Deum
1590 4564 1642 4607 et
1671 4553 1843 4606 homi—

229 4679 344 4721 nes
379 4657 689 4717 mediatoris
717 4661 1075 4717 sacramento,
1109 4649 1376 4720 utrimque
1407 4665 1544 4703 unus
1580 4647 1842 4714 e\islens,

1948 4279 2136 4349 egerit,
2193 4293 2280 4332 res
2309 4287 2486 4334 tamen
2531 4280 2674 4349 ipsas
2719 4295 2910 4337 omnes
2954 4282 3151 4340 virtute
3180 4295 3383 4342 natura:
3428 4305 3540 4345 suae

1947 4373 2130 4444 gessit.
2159 4371 2391 4428 Videsne
2418 4373 2484 4427 ita
2512 4372 2676 4428 Deum
2718 4381 2772 4426 et
2827 4375 3094 4430 hominem
3138 4381 3435 4450 praedicari,
3486 4394 3544 4438 ut

1948 4481 2093 4520 mors
2118 4464 2338 4530 homini,
2367 4465 2475 4520 Deo
2495 4464 2813 4520 veroearnis
2838 4467 3094 4522 excitatio
3119 4469 3400 4541 deputetur
3420 4474 3499 4547 (Ι)
3518 4476 3544 4528 ?

1950 4575 2054 4616 non
2088 4571 2265 4616 tamen
2293 4571 2353 4614 ut
2382 4559 2518 4613 alius
2547 4559 2636 4618 sit.
2683 4559 2773 4628 qui
2821 4571 3061 4616 mortuus
3088 4573 3191 4628 est,
3223 4576 3272 4618 et
3298 4567 3434 4622 alios
3472 4568 3544 4623 sit

1951 4669 2047 4724 per
2090 4668 2246 4720 quem
2280 4662 2521 4706 mortuus
2568 4650 2816 4719 resurgit.
2871 4650 3107 4719 Spoliata
3157 4655 3296 4709 enim
3349 4673 3537 4723 carne,

231 4756 380 4812 dum
407 4753 523 4821 ipse
548 4766 614 4806 ex
643 4747 805 4803 uniiis
833 4745 886 4799 in
917 4744 1146 4815 idipsum
1177 4741 1401 4804 naturis,
1427 4751 1631 4795 natura:
1652 4739 1847 4794 utrius-

1950 4745 2193 4801 Christus
2212 4753 2295 4799 est
2325 4754 2567 4798 mortuus
2597 4759 2609 4795 :
2639 4755 2693 4796 et
2714 4757 2946 4806 rursum,
2970 4741 3240 4800 Christum
3264 4764 3291 4799 a
3316 4749 3544 4808 mortuis

233 4864 356 4923 que
387 4860 476 4902 res
498 4843 684 4900 eadem
714 4848 832 4903 est;
881 4838 954 4892 ita
981 4845 1182 4900 unnen,
1215 4842 1273 4888 ut
1312 4842 1502 4889 neutro
1544 4842 1754 4888 careret
1793 4831 1846 4886 in
1949 4842 2211 4904 excitans,
2245 4838 2385 4894 idem
2439 4836 2688 4892 Christus
2725 4845 2827 4899 est,
2871 4851 3033 4892 carne
3061 4854 3121 4894 se
3147 4841 3403 4911 spoliaps,
3437 4845 3541 4901 Na-

236 4920 509 5011 utroque,
541 4953 607 4993 ne
653 4934 792 4989 forte
827 4931 966 4986 Deus
1007 4943 1147 4991 esse,
1181 4927 1342 4980 homo
1379 4923 1669 4985 nascendo,
1701 4920 1848 4976 desi-

1950 4943 2120 4990 turam
2155 4931 2265 4995 Dei,
2299 4932 2349 4984 in
2383 4929 2573 4983 virtute
2595 4927 3000 4984 resurrectionis
3029 4931 3298 5002 intellige:
3327 4934 3545 5008 dispen-

239 5043 418 5095 neret
447 5053 460 5088 :
492 5041 548 5086 et.
595 5031 756 5085 homo
785 5039 1020 5091 rursum,
1054 5023 1193 5077 Deus
1220 5017 1507 5082 manendo,
1549 5032 1654 5071 non
1685 5025 1849 5070 esset.
1951 5031 2214 5085 sationem
2267 5022 2499 5078 hominis
2546 5021 2600 5076 in
2646 5031 2818 5077 mone
2857 5038 3106 5093 agnosce.
3158 5024 3226 5080 Et
3267 5043 3386 5083 cum
3439 5030 3546 5086 sint

244 5131 397 5188 llaec
419 5128 597 5197 itaque
617 5126 862 5179 humanm
883 5115 1223 5175 beatitudinis
1251 5113 1382 5169 ﬁdes
1409 5127 1531 5167 vera
1556 5119 1658 5176 est,
1686 5109 1849 5164 Deum
1953 5128 2180 5189 utraque
2209 5117 2320 5172 suis
2364 5123 2511 5186 gesta
2559 5113 2782 5174 naturis,
2840 5129 3002 5169 unum
3051 5127 3225 5172 tamen
3271 5119 3541 5178 Christum

246 5235 308 5282 el
347 5185 618 5276 “Oll'i‘iem
650 5214 962 5288 ντεεάίεετθο
983 5208 1218 5265 “Vllum
1247 5216 1300 5262 ει
1326 5219 1540 5261 θθτηυηι
1570 5200 1812 5259 οοηίίιθτί
1840 5218 1853 5252 ³
1953 5213 2134 5270 Jesum
2179 5227 2302 5268 eum
2347 5219 2618 5265 memento
2643 5223 2782 5267 esse.
2815 5209 2902 5278 qui
2937 5219 3218 5280 utrumque
3266 5222 3366 5268 est.
3416 5213 3543 5270 1133c

246 5330 446 5390 neque
480 5315 643 5370 Deum
675 5308 900 5373 ne-cire,
930 5301 1074 5374 quod
1103 5302 1266 5356 homo
1294 5299 1363 5353 sit
1393 5316 1406 5351 :
1441 5311 1612 5368 neque
1636 5306 1853 5390 carnem

251 5385 522 5485 ignorare
567 5404 707 5478 quod
735 5401 968 5457 Verbum
1012 5397 1099 5451 sit.
1152 5393 1324 5450 Natus
1351 5391 1510 5463 igitur
1555 5385 1859 5485 unigenitus

243 5478 415 5564 Deus
432 5518 496 5560 ex
516 5498 716 5571 virgine
737 5496 899 5552 homo
925 5490 1119 5566 (Idem,
1144 5488 1316 5544 eadem
1333 5485 1567 5558 epistola,
1600 5499 1661 5536 ea:
1688 5478 1862 5536 eodem

2030 5351 2106 5424 (i)
2133 5351 2277 5408 Idem
2307 5350 2365 5407 S.
2399 5348 2525 5413 Leo,
2552 5346 2748 5424 ibidem
2773 5388 2788 5411 ,
2820 5347 3102 5424 ex_eodetn
3130 5348 3187 5403 S.
3219 5347 3437 5404 Hilario.
3471 5350 3548 5407 Ex

1960 5417 2153 5497 quibus
2178 5424 2343 5478 lector
2375 5419 2663 5497 perpendat
2705 5417 3011 5497 quamhuec
3054 5418 3210 5497 distet
3251 5434 3478 5490 purpura
3518 5438 3550 5478 ει

1962 5489 2155 5554 vitibus
2178 5509 2242 5550 ac
2255 5491 2582 5564 quotidianis
2609 5490 2921 5546 mercatoris
2948 5489 3264 5560 panniculis.

1523 5684 1898 5744 LECTIONES
1932 5677 2344 5739 VARIANTES.

2034 5819 2061 5858 ιι
2085 5819 2204 5869 Nam
2225 5819 2297 5867 sic
2315 5815 2462 5878 plane
2486 5811 2628 5866 Labb.

330 5877 370 5984 ἦ
1164 5981 1171 5984 _

2034 5877 2419 5984 ἲῗῐᾳπῗιίοιῧὺ.
3415 5941 3426 5946 "
3491 5911 3502 5936 ’

2135 5960 2148 5984 ι
2206 5979 2213 5984 .
2372 5976 2381 5984 .

341 5939 370 6011 ε
399 5939 773 6036 agrarias?
1160 5981 1171 5994 ο
2038 5944 2059 5986 ¹
2087 5945 2213 5996 ηπ
2240 5939 2381 5994 W"

571 6019 856 6117 Parnm.
902 6044 978 6106 V.
3019 6019 3057 6080 6

336 5853 368 5881 ⁸
400 5845 637 5901 Instruxit
665 5842 804 5894 Labb.
