3970 6276
579 346 680 403 171

1582 350 1640 406 S.
1682 349 2105 408 EUTYCHIANI
2144 350 2348 409 PAPIE
2390 356 2478 413 ET
2510 358 2861 419 MARTYRIS

3771 369 3865 427 172

574 464 737 535 igitur
753 463 1167 535 demonstranda
1196 479 1227 518 a
1254 478 1340 519 me
1354 465 1539 534 paucis
1569 467 1876 535 foerunt,ut
1897 468 2173 538 utriusque
2200 473 2251 532 Α
2278 474 2399 527 stoli
2432 478 2847 544 constituerunt,
2884 493 3047 549 super
3072 478 3242 535 altare
3273 481 3587 540 offerantur.
3618 485 3865 556 Optamus

578 565 787 611 natura:
815 557 1047 617 formam
1066 556 1277 610 tractari
1296 556 1349 610 in
1374 558 1599 613 Domino
1617 560 1801 615 nostro
1817 560 1943 615 Jesu
1961 560 2171 616 Christo

580 650 1007 706 meminissemus
1035 666 1050 702 :
1084 651 1205 720 quia
1234 652 1323 721 qui
1356 668 1580 708 manens
1624 654 1675 709 in
1716 654 1885 709 forma
1919 656 2033 719 Dei,
2064 653 2173 709 for-

579 760 718 797 tnam
742 742 882 798 servi
902 744 1156 814 suscepit,
1181 744 1296 814 ipse
1323 744 1653 802 divinitatem
1675 763 2010 818 nequaquam
2033 748 2170 801 ami-

575 837 665 888 sit.
694 836 982 898 Caeterum,
1008 835 1222 905 fratres,
1256 836 1537 894 hortamur
1561 856 1673 907 vos,
1708 851 1765 895 ut
1788 842 2049 895 moneatis
2074 855 2171 895 eos

573 933 813 985 converti
843 929 910 984 ad
955 946 1078 987 eum
1108 931 1211 1002 (1).
1260 932 1417 989 Unde
1467 934 1723 1004 scriptum
1772 944 1897 989 est:
1931 934 2060 998 Fili,
2110 951 2172 988 ne

575 1023 745 1077 tardes
789 1025 1010 1079 converti
1034 1025 1430 1094 adDominum,
1460 1037 1505 1082 et
1537 1043 1597 1081 ne
1625 1024 1835 1094 differas
1886 1027 1948 1082 de
1990 1029 2073 1082 die
2118 1029 2171 1082 in

574 1114 727 1170 diem.
763 1114 946 1177 Subito
974 1118 1106 1173 enim
1138 1119 1297 1173 veniet
1335 1119 1417 1173 ira
1443 1119 1606 1186 illius,
1650 1130 1697 1173 et
1728 1121 1781 1173 in
1811 1130 2035 1190 tempore
2059 1121 2171 1174 vin-—

572 1206 723 1274 dicta:
749 1208 1002 1276 disperdat
1032 1219 1097 1264 te.
1138 1208 1263 1266 Noli
1295 1212 1479 1265 anxius
1506 1212 1684 1267 essein
1711 1212 1898 1265 divitiis
1921 1212 2125 1282 injustis
2154 1227 2172 1264 :

569 1301 701 1355 nihil
725 1302 1001 1372 proderunt
1030 1303 1120 1358 tibi
1146 1305 1199 1357 in
1227 1305 1310 1359 die
1338 1306 1656 1361 obductionis
1686 1316 1734 1360 et
1762 1306 2007 1362 vindictte.
2049 1305 2171 1360 Non

569 1393 778 1448 ventilet
806 1404 853 1448 te
879 1394 934 1449 in
962 1412 1160 1450 onmem
1188 1406 1409 1459 ventum,
1443 1409 1489 1450 et
1532 1416 1633 1453 non
1679 1416 1764 1453 eas
1807 1399 1861 1452 in
1906 1400 2044 1452 omni
2065 1400 2163 1452 via.

571 1484 661 1539 Sic
690 1486 824 1539 enim
858 1497 1090 1558 peccator
1117 1489 1359 1558 probatur
1385 1491 1577 1558 duplici
1608 1491 1801 1561 lingua.
1837 1489 1963 1545 Esto
1993 1492 2172 1559 ﬁrmus

568 1576 621 1630 in
653 1578 733 1629 via
760 1576 989 1645 Domini,
1024 1590 1068 1632 et
1099 1580 1151 1633 in
1178 1583 1385 1636 veritate
1428 1599 1605 1637 sensus
1633 1585 1726 1648 tui,
1759 1594 1806 1637 et
1842 1585 2050 1637 scientia
2078 1600 2096 1638 :
2124 1593 2171 1637 et

567 1678 902 1737 prosequatur
932 1682 979 1723 te
1002 1673 1206 1737 verbum
1234 1675 1375 1743 pacis
1395 1685 1441 1729 et
1457 1676 1696 1745 justitiaz.
1726 1676 1848 1729 Esto
1876 1687 2170 1730 mansuetus

565 1761 635 1814 ad
656 1762 964 1831 audiendum
994 1764 1197 1818 verbum
1218 1765 1335 1831 Dei,
1360 1776 1415 1819 ut
1444 1768 1702 1838 intelligas
1722 1783 1742 1821 :
1760 1779 1805 1822 et
1825 1785 1937 1821 cum
1966 1769 2173 1838 sapien-

2276 565 2438 637 igitur
2460 567 2548 640 (S.
2573 569 2753 641 Greg.,
2778 590 2860 641 ep.
2895 575 2983 637 52,
3018 575 3108 630 lib.
3137 577 3234 648 tv),
3262 576 3454 634 fratres
3479 580 3798 651 cbarissimi,
3818 594 3869 639 et

2277 660 2402 713 totis
2429 663 2849 731 omnipotentem
2889 666 3172 722 Dominum
3208 672 3453 739 precibus
3485 688 3787 749 exoramus,
3818 686 3869 733 ut

2275 751 2617 810 dilectionem
2643 769 2874 811 vestram
2899 759 2951 813 in
2974 761 3172 815 amoris
3197 764 3280 817 sui
3309 767 3687 834 constantiam,
3720 769 3869 824 faciat

2276 848 2445 916 magis
2491 849 2763 920 magisque
2812 850 3135 921 fervescere,
3186 836 3424 933 atquein
3458 874 3588 928 pace
3619 859 3867 916 Ecclesia:

2278 938 2330 992 in
2361 955 2462 993 nua
2493 956 2590 995 vos
2618 942 2881 997 concedat
2907 962 3125 1002 manere
3166 950 3477 1005 concordia.
3512 951 3867 1033 Admonemus

2278 1033 2438 1086 etiam
2468 1032 2853 1091 fraternitatem
2879 1047 3108 1093 vestram
3138 1040 3222 1113 (S.
3250 1039 3429 1113 Greg.,
3460 1060 3541 1114 ep.
3564 1044 3657 1113 9-5,
3686 1032 3779 1101 lib.
3793 1044 3866 1120 ιι),

2278 1132 2337 1177 ut
2389 1124 2441 1178 in
2487 1129 2790 1183 commissis
2813 1130 2963 1184 vobis
2994 1132 3274 1187 animabus
3304 1135 3533 1191 solerter
3568 1138 3868 1208 invigilelis,

2277 1219 2686 1288 animarumque
2743 1224 2912 1292 magis
2954 1225 3153 1293 lueris,
3202 1244 3361 1296 quam
3410 1233 3709 1287 commodis
3752 1234 3867 1286 vitio

2278 1313 2562 1380 przcsentis
2607 1313 2919 1371 intetnlatis.
2966 1318 3020 1372 In
3067 1321 3409 1377 continendis
3453 1341 3581 1380 vero
3611 1342 3673 1381 ac
3700 1326 3867 1398 dispo-

2277 1406 2468 1461 nendis
2493 1408 2650 1464 rebus
2681 1410 3061 1469 ecclesiasticis
3099 1414 3382 1486 diligentes
3401 1420 3655 1475 custodes
3685 1423 3869 1476 cxista-

2278 1499 2364 1564 tis,
2397 1509 2453 1553 ut
2474 1516 2535 1555 ex
2569 1503 2712 1556 omni
2739 1516 2890 1573 parte
2912 1518 3220 1576 susceptum
3240 1525 3334 1563 vos
3355 1511 3621 1583 condigne
3647 1514 3868 1584 gessisse

2275 1594 2508 1661 pastoris
2535 1594 2789 1671 officium,
2807 1610 3067 1655 venturus
3084 1600 3276 1673 judex.
3302 1621 3424 1659 cum
3446 1606 3510 1660 ad
3528 1604 3865 1677 judicandum

2274 1685 2503 1753 venerit,
2535 1685 2729 1742 debeat
2757 1691 3077 1761 approbare.
3135 1694 3490 1766 Omnipotens
3522 1710 3704 1755 autem
3740 1701 3870 1775 Deus

2273 1793 2366 1832 sua
2398 1795 2493 1833 vos
2526 1784 2856 1849 protectione
2893 1789 3156 1843 custodiat
3190 1790 3277 1859 (S.
3310 1790 3487 1863 Greg.,
3519 1810 3599 1863 cp.
3644 1795 3717 1853 50
3740 1838 3753 1860 ,
3784 1796 3866 1849 lib.

565 1855 637 1907 tiu
664 1858 742 1924 fer
769 1872 1090 1927 responsum.
1124 1858 1184 1913 Si
1215 1870 1286 1913 est
1314 1859 1405 1911 tibi
1434 1859 1738 1925 intellectus,
1772 1860 2025 1928 responde
2051 1877 2168 1929 pro-

2285 1869 2374 1941 ιν),
2407 1872 2769 1946 honoremque
2798 1894 2825 1930 a
2859 1880 2966 1931 Deo
2994 1882 3145 1935 vobis
3189 1883 3464 1961 collatum,
3498 1888 3741 1943 moribus
3761 1904 3871 1944 ser-

567 1946 707 2009 .rimo
742 1964 754 1999 :
787 1947 864 2001 sin
889 1958 1079 2015 autem,
1114 1951 1176 2004 sit
1208 1968 1391 2007 manus
1420 1961 1508 2006 tua
1538 1970 1691 2022 super
1718 1971 1773 2007 os
1802 1963 1964 2018 tuum,
1998 1969 2060 2008 ne
2089 1969 2175 2006 cae

486 2099 492 2108 ,
568 2041 729 2108 piaris
756 2041 807 2094 in
835 2042 983 2097 verbo
1024 2043 1429 2114 indisciplinato,
1488 2058 1535 2101 et
1584 2047 1935 2117 confundaris.
1996 2046 2175 2102 Honor

565 2122 614 2186 et
643 2134 808 2204 gloria
839 2137 891 2188 in
918 2153 1150 2191 sermone
1174 2140 1364 2192 sensati
1392 2156 1410 2193 :
1443 2138 1620 2209 lingua
1645 2155 1761 2193 vero
1812 2140 2172 2209 imprudentis,

563 2226 823 2295 subversio
871 2228 1031 2282 illius.
1066 2227 1188 2284 Non
1214 2230 1490 2301 appelleris
1518 2244 1728 2285 susurro
1748 2272 1764 2297 ,
1807 2241 1856 2283 et
1883 2232 2060 2299 lingua
2091 2242 2178 2285 tua

566 2335 630 2372 ne
656 2320 899 2388 capiaris.
962 2330 1007 2374 et
1057 2321 1412 2391 confundaris.
1471 2322 1642 2394 Super
1696 2328 1859 2392 furem
1916 2324 2049 2378 enim
2105 2336 2179 2378 est

566 2412 803 2480 confusio
833 2420 879 2463 et
909 2413 1238 2485 paznitentia,
1290 2424 1337 2467 et
1392 2414 1649 2468 denotatio
1701 2423 1724 2449 α
1778 2415 1996 2486 pessima
2024 2432 2179 2485 super

567 2500 842 2575 bilinguem
889 2520 908 2557 :
954 2510 1271 2561 susurratori
1323 2517 1490 2561 autem
1545 2509 1749 2573 odium,
1795 2518 1842 2562 et
1889 2510 2174 2574 inimicitia,

568 2606 615 2649 et
645 2597 971 2652 contumelia.
1004 2597 1245 2669 Justiﬁca
1291 2603 1535 2670 pusillum
1563 2614 1609 2656 et
1636 2620 1876 2673 magnum
1919 2605 2173 2658 similiter.

569 2688 698 2765 Noli
743 2691 867 2765 ﬁeri.
904 2709 995 2761 pro
1042 2694 1205 2748 amico
1234 2694 1473 2759 inimicus
1500 2697 1751 2763 proximo.
1786 2695 2167 2766 lmpmperium

567 2784 702 2859 enim
732 2795 777 2838 et
804 2788 1165 2859 contumeliam
1197 2790 1364 2843 malus
1390 2789 1727 2857 hatreditabit,
1782 2802 1828 2844 et
1855 2792 2017 2845 omnis
2047 2808 2165 2863 pec-

568 2889 711 2932 cator
739 2879 940 2934 invidus
966 2891 1010 2934 et
1035 2881 1294 2954 bilinguis.
1329 2882 1451 2938 Non
1476 2894 1523 2939 te
1550 2885 1765 2939 extollas
1788 2885 1839 2938 in
1865 2886 2171 2955 cogitatione

565 2972 754 3027 anima:
778 2983 876 3026 tua:
902 2974 1033 3027 velut
1059 2984 1256 3043 taurus,
1288 2992 1351 3030 ne
1375 2980 1508 3047 forte
1532 2976 1756 3031 elidatur
1783 2979 1941 3032 virtus
1966 2988 2055 3031 tua
2079 2995 2170 3047 per

567 3067 874 3147 stultitiam:
899 3078 942 3120 et
972 3068 1099 3138 [alia
1126 3079 1211 3124 tua
1241 3072 1487 3133 comedet,
1516 3080 1562 3124 et
1592 3075 1788 3142 fructus
1811 3082 1924 3125 tuos
1951 3072 2129 3140 perdet
2150 3087 2171 3125 :

2280 1981 2409 2020 vare
2460 1969 2739 2037 concedat,
2774 1982 2934 2043 atque
2963 1990 3091 2053 cum
3117 1976 3394 2047 multiplici
3448 1977 3624 2037 fructu
3675 1985 3874 2055 animas

2281 2060 2433 2115 vobis
2458 2064 2774 2118 commissas
2805 2065 2868 2120 ad
2900 2083 3092 2137 pascua
3121 2079 3318 2125 mlerna
3353 2072 3642 2147 adducere,
3677 2076 3875 2147 sibique

2281 2151 2544 2222 condigne
2576 2167 2966 2223 reprzesenturc
2998 2160 3234 2228 adjuvet,
3266 2144 3467 2232 vosque
3497 2166 3634 2221 inter
3666 2179 3876 2222 sanctos

2282 2253 2335 2297 et
2362 2244 2564 2299 electos
2590 2264 2717 2303 suos
2743 2252 3009 2308 Collocare
3037 2253 3303 2325 dignetur.
3344 2259 3471 2314 Data
3494 2277 3529 2315 ιι
3578 2261 3700 2318 idus
3743 2264 3878 2332 apri-

2283 2338 2365 2401 lis,
2401 2340 2688 2396 Aureliano
2716 2354 2769 2397 et
2796 2344 3046 2401 Marcello
3068 2346 3095 2385 ι)
3129 2348 3257 2405 viris
3301 2352 3615 2410 clarissimis
3643 2357 3879 2412 consuli-

2288 2429 2382 2481 bus
2414 2429 2514 2501 (ιη).

2861 2549 3192 2613 EPISTOLA
3240 2557 3303 2612 ll.

2479 2676 2545 2715 Λῐ)
2583 2676 2859 2721 EPISCOPOS
2898 2682 2999 2722 PER
3036 2685 3262 2727 SICILIAII
3291 2686 3309 2710 (’
3334 2688 3711 2738 σοηετιτυτοε.

2350 2795 2387 2848 l.
2420 2795 2498 2851 De
2527 2801 2675 2852 ntodo
2705 2802 2981 2869 recipiendi
2999 2810 3368 2865 accusationem
3399 2815 3637 2871 adversus
3658 2820 3879 2875 clericos.

2350 2888 2411 2940 ΙΙ.
2440 2890 2542 2957 Qui
2566 2909 2665 2944 non
2687 2895 3021 2950 adntittantur
3044 2901 3112 2953 ad
3128 2905 3496 2960 accusationem
3513 2909 3878 2982 religiosorum.

2346 2981 2433 3035 lli.
2478 2981 2555 3036 De
2599 2986 2749 3039 modo
2780 2989 3089 3057 procedendi
3129 2993 3181 3046 in
3227 2998 3444 3065 negotiis
3492 3001 3880 3073 ecclesiasticis,

2276 3090 2390 3127 cum
2421 3079 2626 3144 procedi
2654 3096 2752 3133 non
2783 3081 2958 3136 debeat
2988 3086 3141 3139 modo
3172 3090 3429 3144 sa'culuri.

568 3170 615 3214 et
651 3160 948 3231 relinqueris
994 3162 1125 3215 velut
1172 3162 1367 3233 lignum
1417 3162 1620 3217 aridum
1667 3164 1721 3219 in
1764 3180 1951 3218 eremo.
1987 3164 2173 3218 Anima
2198 3174 2243 3237 (ζ
2281 3168 2629 3227 Dilectissimis
2659 3177 2900 3243 fratribus
2948 3180 3193 3237 universis
3233 3186 3489 3257 episcopis
3527 3207 3617 3260 per
3655 3190 3879 3247 Siciliam

569 3254 702 3307 enim
742 3270 958 3321 nequam
1002 3253 1273 3323 disperdit,
1326 3255 1413 3324 qui
1441 3270 1496 3309 se
1540 3253 1709 3319 habet,
1753 3265 1797 3308 et
1843 3256 1898 3308 in
1929 3257 2177 3326 gaudium

568 3344 763 3397 inimici
783 3345 870 3397 dat
898 3344 1066 3417 illum,
1100 3356 1145 3398 ct
1176 3345 1378 3398 deducit
1406 3346 1460 3398 in
1490 3357 1678 3399 sortem
1710 3347 1985 3417 impiorum
2004 3348 2172 3421 (Eccl.

567 3435 666 3515 vr).
704 3436 927 3515 Talibus
991 3438 1477 3503 exhortationibus,
1530 3438 1745 3504 fratres,
1794 3441 2027 3511 vicissim
2062 3457 2175 3495 mo-

568 3543 773 3598 netote,
808 3542 861 3584 et
894 3534 1030 3585 bona
1080 3546 1294 3599 semper
1340 3534 1646 3597 sectamini,
1696 3535 1940 3605 malaque
1985 3536 2171 3591 vitate.

566 3624 771 3701 Magnis
791 3625 936 3695 enim
969 3621 1263 3696 (Gelasius,
1295 3638 1375 3696 ep.
1410 3623 1477 3694 9),
1497 3623 1688 3679 studiis
1708 3625 2024 3696 (secundum
2054 3628 2176 3681 bea-

566 3728 681 3769 tum
715 3714 1057 3789 Apostolum)
1090 3716 1498 3787 praecavendum
1528 3726 1632 3783 est,
1660 3734 1721 3770 ne
1747 3718 1876 3785 ﬁdes
1929 3728 1974 3772 ct
2018 3719 2176 3775 disci-

567 3809 711 3880 plina
745 3808 952 3862 Domini
983 3809 1356 3877 blasphematur
1388 3807 1443 3882 (l
1472 3809 1722 3873 Timoth.,
1776 3814 1875 3879 γι).
1926 3811 2056 3869 Etsi
2086 3812 2173 3869 illa

567 3894 983 3975 nonnumquam
1004 3902 1226 3977 sinendo
1255 3912 1379 3956 sunt
1423 3920 1542 3974 qua:
1589 3902 1655 3976 (si
1685 3916 2003 3969 cancrorum
2047 3921 2174 3961 con-

571 4008 679 4053 stet
707 3997 1006 4069 integritas)
1051 3998 1163 4052 sola
1210 4014 1407 4054 nocere
1452 4014 1558 4067 non
1590 3999 1799 4055 valeant
1829 4014 1842 4052 :
1877 4001 1962 4056 illa
1995 4011 2172 4057 tamen

572 4100 700 4167 sunt
740 4104 1062 4163 magnOpere
1093 4089 1467 4159 praecavenda,
1515 4107 1635 4161 qnte
1668 4092 1831 4161 recipi
1856 4092 1972 4148 sine
2001 4095 2173 4149 mani-

571 4183 709 4238 festa
738 4181 806 4237 de
832 4181 1161 4249 coloratione
1191 4198 1298 4236 non
1332 4192 1577 4251 possunt.
1609 4185 1679 4238 At
1715 4186 1758 4240 si
1801 4200 1862 4239 ea
1892 4186 2025 4255 ipsa,
2056 4203 2175 4257 quae

574 4275 722 4345 nullo
743 4274 1076 4343 detrimento
1101 4274 1384 4345 aliquoties
1409 4274 1737 4344 indulgenda
1761 4277 2068 4345 credentur,
2096 4282 2177 4336 vel

574 4342 754 4441 rerum
790 4375 1207 4439 temporumque
1246 4366 1389 4441 cogit
1438 4367 1683 4435 intuitus,
1733 4371 1825 4437 vel
1862 4372 2176 4427 accelerant:

573 4436 1207 4535 provisionisrespectus
1220 4469 1440 4531 excusat
1467 4476 1478 4511 :
1504 4470 1707 4532 quanto
1733 4463 1905 4530 magis
1935 4462 2024 4516 illa
2054 4474 2179 4518 sunt

528 4558 532 4563 '
578 4538 911 4621 nullatenus
934 4551 1263 4615 mutilanda,
1297 4568 1416 4622 quae
1448 4568 1550 4608 nec
1596 4552 1702 4609 ulla
1735 4553 2046 4618 necessitas,
2083 4572 2179 4612 nec
2204 4564 2257 4623 1)

572 4628 939 4704 ecclesiastica
974 4662 1193 4717 prorsus
1223 4656 1511 4717 extorquet
1543 4647 1781 4713 utilitas?
1815 4647 2036 4713 Idcirco,
2072 4650 2181 4713 [(39

580 4751 710 4805 tres,
760 4741 858 4817 ista
890 4740 1247 4815 praetulimus,
1280 4749 1338 4803 ut
1370 4739 1451 4792 lue
1480 4738 1708 4811 species,
1757 4756 1890 4811 quas
1922 4759 2025 4797 non
2054 4742 2181 4805 licet

578 4832 761 4886 oli‘erri
787 4849 948 4903 super
977 4832 1145 4905 altare
1167 4833 1316 4901 juxta
1344 4832 1780 4901 constitutionem
1809 4834 2179 4902 apostolorum

581 4908 875 5007 eorumque
921 4940 1294 4980 suceessorum
1326 4924 1556 4998 (Conon.
1588 4927 1640 4990 5,
1675 4928 1730 4995 4,
1778 4927 1829 4991 5,
1876 4938 2066 4997 apost.,
2116 4946 2178 4984 ea:

577 5020 806 5074 versione
837 5018 1066 5090 Dionysii
1094 5015 1310 5089 exigui).
1342 5018 1411 5072 ad
1440 5018 1658 5089 domum
1697 5020 2036 5101 sacerdotum
2077 5022 2175 5089 de-

580 5090 844 5187 ierantur,
872 5125 925 5169 et
950 5130 978 5167 a
1010 5112 1380 5191 sacerdotibus
1406 5114 1807 5181 benedicuntur,
1838 5128 1897 5175 et
1917 5133 2013 5189 per
2040 5118 2174 5173 sim-

592 5180 1249 5279 plieembenedictionem
1283 5205 1576 5272 benedicta,
1626 5207 1840 5263 demum
1889 5227 1917 5263 a
1970 5214 2177 5309 pOpulis

584 5291 867 5363 sumantur
898 5320 910 5355 :
935 5300 1072 5355 fabae
1097 5308 1301 5387 tantum
1331 5309 1385 5353 et
1415 5316 1551 5367 uvm,
1578 5310 1637 5385 et
1657 5312 1871 5385 cetera,
1906 5291 2023 5391 quin
2049 5320 2179 5376 apo.

651 5442 733 5513 (t)
788 5442 1049 5521 Deinceps
1088 5436 1332 5521 quaedam
1387 5436 1735 5521 interpolator
1783 5452 1890 5521 pro.
1920 5455 2070 5494 more
2099 5442 2177 5495 in.

578 5507 731 5571 serit.
774 5524 827 5567 et
870 5507 1118 5567 lacinias‘
1145 5509 1415 5579 longiores
1465 5524 1530 5562 ex
1580 5508 1764 5562 Bibliis
1806 5510 2028 5580 aliisque
2076 5529 2173 5567 an-

584 5587 769 5641 nectit.

2729 3269 3010 3323 constitutis
3035 3314 3048 3337 ,
3082 3271 3454 3344 Eutyrhianus.

2353 3373 2650 3432 Benedictus
2681 3378 2818 3432 Deus
2844 3390 2890 3434 et
2920 3382 3077 3438 Pater
3109 3386 3314 3442 Domini
3340 3395 3509 3465 nostri
3527 3394 3655 3449 Jesu
3678 3396 3880 3466 Christi,

2278 3467 2365 3535 qui
2391 3469 2644 3524 benediin
2672 3489 2761 3526 nos
2786 3472 3003 3547 (Ep/tes.
3035 3495 3072 3545 ι,
3091 3496 3153 3534 ex
3176 3484 3403 3537 versione
3428 3487 3593 3563 mixta
3615 3506 3679 3543 ea:
3702 3489 3882 3543 Italica

2280 3570 2324 3611 et
2344 3558 2831 3639 Hierongntiana)in
2858 3570 2993 3623 omni
3019 3570 3359 3630 benedictione
3384 3579 3641 3647 spirituali
3666 3584 3716 3636 in
3741 3582 3884 3636 caele-

2282 3651 2441 3704 stibus
2464 3654 2514 3707 in
2534 3652 2757 3724 Christo,
2784 3660 2911 3713 sicut
2939 3663 3085 3733 elegit
3113 3682 3203 3719 nos
3227 3668 3277 3720 in
3298 3669 3408 3736 ipso
3429 3682 3547 3725 ante
3563 3674 3739 3747 mundi
3763 3690 3883 3727 con-

2278 3744 2607 3810 stitutionem,
2639 3758 2691 3801 ut
2714 3767 2931 3805 essemus
2948 3758 3110 3808 sancti
3125 3768 3170 3810 et
3194 3758 3509 3817 inmaculati
3540 3766 3591 3831 in
3608 3775 3883 3836 conspectu

2279 3839 2387 3907 ejus
2402 3839 2452 3891 in
2468 3839 2732 3909 churitate,
2756 3847 3125 3927 prtedrstinans
3140 3868 3230 3906 nos
3248 3854 3298 3906 in
3320 3856 3649 3927 adoptionem
3663 3861 3885 3928 ﬁliorum

2278 3930 2551 3997 perlesum
2570 3932 2824 3990 Christum
2848 3940 2897 3991 in
2929 3941 3113 4009 ipsum,
3150 3946 3425 4021 secundum
3446 3940 3774 4021 propositum
3804 3969 3885 4006 tto-

2278 4022 2484 4077 lunjatis
2506 4043 2627 4093 suat,
2661 4020 2709 4082 in
2732 4030 2931 4085 laudent
2949 4034 3125 4103 gloritc
3142 4040 3321 4108 gratite
3341 4059 3468 4111 Stttl’,
3493 4045 3544 4123 in
3565 4062 3668 4115 qua
3683 4047 3882 4117 gratiﬁ-

2280 4130 2421 4175 catus
2451 4133 2521 4175 est
2551 4121 2577 4159 ἀ
2606 4126 2749 4179 nobis
2778 4128 2829 4180 in
2868 4130 3048 4184 dilecto
3078 4130 3217 4197 Filio
3265 4154 3356 4211 suo
3411 4139 3464 4193 in
3510 4121 3609 4215 quo
3652 4144 3887 4217 habemus

2279 4216 2675 4285 redemptionem
2706 4238 2793 4290 per
2821 4228 3120 4303 sanguinem
3149 4231 3298 4305 ejus,
3333 4234 3680 4309 remissionem
3707 4255 3883 4308 pecca-

2281 4316 2468 4377 torum,
2502 4315 2780 4367 secundum
2811 4317 3011 4373 divitias
3041 4325 3219 4392 gratia:
3232 4329 3362 4396 ejus,
3391 4346 3504 4400 qua:
3532 4330 3809 4387 abundavit
3833 4332 3884 4384 in

2283 4404 2425 4457 nobis
2448 4405 2500 4457 in
2520 4408 2657 4459 onmi
2673 4411 2921 4479 sapientia
2948 4424 2992 4467 et
3017 4417 3307 4491 prudentia,
3326 4432 3377 4474 nt
3398 4433 3573 4476 notum
3588 4424 3778 4494 faceret
3796 4441 3884 4477 no-

2284 4497 2356 4549 bis
2385 4513 2754 4554 sacramentum
2784 4507 3052 4562 voluntatis
3069 4528 3195 4583 sate,
3213 4516 3491 4591 secundum
3514 4518 3880 4590 beneplaritum

2283 4591 2414 4660 ejus.
2443 4598 2579 4663 quod
2605 4602 2866 4669 proposuit
2893 4602 2944 4655 in
2970 4620 3048 4673 eo,
3079 4605 3129 4657 in
3156 4606 3531 4677 dispensattone
3559 4611 3881 4687 plenitudinis

2281 4692 2584 4756 temporum,
2615 4691 3102 4767 instaurare.omnia
3128 4700 3190 4769 in.
3208 4698 3431 4767 Christo,
3456 4722 3569 4773 qua:
3593 4707 3647 4760 in
3676 4708 3811 4763 caelis
3836 4713 3880 4758 et

2282 4792 2394 4846 qua:
2421 4780 2471 4832 in
2502 4792 2636 4835 terra
2666 4798 2781 4867 sunt
2814 4788 2863 4841 in
2892 4789 3023 4858 ipso.
3050 4790 3117 4844 1η
3142 4811 3239 4864 quo
3268 4797 3418 4851 etiam
3447 4810 3581 4854 sorte
3608 4801 3773 4855 vocati
3800 4815 3879 4853 su-

2282 4886 2429 4936 mus,
2480 4876 2826 4943 pt'a’destinali
2880 4884 3169 4957 secundum
3212 4891 3526 4960 propositum
3579 4896 3737 4967 ejus,
3797 4894 3878 4962 qui

2281 4964 2451 5017 omnia
2477 4980 2719 5051 operatur
2757 4974 3035 5049 secundum
3062 4979 3329 5049 consilium
3360 4983 3633 5039 voluntatis
3660 5005 3797 5052 sate,
3826 4996 3878 5041 ut

2279 5058 2438 5125 simus
2469 5078 2557 5115 nos
2581 5063 2631 5115 in
2661 5065 2862 5119 laudem
2892 5079 2937 5121 et
2977 5069 3192 5143 gloriam
3222 5076 3361 5145 ejus,
3394 5080 3479 5147 qui
3516 5092 3633 5134 ante
3658 5082 3879 5152 sperari-

2282 5168 2403 5233 mus,
2437 5154 2487 5206 in
2520 5156 2716 5211 Christo
2741 5176 2759 5212 :
2781 5159 2831 5213 in
2859 5178 2956 5232 quo
2988 5174 3033 5216 et
3070 5181 3153 5219 vos
3175 5208 3187 5231 ,
3220 5185 3335 5221 cum
3370 5170 3635 5227 audissetis
3680 5177 3875 5243 uerbum

2283 5247 2522 5314 veritatis,
2558 5248 2899 5331 Erangeliunr
2917 5258 3099 5312 salutis
3122 5270 3317 5329 vestrm,
3346 5265 3396 5335 in
3418 5283 3516 5335 quo
3547 5279 3591 5322 et
3621 5272 3877 5341 credentes

2280 5337 2477 5411 signati
2495 5343 2612 5395 estis
2639 5342 2837 5415 Spiritu
2863 5352 3217 5435 promissionis
3239 5368 3445 5425 sancto,
3476 5362 3562 5429 qui
3584 5372 3671 5433 est,
3691 5364 3875 5439 pignus

2282 5429 2590 5487 hwreditatis
2628 5448 2843 5506 nostrte,
2882 5443 2933 5494 in
2972 5444 3368 5517 redemptionem
3410 5455 3790 5525 acquisitionis,
3824 5456 3873 5509 in

2353 5590 2433 5656 (l)
2460 5589 2617 5651 Anno
2645 5592 2774 5659 275,
2809 5598 3040 5653 nondum
3075 5601 3327 5659 defuncto
3356 5606 3553 5664 Felice.

1824 5697 2202 5785 ιιιξαΤΙΟΝΕΞ
2240 5704 2653 5765 VARIANTES.

647 5796 671 5821 ⁸
702 5791 962 5841 Devoratio
987 5789 1127 5838 Labb.

646 5851 672 5893 δ
700 5851 978 5905 Marcellino
1015 5852 1155 5901 Labb.

2353 5801 2863 5891 :lt‘tlnal.eﬁh3erlinpsLet
2880 5824 2965 5874 qq.
2991 5813 3071 5863 alii
3097 5816 3313 5870 Ciciliam

2345 5862 2372 5902 δ
2395 5861 2692 5919 Gratiﬁcavit
2713 5871 2856 5922 La”.
2898 5861 2912 5873 ·
2931 5861 2947 5874 ι
3106 5861 3313 5870 --ν-----...
3340 5861 3429 5901 -..τ
