4060 6342
243 413 339 470 175

1680 408 2016 469 EPISTOLA
2054 409 2117 468 ll.

3420 418 3523 474 174

242 534 443 589 laudem
469 534 647 605 gloria
689 533 868 604 ipsius.
898 532 1179 605 Propterea
1203 541 1252 587 et
1276 548 1402 604 ego,
1433 532 1647 586 audiens
1674 532 1825 600 fidem
1854 533 1904 592 Α
1931 532 2162 585 ctionem
2194 526 2392 585 fuerint
2414 573 2429 599 ,
2460 529 2592 600 ipsis
2619 538 2673 585 et
2705 529 2868 601 janua
2898 531 3047 603 regni
3085 531 3320 589 ctelestis
3349 532 3529 588 clausa

240 637 454 683 vestram
480 627 536 681 in
566 626 786 681 Domino
815 626 942 681 Jesu
972 625 1193 692 Christo,
1222 635 1269 680 et
1297 625 1616 679 dilectionem
1638 626 1691 679 in
1717 641 1829 678 om-

243 737 331 776 nos
358 729 577 787 sanctos,
606 739 707 775 non
733 737 892 786 cesso,
923 720 1114 792 gratias
1140 734 1297 791 agens
1322 735 1417 791 pro
1443 719 1601 785 vobis,
1635 734 1828 773 memo-

241 818 370 870 riam
396 814 544 870 uestri
572 814 763 885 faciens
784 814 839 867 in
865 811 1177 867 orationibus
1205 813 1348 879 meis,
1376 821 1430 866 ut
1457 810 1596 865 Deus
1626 810 1831 865 Domini

244 908 404 963 nostri
430 904 557 962 Iesu
584 905 777 962 Christi
800 916 945 978 pater
972 907 1171 978 glorise,
1197 906 1281 960 det
1320 905 1457 960 vobis
1488 906 1725 974 spiritum
1750 921 1834 960 sa-

247 1000 450 1072 pientia
489 1011 534 1055 et
578 1001 900 1055 reuelationis
927 1001 981 1055 in
1009 1000 1319 1072 agnitionem
1347 1001 1458 1070 eius
1476 1041 1492 1065 ,
1524 993 1837 1054 illuminatos

248 1092 423 1148 oculos
446 1092 623 1148 cordis
652 1094 801 1147 vestri
823 1135 837 1159 ,
867 1102 924 1147 ut
967 1094 1138 1147 sciatis
1166 1108 1282 1160 qua:
1304 1093 1368 1145 sit
1410 1107 1525 1159 spes
1564 1092 1839 1146 vocationis

249 1185 379 1255 ejus.
407 1195 454 1239 et
478 1200 593 1255 qua:
612 1184 803 1239 diuitite
820 1185 999 1256 gloria;
1022 1184 1332 1239 Ita'redilali’s
1351 1186 1463 1257 ejus
1488 1186 1541 1239 in
1567 1185 1775 1249 sanctis,
1794 1194 1841 1238 et

248 1293 362 1347 quia
384 1282 450 1332 sit
469 1279 849 1348 supereminens
874 1279 1171 1350 magnitudo
1194 1279 1394 1333 virtutis
1413 1281 1523 1351 ejus
1549 1281 1603 1333 in
1623 1296 1734 1346 nos,
1757 1280 1844 1348 qui

247 1372 556 1427 credidimus
573 1372 848 1427 secundum
867 1373 1213 1441 operationem
1236 1373 1473 1443 potentia:
1495 1372 1693 1426 virtutis
1710 1373 1841 1443 ejus,

248 1482 402 1535 quam
432 1475 669 1534 operatus
691 1476 765 1519 est
788 1465 842 1520 in
863 1463 1089 1531 Christo,
1117 1465 1370 1520 suscitans
1394 1464 1540 1519 illum
1559 1482 1595 1519 a
1611 1465 1844 1530 mortuis,

249 1569 302 1616 et
329 1560 637 1615 constituens
683 1560 752 1613 ad
795 1560 1057 1615 dexteram
1093 1576 1241 1614 suam
1285 1560 1340 1613 in
1373 1558 1652 1614 (celestibus
1699 1573 1849 1629 super

251 1672 450 1711 omnem
479 1656 838 1726 principatum,
867 1664 917 1709 et
943 1664 1239 1725 potestatem
1260 1697 1274 1721 ,
1308 1665 1356 1709 et
1382 1654 1613 1709 virtutem
1632 1695 1647 1720 ,
1682 1663 1730 1708 et
1759 1651 1853 1706 do-

251 1750 604 1811 minationem,
629 1758 677 1803 et
701 1764 848 1802 omne
872 1763 1053 1802 nomen
1084 1746 1220 1815 quod
1252 1746 1544 1809 nominatur
1569 1760 1667 1799 non
1689 1744 1852 1799 solum

258 1841 317 1896 in
347 1840 441 1903 hoc
468 1840 680 1903 seculo,
709 1840 801 1894 sed
828 1851 877 1895 et
910 1839 964 1893 in
993 1840 1185 1911 futuro.
1223 1839 1288 1893 Et
1313 1839 1485 1894 omnia
1523 1836 1737 1908 subjecit
1766 1836 1854 1890 sub

1934 625 2055 679 erit.

2009 718 2123 773 1.-
2142 717 2294 774 Unde
2322 717 2419 772 ista
2440 729 2804 788 praecaventes
2833 719 2889 790 (2
2907 738 2956 785 q.
2973 720 3027 785 G,
3055 717 3178 774 Non
3198 722 3270 774 ita
3294 722 3345 774 in
3376 720 3534 775 eccle-

1935 809 2208 880 siasticis),
2242 821 2295 865 et
2321 810 2610 864 stultorum
2636 811 2847 866 animos
2877 811 3258 882 praavidentes,
3287 827 3412 866 cura
3443 826 3536 881 pa-

1938 903 2121 958 storali
2154 918 2273 958 cum
2319 904 2573 959 omnibus
2617 906 2885 976 episcopis
2912 948 2925 969 ,
2958 917 3011 961 et
3056 916 3255 961 Sancta:
3300 920 3536 960 romana:

1939 1006 2102 1066 atque
2120 997 2441 1052 universalis
2460 997 2718 1053 Ecclesiae
2738 1000 3015 1070 utriusque
3041 999 3245 1054 ordinis
3270 998 3537 1065 ﬁdelibus,

1941 1092 2245 1159 statuimus,
2274 1108 2380 1147 non
2412 1093 2480 1148 ita
2511 1094 2561 1147 in
2591 1093 2974 1149 ecclesiasticis
3001 1096 3265 1165 agendum
3295 1111 3415 1149 esse
3444 1110 3539 1150 nc-

1943 1186 2122 1255 gotiis.
2153 1184 2293 1240 sicut
2322 1186 2372 1240 in
2405 1186 2774 1241 saecularibus.
2806 1185 2935 1241 Nam
2966 1188 3016 1241 in
3040 1188 3385 1244 smcnlaribus
3415 1188 3545 1258 legi-

1946 1278 2045 1333 bus
2077 1286 2354 1347 pustquam
2386 1292 2610 1335 vocatus
2641 1282 2760 1351 quis
2793 1282 3016 1347 venerit,
3046 1292 3100 1337 et
3126 1282 3177 1336 in
3211 1281 3327 1337 iure
3354 1283 3544 1338 decer-

1948 1377 2065 1425 tare
2091 1372 2334 1442 cmperit,
2364 1388 2467 1427 non
2491 1373 2618 1428 licet
2643 1375 2691 1429 ei
2720 1384 2843 1430 ante
2866 1374 3136 1445 peractam
3164 1393 3378 1431 causam
3407 1393 3549 1434 rece-

1951 1463 2119 1531 dere;
2162 1466 2217 1520 in
2261 1466 2641 1523 ecclesiasticis
2684 1484 2851 1535 vero,
2901 1470 3043 1526 dicta
3089 1486 3249 1527 causa
3297 1473 3551 1527 recedere

1951 1556 2098 1623 licet,
2131 1558 2174 1611 si
2202 1573 2426 1614 necesse
2450 1557 2629 1627 fuerit,
2658 1570 2752 1617 aut
2788 1562 2831 1617 si
2874 1577 2935 1618 se
2986 1565 3308 1635 prmgravari
3338 1565 3550 1620 viderit.

1953 1649 2325 1705 Accusationis
2354 1650 2438 1723 (l)
2481 1666 2608 1707 vero
2647 1654 2889 1709 ordinem
2939 1656 3096 1710 talem
3127 1652 3156 1693 ά
3183 1668 3235 1711 et
3265 1656 3493 1712 dicimus
3530 1668 3553 1694 ο

1959 1752 2013 1798 et
2040 1743 2242 1799 servari
2268 1744 2542 1813 iubemus,
2577 1746 2628 1801 id
2659 1757 2764 1815 est,
2797 1747 2844 1802 si
2872 1748 2990 1819 quis
3014 1750 3337 1805 clericorum
3369 1751 3419 1805 in
3450 1751 3558 1806 cri-

1958 1837 2103 1891 mine
2150 1837 2458 1908 impeditur,
2511 1854 2613 1892 non
2662 1840 2842 1895 statim
2892 1857 3015 1896 rcus
3063 1842 3422 1911 existimetur,
3468 1842 3559 1913 qui

252 1934 466 2005 pedibus
492 1934 622 2006 ejus,
653 1944 700 1989 et
725 1936 894 2005 ipsum
922 1934 1061 1988 dedit
1095 1943 1251 1999 caput
1278 1949 1432 2001 super
1459 1947 1660 1986 omnem
1687 1928 1859 1984 Eccle-
1885 1932 1934 1993 B
1963 1929 2203 1981 accusari
2230 1931 2420 1998 potuit,
2449 1945 2517 1984 ne
2548 1941 2852 2001 suspectam
2882 1934 3242 1990 innocentiam
3283 1935 3562 1990 faciamus.

252 2027 407 2090 siam,
437 2043 551 2096 qua:
575 2037 651 2082 est
675 2043 861 2097 corpus
886 2027 1017 2092 eius,
1044 2034 1093 2080 et
1120 2025 1383 2097 plenitudo
1408 2025 1519 2097 ejus
1542 2041 1555 2077 :
1579 2024 1665 2094 qui
1689 2022 1862 2076 omnia

206 2140 220 2150 ·
252 2121 314 2175 in
343 2120 573 2176 onmibus
600 2120 849 2187 adimplet
878 2129 926 2174 α.
959 2118 1028 2173 Et
1057 2135 1145 2173 vos
1171 2135 1286 2173 cum
1322 2119 1499 2173 essetis
1527 2117 1714 2172 mortui
1742 2115 1868 2170 deli-

251 2214 357 2269 ctis
385 2224 433 2269 et
457 2215 675 2284 peccatis
704 2214 883 2269 vestris
903 2211 1123 2283 (Epkes.
1155 2211 1249 2284 ιι),
1281 2212 1336 2264 in
1380 2210 1562 2278 quibus
1588 2209 1864 2277 aliquando

252 2306 560 2364 antbulastis
583 2307 860 2363 secundum
885 2306 1135 2361 clnculum
1158 2304 1340 2358 mundi
1384 2305 1560 2375 hujus,
1589 2303 1866 2357 secundum

255 2402 555 2472 principem
597 2401 867 2471 potestatis
909 2400 1049 2453 aeris
1091 2399 1278 2470 hujus,
1318 2399 1530 2468 spiritus
1554 2440 1568 2467 ,
1601 2397 1689 2468 qui
1734 2412 1868 2450 nunc

254 2507 507 2567 aperatur
532 2496 585 2549 in
607 2496 728 2563 [iliis
748 2494 777 2533 ι)
799 2494 1105 2565 diﬁdentiat,
1128 2496 1183 2548 in
1206 2491 1385 2564 quibam
1405 2503 1455 2547 et
1480 2506 1569 2545 nos
1592 2489 1869 2561 aliquando

256 2588 551 2643 conuersati
576 2602 749 2641 sumus
788 2588 845 2641 in
871 2586 1138 2641 desideriis
1166 2586 1341 2638 carnis
1371 2592 1561 2638 nostra!
1579 2625 1594 2649 ,
1631 2582 1871 2653 facientes

256 2679 581 2735 voluntatem
610 2688 631 2715 ο
659 2679 829 2732 carnis
854 2686 901 2731 et
930 2676 1297 2747 cogitationum
1317 2717 1331 2742 ,
1363 2685 1415 2730 et
1437 2686 1647 2731 erantus
1684 2684 1873 2728 natura

261 2772 372 2843 ﬁlii
394 2773 507 2837 ἀνω,
545 2772 678 2826 sicut
717 2780 766 2826 et
793 2771 983 2825 cateri.
1010 2768 1167 2823 Modo
1189 2809 1204 2835 ,
1240 2769 1432 2823 [ratres
1452 2811 1468 2836 ,
1501 2769 1622 2838 quia
1652 2782 1716 2821 ex
1749 2765 1874 2821 ﬁliis

263 2864 391 2931 iraa,
423 2879 525 2921 sua
546 2867 719 2937 gratia
747 2873 805 2918 et
820 2863 1048 2933 gratuita
1078 2862 1425 2919 miseratione
1450 2858 1579 2915 fecit
1608 2875 1706 2915 nos
1733 2861 1875 2915 Deus

264 2956 416 3014 ﬁlios
445 2972 573 3013 suos
599 2975 613 3010 :
636 2966 693 3012 et
712 2970 832 3015 nos.
864 2954 1129 3026 Quidignii
1151 2957 1293 3008 servi
1319 2968 1427 3007 non
1458 2967 1693 3015 eramus,
1717 2951 1877 3007 nullis

265 3050 481 3112 meritis
512 3050 937 3119 praecedentibus
960 3090 975 3115 ,
1005 3047 1103 3104 sed
1128 3062 1224 3102 sua
1253 3047 1271 3117 (
1298 3056 1355 3100 ut
1398 3044 1678 3116 diximus)
1708 3045 1878 3115 gratia

269 3148 405 3221 [acti
429 3162 603 3202 sumus
630 3144 724 3206 ﬁlii
766 3146 875 3216 ejus
897 3160 916 3197 :
945 3144 1003 3197 in
1045 3159 1145 3210 quo
1185 3144 1467 3198 clamamus
1495 3182 1508 3206 ,
1540 3139 1682 3195 Abba
1721 3138 1881 3195 Pater

273 3242 486 3316 (noun,
514 3238 636 3312 vni)
657 3258 671 3294 :
694 3247 983 3309 sequentes
1012 3236 1133 3307 eius
1157 3234 1425 3305 exempla.
1458 3235 1621 3289 simul
1651 3233 1743 3287 ﬁlii
1776 3232 1880 3286 mi-

1964 2017 2073 2075 Sed
2102 2021 2341 2091 quisquis
2386 2022 2479 2077 ille
2508 2032 2589 2078 est
2621 2022 2683 2095 (1
2729 2041 2780 2094 q.
2812 2024 2866 2085 8.
2904 2024 3146 2096 Quisquis
3187 2038 3260 2082 est
3288 2028 3404 2100 ille)
3426 2071 3440 2092 ,
3472 2029 3565 2098 qui

1966 2113 2169 2168 crimen
2202 2114 2453 2178 intendit,
2483 2115 2535 2169 in
2560 2115 2824 2186 judicium
2852 2119 3031 2173 veniat
3059 2138 3071 2174 :
3101 2134 3294 2175 nomen
3324 2120 3398 2175 rei
3431 2121 3569 2177 indi-

1968 2214 2053 2260 cet
2081 2223 2094 2260 :
2124 2205 2396 2261 vinculum
2438 2206 2804 2276 inscriptionis
2835 2210 3058 2279 arripiat
3084 2227 3098 2265 :
3120 2211 3385 2267 custodiat
3413 2214 3568 2269 simi-

1970 2298 2247 2355 litudinem
2275 2318 2288 2354 :
2313 2299 2489 2355 habita
2515 2309 2692 2357 tamen
2717 2302 2991 2373 dignitatis
3017 2306 3371 2361 aestimatione
3400 2309 3572 2378 potia-

1971 2400 2060 2446 tur
2088 2409 2102 2447 :
2129 2406 2229 2447 nec
2274 2393 2411 2447 forte
2446 2392 2466 2430 τ
2498 2393 2599 2447 sibi
2660 2398 2870 2450 noverit
2918 2397 3191 2453 licentiam
3243 2400 3572 2468 mentiendi,

1972 2498 2093 2540 eum
2121 2486 2508 2542 calumniantes
2530 2487 2596 2541 ad
2622 2488 2907 2543 vindictam
2930 2500 3115 2561 poscat
3135 2492 3427 2548 similitudo
3446 2508 3574 2564 sup-

1972 2580 2141 2650 plicit.
2174 2578 2423 2635 Haeretici
2464 2580 2607 2635 enim
2640 2597 2860 2647 omnes,
2891 2592 2946 2638 et
2970 2585 3244 2656 suspecti,
3273 2597 3322 2641 et
3353 2601 3573 2643 excom-

1974 2673 2266 2740 municati,
2302 2672 2584 2729 homicida)
2612 2672 2631 2748 (
2650 2673 2844 2743 Hadr.,
2876 2674 2995 2730 coll.
3031 2677 3139 2750 65)
3170 2694 3383 2750 quoque
3417 2689 3581 2750 atque

1975 2766 2240 2831 maleﬁci,
2276 2765 2440 2832 iures,
2486 2767 2767 2838 sacrilegi,
2814 2780 3087 2839 raptores,
3123 2772 3382 2837 veneﬁci,
3428 2773 3586 2827 adul-

1977 2862 2118 2925 teri,
2147 2870 2203 2914 et
2226 2863 2317 2931 qui
2346 2869 2556 2930 raptum
2588 2860 2837 2931 fecerint,
2872 2864 2957 2919 vel
2987 2862 3181 2922 falsum
3212 2866 3581 2922 testimonium

1983 2953 2240 3016 dixerint,
2269 2969 2365 3009 seu
2395 2957 2489 3025 qui
2523 2957 2588 3009 ad
2628 2959 2912 3027 sortilegos
2960 2975 3252 3031 magosque
3289 2976 3583 3016 concurre-

1982 3044 2116 3111 rint,
2151 3047 2458 3103 nullatenus
2486 3048 2559 3104 ad
2590 3052 2984 3106 accusationem
3016 3065 3141 3108 sunt
3170 3054 3508 3111 admittendi.

2053 3138 2117 3195 ll.
2147 3170 2219 3181 —
2242 3139 2380 3195 Nulli
2404 3140 2587 3196 infami
2620 3158 2869 3213 umquam
2900 3143 2960 3217 (5
2984 3164 3033 3213 (ιη
3067 3146 3134 3209 4.
3170 3145 3322 3201 Nulli
3351 3165 3589 3221 umquam

1982 3233 2210 3304 infami),
2235 3243 2394 3304 atque
2420 3235 2705 3307 sacrilego,
2732 3236 2799 3292 de
2815 3253 3151 3309 quocumque
3182 3242 3396 3311 negotio
3426 3244 3583 3299 liceat

271 3332 591 3391 κείρω-ἀίω
628 3338 685 3385 et
717 3329 942 3400 justiﬁes
981 3338 1144 3400 atque
1172 3328 1516 3392 dilectionis,
1546 3335 1603 3381 ut
1631 3326 1742 3380 veri
1786 3323 1882 3378 ﬁlii
1910 3330 1954 3393 Ο
1987 3324 2245 3380 adversus
2288 3326 2597 3397 religiosum
2641 3327 3037 3396 Christianum,
3086 3333 3331 3401 quamvis
3371 3336 3587 3392 humilis

275 3426 391 3485 Dei
413 3434 469 3479 et
496 3423 603 3478 dici
629 3431 689 3478 et
712 3437 831 3477 esse
852 3464 868 3489 ,
909 3422 1024 3491 ipso
1051 3420 1350 3477 auxiliante
1374 3419 1646 3474 valeamus
1665 3459 1680 3484 ,
1713 3416 1884 3486 depo-

274 3527 475 3576 nentes
503 3518 521 3587 (
541 3516 693 3587 juxta
722 3516 936 3571 Petrum
964 3514 1306 3585 apostolum)
1336 3528 1535 3569 onmem
1563 3513 1810 3567 malitiam
1839 3522 1886 3566 et

278 3628 487 3668 omnem
510 3610 689 3664 dolum
711 3652 726 3677 ,
756 3618 805 3664 et
844 3609 1195 3664 simulationes
1213 3647 1230 3674 ,
1262 3617 1309 3661 et
1349 3606 1568 3661 invidias
1588 3646 1603 3671 ,
1640 3614 1687 3665 et
1715 3618 1887 3658 omnes

278 3704 627 3760 detractiones
654 3701 694 3771 (I
728 3700 899 3768 Petr.,
931 3703 1015 3773 tt).
1044 3699 1115 3757 Hii
1139 3716 1269 3755 vero
1293 3699 1388 3770 qui
1415 3697 1539 3752 talia
1570 3705 1754 3767 agunt,
1782 3709 1887 3748 non

278 3797 387 3853 filii
416 3796 534 3863 Dei,
566 3794 663 3850 sed
691 3796 866 3863 potius
893 3794 986 3848 ﬁlii
1018 3806 1251 3863 nequam
1277 3806 1400 3847 esse
1436 3789 1880 3859 comprobantur,

279 3891 430 3950 sicut
455 3888 651 3943 Paulus
676 3886 752 3941 ait
776 3885 1070 3956 Apostolus
1097 3904 1112 3940 :
1141 3883 1423 3954 Manifesta
1445 3894 1566 3937 sunt
1601 3896 1757 3951 opera
1783 3895 1893 3932 car-

282 3985 394 4045 nis.
421 3996 535 4051 qua
557 3990 675 4035 sunt
689 3978 978 4048 fornicatio,
1005 3977 1354 4039 immunditia,
1380 3975 1608 4041 luxuria,
1636 3974 1893 4027 idolorum

283 4075 531 4141 seruitus,
559 4071 822 4141 sicne/icio,
850 4070 1169 4135 inimicitia,
1202 4068 1570 4132 contentiones,
1601 4066 1891 4121 (emutatio-

283 4188 407 4234 nes,
433 4169 548 4234 ἅνω,
577 4170 723 4234 vim,
754 4166 1113 4231 dissensiones,
1143 4173 1314 4227 scatat,
1343 4162 1570 4229 incidite,
1599 4160 1895 4226 homicidia,

288 4263 582 4328 ebriaates,
610 4260 998 4316 comessationes
1020 4300 1033 4325 ,
1078 4268 1129 4314 et
1163 4258 1243 4312 his
1268 4242 1461 4313 similia
1484 4299 1500 4324 ,
1532 4272 1647 4327 qua!
1674 4257 1897 4327 praedico

290 4356 461 4420 υοῡὶδ,
490 4354 627 4409 sicut
646 4352 898 4424 madidi,
923 4351 1167 4423 quoniam
1192 4350 1281 4421 qui
1314 4350 1444 4405 talia
1483 4358 1645 4422 agunt
1686 4364 1900 4421 regnum

289 4450 401 4508 Dei
431 4467 531 4504 non
556 4459 920 4518 consequentur
949 4445 1172 4518 (Galat.,
1195 4446 1273 4515 v).
1301 4444 1503 4511 Grave,
1534 4446 1747 4507 fratres,
1780 4457 1903 4498 ver.

290 4544 429 4601 hum
457 4553 515 4599 et
533 4540 863 4598 horrendum
887 4540 1067 4605 nimis,
1090 4536 1331 4607 quod‘ait
1354 4556 1367 4591 :
1397 4536 1649 4604 Quoniam
1670 4536 1756 4606 qui
1776 4534 1901 4591 talia

1990 3419 2318 3490 servilisque
2350 3436 2577 3491 persona
2617 3423 2722 3490 sit,
2754 3425 3120 3481 testimonium
3150 3427 3364 3496 dicere,
3396 3445 3495 3486 nec
3521 3431 3592 3486 de

1989 3513 2228 3583 qualibet
2269 3529 2364 3581 re,
2413 3516 2627 3571 actione
2665 3517 2748 3572 vel
2800 3519 3167 3589 inscriptione,
3224 3522 3617 3581 Christianum*

1990 3603 2272 3674 impetere.
2316 3606 2577 3663 Omnibus
2618 3626 2830 3681 quoque
2872 3613 3118 3670 similiter
3158 3618 3475 3687 accusandi,
3508 3621 3595 3677 vel

1997 3699 2315 3756 testiﬁcandi
2348 3702 2557 3757 licentia
2588 3704 2901 3776 denegetnr,
2933 3708 3022 3777 qui
3049 3707 3354 3767 christiana:
3381 3712 3596 3784 religio-

1993 3791 2078 3845 nis
2106 3802 2160 3846 et
2187 3792 2421 3850 nominis
2446 3792 2776 3865 dignitatem,
2811 3807 2866 3853 et
2905 3815 3015 3854 sum
3044 3800 3207 3872 legis,
3238 3804 3321 3859 vel
3350 3808 3431 3859 sui
3467 3822 3592 3873 pro-

1994 3884 2153 3953 positi
2182 3900 2450 3953 normam,
2484 3899 2576 3941 aut
2607 3890 2924 3960 regulariter
2954 3894 3219 3961 prohibita
3265 3897 3602 3966 neglexerint

1994 3975 2272 4045 (Atrianus,
2303 3979 2359 4031 in
2390 3978 2655 4037 Constant.
2690 3998 2729 4048 ι,
2763 3986 2843 4038 tit.
2878 3984 2929 4053 7,
2962 3985 3049 4039 lib.
3084 4003 3137 4055 χ,
3172 3986 3299 4042 Cod.
3337 3987 3561 4064 Theod.)

2069 4067 2159 4125 Ill.
2185 4071 2533 4128 —Similiter
2559 4076 2930 4144 prohibemus,
2962 4089 3016 4133 ut
3036 4080 3195 4135 nolite
3222 4098 3442 4139 causma
3458 4085 3602 4156 judi-

1999 4162 2151 4217 cibus
2181 4164 2565 4222 ecclesiasticis
2590 4167 2899 4239 audiantur,
2933 4186 3051 4241 qua:
3081 4174 3288 4246 legibus
3325 4192 3431 4232 non
3463 4191 3597 4233 con-

2001 4254 2259 4320 tinentur,
2282 4258 2365 4312 vel
2391 4274 2511 4328 qua;
2538 4260 2823 4329 prohibita!
2848 4279 2969 4319 esse
2994 4279 3305 4322 noscuntur.
3337 4267 3463 4324 Hzec
3492 4285 3599 4326 non

2001 4350 2175 4404 solum
2222 4352 2637 4420 ecclesiasticae,
2668 4356 2763 4412 sed
2806 4368 2859 4413 et
2902 4359 3085 4415 saeculi
3133 4362 3277 4431 leges
3322 4362 3603 4420 observari

2004 4444 2322 4513 praecipiunt
2352 4446 2459 4518 (2).
2490 4447 2608 4503 Non
2638 4451 2780 4505 enim
2825 4451 3018 4521 passim
3054 4452 3282 4525 (Concil.
3312 4452 3488 4511 Carth.
3524 4454 3602 4527 tt)

2004 4549 2243 4605 vageque
2268 4539 2603 4594 sacerdotum
2634 4544 2903 4598 accusatio
2931 4544 3085 4600 debet
3118 4546 3256 4601 ﬁeri.
3289 4545 3420 4602 Nam
3451 4548 3496 4601 si
3526 4548 3604 4601 la-

294 4648 473 4709 agnnt‘
500 4650 717 4705 regnum
744 4632 841 4687 Dei
881 4648 982 4686 non
1010 4641 1396 4702 consequentur.
1440 4629 1511 4685 Et
1555 4630 1669 4699 ipsa
1718 4643 1814 4697 per
1844 4642 1903 4681 se
2004 4627 2107 4682 cile
2133 4628 2524 4697 admitteretur,
2555 4636 2801 4703 perpauci
2841 4636 3002 4690 nimis
3043 4637 3599 4709 invenirentur:quia

296 4728 517 4786 Veritas
535 4727 701 4783 dicit:
725 4726 861 4794 Quid
883 4730 1095 4797 prodest
1109 4725 1323 4790 homini,
1340 4724 1631 4777 universum
1653 4720 1902 4775 mundum
1929 4732 1983 4792 Β
2008 4736 2178 4777 omnes
2192 4724 2371 4794 qttipie
2400 4728 2574 4781 volunt
2593 4729 2753 4782 virere
2775 4730 2826 4783 in
2854 4728 3077 4798 Christo,
3100 4734 3493 4801 persecutionem
3510 4753 3600 4803 pa.

300 4822 531 4879 lucrari.
563 4822 746 4876 animle
790 4836 906 4875 uero
952 4834 1061 4874 sum
1107 4819 1471 4874 detrimentum—
1519 4817 1625 4886 pati
1654 4814 1911 4889 (Matth.,
2013 4815 2226 4872 tiuntur.
2258 4815 2403 4870 Beati
2431 4829 2595 4873 autem
2612 4823 2699 4890 qui
2712 4823 3106 4889 persecutionem
3121 4828 3385 4895 patiuntur
3402 4841 3610 4901 prapter

300 4914 451 4987 xw)?
477 4914 681 4971 Gratia.
701 4925 826 4969 sum,
850 4914 1028 4979 natiiis,
1054 4928 1172 4981 (μιω
1200 4911 1551 4981 prmtulirnus,
1578 4919 1631 4963 et
1662 4908 1913 4977 pervalde
2001 4909 2279 4979 justitiam.
2312 4909 2463 4966 Unde
2489 4923 2539 4966 et
2573 4913 2684 4983 ipsa
2709 4930 2804 4984 per
2832 4931 2890 4971 se
2912 4915 3123 4973 Veritas
3150 4920 3223 4973 ait
3248 4919 3291 4992 (Ι
3319 4919 3478 4989 Tim.,
3511 4939 3602 4987 nt;

304 5007 570 5065 cavenda.
598 5005 804 5075 Quibus
828 5006 972 5062 enim
1001 5019 1221 5075 regnum
1250 5004 1343 5058 Dei
1375 4999 1743 5071 praeluditur,
1780 5016 1906 5070 pro-
2014 4998 2228 5066 Matth,
2258 5017 2326 5065 v;
2357 5001 2538 5069 Joan.,
2585 5005 2736 5079 xvn)
2786 5024 2800 5062 :
2850 5008 3028 5078 Pater,
3063 5013 3381 5084 manifestuvi
3421 5032 3602 5069 nomen

307 5099 403 5156 cul
429 5099 592 5154 dubio
619 5108 674 5154 et
702 5099 937 5154 Ecclesia
964 5098 1281 5168 denegatur.
1312 5096 1386 5151 De
1425 5096 1617 5165 quibus
1651 5094 1910 5149 Dominus
2010 5103 2155 5150 tuum
2181 5098 2488 5166 hominibus,
2515 5116 2643 5171 quos
2656 5102 2840 5158 dedisti
2860 5105 2984 5159 mihi
3008 5106 3071 5161 de
3098 5108 3306 5163 munda.
3341 5107 3437 5163 Tui
3461 5118 3605 5163 erant

308 5194 374 5250 in
420 5193 748 5264 Evangelio,
799 5201 1115 5263 potestatem
1161 5191 1563 5262 apostolorum,
1613 5203 1907 5259 eorumque

308 5287 1052 5350 successoremattntintians,
1076 5288 1149 5340 ait
1178 5305 1192 5341 :
1218 5285 1447 5351 Quorum
1474 5284 1775 5338 dentiseritis
1796 5298 1910 5349 pec-

311 5392 453 5448 cata,
487 5381 811 5437 dimittuntur
836 5381 911 5435 eis
927 5397 946 5446 ;
967 5388 1016 5434 et
1041 5395 1257 5450 quorum
1292 5377 1627 5450 alligaveritis
1651 5419 1664 5442 ,
1696 5374 1909 5447 alligata

312 5486 469 5534 erunt
522 5475 752 5550 (Joan.,
808 5488 910 5542 xx;
968 5473 1182 5542 Matt/1.,
1235 5470 1530 5544 xvut):id
1576 5480 1678 5537 est,
1718 5470 1912 5541 quibus

314 5566 624 5629 Ecclesiam
651 5567 1059 5637 iuterdixeritis,
1090 5567 1191 5624 nisi
1221 5564 1553 5624 reconciliati
1582 5580 1681 5635 per
1702 5561 1914 5618 satisfa-

2090 5274 2170 5347 (l)
2212 5274 2373 5350 Hadr.
2396 5277 2520 5333 coll.
2551 5280 2605 5346 7,
2629 5295 2694 5336 ex
2724 5280 2844 5337 cod.
2871 5282 3101 5350 Theod.,
3133 5283 3225 5338 lib.
3253 5300 3327 5349 tx,
3354 5284 3431 5338 tit.
3464 5283 3522 5345 1.
3545 5284 3603 5339 2.

2017 5342 2206 5488 232a.
2249 5348 2435 5404 ultima
2478 5362 2536 5406 ut
2569 5342 2834 5422 sagaciter
2870 5342 3228 5412 subederatus
3271 5342 3356 5411 est
3401 5342 3602 5413 Anton.

2094 5490 2171 5561 (2)
2212 5491 2257 5546 A
2286 5492 2603 5567 quibusnam
2636 5496 2801 5567 impp.
2835 5497 2956 5552 lata:
2993 5500 3045 5553 in
3081 5498 3316 5554 favorem
3346 5498 3605 5556 ecclesia-

2021 5563 2320 5618 sticorum?
2348 5565 2612 5637 Tempore
2636 5563 2948 5641 Eutvchiani
2979 5570 3198 5641 ejusque
3225 5570 3609 5629 decessorum?

1550 5700 1930 5760 LECTIONES
1967 5698 2375 5762 VARIANTES.

2088 5815 2117 5856 τι
2141 5818 2265 5869 Esse
2292 5820 2436 5872 Labb.

2090 5885 2113 5912 ε
2139 5881 2409 5935 Didicimus
2430 5882 2575 5935 Labb.

2089 5941 2109 5981 ι
2135 5942 2216 5994 ΑΙ.
2245 5946 2462 5997 Patiatur
2484 5958 2550 5998 ne
2572 5943 2717 6000 forte.
2738 5946 2819 6000 Al.
2845 5947 3080 6004 Pattatur.
3106 5952 3210 6007 Nec
3231 5953 3377 6009 forte.
3403 5953 3547 6011 Labb.

391 5828 421 5888 ἒ
443 5823 750 5888 Adimpletur
772 5825 909 5875 Laltb.

392 5882 426 5928 δ
450 5882 603 5941 Filius
623 5885 766 5938 Labb.

397 5956 422 5989 ο
450 5951 742 6005 Voluntates
766 5949 909 6002 Labb.
