3970 6298
548 301 652 358 175

1348 302 1404 361 S.
1446 300 1864 359 EUTYCHIANI
1901 298 2106 356 PAPJE
2146 299 2235 357 ET
2273 299 2623 361 MARTYRIS
2667 301 2997 361 EPISTOLA
3037 302 3102 359 Il.

3823 303 3936 361 176

546 448 593 493 et
617 438 743 492 mihi
764 454 850 495 eos
861 439 1064 507 dedisti,
1091 449 1139 495 et
1160 456 1442 496 sermonem
1457 452 1601 496 tuum
1616 451 1959 496 servaverunt.
1982 438 2032 493 Ν
2041 454 2139 492 unc
2166 441 2219 500 Λ
2246 455 2337 493 nos
2362 455 2535 495 sumus
2562 440 2617 495 in
2642 441 2738 496 hoc
2774 440 2988 495 mundo.
3018 440 3198 495 Timor
3226 453 3330 494 non
3356 450 3445 496 est
3480 440 3547 496 in
3597 439 3892 498 cltaritate
3915 486 3934 512 ,

546 544 893 604 cognoverunt
910 536 1030 604 quia
1057 536 1228 589 omnia
1257 553 1372 606 qute
1400 537 1587 591 dedisti
1614 538 1758 602 mihi,
1791 537 1880 590 abs
1906 547 1954 591 te
1980 544 2098 589 sunt
2121 551 2141 589 :

545 629 666 695 quia
689 626 836 681 verba
852 643 965 696 qua:
983 628 1169 684 dedisti
1185 630 1331 698 mihi,
1362 630 1481 685 dedi
1504 632 1596 695 eis,
1614 642 1661 685 et
1679 632 1778 702 ipsi
1799 639 2101 702 acceperunt
2123 644 2142 683 :

545 732 592 775 ct
620 732 963 793 cognoverunt
988 739 1102 777 vere
1119 723 1239 789 quia
1267 741 1299 777 a
1325 734 1372 777 te
1400 724 1568 790 exivi,
1598 734 1645 777 et
1671 723 1998 778 crediderunt
2021 724 2142 793 quia

546 822 601 865 tu
628 829 707 867 me
731 814 934 868 misisti.
959 813 1067 886 Ego
1088 832 1181 883 pro
1198 816 1269 869 eis
1280 833 1424 887 rogo,
1452 833 1552 870 non
1573 832 1667 887 pro
1688 816 1877 870 mundo
1890 832 2033 889 rogo,
2052 815 2142 871 sed

545 921 639 971 pro
664 906 736 959 eis
761 922 887 977 quos
916 905 1101 961 dedisti
1130 908 1293 975 mihi,
1320 909 1441 977 quia
1466 910 1539 961 tui
1568 918 1706 964 sunt.
1734 906 1802 961 Et
1830 925 1940 964 mea
1969 909 2142 963 omnia

544 1008 635 1053 tua
654 1009 795 1067 sunt,
825 1010 872 1054 et
903 1010 990 1055 tua
1012 1017 1124 1055 mea
1147 1012 1286 1069 sunt,
1316 1012 1362 1056 et
1393 1001 1707 1071 clarificatus
1732 1019 1846 1056 sum
1870 1003 1924 1057 in
1950 1003 2042 1058 eis.
2073 1001 2142 1055 Et

534 1096 650 1165 jam
678 1111 781 1150 non
810 1112 925 1150 sum
948 1097 1003 1150 in
1033 1096 1256 1163 mundo,
1287 1106 1332 1151 et
1357 1097 1411 1151 hi
1434 1097 1487 1150 in
1532 1096 1722 1151 mundo
1753 1107 1872 1151 sunt
1895 1139 1910 1162 ,
1963 1105 2011 1151 et
2052 1111 2143 1168 ego

545 1186 614 1240 ad
639 1197 687 1241 te
713 1188 877 1242 venio.
916 1186 1076 1242 Pater
1119 1198 1323 1255 sancte,
1356 1205 1502 1243 serva
1545 1205 1628 1243 eos
1680 1190 1733 1243 in
1782 1190 1983 1244 nomine
2031 1198 2140 1255 tuo,

542 1296 669 1349 quos
701 1282 891 1337 dedisti
934 1282 1096 1348 mihi,
1138 1293 1186 1338 et
1236 1300 1393 1337 unum
1430 1285 1553 1351 sint,
1602 1284 1732 1338 sicut
1774 1294 1820 1337 et
1859 1301 1972 1339 nos.
2016 1283 2143 1339 Cum

539 1389 701 1427 essent
727 1390 840 1427 cum
852 1373 943 1439 eis,
960 1389 1050 1444 ego
1067 1374 1326 1428 servabam
1344 1391 1429 1429 eos
1458 1376 1511 1429 in
1533 1376 1856 1429 nominetuo.
1887 1375 2029 1443 Quos
2054 1375 2144 1430 de—

542 1463 663 1518 disti
687 1464 834 1529 mihi,
853 1465 1099 1520 custodivi
1124 1482 1143 1519 :
1165 1477 1209 1520 et
1228 1484 1374 1521 nemo
1391 1483 1454 1521 ex
1473 1467 1551 1522 his
1569 1469 1740 1537 periit,
1761 1468 1861 1522 nisi
1875 1468 2012 1537 ﬁlius
2028 1486 2143 1538 per-

542 1556 771 1623 ditionis,
794 1568 847 1612 ut
868 1558 1139 1629 Scriptura
1156 1560 1447 1630 impleatur.
1475 1559 1631 1615 Nunc
1652 1571 1822 1616 autem
1836 1562 1904 1615 ad
1916 1573 1964 1617 te
1975 1564 2142 1631 venio,

539 1660 587 1702 et
610 1649 717 1703 hate
739 1651 919 1721 loquor
943 1651 996 1704 in
1023 1652 1236 1715 munda,
1260 1663 1312 1705 ut
1336 1651 1555 1705 habeant
1580 1652 1825 1723 gaudium
1851 1670 2017 1707 meum
2040 1654 2139 1708 int-

539 1743 730 1810 pletum
758 1743 812 1796 in
842 1745 1147 1811 semetipsis.
1195 1742 1302 1815 Ego
1330 1744 1447 1799 dedi
1469 1746 1544 1799 eis
1578 1762 1861 1799 sermonem
1889 1756 2031 1800 tuum
2057 1758 2143 1801 :et

2244 531 2334 586 sed
2355 534 2580 602 perfecta
2607 532 2831 587 charitas
2859 537 3001 605 foras
3036 533 3189 587 mittit
3224 533 3476 588 timorem
3496 575 3514 601 ,
3546 536 3834 604 quoniam
3866 538 3939 592 ti-

2243 639 2354 678 mor
2379 641 2580 695 paznam
2611 625 2778 681 habet.
2813 626 2916 694 Qui
2959 636 3126 681 autem
3153 627 3327 695 timet,
3361 643 3483 683 non
3519 639 3611 684 est
3642 631 3936 701 perfectus

2242 717 2296 769 in
2325 717 2592 771 charitate.
2631 716 2744 772 Nos
2764 734 2885 789 ergo
2912 718 3191 791 diligamus
3222 718 3412 788 Deum,
3446 722 3743 793 quoniam
3775 723 3933 780 Deus

2244 809 2385 879 prior
2404 809 2584 864 dilexit
2613 826 2727 865 nos.
2758 810 2821 866 Si
2839 811 2953 881 quis
2973 812 3180 880 dixerit,
3203 814 3460 884 quoniam
3488 814 3684 886 diligo
3720 815 3930 885 Deum,

2245 913 2291 957 et
2322 904 2533 973 fratrem
2559 922 2709 960 suum
2731 906 2915 974 oderit,
2945 892 3169 962 mendax
3193 919 3287 962 est.
3314 909 3430 977 Qui
3449 920 3657 965 autem
3693 929 3809 967 non
3840 912 3933 968 di-

2246 996 2362 1067 ligit
2395 1001 2608 1068 fratrem
2633 1016 2785 1053 suum
2821 1016 2970 1070 quem
2994 1000 3153 1069 videt,
3183 1000 3354 1057 Deum
3380 1019 3562 1071 quem
3594 1021 3718 1059 non
3753 1005 3929 1074 videt,

2243 1089 2495 1157 quomodo
2525 1099 2684 1159 potest
2708 1089 2960 1163 diligere?
2990 1091 3056 1146 Et
3097 1093 3193 1147 hoc
3221 1094 3547 1149 mandatum
3580 1095 3863 1153 habemus
3893 1117 3929 1153 a

2245 1176 2388 1247 Deo,
2423 1193 2476 1235 ut
2520 1182 2606 1253 qui
2646 1182 2813 1254 diligit
2856 1183 3057 1251 Deum,
3105 1184 3286 1257 diligat
3328 1196 3375 1240 et
3430 1189 3686 1259 fratrem
3732 1208 3925 1247 suum.

2250 1271 2428 1327 Omnis
2452 1274 2541 1345 qui
2563 1276 2753 1341 credit,
2784 1276 3025 1347 quoniam
3051 1277 3203 1332 Jesus
3242 1286 3316 1333 est
3355 1278 3630 1337 Christus
3650 1326 3668 1350 ,
3703 1300 3778 1339 ex
3806 1283 3925 1340 Deo

2245 1374 2411 1418 natus.
2428 1375 2521 1419 est.
2556 1364 2622 1419 Et
2647 1367 2813 1422 omnis
2836 1368 2924 1438 qui
2952 1368 3120 1440 diligit
3146 1386 3283 1438 eum,
3314 1371 3404 1443 qui
3446 1376 3655 1444 genuit
3677 1417 3696 1441 ,
3735 1366 3925 1449 diligit

2246 1467 2290 1511 et
2319 1474 2456 1522 eum,
2488 1460 2576 1531 qui
2606 1470 2759 1517 natus
2787 1474 2861 1516 est
2885 1478 2950 1516 ex
2976 1478 3054 1517 eo.
3085 1462 3154 1518 In
3178 1464 3275 1518 hoc
3304 1468 3733 1536 cognoscimus,
3779 1487 3918 1542 quo-

2248 1551 2388 1605 niam
2428 1552 2697 1624 diligemus
2744 1566 2892 1610 natos
2933 1554 3061 1622 Dei,
3099 1574 3216 1611 cum
3259 1556 3431 1612 Deum
3476 1560 3840 1633 diligamus,
3873 1570 3923 1617 et

2249 1646 2493 1699 mandata
2522 1648 2634 1717 ejus
2660 1649 2932 1719 faciamus.
2968 1648 3097 1705 ch
3123 1661 3195 1706 est
3220 1651 3354 1706 enim
3383 1652 3653 1709 charitas
3684 1653 3796 1710 Dei
3812 1664 3921 1720 ,'ut

2248 1738 2491 1793 mandata
2520 1744 2633 1811 ejus
2658 1743 3005 1799 custodiamus
3029 1760 3047 1798 :
3072 1754 3120 1799 et
3142 1745 3385 1799 mandata
3413 1751 3547 1819 ejus
3571 1752 3773 1820 gravia
3805 1766 3917 1805 non

540 1837 759 1891 mundus
777 1837 894 1891 odio
908 1837 1085 1891 habuit
1104 1855 1205 1903 eos,
1224 1838 1345 1909 quia
1368 1855 1468 1892 non
1496 1848 1611 1893 sunt
1629 1838 1692 1892 de
1714 1838 1924 1901 mundo,
1942 1839 2073 1893 sicut
2095 1848 2141 1892 et
2170 1851 2220 1910 Β
2245 1844 2363 1888 sunt
2390 1834 2434 1905 (ι
2463 1834 2647 1905 Joan.,
2678 1837 2756 1910 ν).
2791 1839 2858 1895 Et
2901 1854 2997 1911 per
3025 1839 3342 1912 prophetam
3360 1882 3377 1909 ,
3417 1842 3736 1911 Dominus,
3781 1861 3909 1902 mo-

539 1945 633 2000 cgo
654 1944 756 1982 non
772 1945 884 1983 sunt
905 1931 969 1983 de
992 1929 1205 1985 mundo.
1231 1928 1354 1985 Non
1375 1946 1500 2001 rogo
1518 1940 1572 1985 ut
1589 1930 1743 1985 tollas
1754 1948 1837 1985 eos
1852 1932 1915 1985 de
1928 1930 2140 1998 mundo,

535 2020 625 2074 sed
652 2031 708 2075 ut
732 2037 896 2076 serves
929 2037 1015 2076 eos
1040 2039 1073 2076 a
1099 2022 1255 2077 malo.
1287 2021 1363 2076 De
1389 2025 1581 2076 mundo
1620 2040 1722 2077 non
1761 2035 1879 2078 sunt
1902 2065 1913 2088 ,
1942 2025 2072 2079 sicut
2096 2035 2144 2079 et

537 2130 629 2185 ego
651 2131 753 2170 non
775 2133 887 2170 sum
910 2118 973 2171 de
992 2119 1198 2171 mundo.
1229 2117 1511 2186 Sancti/ica
1531 2134 1616 2173 eos
1633 2119 1687 2171 in
1712 2120 1934 2173 veritate.
1961 2117 2143 2176 Sermo

537 2215 654 2263 tuus
676 2210 862 2264 veritas
887 2220 978 2264 est.
1016 2209 1164 2265 Sicut
1187 2222 1242 2265 tu
1273 2227 1353 2265 me
1381 2211 1564 2266 misisti
1588 2212 1641 2265 in
1679 2211 1947 2279 mundum,
1976 2222 2022 2265 et
2051 2230 2143 2283 ego

538 2302 653 2357 misi
683 2319 768 2357 eos
791 2303 844 2357 in
873 2302 1137 2357 mundum.
1164 2301 1231 2359 Et
1253 2321 1346 2376 pro
1366 2305 1438 2359 eis
1459 2321 1550 2376 ego
1578 2306 1845 2374 sancti/ica
1869 2307 2138 2376 nteipsum,

534 2403 589 2447 ut
614 2394 718 2448 sint
743 2404 791 2449 et
818 2395 919 2466 ipsi
942 2396 1248 2465 sancti/irati
1269 2398 1327 2451 in
1349 2398 1574 2451 veritate.
1608 2397 1730 2452 Non
1753 2416 1846 2467 pro
1868 2399 1940 2453 eis
1974 2410 2142 2453 autem

534 2504 660 2560 rogo
686 2499 907 2556 tantum,
940 2492 1029 2545 sed
1067 2502 1114 2546 et
1142 2509 1235 2562 pro
1261 2493 1332 2547 eis
1365 2494 1454 2565 qui
1477 2494 1724 2549 credituri
1752 2507 1870 2550 sunt
1900 2513 1991 2567 per
2030 2513 2142 2550 ver-

535 2583 657 2636 bum
684 2600 856 2639 eorum
885 2586 938 2639 in
967 2602 1065 2651 me,
1089 2595 1144 2639 ut
1165 2602 1338 2640 omnes
1367 2602 1528 2641 unum
1555 2589 1678 2655 sint,
1708 2600 1755 2643 et
1783 2591 2001 2647 mundus
2030 2608 2141 2647 cre-

533 2675 621 2729 dat
654 2678 777 2749 quia
814 2688 869 2732 tu
896 2696 975 2734 me
1004 2681 1207 2735 misisti.
1233 2678 1302 2734 Et
1325 2698 1417 2753 ego
1441 2681 1746 2753 claritatem,
1774 2703 1927 2757 quam
1956 2689 2141 2743 dedisti

533 2771 690 2837 mihi,
724 2771 842 2827 dedi
870 2773 961 2839 eis,
992 2784 1046 2827 ut
1068 2775 1170 2829 sint
1197 2791 1374 2842 unum,
1402 2777 1532 2830 sicut
1559 2787 1608 2831 et
1633 2795 1725 2832 nos
1755 2796 1913 2833 unum
1939 2798 2134 2837 sumus.

533 2861 646 2935 Ego
679 2864 730 2917 in
759 2865 847 2933 eis,
884 2874 929 2919 et
959 2876 1013 2919 tu
1056 2867 1110 2920 in
1139 2884 1237 2933 nte,
1271 2877 1326 2921 ut
1353 2870 1455 2923 sint
1492 2873 1829 2926 consummati
1857 2874 1913 2928 in
1938 2890 2134 2943 unum,

532 2969 587 3010 ut
616 2971 886 3027 cognoscat
913 2962 1153 3028 mundus,
1180 2964 1301 3031 quia
1328 2974 1383 3017 tu
1406 2981 1487 3019 me
1516 2966 1729 3033 misisti,
1764 2978 1811 3021 et
1841 2968 2001 3024 dilexi
2029 2986 2134 3036 eos,

529 3051 661 3103 sicut
685 3059 735 3105 et
760 3069 838 3107 me
861 3053 1106 3109 dilexisti.
1141 3054 1318 3123 Pater,
1348 3074 1473 3124 quos
1514 3059 1697 3115 dedisti
1725 3062 1882 3128 mihi,
1916 3064 2051 3131 volo,
2083 3075 2138 3119 ut

527 3147 617 3200 ubi
645 3163 737 3219 ego
773 3164 886 3201 sum
905 3190 921 3215 ,
951 3157 998 3202 et
1022 3148 1100 3203 illi
1124 3149 1226 3204 sint
1264 3168 1488 3219 mecum,
1522 3164 1579 3206 ut
1620 3154 1821 3208 videant
1847 3156 2134 3211 claritatem

2247 1928 2461 1994 nendo,
2508 1946 2577 1986 ne
2617 1930 2882 1988 laedantur
2918 1933 3169 2005 discipuli
3221 1935 3337 2000 sui,
3372 1934 3729 2009 horumque
3771 1954 3910 1996 suc-

2246 2034 2516 2087 cessores,
2547 2022 2721 2095 inquit
2749 2023 2944 2093 (Psal.,
2982 2042 3152 2093 χχιιι,
3185 2043 3248 2083 ex
3273 2043 3408 2082 vers.
3448 2028 3524 2085 S.
3574 2029 3911 2104 Hieronymi

2245 2131 2533 2183 quamcum
2554 2128 2716 2173 vetere
2739 2129 2785 2174 et
2804 2118 2991 2175 Italica
3006 2120 3299 2194 permiscet)
3327 2139 3347 2177 :
3377 2122 3718 2181 Circumstat
3740 2145 3908 2200 ange-

2247 2206 2328 2263 lus
2347 2206 2556 2265 Domini
2581 2212 2635 2266 in
2657 2229 2785 2284 ggra
2801 2214 3031 2270 timentes
3046 2232 3180 2284 eum,
3210 2225 3257 2271 et
3273 2227 3417 2273 eruet
3446 2236 3567 2278 eos.
3594 2220 3832 2277 (instate
3852 2233 3902 2277 et

2246 2300 2428 2370 videte,
2453 2305 2695 2375 quoniam
2724 2306 2885 2362 bonus
2904 2316 2976 2363 est
3001 2307 3276 2366 Dominus.
3305 2310 3514 2369 Beatus
3544 2316 3631 2371 vir
3657 2319 3755 2387 qui
3779 2334 3901 2389 spe-

2245 2406 2326 2449 rat
2351 2396 2405 2450 in
2430 2414 2508 2452 eo.
2542 2397 2735 2455 Timete
2756 2399 3053 2471 Dominum,
3072 2420 3247 2461 omnes
3265 2408 3437 2462 sancti
3464 2410 3615 2480 ejus,
3640 2414 3895 2483 quoniam

2245 2504 2349 2542 non
2373 2499 2447 2544 est
2471 2490 2648 2561 inapia
2683 2493 2973 2550 timentibus
3014 2513 3150 2551 eum.
3183 2496 3380 2555 Leones
3411 2500 3812 2575 indiguerunt,
3844 2515 3893 2559 et

2244 2582 2526 2637 esurierunt
2561 2600 2581 2639 :
2619 2587 2960 2655 quterentibus
2995 2587 3306 2659 Dominum,
3349 2610 3462 2649 non
3515 2596 3691 2652 deerit
3735 2615 3891 2653 omne

2244 2674 2453 2730 bonum.
2500 2678 2798 2747 Ambulate,
2827 2681 2955 2751 ﬁlii,
2998 2685 3171 2738 audite
3216 2701 3331 2754 me,
3365 2688 3620 2745 timorem
3672 2691 3888 2748 Domini

2243 2768 2433 2823 docebo
2458 2785 2566 2825 vos.
2600 2772 2730 2840 Quis
2755 2782 2828 2829 est
2857 2774 2934 2829 vir
2954 2776 3044 2846 qui
3068 2778 3186 2832 velit
3230 2780 3409 2849 vitam,
3443 2783 3629 2855 diligit
3661 2785 3777 2841 dies
3805 2787 3884 2840 vi-

2242 2859 2361 2914 dere
2386 2859 2585 2916 bonos?
2615 2861 2825 2919 Custodi
2852 2866 3083 2939 linguam
3103 2876 3244 2924 tuam
3272 2887 3305 2925 a
3332 2873 3503 2941 malo,
3539 2886 3593 2929 et
3620 2877 3766 2931 labia
3792 2888 3881 2932 tua

2242 2971 2305 3009 ne
2334 2957 2610 3028 loquantur
2655 2961 2851 3017 dolum.
2884 2962 3087 3020 Recede
3126 2983 3160 3020 a
3202 2967 3372 3033 malo,
3406 2981 3463 3026 et
3516 2975 3609 3045 fac
3640 2975 3835 3030 bonum
3857 2991 3879 3029 :

2241 3068 2413 3122 qutere
2439 3070 2649 3124 pacem,
2679 3066 2727 3110 et
2754 3074 3055 3129 persequere
3091 3076 3225 3115 eam.
3262 3063 3421 3117 Oculi
3450 3064 3678 3122 Domini
3717 3084 3878 3140 super

2234 3144 2426 3213 justas,
2454 3155 2502 3199 et
2526 3163 2677 3203 aures
2698 3149 2810 3219 ejus
2831 3149 2902 3203 ad
2929 3152 3204 3208 clamorem
3225 3170 3423 3209 eorum.
3476 3157 3671 3216 Vultus
3699 3171 3871 3216 autent

530 3259 716 3310 meum,
743 3259 896 3312 quam
934 3243 1120 3298 dedisti
1159 3244 1320 3311 mihi,
1349 3247 1471 3315 quia
1497 3247 1723 3302 dilexisti
1754 3266 1832 3302 me
1870 3261 1989 3304 ante
2015 3267 2134 3306 con-

2241 3234 2455 3291 Domini
2478 3239 2533 3293 in
2568 3239 2811 3309 facientes
2836 3243 3032 3299 malum
3051 3287 3067 3313 ,
3098 3258 3153 3299 ut
3182 3249 3362 3319 perdat
3401 3251 3470 3306 de
3500 3263 3647 3308 terra
3673 3271 3872 3310 memo-

529 3335 843 3391 stitutionem
880 3337 1079 3391 mundi.
1118 3335 1274 3392 Pater
1290 3340 1454 3409 juste,
1486 3342 1705 3395 ntundus
1733 3351 1781 3396 te
1807 3359 1910 3397 non
1950 3362 2139 3417 cogno-

530 3428 620 3495 vit,
652 3446 742 3501 ego
763 3438 931 3483 autem
959 3439 1006 3484 te
1024 3432 1267 3502 cognovi,
1295 3441 1342 3484 et
1365 3433 1418 3485 hi
1438 3444 1798 3504 cognoverunt,
1827 3437 1951 3502 quia
1980 3450 2035 3493 tu
2059 3456 2139 3494 me

529 3523 734 3576 misisti.
763 3521 832 3576 Et
848 3534 1023 3577 notum
1046 3524 1143 3589 feci
1166 3524 1238 3578 eis
1262 3542 1444 3579 nomen
1469 3538 1635 3595 tuum,
1659 3538 1705 3581 et
1727 3539 1901 3584 notum
1924 3531 2133 3601 faciam,

527 3623 584 3665 ut
610 3614 845 3680 dilectio,
876 3632 977 3685 qua
1004 3615 1229 3670 dilexisti
1256 3634 1353 3681 me,
1377 3618 1430 3672 in
1456 3619 1583 3686 ipsis
1603 3622 1687 3687 sit,
1718 3632 1765 3676 et
1790 3638 1884 3693 ego
1905 3625 1959 3678 in
1986 3627 2133 3694 ipsis.

533 3704 604 3760 Et
631 3706 771 3762 idem
815 3706 1053 3762 Joannes
1085 3710 1359 3779 apostolus
1388 3721 1442 3766 et
1476 3715 1833 3785 evangelista,
1864 3719 1917 3771 in
1964 3719 2134 3786 prima

530 3816 625 3854 sua
649 3800 894 3869 epistola,
926 3801 1177 3872 loquitur,
1196 3804 1383 3860 dicens
1409 3803 1454 3879 (Ι
1477 3805 1637 3861 Joan.
1669 3805 1744 3878 tv)
1770 3828 1783 3863 :
1810 3809 2131 3880 Claarissimi,

529 3893 806 3964 diligamus
821 3895 1053 3959 invicem,
1072 3896 1192 3965 quia
1206 3897 1433 3953 charitas
1447 3916 1510 3954 ex
1538 3898 1642 3955 Deo
1669 3911 1741 3956 est
1766 3920 1779 3957 :
1803 3912 1851 3957 et
1871 3905 2036 3960 omnis
2048 3906 2135 3973 qui

530 3988 719 4059 diligit,
753 4004 816 4043 ex
844 3988 953 4043 Deo
995 3998 1145 4043 natus
1173 3999 1282 4057 est,
1311 4000 1359 4045 et
1385 3994 1644 4063 cognoscit
1673 3992 1860 4052 Deum.
1899 3996 2002 4064 Qui
2029 4015 2132 4054 non

531 4087 721 4159 diligit,
752 4104 854 4143 non
883 4088 1022 4142 novit
1047 4088 1232 4155 Deum,
1262 4089 1383 4157 quia
1413 4089 1551 4144 Deus
1567 4092 1790 4147 charitas
1813 4104 1906 4148 est.
1936 4093 1964 4147 Ι
1972 4111 2006 4148 η
2035 4095 2132 4150 hoc

530 4182 772 4253 apparuit
806 4183 1030 4238 eharitas
1061 4181 1157 4237 Dei
1201 4185 1256 4237 in
1290 4182 1460 4249 nobis,
1492 4186 1731 4255 quoniam
1761 4186 1957 4241 Filium
1982 4205 2132 4243 suum

528 4278 849 4350 unigenitum
866 4278 1001 4332 misit
1023 4276 1160 4331 Deus
1177 4279 1229 4332 in
1256 4278 1523 4341 mundum,
1548 4291 1603 4332 ut
1630 4281 1856 4336 vivamus
1878 4298 1968 4351 per
1988 4299 2124 4337 eum.

527 4370 600 4445 In
623 4372 718 4427 hoc
737 4381 810 4426 est
829 4371 1073 4437 charilas,
1099 4388 1199 4425 non
1217 4372 1364 4442 quasi
1377 4388 1468 4426 nos
1486 4371 1814 4429 dilexerimus
1830 4374 2016 4443 Deum,
2040 4378 2131 4433 sed

526 4467 768 4536 quoniam
787 4466 896 4536 ipse
910 4465 1087 4519 dilexit
1106 4481 1220 4531 nos,
1238 4475 1285 4518 et
1299 4465 1436 4519 misit
1450 4464 1618 4533 [ilium
1638 4483 1784 4520 suum
1803 4469 2129 4540 prapitiatio-

526 4576 641 4614 nem
663 4574 757 4631 jro
778 4559 995 4627 pecca’tis
1024 4559 1225 4613 nostris.
1249 4556 1548 4612 Charissimi
1565 4599 1580 4623 ,
1610 4558 1655 4613 si
1679 4559 1750 4612 sic
1778 4558 1916 4614 Deus
1942 4561 2122 4615 dilexit

2241 3329 2372 3383 riam
2397 3347 2593 3389 eorum.
2625 3333 2982 3392 Clamaverunt
3016 3341 3179 3411 justi,
3210 3351 3256 3396 et
3295 3341 3563 3403 Dominus
3604 3350 3871 3404 exaudivit

2240 3438 2346 3486 eos,
2376 3434 2424 3478 et
2450 3441 2513 3480 ex
2539 3426 2774 3482 omnibus
2815 3430 3229 3487 tribulationibus
3270 3452 3451 3493 eorum
3488 3440 3729 3497 liberavit
3756 3459 3862 3498 eos.

2238 3518 2404 3574 Juxta
2434 3531 2508 3575 est
2532 3520 2784 3578 Dominus
2810 3526 3043 3582 contritis
3065 3529 3238 3595 corde,
3268 3539 3314 3585 et
3338 3533 3651 3605 confractos
3675 3537 3864 3607 spiritu

2239 3612 2474 3668 salvabit.
2507 3613 2675 3670 Multa
2706 3619 2843 3671 mala
2859 3621 3025 3690 justo,
3053 3631 3102 3677 et
3124 3637 3188 3676 ex
3212 3625 3450 3681 omnibus
3486 3629 3598 3683 illis
3629 3628 3862 3684 liberabit

2239 3721 2353 3758 eum
2370 3703 2637 3763 Dominus.
2662 3705 2894 3764 Custodit
2921 3710 3176 3769 Dominus
3193 3716 3367 3771 omnia
3386 3720 3515 3775 ossa
3539 3722 3678 3793 ejus,
3704 3738 3859 3776 unum

2238 3814 2302 3853 ex
2324 3799 2403 3854 his
2428 3816 2529 3855 non
2563 3804 2933 3876 confringetur.
2971 3805 3255 3880 lnterﬁciet
3279 3812 3504 3883 intpium
3534 3818 3738 3872 malitia
3762 3861 3778 3885 ,
3811 3825 3859 3873 et

2238 3892 2460 3949 odientes
2475 3896 2677 3967 justum
2700 3899 3059 3970 culpabuntur.
3090 3901 3326 3959 Redimet
3360 3905 3627 3965 Dominus
3653 3912 3857 3965 animas

2237 4001 2496 4042 servorum
2536 4006 2745 4046 suorum
2764 4034 2780 4061 ,
2827 4004 2875 4048 et
2918 3993 3151 4050 liberabit
3191 4013 3294 4052 eos.
3344 3996 3453 4057 Vos
3480 4019 3605 4074 ergo
3626 4045 3641 4069 ,
3669 4004 3854 4073 fratres

2238 4077 2434 4149 (Psal.,
2478 4084 2620 4154 Liv),
2665 4102 2819 4159 super
2849 4086 3126 4143 Dominum
3168 4094 3343 4162 ponite
3381 4096 3548 4150 corda
3573 4107 3774 4162 vestra,
3803 4103 3851 4149 et

2235 4174 2344 4244 ipse
2372 4179 2589 4233 enutriet
2613 4195 2721 4245 vos,
2752 4181 2875 4251 quia
2903 4198 3007 4237 non
3036 4183 3176 4237 dabit
3200 4184 3257 4239 in
3276 4194 3528 4243 aeternum
3559 4187 3849 4260 ﬂuctuatio-

2235 4284 2350 4322 nem
2372 4271 2547 4339 justis.
2580 4270 2721 4328 Deus
2747 4283 2916 4329 autem
2949 4274 3200 4332 Dominus
3228 4288 3401 4334 noster
3424 4281 3646 4337 deducet
3675 4280 3846 4336 inimi-

2240 4378 2326 4416 cos
2346 4374 2567 4432 nostros,
2587 4366 2737 4435 juxta
2763 4367 3045 4439 Propheta:
3066 4385 3273 4437 vocem,
3293 4372 3348 4426 in
3371 4383 3582 4440 puteum
3609 4372 3844 4429 interitus

2232 4456 2475 4524 quoniam
2503 4458 2599 4512 viri
2622 4461 2930 4529 sanguinum
2953 4470 3001 4518 et
3027 4462 3193 4518 dolosi
3219 4480 3322 4519 non
3350 4466 3703 4522 dimidiabunt
3729 4464 3838 4519 dies

2239 4563 2377 4603 suos.
2418 4547 2526 4605 Vox
2549 4562 2719 4607 autem
2735 4570 2934 4625 semper
2948 4568 3151 4625 sperate
3168 4558 3224 4613 in
3252 4556 3499 4629 Domino,
3520 4571 3571 4617 et
3595 4560 3837 4632 fiduciam

527 4673 641 4722 nos,
667 4667 715 4710 et
740 4673 833 4710 nos
859 4653 1094 4709 debemus
1120 4653 1421 4707 alterutrum
1448 4652 1680 4722 diligere.
1706 4651 1872 4706 Deum
1895 4670 2042 4709 nemo
2062 4656 2131 4709 vi-

2237 4640 2465 4696 habe'tole
2490 4645 2545 4698 in
2572 4661 2653 4712 eo,
2677 4647 2799 4717 quia
2825 4647 2938 4719 ipse
2958 4650 3193 4707 liberabit
3218 4669 3331 4710 nos.
3354 4653 3482 4728 Ipse
3505 4667 3581 4713 est
3601 4657 3732 4711 enim
3754 4653 3836 4708 be-

528 4748 603 4802 dit
631 4766 889 4819 umquam.
920 4750 979 4805 Si
1000 4747 1275 4821 diligamus
1296 4747 1526 4813 invicem,
1563 4746 1697 4801 Deus
1714 4747 1766 4801 in
1782 4749 1924 4803 nobis
1955 4759 2123 4805 manet

526 4852 574 4896 et
591 4842 811 4895 charitas
825 4844 934 4913 ejus
956 4842 1009 4895 in
1034 4841 1176 4895 nobis
1202 4844 1427 4912 perfecta
1443 4850 1535 4894 est.
1555 4838 1623 4893 In
1640 4840 1737 4894 hoc
1763 4842 2116 4914 intelligimus,

528 4933 770 5003 quoniam
804 4935 857 4987 in
902 4950 961 4988 eo
989 4949 1270 4999 manemus,
1298 4943 1345 4985 et
1370 4934 1479 5001 ipse
1507 4933 1561 4985 in
1599 4932 1760 4999 nobis,
1792 4935 2033 5005 quoniam
2060 4936 2124 4991 de

528 5029 714 5101 spiritu
752 5044 845 5083 suo
870 5027 1007 5081 dedit
1033 5025 1194 5087 nobis.
1230 5024 1296 5079 Et
1332 5042 1423 5079 nos
1449 5025 1665 5080 vidimus
1692 5036 1739 5081 et
1769 5029 2118 5098 testiﬁcamur,

527 5126 768 5195 quoniam
798 5120 954 5176 Pater
988 5121 1121 5175 misit
1153 5118 1199 5173 ιτ
1203 5120 1347 5174 ilium
1389 5135 1537 5173 suum
1575 5120 1877 5176 salvatorem
1920 5122 2118 5179 mundi.

529 5221 770 5292 Quisquis
789 5216 1051 5287 confessus
1077 5214 1261 5284 fuerit,
1284 5213 1523 5285 quoniam
1545 5212 1698 5269 Iesus
1731 5226 1805 5271 est
1823 5217 1964 5286 [ilius
1983 5216 2084 5273 Dei
2098 5258 2116 5285 ,

524 5315 665 5371 Deus
694 5315 747 5369 in
768 5329 828 5368 eo
850 5319 1018 5365 manet
1046 5319 1094 5364 et
1117 5309 1305 5378 ipsein
1334 5306 1461 5361 Deo.
1492 5306 1560 5361 Et
1582 5323 1674 5363 nos
1696 5309 1915 5366 vidimus
1940 5323 1987 5366 et
2016 5329 2125 5367 cre-

521 5410 745 5462 didimus
764 5404 1024 5468 charitati,
1052 5419 1203 5473 quam
1228 5400 1374 5456 habet
1397 5399 1537 5455 Deus
1564 5402 1615 5455 in
1648 5402 1809 5469 nobis,
1838 5402 1975 5459 Deus
1997 5405 2123 5459 cha-

519 5502 644 5555 ritas
672 5512 742 5556 est
764 5516 782 5553 :
805 5510 851 5554 et
886 5497 972 5569 qui
1007 5505 1174 5552 manet
1208 5495 1263 5549 in
1305 5494 1576 5559 charitate,
1613 5495 1667 5549 in
1704 5494 1808 5549 Deo
1834 5506 2043 5563 manet,
2074 5506 2121 5551 et

521 5589 690 5647 Deum
722 5593 774 5645 in
799 5607 877 5646 eo.
908 5588 975 5644 In
1003 5591 1098 5644 hoc
1133 5587 1357 5657 perfecta
1384 5596 1456 5642 est
1481 5586 1705 5641 charitas
1736 5586 1997 5641 nobiscum
2016 5629 2030 5653 ,
2066 5598 2123 5641 ut

522 5688 765 5761 fiduciam
793 5684 1067 5742 habeamus
1091 5685 1146 5740 in
1174 5684 1257 5739 die
1271 5681 1490 5756 judicii,
1516 5681 1639 5754 quia
1665 5681 1799 5737 sicut
1822 5681 1913 5736 ille
1951 5690 2047 5753 est,
2076 5690 2122 5735 et

2230 4734 2460 4790 nedictus
2505 4754 2538 4790 a
2573 4739 2764 4793 steculo
2818 4756 2978 4812 usque
3018 4743 3075 4797 in
3109 4746 3392 4816 saeculum,
3448 4756 3499 4803 et
3542 4746 3689 4819 regni
3725 4744 3832 4816 ejus

2230 4841 2332 4880 non
2376 4828 2470 4881 erit
2516 4829 2637 4896 ﬁnis
2663 4829 2816 4904 (Luc,
2846 4830 2906 4906 ι).
2945 4834 3072 4889 Data
3113 4835 3326 4894 decimo
3362 4840 3526 4896 tertio
3574 4835 3830 4894 kalendas

2227 4918 2462 4975 Oetobris
2493 4921 2673 4995 (auuo
2697 4923 2878 4997 283),
2908 4924 3049 4983 Caro
3088 4927 3340 4988 Secundo
3366 4941 3424 4989 et
3470 4932 3672 4990 Carino
3699 4925 3825 4983 viris

2226 5012 2544 5072 clarissimis
2575 5018 2893 5074 consulibus
2924 5018 3028 5093 (1).

2297 5129 2378 5202 (Ι)
2421 5133 2494 5206 15
2521 5134 2723 5190 kalend.
2756 5137 2921 5191 octob.
2975 5136 3108 5193 Caro
3138 5182 3153 5206 ,
3209 5150 3314 5197 etc.
3369 5141 3506 5199 Hinc
3539 5138 3820 5197 conﬁrma-

2225 5211 2332 5278 tur,
2358 5204 2499 5278 quod
2530 5220 2694 5278 supra
2738 5207 2973 5265 diximus
3030 5211 3081 5264 in
3136 5204 3280 5267 uotis
3329 5214 3394 5269 ad
3426 5213 3601 5269 Vitam
3653 5210 3817 5278 Euty-

2225 5274 2460 5356 gluuui...
2484 5274 2663 5331 verbis
2695 5296 2711 5335 :
2755 5289 2921 5356 octav.
2969 5279 3435 5356 kalend._augusti,
3471 5286 3649 5340 verius
3676 5274 3813 5338 esse.

2231 5343 2627 5423 _Eutyc_hi:mum
2659 5361 2813 5423 seut)
2845 5352 2965 5408 idus
2993 5343 3319 5423 decembris,
3354 5343 3460 5414 non
3487 5366 3664 5411 autem
3691 5358 3811 5423 octo

2227 5414 2484 5498 kalendas
2503 5421 2707 5489 augusti
2726 5463 2742 5487 ,
2771 5420 3089 5498 decessisse.
3123 5424 3247 5482 Hsec
3269 5414 3494 5498 epistola
3523 5426 3667 5498 enim
3694 5422 3813 5492 post

2225 5496 2508 5565 augustum
2561 5506 2749 5548 mense
2802 5495 3093 5564 septembri
3150 5495 3351 5565 scripia
3391 5507 3476 5555 est
3520 5516 3534 5551 :
3584 5495 3805 5565 idest}!ne

2225 5560 2586 5639 certissimum
2618 5573 2722 5639 est,
2755 5560 2880 5639 eum
2908 5569 3121 5639 saltem,
3145 5560 3290 5639 quod
3315 5569 3504 5626 scribit
3532 5562 3806 5639 pontiﬁca-

2224 5629 2322 5758 gs,
2356 5629 2791 5703 meusejulio'ex
2820 5636 2921 5695 hac
2950 5637 3054 5695 vita
3102 5629 3211 5697 uo'n
3261 5629 3574 5713 emigrassé.
3613 5636 3804 5694 SBVIB-

2272 5716 2430 5758 strtus.

2272 5716 2430 5759 ιιηυς.
