4060 6306
222 398 334 460 177

1041 404 1098 460 S.
1143 401 1565 462 EUTYCHIANI
1600 405 1802 463 ΡΑΡᾹΞ
1844 407 1932 465 ΕΤ
1968 407 2329 469 ΜΑιιΤγιιιε
2356 411 2700 471 DECRETA.

3416 426 3520 483 178

214 522 3514 568 ._._______.______________________________________

466 626 1347 746 DEGBE’I‘A
1438 633 2608 760 EUTYCEIANI
2675 646 3295 804 PAPE,

216 891 290 957 SI
334 892 402 951 IN
457 893 611 953 IPSO
665 894 1085 954 EUTYCHIANI
1140 896 1396 954 NOMINE
1455 897 1691 956 EBROR
1750 897 1884 955 NON
1939 899 2092 969 EST,
2145 903 2311 972 QU/E
2369 906 2506 963 NON
2563 909 2940 969 HABENTUR
3006 914 3073 971 IN
3132 917 3519 992 PRIORIBUS,

792 995 837 1049 A
891 991 1162 1051 LABBEO
1218 991 1582 1051 DESUMPTA
1644 990 1740 1048 EX
1800 992 2156 1054 GRATIANO
2208 998 2301 1053 ΕΤ
2358 999 2569 1057 IVONE
2621 1002 2711 1061 ET
2750 1005 2951 1065 ALllS.

909 1213 1128 1256 PBIIUI.

1847 1200 1901 1255 Α
1926 1193 2112 1248 cendia
2139 1193 2347 1263 fecerit,
2371 1198 2486 1255 sive
2509 1199 2625 1255 ﬁeri
2643 1201 2888 1273 jusserit,
2921 1218 3013 1263 aut
3043 1208 3259 1267 facienti
3288 1229 3521 1275 consen-

213 1297 344 1355 Non
373 1306 446 1354 est
466 1295 803 1353 obedieudum
831 1294 1087 1366 episcopo,
1110 1291 1199 1366 qui
1222 1305 1316 1363 pro
1338 1289 1590 1345 btereticis
1610 1289 1820 1345 missam
1925 1287 2077 1352 serit,
2109 1302 2387 1360 quouSque
2414 1290 2482 1345 de
2508 1291 2592 1348 his
2636 1297 2922 1370 unicuique
2961 1301 3206 1372 legaliter
3233 1316 3288 1361 et
3314 1308 3517 1366 amica.

841 1407 1022 1453 cauere
1042 1391 1200 1455 iubet.

292 1507 349 1564 Si
374 1508 494 1579 quis
519 1508 831 1579 episcopus,
862 1516 955 1563 aut
989 1507 1191 1571 abbas,
1223 1506 1544 1580 presbytero
1569 1513 1660 1558 aut
1699 1516 1817 1558 mo-

216 1603 399 1659 nacho
422 1616 525 1660 suo
558 1602 781 1673 jusserit
807 1604 999 1658 missas
1038 1618 1133 1673 pro
1162 1602 1428 1658 haereticis
1452 1599 1532 1672 (l)
1557 1605 1814 1665 cantare,

204 1710 321 1755 non
347 1695 489 1753 licet.
524 1694 640 1752 Non
669 1695 811 1754 enim
836 1696 1051 1769 expedit
1077 1698 1154 1754 iis
1181 1695 1415 1755 obedire.

860 1828 1159 1870 SECUNDUI.

242 1906 518 1962 Abbatissa
544 1921 852 1979 prmumeus
891 1908 1058 1964 uelare
1095 1909 1338 1979 virginem
1354 1949 1370 1977 ,
1401 1908 1479 1963 uel
1503 1908 1706 1964 uiduam
1723 1950 1738 1975 ,

789 2000 1274 2055 excommunicetur.

283 2092 647 2150 Nihilominus
670 2094 833 2149 etiam
856 2094 909 2149 in
933 2093 1254 2164 quibusdam
1277 2093 1412 2150 locis
1437 2093 1712 2150 insolitum
1728 2095 1811 2149 iu-

206 2184 465 2241 venimus
495 2201 649 2241 usum
679 2185 920 2241 stultitiae
949 2184 1192 2255 plenum,
1219 2194 1273 2241 et
1301 2184 1684 2241 ecclesiasticas
1707 2200 1808 2240 au-

205 2277 449 2332 ctoritati
477 2279 829 2345 contrarium,
864 2292 932 2334 eo
958 2278 1100 2349 quod
1133 2277 1391 2333 videlicet
1417 2278 1693 2334 nonnullae
1714 2278 1811 2333 ab-

203 2369 465 2433 batissa},
497 2381 552 2425 et
591 2371 787 2443 aliqua:
830 2387 895 2427 ex
942 2370 1483 2437 sanctimonialibus,
1529 2371 1705 2426 viduis
1753 2380 1811 2427 et

204 2461 415 2534 puellis
443 2462 760 2532 virginibus,
789 2475 976 2519 contra
1006 2464 1107 2530 fas,
1136 2463 1315 2519 velum
1358 2464 1636 2535 imponere
1665 2478 1807 2535 pra:-

206 2566 470 2622 sumant,
499 2567 553 2612 et
582 2556 704 2612 ideo
733 2559 1004 2614 nonnullae
1034 2558 1233 2630 injuste
1274 2559 1467 2614 velata:
1512 2568 1701 2629 putant
1748 2573 1808 2613 se

207 2653 442 2709 liberius
470 2653 584 2707 suis
621 2653 927 2708 carnalibus
965 2651 1248 2709 desideriis
1289 2668 1450 2724 posse
1479 2654 1720 2722 servire,
1753 2662 1811 2708 et

207 2760 345 2802 suas
374 2745 675 2801 voluntates
704 2746 944 2817 explere.
971 2746 1313 2818 Quapropter
1334 2747 1644 2812 statuimus,
1678 2758 1736 2802 ut
1763 2747 1811 2802 si

207 2838 486 2894 abbatissa
516 2847 608 2894 aut
631 2838 884 2911 quaslibet
911 2840 1360 2907 sanctimonialis,
1396 2848 1514 2909 post
1543 2839 1685 2895 hanc
1711 2838 1808 2896 de-

210 2930 515 2987 ﬁnitionem
537 2973 553 2995 ,
588 2932 639 2986 in
686 2939 886 2986 tantam
935 2931 1213 2988 audaciam
1258 2933 1559 3002 proruperit
1582 2974 1597 2997 ,
1633 2944 1686 2986 ιιι
1717 2943 1812 2988 aut

209 3024 434 3079 viduam
456 3033 550 3078 aut
577 3023 808 3093 puellam
835 3025 1093 3096 virginem
1118 3025 1299 3080 velare
1326 3034 1640 3094 prmsumat,
1666 3024 1813 3095 judi-

210 3117 304 3171 cio
335 3115 596 3171 canonico
625 3131 796 3187 usque
838 3116 905 3172 ad
945 3117 1371 3172 satisfactionem
1412 3116 1670 3171 subdatur
1700 3115 1810 3187 (In

210 3211 404 3268 ἄξενα.
428 3211 539 3268 luo.
565 3212 653 3268 lib.
682 3225 760 3280 ιιι,
783 3211 873 3279 Ξθ,
905 3230 956 3284 q.
979 3212 1033 3268 2.
1061 3211 1347 3267 Statuimus
1367 3220 1423 3266 ut
1448 3212 1493 3266 si
1508 3209 1808 3282 abbatissa.)

882 3343 1138 3384 TERTIUI.

212 3422 481 3481 Fidelium
528 3423 780 3478 consortio
823 3432 1035 3491 careat,
1082 3423 1171 3492 qui
1204 3405 1558 3494 paenitentiam
1593 3422 1809 3494 perjurii

807 3534 956 3589 agere
978 3517 1217 3573 noluerit.

286 3634 692 3693 Praedicandum
723 3644 807 3691 est
833 3634 1028 3701 etiam,
1058 3646 1113 3689 ut
1145 3633 1439 3704 perjurium
1486 3632 1674 3688 ﬁdeles
1714 3646 1809 3688 ca-

210 3739 398 3796 veant,
427 3740 481 3786 et
510 3729 577 3783 ah
600 3728 701 3784 hoc
725 3742 1069 3798 summopere
1090 3726 1418 3794 abstineant,
1443 3726 1675 3782 scientes
1705 3724 1810 3780 hoc

210 3822 425 3895 grande
452 3821 633 3878 scelus
661 3837 805 3886 esse,
840 3829 895 3875 et
935 3821 988 3874 in
1024 3820 1141 3890 lege
1180 3830 1230 3874 et
1262 3819 1313 3874 in
1349 3819 1626 3890 prophetis
1671 3828 1724 3873 et
1754 3818 1809 3873 in

210 3920 568 3989 Evangelium
586 3917 908 3988 prohibitum
932 3916 1140 3989 (Levit.,
1159 3931 1235 3981 vr;
1257 3916 1438 3981 Josue,
1458 3932 1530 3979 Ix;
1548 3914 1804 3982 Malach.,

211 4032 270 4070 Ill
293 4033 309 4080 ;
340 4012 555 4079 Matth”
586 4012 657 4084 v).
693 4010 1010 4065 Audivimus
1038 4017 1215 4064 autem
1242 4007 1500 4079 quosdam
1523 4008 1806 4079 parvipen-
1832 4005 1876 4068 C

210 4109 346 4165 dere
364 4108 467 4165 hoc
478 4107 677 4171 scelus,
692 4114 747 4162 et
762 4106 934 4160 levem
950 4101 1349 4171 quodammodo
1366 4100 1613 4171 perjuriis
1636 4101 1809 4170 posui-

213 4200 401 4257 tentize
418 4198 633 4256 modum
653 4200 950 4267 impunere.
972 4196 1073 4264 Qui
1104 4209 1263 4250 nosse
1289 4193 1508 4257 debent,
1542 4193 1704 4249 talem
1736 4193 1807 4250 de

212 4294 452 4367 perjurio
482 4291 850 4363 pmniteutiam
882 4287 1081 4358 imponi
1121 4286 1348 4350 debere,
1381 4286 1591 4357 qualem
1639 4295 1694 4342 et
1737 4285 1807 4343 de

213 4387 504 4452 adulterio,
537 4385 683 4441 etde
713 4383 1090 4447 fornicatione,
1114 4390 1169 4435 et
1198 4378 1266 4435 de
1295 4378 1584 4434 homicidio
1612 4387 1807 4449 sponte

213 4481 504 4537 commisso
525 4521 541 4541 ,
569 4487 624 4533 et
651 4477 718 4533 de
761 4475 972 4531 caeteris
998 4472 1368 4530 criminalibus
1408 4470 1570 4525 vitiis.
1601 4470 1658 4527 Si
1687 4471 1807 4542 quis

214 4592 344 4632 vero
373 4581 680 4644 perpetrato
714 4571 966 4642 perjurio,
999 4578 1092 4624 aut
1120 4568 1361 4639 quolibet
1385 4565 1650 4621 criminali
1681 4581 1801 4637 pec-

215 4681 358 4735 cato,
390 4669 584 4723 timens
627 4665 996 4736 ptenitemiam
1031 4664 1276 4733 longam,
1307 4659 1375 4715 ad
1403 4658 1804 4715 confessionem

216 4763 402 4818 venire
431 4760 692 4825 voluerit,
723 4759 791 4813 ab
832 4754 1071 4814 Ecclesia
1113 4752 1454 4825 repellendus
1477 4762 1596 4822 est,
1629 4753 1743 4807 sive
1772 4769 1804 4808 a

217 4853 592 4911 communione
616 4861 672 4906 et
694 4850 970 4907 consortio
998 4845 1255 4910 lideliutn,
1289 4856 1350 4900 ut
1376 4844 1555 4900 nullus
1586 4861 1705 4900 cum
1730 4862 1799 4902 eo

217 4948 497 5016 comedat,
529 4963 705 5019 neque
734 4946 917 5014 bibat,
953 4958 1129 5015 neque
1161 4951 1321 5011 oret,
1355 4955 1531 5012 neque
1559 4941 1614 4997 in
1643 4939 1806 4998 domo

221 5056 316 5099 sua
342 5057 465 5099 eum
497 5042 741 5113 recipiat.

856 5149 1125 5201 QUARTUI.

222 5231 452 5288 Membra
479 5231 805 5295 (lett-uncam,
837 5229 1012 5284 domos
1040 5225 1335 5294 incendens,
1366 5225 1556 5296 absque
1572 5224 1807 5293 iudiciali

607 5324 904 5379 auctoritate
930 5319 1409 5377 excommunicetur.

290 5439 346 5497 Si
374 5440 495 5513 quis
518 5438 883 5495 membrorum
915 5435 1300 5500 truncationes.
1322 5443 1377 5490 et
1400 5432 1685 5490 domorum
1714 5433 1799 5489 in-
1830 5404 1885 5469 D

289 5574 371 5649 (l)
409 5574 604 5633 Caeteri
652 5575 969 5632 collectores
1006 5572 1209 5630 addunt
1247 5571 1512 5628 mortuis:
1540 5586 1641 5642 pro
1668 5570 1805 5628 vivis

1924 1380 2104 1437 biliter
2128 1398 2309 1438 coram
2335 1385 2595 1458 episcopo
2617 1390 2873 1457 civitatis,
2904 1395 3127 1466 aliisque
3154 1399 3383 1472 civibus,
3411 1421 3517 1461 non

1923 1476 2315 1543 emendaverit,
2348 1479 2418 1534 ab
2444 1479 2684 1538 Ecclesia
2717 1501 2776 1542 se
2806 1487 3071 1555 privatum
3103 1506 3417 1562 cognoscat.
3446 1498 3503 1554 Si

1922 1585 2051 1626 vero
2078 1583 2198 1641 post
2226 1574 2513 1630 secundam
2541 1585 2596 1632 et
2616 1580 2826 1635 tertiam
2854 1584 3293 1652 conventionem,
3321 1601 3513 1646 cuncta

1920 1665 1977 1719 iu
1999 1664 2195 1736 quibus
2216 1667 2481 1736 arguitur,
2506 1683 2612 1724 non
2634 1671 3022 1740 emendaverit,
3049 1684 3317 1748 tamquam
3341 1680 3520 1736 ethni-

1920 1772 2017 1812 cus
2053 1768 2107 1813 et
2135 1759 2471 1829 publicanus,
2510 1762 2579 1819 ab
2619 1765 2768 1820 omni
2815 1766 3237 1825 Christianorum
3283 1771 3513 1845 collegio

1919 1860 2221 1921 separetur.

2592 1987 2848 2036 QUINTUI.

2014 2081 2082 2137 In
2110 2092 2354 2154 potestate
2384 2085 2551 2155 ﬁdelis
2576 2088 2642 2142 sit
2659 2130 2675 2155 ,
2704 2098 2817 2157 post
2846 2090 3153 2160 baptismum
3180 2094 3408 2165 recipere
3495 2086 3503 2095 ’

2299 2196 2511 2236 umorem
2535 2197 2690 2251 quam
2713 2194 2832 2238 ante
2856 2184 3140 2241 dimiserat.

1991 2298 2046 2352 Si
2088 2296 2208 2368 quis
2253 2298 2469 2368 gentilis
2513 2300 2771 2370 gentilem
2818 2318 3041 2358 ttxorcm
3078 2304 3346 2362 dimiserit
3383 2317 3510 2366 ante

1912 2391 2277 2460 baptismum;
2325 2404 2444 2463 post
2477 2395 2798 2465 baptismum
2842 2396 2895 2452 in
2942 2405 3208 2469 potestate
3236 2402 3353 2472 ejus
3381 2403 3486 2459 erit

1912 2499 2032 2542 eam
2064 2483 2285 2552 habere,
2314 2487 2398 2543 vel
2428 2501 2535 2543 non
2563 2487 2787 2545 habere.

2598 2622 2823 2661 δεκτυδι.

2016 2717 2211 2773 Fidelis
2238 2719 2498 2787 inﬁdelem
2524 2722 2864 2778 discedentem
2890 2727 3033 2795 sequi
3055 2742 3159 2780 non
3184 2728 3402 2799 cogitur.

1988 2831 2163 2887 Simili
2190 2834 2371 2901 modo,
2403 2835 2448 2890 si
2476 2850 2614 2892 unus
2643 2850 2708 2891 ex
2732 2837 3034 2909 conjugatis
3064 2838 3363 2910 baptizatus
3391 2855 3507 2909 est,

1913 2937 1970 2979 et
1998 2928 2134 2983 alter
2159 2930 2402 2997 gentilis,
2435 2941 2489 2985 et
2518 2931 2670 3002 sequi
2700 2946 2807 2987 non
2839 2932 2982 2995 vult,
3011 2935 3150 2989 sicut
3175 2935 3305 2992 dicit
3330 2938 3505 3008 Apos-

1916 3018 2058 3075 tolus
2087 3037 2100 3074 :
2130 3018 2368 3090 Iulidelis
2394 3023 2438 3077 si
2465 3023 2701 3088 discedit,
2733 3025 2967 3080 discedat
2997 3027 3045 3097 (ι
3068 3025 3214 3097 Cor.,
3249 3030 3371 3103 vn).

2571 3154 2857 3196 SEPTIIUH.

2378 3254 2640 3325 Synodale
2658 3258 3025 3329 jurameutum.

1985 3392 2287 3465 Episcopus
2344 3394 2396 3449 in
2451 3394 2661 3467 synodo
2707 3396 2986 3465 residens,
3039 3410 3159 3471 post
3209 3416 3501 3472 congruam

1913 3485 2293 3541 allocutionem
2337 3496 2545 3558 septem
2572 3504 2636 3544 ex
2677 3489 2831 3559 plebe
2870 3491 2987 3562 ejus
3033 3502 3058 3529 α
3087 3494 3388 3563 parochias,
3420 3498 3504 3552 vel

1913 3596 1981 3637 eo
2007 3582 2256 3652 amplius,
2291 3591 2451 3652 prout
2482 3582 2676 3639 viderit
2700 3585 2985 3655 expedire,
3017 3588 3370 3656 maturiores,
3402 3590 3503 3646 ho-

1913 3673 2179 3729 nestiores
2199 3716 2215 3740 ,
2248 3685 2412 3744 atque
2437 3675 2743 3733 veraeiores
2770 3677 2948 3747 viros,
2983 3679 3036 3733 in
3080 3679 3313 3735 mediqu
3347 3682 3507 3739 debet

1912 3765 2178 3823 advocare
2207 3784 2221 3821 :
2255 3775 2311 3821 et
2336 3766 2496 3822 illatis
2515 3766 2542 3805 ι)
2585 3780 2893 3824 sanctorum
2929 3771 3241 3842 pignoribus
3261 3815 3277 3838 ,
3306 3790 3503 3829 unum-

1912 3873 2180 3929 quemque
2223 3857 2433 3915 illorum
2480 3858 2570 3914 tali
2615 3870 2955 3917 sacramento
2999 3865 3406 3936 constringere,
3447 3877 3508 3924 ut

1913 3950 2111 4005 amodo
2156 3951 2210 4007 in
2253 3961 2427 4007 antec
2469 3951 2728 4023 quidquid
2772 3955 2944 4021 nosti,
2995 3964 3087 4010 aut
3137 3956 3365 4025 audisti,
3412 3971 3508 4014 aut

1912 4044 2252 4115 postmodum
2278 4044 2629 4116 inquisiturus
2667 4061 2747 4114 es,
2783 4048 2925 4116 quod
2951 4057 3135 4104 contra
3168 4051 3501 4108 voluntatem

1912 4144 2007 4199 Dei
2035 4153 2089 4199 et
2119 4153 2319 4199 rectam
2353 4142 2798 4199 christianitatem
2830 4146 2883 4199 in
2923 4145 3023 4200 ista
3059 4145 3346 4217 parochia,
3385 4146 3500 4203 fac-

1912 4246 2023 4293 tum
2054 4237 2153 4303 sit,
2184 4246 2275 4290 aut
2303 4236 2537 4291 futurum
2567 4236 2702 4299 erit,
2733 4238 2778 4292 si
2807 4237 2860 4292 in
2880 4237 3071 4294 diebus
3102 4239 3205 4294 tuis
3225 4240 3498 4307 evenerit,

1912 4341 2117 4387 tantum
2162 4344 2220 4389 ut
2250 4334 2315 4390 ad
2357 4346 2501 4391 tuam
2541 4338 2903 4408 cognitionem
2951 4352 3295 4409 quocumque
3342 4338 3505 4396 modo

1910 4426 2299 4497 perveniat,‘si
2330 4430 2472 4497 scis,
2503 4438 2596 4483 aut
2638 4429 2929 4484 indicatum
2972 4428 3133 4485 fuerit
3175 4430 3301 4493 tibi,
3333 4445 3501 4502 syno-

1911 4519 2087 4574 dalem
2114 4536 2330 4577 causam
2360 4537 2509 4586 esse,
2539 4530 2593 4577 et
2620 4521 2686 4577 ad
2724 4522 3080 4578 ministerium
3120 4523 3359 4594 episcOpi
3382 4539 3504 4595 per-

1911 4616 2110 4682 tinere,
2158 4614 2303 4687 quod
2346 4625 2400 4671 tu
2441 4630 2539 4671 nec
2586 4624 2803 4684 propter
2839 4631 3113 4682 amorem,
3159 4631 3258 4671 nec
3285 4625 3504 4687 prapter

1910 4706 2184 4767 timorem.
2218 4721 2319 4762 nec
2345 4714 2568 4777 propter
2598 4706 2899 4777 praemium,
2929 4721 3030 4761 nec
3055 4716 3274 4778 propter
3304 4722 3501 4777 paren-

1912 4799 2072 4854 telam
2092 4840 2108 4863 ,
2140 4799 2407 4854 ullatenus
2439 4797 2583 4852 celes
2604 4797 2891 4868 episcopo,
2925 4804 3019 4851 aut
3037 4796 3155 4867 ejus
3183 4797 3386 4865 missu,
3412 4799 3501 4854 cui

1910 4891 2015 4948 hoc
2062 4892 2332 4964 inquirere
2375 4889 2628 4960 jusserit,
2689 4889 3135 4961 quandocumque
3182 4904 3249 4945 ex
3299 4888 3403 4946 hoc
3447 4899 3502 4946 te

1910 4985 2323 5054 interrogaverit
2365 4984 2486 5038 :sic
2529 4996 2581 5039 te
2630 4982 2770 5037 Deus
2794 4982 3053 5052 adjuvet,
3094 4992 3149 5038 et
3174 4982 3289 5037 ista:
3318 4991 3505 5038 sancto

1910 5095 2027 5137 rum
2057 5078 2330 5150 reliquiae,
2372 5086 2428 5133 et
2466 5076 2593 5134 illud
2621 5073 2649 5113 δ
2681 5086 3073 5132 sacramentum
3093 5119 3108 5144 ,
3139 5076 3281 5148 quod
3304 5077 3448 5146 juste
3478 5085 3503 5112 ε

1904 5172 2107 5244 juravit
2140 5171 2208 5226 de
2255 5160 2500 5242 synodali
2543 5185 2740 5237 causa,
2785 5168 2928 5240 quod
2959 5177 3013 5224 tu
3045 5168 3173 5224 illud
3203 5183 3267 5223 ex
3308 5177 3394 5227 te.
3428 5167 3501 5221 ita

1910 5264 2245 5327 observabis,
2268 5263 2321 5318 in
2342 5271 2601 5334 quantum
2629 5262 2797 5333 sapis,
2822 5269 2915 5317 aut
2938 5260 3160 5327 audisti,
3179 5270 3271 5314 aut
3295 5258 3364 5313 ab
3390 5256 3494 5313 hac

1911 5358 2001 5415 die
2030 5358 2083 5413 iu
2110 5364 2267 5413 antea
2296 5356 2652 5429 inquisiturus
2679 5370 2761 5422 es,
2789 5355 2872 5411 sic
2902 5364 2955 5411 te
2983 5354 3123 5412 Deus
3150 5352 3387 5422 adjuvet.

1915 5497 2057 5553 enim
2089 5505 2143 5551 et
2164 5495 2288 5623 aliis
2315 5493 2469 5551 malis
2499 5492 2660 5550 etiam
2683 5489 2900 5564 speciali
2922 5489 3162 5546 oratione
3187 5485 3392 5543 licitum
3420 5496 3506 5544 est

1915 5583 2086 5623 orare.
2208 5583 2323 5623 sua.

1911 5583 2086 5626 orare.
2164 5583 2323 5624 LABB.

1456 5712 1835 5776 LECTIONES
1870 5712 2286 5772 VARIANTES.

283 5837 312 5934 ἲ.
333 5830 673 5949 ﬁliiﬁlii.

284 5962 307 5991 ο
332 5960 488 6011 Antea
514 5957 651 6010 thltb.

1977 5828 2006 5867 d
2033 5827 2351 5879 Bai-chordas
2387 5822 2520 5892 legit,
2548 5824 2707 5887 istud;
2745 5830 2791 5875 ct
2829 5827 3069 5889 priapoust
3090 5820 3215 5874 hanc
3239 5817 3489 5873 rubricam

1910 5891 2252 5943 Juramentum
2283 5891 2590 5941 camerarum.
2674 5922 2736 5941 κ-

1986 5958 2010 5987 ⁸
2037 5953 2135 6005 Iste
2161 5951 2303 6006 Labb.
