4060 6314
198 350 314 410 181

964 356 1052 412 DE
1092 356 1410 414 DECRE'I'O
1448 357 1609 416 CAIO
1650 359 2039 417 ADSCRIPTO
2065 361 2271 420 CIRCA
2298 356 2755 422 ΟΚΟΙΝᾹΝΒΟΞ.

3480 276 3499 303 l

3414 366 3518 424 189.

192 468 543 555 elesiasticis.
566 469 695 527 Data
720 480 803 527 est
823 471 1067 527 kalendis
1092 472 1290 538 martii,
1324 471 1651 528 diocletiano
1678 472 1817 529 Vlet
1842 479 1895 537 Α
1924 478 2269 547 testimoniis,
2302 482 2496 551 quibus
2543 482 2608 536 ad
2646 483 2889 538 ‘Leo’nem
2937 482 3236 555 Augustum
3298 494 3525 539 constat

190 554 527 616 Constantio
560 559 604 616 Il
632 562 761 617 viris
780 562 1095 617 clarissimis
1124 578 1263 618 coss.
1285 563 1415 631 Qum
1449 565 1527 619 vel
1555 581 1658 617 uua
1685 566 1811 618 sub-

192 652 429 721 scriptio
450 652 692 710 fraudem
726 656 919 725 prodit.
954 657 1061 712 Sed
1104 657 1463 727 imprudentia
1500 659 1813 726 itnpoSlOt‘iS

192 761 331 800 cum
365 746 629 816 pravitate
655 760 845 814 certat,
876 760 1057 820 utpote
1084 751 1172 819 qui
1196 750 1462 819 integrmn
1485 750 1680 805 Lcoois
1699 750 1811 804 bla-

190 838 298 907 gni
328 848 506 910 caput,
541 842 682 911 quod
713 844 763 896 in
799 844 1034 913 Epistula
1058 843 1151 907 97,
1183 844 1478 900 secundum
1509 855 1613 910 est,
1655 860 1809 898 suum

194 930 435 1000 fecerit,
475 943 531 989 et
570 934 789 991 totidem
838 939 1019 992 verbis
1063 938 1116 993 in
1169 938 1499 991 Decrelalettt
1552 937 1809 992 intulerit.

194 1024 343 1094 Qua:
371 1030 414 1083 si
443 1027 609 1083 Leoni
651 1029 823 1101 Magni
871 1033 1030 1085 Caius
1073 1032 1421 1098 fmuerasset,
1456 1032 1508 1084 in
1557 1040 1801 1085 veterum

1923 570 2157 640 Epistula
2184 606 2207 636 ,ο
2233 589 2293 625 ea
2324 574 2486 628 dubio
2517 575 2700 642 procul
2750 575 2858 629 Leo
2909 590 3043 645 papa
3087 586 3514 631 annumerasset.

1924 663 2086 719 Multo
2118 667 2286 736 magis
2314 667 2456 721 enim
2486 667 2671 722 Caium
2698 679 2751 723 et
2773 670 3131 733 decessorem,
3178 677 3231 723 et
3258 669 3520 740 antiquio-

1923 772 2037 811 rem
2070 774 2368 813 memorarc
2398 760 2600 827 debuit,
2643 776 2802 831 quam
2852 760 3203 814 Athanasium
3226 802 3241 827 ,
3289 759 3517 815 Ambro-

1921 851 2081 914 sium,
2116 853 2464 921 Augustinum
2484 895 2497 915 ,
2530 868 2752 922 quorum
2784 853 3154 909 auctoritatem
3184 861 3405 923 usurpat
3430 851 3523 908 de-

1918 940 2178 999 bellandis
2203 943 2486 999 hmrcticis.
2514 946 2752 1000 Luuren.

215 1137 3495 1163 mm

970 1241 1211 1353 DE
1287 1236 2143 1354 DECRETO
2216 1234 2778 1351 UNICO

1032 1437 1220 1506 QUOD
1258 1436 1419 1493 (ΙΑΙο
1462 1436 1951 1505 ADSCRIBITUR,
1993 1436 2199 1493 (IIRCA
2245 1437 2706 1496 ORDINANUOS.

271 1558 327 1613 1.
370 1556 529 1627 Papa:
559 1556 719 1627 hujus
758 1573 860 1613 non
896 1558 1055 1613 modo
1088 1558 1231 1612 nulla
1261 1556 1324 1609 ad
1362 1571 1457 1609 nos
1491 1556 1807 1610 transmissa
1838 1557 1887 1617 B
1918 1555 2182 1617 Ecclesia.
2213 1571 2275 1610 ac
2314 1557 2628 1612 nominatim
2666 1557 2941 1625 Romana,
2976 1559 3044 1614 ab
3075 1560 3328 1616 omnibus
3356 1575 3519 1617 exac-

182 1657 284 1704 est
305 1649 515 1705 sincera
544 1650 795 1719 cpistola,
820 1648 913 1705 sed
946 1666 1043 1705 nec
1073 1650 1175 1705 ttlla
1202 1663 1424 1720 usquam
1455 1657 1802 1703 memoratur.

188 1744 439 1800 Tantum
466 1746 522 1801 in
567 1742 860 1815 pontiﬁcali
896 1746 1032 1800 libro
1062 1746 1256 1799 dicitur
1283 1742 1661 1806 consuluisse;
1698 1761 1716 1791 ‹
1754 1753 1812 1795 ιιι

187 1850 396 1894 omnes
440 1838 660 1894 ordines
688 1840 739 1893 in
768 1834 1008 1893 Ecclesia
1041 1839 1119 1893 sic
1147 1838 1501 1892 asconderent
1531 1852 1543 1888 :
1590 1835 1645 1892 Si
1691 1835 1810 1905 quis

186 1935 490 2005 episcopus
518 1931 631 1988 ﬁeri
675 1944 997 1996 mereretur,
1032 1945 1086 1987 ut
1125 1942 1271 1987 esset
1300 1931 1582 1993 ostiarius,
1618 1930 1804 1995 lector,

185 2027 497 2091 exorcista,
525 2026 830 2096 acolythus,
857 2040 1089 2092 sequens
1118 2023 1501 2087 subdiaconus,
1531 2021 1811 2087 diaconus,

184 2119 506 2190 presbyter,
541 2127 594 2172 et
621 2116 816 2171 exinde
843 2118 1129 2186 cpiscopus
1155 2116 1517 2169 ordinaretur.
1560 2133 1579 2165 ι

263 2210 327 2265 2.
361 2209 480 2277 Quo
508 2209 728 2264 decreto
757 2213 800 2263 si
838 2210 1187 2264 constituisse
1228 2207 1558 2277 intelligatur
1597 2205 1814 2285 decere,

183 2311 247 2356 ut
272 2303 505 2372 quisque
537 2318 632 2368 per
660 2302 1027 2356 ecclesiastica
1058 2302 1144 2355 illa
1174 2300 1371 2365 ofﬁcia,
1405 2317 1509 2353 non
1548 2298 1813 2368 prmcipiti

184 2396 366 2459 saltu,
398 2396 465 2448 ad
496 2396 865 2463 episc0patum
905 2394 1229 2458 adsceudat;
1268 2392 1379 2462 jam
1413 2392 1516 2447 hoc
1545 2401 1669 2445 ante
1698 2389 1812 2444 Caii

183 2499 453 2557 tempora
498 2502 595 2539 usu
629 2498 902 2555 receptum
945 2485 1113 2542 fuisse
1140 2485 1301 2541 ﬁdem
1340 2485 1463 2539 facit
1491 2486 1810 2557 Cyprianus,

184 2597 326 2637 cum
383 2580 620 2635 Cornelii
678 2580 1075 2633 ordinationem
1129 2580 1419 2649 legitimam
1470 2578 1633 2632 fuisse
1688 2577 1814 2631 inde

185 2673 399 2745 probat
449 2670 700 2744 (Cornel.,
744 2689 826 2743 ep.
882 2671 971 2733 10,
1015 2688 1070 2725 ιι.
1100 2672 1176 2741 7),
1220 2671 1359 2740 quod
1388 2688 1407 2720 ι
1449 2686 1553 2725 non
1602 2671 1701 2724 iste
1745 2669 1811 2723 ad

190 2768 581 2836 episcopatum
610 2763 789 2817 subito
818 2764 1174 2835 pervenisset,
1202 2763 1293 2819 sed
1320 2780 1413 2832 per
1436 2764 1614 2818 omnia
1640 2764 1813 2818 cccle-

190 2858 427 2912 siastica
458 2855 633 2910 ofﬁcia
668 2866 960 2925 promotus.
996 2866 1049 2911 et
1081 2856 1133 2909 in
1161 2852 1359 2909 divinis
1386 2855 1812 2910 administratio-

193 2950 367 3003 nibus
394 2948 559 3002 Deum
589 2963 732 3015 saepe
762 2948 1108 3015 promeritus,
1153 2947 1218 3000 ad
1262 2947 1546 3000 sacerdotii
1587 2948 1817 3001 sublime

191 3040 477 3109 fastigium
507 3040 715 3094 cunctis
744 3040 1019 3108 religionis
1046 3039 1302 3106 gradibus
1328 3038 1627 3093 adscendit.
1669 3058 1686 3090 ι
1714 3040 1816 3107 Qui

1919 1660 2031 1702 tum
2076 1664 2181 1703 non
2210 1664 2329 1704 esse
2369 1650 2690 1717 probemus,
2721 1662 2778 1705 ιιι
2822 1662 3030 1721 septem
3069 1652 3358 1723 praedictos
3396 1668 3524 1721 gra-

1921 1740 2021 1794 dus
2076 1740 2221 1810 prius
2274 1740 2502 1806 obeant,
2550 1758 2710 1813 quam
2766 1744 2834 1798 ad
2887 1745 3253 1814 episcopatum
3310 1744 3523 1800 valeant

1920 1832 2119 1887 efferri.

1992 1925 2050 1980 4.
2083 1925 2301 1982 Siricius
2329 1929 2489 1998 epist.
2522 1930 2573 1994 'l,
2607 1930 2673 1983 ad
2704 1928 3022 1996 Himerium,
3053 1947 3108 1986 n.
3143 1929 3177 1985 9
3207 1941 3260 1984 et
3286 1930 3372 1998 ll),
3404 1944 3527 1985 nec-

1925 2036 2031 2075 non
2059 2020 2305 2076 Zosimus
2332 2022 2491 2093 epist.
2525 2021 2580 2088 9,
2610 2022 2676 2077 ad
2709 2023 3056 2095 Hesychium,
3083 2040 3134 2078 n.
3168 2023 3204 2079 2
3230 2033 3285 2078 et
3317 2024 3371 2089 5,
3398 2025 3519 2093 qui-

1926 2113 2029 2168 bus
2084 2116 2307 2186 quisque
2359 2116 2613 2186 gradibus
2668 2116 2733 2170 ad
2780 2117 3016 2187 episcopi
3070 2125 3163 2170 aut
3217 2116 3515 2188 presbyteri

1926 2206 2239 2277 dignitatem
2289 2207 2665 2277 provehendus
2715 2220 2857 2264 esset
2909 2208 3264 2272 deﬁnientes,
3315 2224 3421 2261 non
3463 2207 3517 2262 in

1926 2298 2153 2359 ostiarii,
2179 2298 2274 2353 sed
2301 2321 2319 2349 ι
2350 2299 2401 2352 in
2430 2299 2689 2354 lectorum
2718 2300 2963 2369 primitus
2988 2299 3174 2372 gradu,
3208 2320 3227 2352 ι
3256 2311 3313 2354 ut
3341 2299 3517 2354 verbis

1926 2404 2140 2450 utamur
2183 2393 2419 2459 Zosimi,
2460 2413 2477 2446 ι
2526 2395 2694 2451 divini
2746 2395 3045 2451 rudimenta
3095 2394 3296 2449 servitii
3340 2411 3359 2447 ι
3396 2392 3520 2463 poni

1924 2487 2260 2557 prmcipinnt.
2285 2486 2453 2540 Immo
2481 2486 2606 2541 dum
2637 2487 2860 2543 Siricius
2880 2488 2947 2542 de
2974 2503 3060 2553 co,
3086 2488 3173 2556 qui
3200 2486 3521 2558 grandaevus

1924 2579 2245 2649 baptizatur,
2274 2580 2575 2644 constituit,
2610 2589 2670 2634 ut
2700 2582 2743 2633 si
2776 2580 2841 2633 ad
2874 2595 3079 2635 sacram
3114 2579 3356 2633 militiam
3393 2595 3515 2647 per-

1926 2672 2107 2726 venire
2136 2670 2373 2739 festinat,
2408 2672 2587 2725 statim
2636 2670 2685 2744 (a
2717 2682 2967 2742 suscepto
3019 2669 3308 2741 baptismo)
3353 2670 3517 2723 lecto-

1921 2780 2041 2819 rum
2069 2775 2158 2817 aut
2187 2765 2575 2818 exorcistarum
2612 2776 2846 2818 numero
2873 2764 3125 2828 societur,
3170 2782 3188 2814 ι
3227 2778 3330 2817 non
3360 2761 3428 2815 ab
3452 2775 3518 2816 eo

1920 2865 2206 2925 utrumque
2255 2855 2504 2925 gradum,
2542 2856 2635 2909 sed
2682 2856 3000 2913 alterutrum
3049 2864 3257 2909 tantum
3301 2852 3518 2908 videtur

1922 2950 2158 3017 exigere.
2192 2947 2287 3003 Cui
2328 2949 2620 3005 concinens
2658 2948 2908 3004 Zosimus
2938 2949 3005 3004 de
3034 2949 3223 3003 eodem
3255 2948 3517 3013 decernit,

1931 3063 1948 3095 ι
1987 3055 2044 3097 ιιι
2077 3057 2193 3113 p031
2223 3042 2545 3112 baptismum
2574 3045 2777 3109 statim,
2826 3043 2868 3096 si
2892 3042 3087 3096 divina:
3129 3041 3335 3096 militia:
3374 3040 3522 3094 desi-

193 3132 599 3189 autemsintilli
621 3131 840 3201 gradus,
866 3133 978 3201 ipsi:
997 3146 1095 3184 nos
1111 3129 1589 3194 docetCornelins,
1614 3146 1735 3186 cum
1761 3133 1813 3185 in
1843 3145 1888 3207 ί]
1923 3138 2077 3193 derat
2104 3138 2395 3207 mancipari
2416 3179 2430 3201 ,
2458 3138 2571 3191 sive
2602 3136 2745 3191 inter
2787 3137 3018 3191 lectores
3044 3138 3158 3191 sive
3188 3136 3328 3191 inter
3361 3149 3523 3188 extir—

196 3224 442 3282 ecclesia
466 3240 560 3278 sua
587 3236 711 3277 tunc
732 3224 976 3277 extitisse
996 3222 1401 3293 mcmorat(Ep.
1422 3224 1474 3289 9,
1497 3241 1550 3277 ιι.
1574 3224 1628 3294 4)
1652 3244 1669 3275 ι
1699 3238 1818 3293 prc-

199 3325 460 3395 sbyteros
482 3321 572 3385 46,
598 3320 855 3374 diacomis
885 3321 938 3384 7,
976 3320 1337 3373 subdiaconus
1367 3321 1606 3383 totidem,
1634 3321 1816 3391 acoly~

199 3415 335 3469 thus
379 3413 470 3476 42,
506 3414 800 3468 exui-cistas
844 3423 897 3466 et
949 3412 1180 3466 lectores
1226 3428 1346 3465 cum
1398 3413 1631 3465 ostiariis
1661 3410 1751 3465 5:2.
1789 3432 1809 3464 ο

200 3505 525 3560 Cornelium
558 3513 735 3559 tamen
779 3505 1019 3556 omnium
1062 3504 1273 3557 illorum
1306 3505 1566 3572 graduum
1601 3504 1811 3570 ol'ticiis,

203 3599 367 3653 nullo
396 3607 656 3665 excepto,
693 3596 931 3650 functum
964 3612 1116 3657 esse,
1164 3612 1268 3648 non
1301 3596 1472 3649 ausim
1516 3596 1810 3651 affirmare.

281 3692 341 3746 '5.
371 3690 427 3745 Si
464 3706 592 3744 vero
622 3691 870 3758 superius
899 3690 1246 3742 ('OllSlllUltttll
1281 3688 1447 3743 voluti
1482 3688 1566 3741 lex
1596 3703 1816 3742 censea-

207 3793 302 3839 tur
348 3783 735 3843 ecclesiastica,
766 3798 794 3836 a
826 3798 925 3852 qua
970 3798 1148 3845 nemo,
1178 3783 1276 3835 nisi
1311 3798 1404 3852 per
1450 3797 1571 3835 cum
1603 3782 1690 3853 qni
1736 3783 1815 3837 le-

206 3894 340 3950 gem
384 3875 504 3930 tulit
529 3918 542 3938 ,
576 3876 829 3929 imnmnis
873 3854 1155 3939 ﬁat,'illud
1202 3874 1331 3927 Caio
1361 3874 1518 3943 longe
1550 3876 1819 3929 recentius

208 3984 343 4025 esse
395 3967 633 4039 pluribus
660 3966 921 4037 exemplis
973 3965 1127 4020 facile
1173 3965 1595 4019 demonstratur.
1629 3967 1818 4021 loste-

209 4064 333 4119 rius
394 4069 475 4115 est
527 4059 627 4114 hoc
683 4074 813 4129 papa
870 4058 1154 4114 concilium
1214 4056 1571 4121 Sardiccnse,
1635 4067 1820 4126 utpote

209 4172 363 4211 anno
397 4155 524 4217 5l7,
554 4153 817 4219 habitum,
864 4153 1014 4221 cujus
1058 4168 1267 4206 canone
1310 4151 1374 4205 £0
1418 4151 1645 4223 (Isidoro
1676 4148 1817 4205 Mcr-

211 4251 381 4305 catori
404 4249 517 4313 15),
535 4248 793 4309 Sancitur,
824 4266 841 4297 ‹
870 4256 925 4300 ιιι
947 4246 989 4299 si
1014 4247 1133 4314 quis
1157 4262 1221 4298 ex
1249 4244 1367 4299 foro
1384 4246 1495 4299 sive
1519 4245 1688 4310 dives,
1709 4245 1821 4299 sive

214 4344 606 4408 scholasticus,
652 4342 937 4411 episcopus
981 4339 1097 4393 licri
1144 4338 1337 4405 dignus
1382 4337 1661 4404 habeatur,
1716 4353 1821 4391 non

216 4439 371 4510 prius
402 4437 777 4500 c0ustitoatnr,
827 4450 981 4503 quam
1014 4433 1232 4485 lectoris
1260 4441 1313 4485 et
1353 4430 1561 4484 diaconi
1595 4442 1646 4483 et
1672 4444 1821 4498 prcs-

217 4529 394 4602 byteri
448 4527 803 4583 ministerium
853 4526 1152 4595 peregerit;
1204 4545 1223 4575 ι
1283 4524 1499 4593 vultque
1552 4542 1569 4574 ι
1629 4498 1901 4577 habeatD

218 4624 642 4693 uniuscujusque
688 4621 887 4674 ordinis
918 4619 1115 4689 gradus
1168 4636 1272 4672 non
1319 4618 1523 4673 minimi
1565 4619 1822 4686 temporis

220 4714 633 4783 longitudinem,
664 4728 757 4782 per
784 4711 924 4781 quod
955 4721 1007 4765 et
1041 4709 1173 4764 lides
1198 4721 1250 4763 et
1276 4727 1482 4765 morum
1513 4710 1815 4778 probitas...

221 4808 392 4876 possit
414 4805 686 4875 cognosci.
716 4823 733 4855 ι
759 4802 954 4858 Tribus
979 4802 1081 4855 illis
1103 4801 1354 4872 gradibus
1376 4801 1817 4855 subdiaeouatum

224 4900 480 4968 adjiciunt
529 4897 738 4964 Cra-ci,
772 4899 861 4967 qui
909 4905 1114 4949 tantum
1165 4893 1262 4946 hos
1298 4903 1527 4961 quatuor
1568 4892 1818 4947 ordinum

227 4993 424 5061 gradus
450 5006 569 5047 cum
613 4991 924 5060 episc0patu
967 4996 1287 5057 agnoscunt,
1322 4995 1377 5038 ut
1408 5001 1473 5038 ex
1506 4984 1670 5038 variis
1709 5000 1824 5038 mo-

229 5086 480 5139 nimentis
520 5083 722 5153 liquet,
777 5098 839 5136 ac
886 5081 1200 5134 nominatim
1244 5094 1310 5131 ex
1358 5078 1438 5131 his
1476 5077 1665 5148 synodi
1716 5076 1819 5132 0c-

232 5188 385 5243 tavze,
410 5192 513 5233 act.
538 5177 623 5242 10,
657 5192 776 5247 cap.
810 5174 845 5230 5
880 5193 891 5227 :
930 5193 948 5227 ‹
984 5174 1036 5229 Si
1069 5175 1189 5245 quis
1220 5213 1255 5227 ..
1296 5190 1387 5242 per
1413 5189 1600 5226 omnes
1627 5173 1823 5242 gradus

232 5274 624 5328 ecclesiasticos
667 5269 902 5324 deﬁnitis
941 5268 1269 5336 temporibus
1297 5269 1457 5320 vitam
1498 5266 1820 5334 inculpatum

234 5369 488 5421 transisse
516 5364 831 5433 reperiatur,
860 5364 927 5416 ita
962 5370 1015 5415 ιιι
1047 5362 1098 5415 in
1129 5361 1344 5415 lectoris
1376 5376 1597 5415 munere
1626 5377 1819 5425 tnnnu,

236 5457 286 5512 in
332 5456 646 5514 subdiaconi
698 5455 855 5520 duos,
910 5455 961 5507 in
995 5453 1205 5508 diaconi
1249 5464 1377 5517 tres,
1431 5455 1481 5506 in
1535 5453 1825 5507 sacerdotii

237 5560 464 5622 quatuor
513 5564 682 5604 annos
723 5548 1053 5617 expleverit,
1084 5547 1148 5601 ad
1195 5547 1535 5616 episcopatus
1565 5548 1824 5601 honorem

239 5646 512 5703 evehatur.
552 5662 571 5696 ι
606 5639 758 5697 Nunc
804 5642 965 5712 igitur
1010 5650 1207 5706 restat,
1259 5650 1315 5695 ut
1358 5640 1518 5695 etiam
1566 5640 1617 5693 iu
1667 5640 1827 5694 latina

1926 3232 2088 3286 cistas
2115 3239 2377 3284 teneatur.
2409 3248 2428 3279 ι
2458 3228 2790 3299 Quamquam
2820 3230 2921 3283 iste
2949 3228 3150 3283 Zosimi
3173 3228 3325 3282 locus
3347 3226 3520 3295 expli—

1924 3325 2057 3387 cari,
2111 3322 2189 3376 sic
2245 3331 2449 3389 potest,
2508 3329 2564 3374 ut
2615 3320 2837 3389 perinde
2888 3323 2986 3391 ipsi
3038 3319 3107 3374 sit
3148 3338 3167 3370 ‹
3213 3320 3326 3373 sive
3379 3319 3519 3372 inter

1923 3416 2174 3482 lectores,
2208 3416 2320 3470 sive
2368 3416 2507 3469 inter
2555 3416 2868 3478 exoreistas,
2910 3436 2927 3467 ι
2964 3426 3123 3484 atque
3155 3432 3170 3463 ι
3222 3424 3329 3466 tum
3381 3412 3522 3465 inter

1920 3510 2152 3563 lectores
2207 3519 2354 3574 tum,
2400 3517 2530 3572 elc.,
2563 3526 2583 3559 ι
2618 3507 2849 3561 maxime
2900 3524 3022 3563 cum
3075 3507 3160 3560 his
3186 3506 3472 3575 prmmittat
3505 3520 3518 3555 :

1927 3620 1946 3653 ί
1984 3603 2278 3657 Assuescat
2308 3602 2359 3655 in
2390 3601 2598 3655 Domini
2634 3600 2858 3668 castris,
2900 3601 2953 3655 in
2985 3600 3242 3654 lectorum
3275 3596 3519 3665 primitus

1923 3696 2088 3749 divini
2120 3695 2420 3748 rudimenta
2447 3694 2684 3760 servitii;
2717 3710 2815 3748 nec
2839 3694 2913 3747 illi
2943 3693 3045 3747 vile
3073 3692 3141 3745 sit
3166 3687 3520 3754 evorcistam,

1923 3787 2265 3859 acolytbmn,
2322 3786 2745 3853 subdiaconum,
2800 3785 3082 3840 diaconum
3136 3799 3228 3855 per
3275 3782 3517 3836 ordinem

1926 3882 2064 3936 ﬁeri.
2100 3902 2119 3934 ι
2152 3881 2286 3936 Illud
2318 3881 2529 3945 mirmu,
2580 3879 2721 3951 quod
2750 3895 2871 3935 cum
2914 3875 3138 3933 Siricius
3174 3886 3228 3931 ct
3275 3875 3521 3930 Zosimus

1927 3975 1980 4027 in
2010 3973 2239 4027 laudatis
2270 3974 2513 4044 epistolis
2541 3972 2780 4043 singulos
2810 3981 2917 4026 tam
2944 3982 3193 4026 accurate
3214 3968 3521 4024 describant

1929 4067 2145 4136 gradus,
2176 4068 2369 4138 quibus
2396 4066 2463 4121 ad
2495 4066 2780 4121 sacerdotii
2803 4066 3011 4137 apicem
3038 4063 3308 4135 perveniri
3332 4061 3515 4125 velint,

1927 4160 2206 4213 ostiarium
2239 4170 2414 4213 tamen
2456 4168 2765 4214 constanter
2810 4168 3044 4213 taceant.
3076 4157 3229 4212 Hunc
3254 4172 3385 4211 sane
3412 4171 3521 4210 non

1932 4251 2316 4323 prmteriisscnt
2357 4252 2603 4318 silentio,
2636 4252 2680 4307 si
2724 4267 2753 4306 a
2797 4249 2925 4307 Caio
2965 4251 3242 4306 decretum
3275 4248 3521 4317 superius

1930 4345 2235 4416 prodiisset.
2264 4344 2397 4398 Cum
2426 4346 2555 4414 ipsis
2575 4360 2637 4399 ea
2667 4345 2717 4400 in
2742 4360 2799 4400 re
2826 4344 3096 4399 consentit
3122 4340 3518 4412 supposititium

1929 4439 2146 4511 quidem
2169 4479 2182 4501 ,
2213 4436 2306 4492 sed
2339 4447 2515 4493 tamen
2547 4438 2826 4507 antiquum
2855 4436 3095 4492 Silvestri
3124 4431 3481 4487 Constitutum
3505 4472 3522 4497 ,

1928 4548 2023 4587 seu
2081 4532 2381 4589 Romanum
2434 4530 2499 4597 ll,
2550 4532 2650 4586 sub
2698 4531 2959 4587 Silvestro
3009 4527 3317 4589 concilium,
3370 4523 3523 4593 cujus

1927 4628 2101 4695 capite
2153 4625 2244 4689 ll,
2290 4632 2550 4677 statutum
2581 4631 2663 4677 est
2704 4639 2717 4675 :
2754 4640 2773 4673 ι
2811 4619 2879 4677 Ut
2923 4618 3099 4677 nullus
3138 4633 3201 4673 ex
3235 4617 3365 4671 laica
3395 4630 3521 4685 pera

1927 4731 2059 4774 sona
2102 4717 2168 4771 ad
2215 4719 2474 4772 honorem
2521 4714 2803 4785 acolythus
2827 4724 2851 4750 ³
2881 4727 3049 4783 usque
3068 4710 3135 4765 ad
3157 4710 3522 4781 episcopatum

1928 4811 2322 4875 sublevaretur,
2386 4809 2488 4864 nisi
2534 4810 2681 4877 prius
2733 4806 2922 4861 fuisset
2973 4806 3141 4859 lector
3189 4804 3345 4858 annis
3392 4819 3523 4871 xxx,

1928 4904 2122 4959 deinde
2150 4918 2254 4956 una
2281 4901 2368 4956 die
2394 4901 2680 4965 exorcista,
2706 4908 2761 4955 et
2787 4909 2973 4971 postea
3001 4909 3219 4967 caperet
3247 4912 3383 4952 onus
3410 4913 3532 4951 aco-

1931 4989 2085 5062 lythi,
2118 5000 2172 5042 et
2202 4987 2405 5041 faceret
2436 4986 2485 5040 in
2516 4985 2705 5041 eodem
2730 4986 2919 5041 ordine
2958 4984 3189 5055 acolythi
3217 4997 3388 5038 annos
3425 4981 3493 5035 de
3517 5008 3529 5021 υ

1929 5099 2069 5144 cem,
2100 5091 2156 5135 nt
2186 5081 2454 5151 acciperet
2480 5096 2616 5134 unus
2638 5078 2971 5144 subdiaconi,
2992 5077 3113 5132 etin
3137 5075 3525 5132 subdiaconatu

1930 5186 2072 5231 esset
2117 5189 2288 5229 annos
2329 5175 2584 5245 quinque,
2618 5184 2721 5229 etc.
2758 5191 2778 5224 ι
2813 5170 2883 5227 Ut
2923 5170 3008 5225 hic
3035 5169 3233 5223 nullum
3265 5178 3522 5239 praaterea

1930 5268 1996 5323 de
2025 5265 2246 5323 ostiario
2275 5266 2334 5322 ﬁt
2361 5267 2604 5334 verbum,
2633 5266 2705 5321 ita
2745 5280 2842 5319 nec
2869 5263 2920 5319 in
2949 5264 3015 5317 iis
3044 5262 3282 5333 ejusdem
3310 5256 3521 5313 Consti-

1931 5361 2062 5428 tuti,
2110 5377 2228 5430 eap.
2259 5360 2330 5417 7:
2393 5379 2411 5411 ι
2450 5360 2518 5417 Ut
2564 5375 2593 5414 a
2646 5359 2972 5415 subdiacono
3017 5372 3182 5428 usque
3229 5353 3295 5407 ad
3346 5351 3518 5405 lecto-

1928 5469 2043 5509 rem
2084 5468 2270 5507 omues
2325 5453 2524 5507 subditi
2575 5461 2760 5508 essent
2800 5449 3029 5505 diacono
3079 5442 3336 5502 cardiuali
3370 5442 3521 5497 urbis

1932 5545 2219 5611 Bomte,in
2249 5545 2488 5603 Ecclesia
2540 5546 2800 5601 honorem
2852 5548 3246 5611 reprtnsentans
3289 5546 3517 5603 tantum,

1931 5637 2169 5709 pontiﬁci
2219 5654 2353 5694 vero
2380 5637 2707 5709 presbyteri,
2737 5630 3078 5698 subdiaconi,
3133 5628 3369 5697 diaconi,
3396 5642 3521 5686 aco-

1470 5753 1848 5813 LECTIONES
1884 5753 2297 5812 VABIANTES.

307 5865 379 5932 (⁸)
414 5867 561 5917 Forte
583 5860 896 5926 Acolythatus
919 5855 1143 5910 Galltmd.
