3942 6352
476 348 578 405 183
825 399 828 405 ,
1292 348 1628 407 EPISTOLA
1665 351 1801 407 CAII
1841 351 2045 406 PAP/E
2083 352 2176 408 AD
2209 349 2509 408 FELICEM
2548 348 2949 408 EPISCOPUM.
3232 402 3237 407 .
3726 353 3844 412 134

476 465 630 538 lythi,
668 466 969 531 cxorcistce,
1001 466 1169 521 lector
1227 467 1278 519 in
1320 468 1465 521 omni
1514 467 1635 521 loco
1680 477 2079 537 reprtesentans
2103 467 2489 538 AZosimique
2540 479 2777 541 tempora
2827 470 3078 526 Gelasius
3127 471 3285 539 epist.
3336 486 3442 537 ιι,
3480 485 3538 524 c.
3597 471 3662 537 :2,
3704 471 3848 525 licet

479 560 818 627 obsequium.
860 580 880 612 ι
909 559 1052 613 Idem
1084 570 1259 614 tamen
1288 563 1635 616 constitutum
1664 576 1758 617 seu
1787 563 2075 618 concilium
2181 561 2388 615 osdarii
2415 560 2641 630 gradum
2665 570 2940 630 agnoscat,
2971 552 3170 617 ibidem
3209 571 3399 616 tamen
3444 561 3796 630 prmscribit
3825 582 3840 618 :

479 667 600 722 cap.
655 654 721 717 5,
773 652 973 706 ostiarii
1029 652 1274 708 meminit
1303 695 1316 713 .
1360 653 1446 707 ubi
1496 654 1760 721 legimus:
1814 674 1833 706 ‹
1869 654 1940 710 Ut
1969 669 2074 709 non
2188 678 2205 700 ι
2237 652 2291 709 Si
2319 654 2440 723 quis
2484 655 2646 707 etiam
2679 657 2745 707 dc
2774 654 3029 723 religioso
3080 658 3356 725 proposito
3390 663 3455 710 et
3483 655 3830 726 disciplinis

483 747 766 818 presbyter
790 746 1052 800 adversus
1078 747 1390 816 cpi~cnpltm
1418 790 1433 814 ,
1468 763 1573 803 non
1603 748 1862 803 dieeonns
1888 750 2079 804 adver-
2185 746 2658 801 monasterialibus
2705 746 2949 802 eruditus
2993 745 3058 801 ad
3105 746 3357 802 clericale
3412 762 3641 801 munus
3669 762 3839 805 acce-

479 853 571 894 sus
601 838 997 911 presbyterum,
1031 857 1134 892 nun
1166 840 1533 896 subdiaconus
1580 841 1841 896 adversus
1887 841 2074 897 diaco-
2184 837 2333 893 dit...
2356 837 2616 892 continuo
2641 838 2814 892 lector
2843 838 2929 893 vel
2960 837 3205 892 notarius
3231 846 3323 892 aut
3347 846 3525 892 certe
3557 838 3848 895 defensor

485 946 643 998 num,
678 947 785 984 non
826 932 1094 986 cxurcisla
1122 932 1383 987 adversus
1415 934 1825 1001 subdiaconnm,
1851 949 1956 989 non
1997 935 2077 989 le-
2184 929 2430 993 eiiectus,
2453 940 2573 1000 post
2595 938 2706 985 tres
2734 946 2948 985 menses
2995 930 3193 986 existat
3223 930 3556 1003 acolythus.
3581 932 3845 989 maxime

485 1033 604 1079 ctnr
652 1023 914 1093 adversus
957 1025 1279 1080 esorci~tam
1304 1068 1320 1093 ,
1379 1041 1484 1080 non
1539 1027 1793 1081 ostiarius
1822 1027 2081 1083 adversus
2185 1024 2230 1078 si
2263 1024 2385 1078 huic
2412 1034 2545 1077 setas
2573 1023 2735 1078 etiam
2780 1022 3128 1091 suffragatur,
3161 1033 3317 1078 sexto
3348 1039 3566 1079 mense
3596 1025 3845 1079 subdia-

491 1120 749 1174 lecturem
773 1119 859 1173 det
884 1120 1277 1174 accusationem
1303 1121 1557 1189 aliquam.
1598 1140 1615 1171 ι
1647 1121 1989 1191 Quapropter
2013 1136 2081 1176 ex
2185 1119 2307 1172 coni
2341 1133 2538 1172 nomen
2586 1117 2815 1187 accipiat
2847 1135 2862 1182 ;
2897 1136 2915 1169 ‹
2946 1117 3189 1187 adeoque
3217 1133 3321 1172 non
3373 1118 3565 1173 modo
3587 1118 3842 1184 ostiarii,

486 1211 663 1267 Siricii
719 1211 985 1265 Zosimive
1040 1211 1260 1265 silentio
1317 1212 1539 1266 minime
1591 1211 1932 1268 inferendum
1999 1221 2083 1267 est
2188 1210 2357 1263 sedet
2383 1210 2669 1265 exorcista‘.
2694 1209 2921 1280 gradum
2954 1210 3219 1280 prmteriri
3244 1210 3551 1280 permittit.
3577 1211 3670 1265 Nil
3696 1226 3845 1281 Opus

2194 1311 2280 1356 est
2312 1301 2401 1355 hic
2429 1302 2674 1371 exempla
2702 1317 2890 1357 eorum
2939 1302 3202 1373 proferre,
3243 1304 3333 1374 qui
3362 1305 3572 1375 aliquo
3625 1304 3842 1375 praedi-

484 1305 617 1375 ipsis
650 1307 885 1374 ignotum
920 1304 1083 1360 fuisse
1113 1307 1317 1360 ostiarii
1349 1307 1599 1377 gradum,
1639 1323 1819 1378 quem,
1847 1323 1904 1363 ut
1945 1307 2077 1363 dixi-

486 1413 627 1457 mus.
658 1397 942 1452 Cornelius
987 1398 1225 1470 agnovit.
1275 1400 1402 1455 Inde
1446 1409 1621 1454 tamen
1667 1399 1847 1468 colligi
1907 1409 2085 1469 potest
2187 1407 2397 1452 ctorum
2442 1407 2651 1468 septem
2691 1399 2994 1468 graduum,
3045 1398 3135 1454 vel
3185 1398 3346 1453 etiam
3380 1398 3662 1469 pluribus
3696 1415 3845 1469 pne-

485 1490 607 1544 illos
636 1490 704 1543 ab
734 1489 832 1553 eis,
854 1491 943 1557 qui
972 1491 1119 1545 clero
1147 1508 1342 1545 nomen
1374 1491 1593 1559 dabant,
1625 1486 1963 1563 nequaquam
1990 1509 2084 1547 ue—

488 1582 727 1635 cessario
752 1581 1072 1652 exigendum
1117 1584 1412 1649 censuisse,
1449 1592 1507 1638 ut
1533 1585 1740 1638 ostiarii
1774 1585 2079 1641 ministerio

497 1673 866 1739 fungerentur.
900 1675 1060 1730 Certe
1113 1675 1366 1743 infantes,
1396 1692 1532 1747 quos
1560 1694 1729 1733 sacrm
1760 1678 1965 1733 militia!
1991 1678 2087 1734 ad-

496 1766 658 1821 scribi
690 1767 964 1830 vtilebant,
989 1783 1110 1821 eum
1132 1768 1278 1822 brevi
1317 1770 1589 1838 potuerint
1613 1769 1875 1823 lectorem
1904 1769 2087 1825 oflicio

2191 1492 2476 1560 termissis,
2505 1493 2879 1564 episcopatum
2902 1493 3081 1559 adepti
3129 1503 3274 1548 sunt.
3306 1492 3603 1561 Quocirca
3638 1493 3845 1550 decre-

2195 1596 2332 1650 tum,
2361 1585 2430 1640 de
2458 1601 2565 1655 quo
2604 1586 2836 1657 agimus,
2863 1586 2928 1640 ad
2961 1586 3146 1641 Caium
3176 1585 3343 1641 nihilo
3373 1588 3570 1657 magis
3605 1587 3838 1655 videtur

2200 1678 2496 1747 pertinere,
2525 1693 2686 1747 quam
2719 1677 2985 1746 pertineat
3015 1678 3081 1732 ad
3110 1677 3439 1733 Silvestrum
3476 1679 3660 1746 isrud,
3686 1679 3842 1751 quod

2198 1770 2416 1824 nomine
2447 1770 2661 1824 concilii
2693 1770 2924 1825 Romani
2956 1786 3031 1832 nt.
3065 1770 3165 1825 sub
3191 1770 3293 1826 hoc
3342 1788 3493 1843 papa
3542 1774 3843 1844 vulgatum

493 1857 663 1928 fungi,
692 1876 798 1913 non
830 1867 933 1913 tam
962 1861 1072 1914 cito
1102 1859 1304 1916 ﬁebant
1331 1861 1487 1915 validi
1537 1871 1591 1916 et
1612 1861 1677 1914 ad
1708 1861 1977 1931 implenda
2003 1878 2093 1916 os-
2121 1878 2171 1936 Β
2197 1873 2280 1917 est
2307 1882 2319 1916 :
2356 1882 2375 1914 ι
2406 1862 2461 1918 Si
2491 1863 2613 1933 quis
2656 1862 2971 1917 clericatum
3023 1863 3316 1933 promereri
3363 1863 3696 1932 desiderat,
3733 1865 3841 1921 hoc

499 1950 639 2004 tiarii
670 1951 845 2004 munia
888 1951 1087 2007 idoitei.
1118 1952 1319 2006 Eurum
1353 1953 1550 2023 quippe
1587 1962 1703 2006 erat
1735 1953 1802 2006 ab
1830 1953 2088 2007 Ecclesia:

498 2040 645 2095 aditu
680 2041 926 2109 indignos
976 2042 1259 2111 repellere.
1307 2044 1660 2113 Angusnnns,
1685 2044 1779 2098 lib.
1810 2046 1873 2097 de
1901 2044 2092 2099 Pasto-

495 2134 656 2197 ribus,
690 2150 824 2186 nunc
863 2134 1033 2188 Serm.
1090 2134 1179 2197 46,
1212 2152 1265 2188 ιι.
1325 2136 1419 2196 5|.
1449 2135 1741 2197 describit,
1789 2151 1895 2206 quo
1943 2148 2097 2206 pacto

497 2224 638 2294 apud
666 2224 970 2279 Donatistas
1000 2226 1273 2292 ostiarius,
1315 2245 1334 2277 ‹
1372 2238 1519 2281 stans
1554 2228 1632 2281 vel
1675 2227 1872 2283 sedens
1898 2227 1963 2282 ad
1996 2244 2086 2282 os-

505 2319 638 2372 tium
674 2338 691 2370 ι
721 2317 1081 2385 basilicarum,
1101 2336 1195 2373 eos
1220 2321 1514 2391 interroget
1543 2321 1631 2391 qui
1663 2322 1871 2376 intrare
1900 2321 2087 2387 velint,

509 2426 572 2466 ac
596 2410 838 2481 projiciat
874 2412 964 2483 qui
992 2429 1095 2468 non
1125 2414 1232 2467 sint
1260 2414 1499 2483 ejusdem
1546 2415 1960 2469 ροιηηιυηίοηὶς.
1986 2413 2088 2469 Cui

506 2506 716 2560 muncri
768 2507 1007 2576 impares,
1040 2516 1192 2561 erant
1238 2506 1486 2561 infantes.
1528 2506 1712 2578 Longe
1758 2517 1881 2578 post
1910 2507 2087 2562 Siricii

524 2658 766 2679 m-

770 2663 1016 2678 “'-

1048 2776 1991 2895 EPISTOLA
2066 2764 2105 2835 θ

2235 2778 2629 2894 (ΞΔῙῙ
2701 2780 3243 2895 ΡΔΡΕ

2192 1955 2396 2025 justum
2425 1964 2528 2020 cst,
2566 1965 2624 2010 ut
2647 1956 2716 2009 sit
2758 1956 3011 2010 ostiarius
3047 1973 3247 2010 annum
3282 1972 3488 2022 unum,
3526 1960 3714 2013 lector
3734 1975 3840 2013 an-

2197 2066 2296 2105 nos
2325 2048 2536 2120 viginti,
2569 2049 2837 2105 exturcista
2871 2065 3046 2105 annos
3072 2052 3282 2115 decem,
3314 2052 3633 2124 acolythus
3656 2069 3842 2109 annos

2200 2144 2457 2214 quinque,
2487 2142 2851 2197 subdiaconus
2904 2158 3078 2198 annos
3119 2146 3379 2215 quinque,
3412 2145 3705 2202 diaconus
3732 2161 3832 2202 an-

2208 2248 2306 2287 nos
2334 2235 2590 2304 qninque,
2622 2233 2743 2288 etsi
2771 2235 2837 2288 ad
2885 2233 3145 2290 honorem
3192 2236 3532 2306 presbyterii
3569 2238 3828 2303 accedat,

2201 2335 2257 2379 et
2282 2323 2486 2380 faciens
2519 2325 2570 2379 in
2590 2324 2782 2379 ordine
2815 2340 2987 2380 annos
3009 2340 3176 2381 sex...
3210 2327 3289 2384 sic
3313 2328 3386 2381 ab
3426 2329 3587 2383 omni
3630 2328 3829 2385 Eccle-

2193 2418 2271 2474 sia
2299 2419 2524 2489 eligatur
2553 2418 2948 2476 consecrandus
2971 2419 3272 2490 episcopus.
3308 2439 3326 2472 ι
3357 2418 3694 2480 Cossum.

1714 2995 1805 3050 AD
1847 2993 2149 3051 FELICEM
2189 2995 2596 3055 EPISCOPUM.

507 3164 659 3232 Quon
687 3179 874 3218 escam
922 3177 1023 3217 son
1065 3175 1277 3217 possum
1315 3176 1664 3217 CHRISTIANOS
1692 3175 1962 3215 accusans
1992 3175 2006 3211 :
2037 3176 2105 3213 ne
2132 3160 2178 3222 C
2212 3162 2299 3228 qui
2328 3169 2713 3232 perscrutantur
2729 3162 3015 3215 testimonia
3036 3163 3168 3232 ejus,
3199 3173 3245 3216 et
3271 3164 3323 3217 iu
3342 3174 3451 3218 toto
3478 3167 3642 3221 corde
3666 3167 3842 3236 exqui-

582 3273 943 3316 ACCUSATIONF.
986 3272 1219 3313 EPISCOPI
1238 3297 1253 3319 ,
1284 3272 1511 3321 EJUSQllE
1546 3269 1971 3311 ACCUSATOBIBUS
1992 3295 2005 3312 .
2038 3270 2107 3308 DF.

508 3404 509 3407 η
582 3367 968 3407 εκρουλτιοκε
1001 3366 1104 3405 ΑυΤ
1132 3363 1459 3405 εκιιυιειοθιε
1478 3390 1493 3414 ,
1524 3362 1592 3402 ET
1623 3363 1691 3401 DE
1720 3361 2107 3401 INCAR‘NATIUNE

586 3446 797 3499 liomxt.
1555 3439 1559 3444 ’

583 3544 625 3598 Ι.
654 3540 893 3612 Paganos
910 3549 956 3593 et
975 3539 1236 3592 Iucreticos
1248 3553 1348 3591 non
1362 3553 1508 3607 posse
1520 3552 1758 3589 accusare
1771 3533 2107 3588 Christianos.

510 3638 520 3649 ’
586 3636 652 3692 II.
698 3634 1009 3705 Episcopum
1057 3649 1158 3686 non
1188 3631 1535 3685 accusandum
1556 3632 1694 3701 apud
1722 3627 1927 3698 judices
1949 3643 2112 3683 saecu-

518 3729 651 3783 lares
662 3772 671 3779 .

590 3821 678 3878 Ill.
721 3821 799 3876 De
825 3823 1079 3893 episwpo.
1110 3810 1399 3890 presbytero
1419 3859 1435 3884 ,
1477 3827 1564 3871 aut
1611 3817 1827 3871 diacono
1848 3859 1863 3884 ,
1896 3817 1975 3871 vel
1996 3817 2118 3870 reli-

513 3919 627 3990 quis
656 3918 849 3972 clericis
874 3917 1014 3988 apud
1042 3919 1304 3988 episcOpos
1328 3915 1645 3969 accusandis.

594 4010 683 4067 ιν.
730 4011 804 4064 De
843 4011 921 4064 his
947 4013 1033 4081 qui
1062 4021 1245 4081 negant
1271 4008 1405 4064 verbi
1433 4009 1530 4063 Dei
1580 4010 1998 4065 incarnationem.

592 4106 660 4161 ν.
688 4104 840 4170 Quod
866 4105 934 4157 ad
956 4120 1096 4159 suem
1123 4105 1237 4157 vitat
1265 4115 1470 4158 (eterna:
1506 4104 1759 4176 perveniri
1791 4120 1892 4157 non
1921 4104 2080 4176 possit
2103 4144 2118 4167 ,

524 4202 625 4257 nisi
652 4216 742 4271 per
766 4198 1096 4253 mediatorem
1123 4196 1222 4251 Dei
1252 4207 1298 4251 et
1344 4199 1605 4252 hominum
1636 4197 1891 4252 Christum
1919 4196 2113 4254 Jesum.

586 4294 676 4353 Vl.
721 4293 795 4349 De
824 4292 1083 4349 ordinibus
1108 4292 1476 4347 ecclesiasticis.

739 4434 1082 4491 Dilectissimo
1107 4433 1259 4505 fratri
1285 4430 1451 4488 Felici
1481 4432 1719 4504 episcopo
1747 4431 1922 4487 Caius.

595 4572 839 4626 Directas
868 4568 935 4624 ad
964 4584 1061 4623 nos
1086 4578 1189 4623 tuae
1216 4566 1490 4622 cbaritatis
1518 4565 1787 4639 (Vigilius,
1812 4583 1873 4638 ep
1915 4564 1995 4637 ἓ),
2016 4567 2126 4636 epi-

516 4641 692 4721 stolas
741 4665 926 4735 plcnas
974 4661 1256 4717 catholica:
1312 4659 1671 4727 inqni~itiunis
1722 4659 2120 4725 sollicitudine,

531 4767 805 4828 gratanter
859 4754 1188 4823 accepimus,
1239 4751 1624 4807 benedicentes
1695 4749 1905 4805 Domini
1953 4752 2123 4806 nostri

523 4852 901 4907 clementiam:
951 4849 1075 4919 quia
1119 4849 1255 4903 tales
1285 4849 1353 4901 ab
1376 4845 1632 4902 extremis
1665 4845 1849 4899 mundi
1882 4845 2122 4916 partibus

526 4946 774 5017 dignatur
798 4944 908 4998 suis
934 4943 1122 4997 ovibus
1163 4940 1447 5010 providere
1477 4949 1753 5011 pastores,
1788 4954 1883 5010 per
1907 4956 2042 5011 (plus
2067 4947 2123 4994 et

533 5039 750 5110 pascuis
805 5036 1018 5089 valeant
1069 5032 1393 5087 salutaribus
1435 5030 1729 5095 abundare,
1780 5042 1835 5086 et
1863 5031 1932 5085 ab
1959 5030 2125 5100 iniqui

525 5134 637 5203 lupi
686 5140 711 5168 ει
758 5127 1057 5199 rapacitate
1098 5126 1336 5192 servari,
1379 5132 1437 5178 ut
1467 5124 1687 5180 insidias
1711 5134 1979 5194 nequeant
2004 5124 2121 5194 ejus

529 5224 889 5296 subreptiunis
930 5223 1230 5277 incurrere.
1279 5218 1433 5275 Unde
1462 5227 1670 5274 certum
1703 5228 1818 5284 est,
1847 5233 1968 5289 quia
2002 5232 2124 5288 pro-

528 5324 708 5379 mis-stu
731 5338 826 5376 vos
857 5318 1196 5375 beatitudinis
1223 5317 1391 5386 gratia
1432 5314 1820 5385 subsequatur,
1853 5311 2068 5383 quando
2093 5327 2122 5366 a

528 5419 679 5473 vobis
717 5414 1019 5472 caelestium
1052 5412 1306 5482 pet-lectio
1353 5409 1758 5476 doctrinarum,
1792 5416 1898 5462 tam
1941 5407 2121 5462 votiva

528 5510 878 5565 suscitatione
922 5506 1268 5578 perquiritur.
1318 5502 1587 5576 Scriptum
1632 5511 1715 5557 est
1759 5500 1898 5557 enim
1931 5518 1946 5555 :
1974 5499 2121 5555 Beati

591 5643 674 5719 (1)
700 5645 983 5718 Supposila
1002 5647 1070 5704 ab
1086 5644 1311 5704 Isidoro.
1344 5644 1512 5703 ιω.

2214 3265 2334 3309 runt
2364 3272 2479 3309 eum
2509 3254 2672 3329 (Psal.
2709 3260 2898 3325 csvm)
2947 3254 3061 3310 Hoc
3084 3272 3245 3328 ergo,
3270 3256 3443 3314 frater
3473 3259 3836 3327 charissime,

2217 3349 2549 3418 prepositum
2580 3359 2684 3403 tua:
2711 3349 3121 3404 consultationis
3146 3359 3253 3404 tuta
3280 3361 3470 3408 mente
3504 3365 3837 3418 tractantes,

2216 3439 2285 3494 de
2315 3448 2365 3493 te
2393 3455 2608 3510 quoque
2638 3439 2923 3509 provenire
2967 3440 3309 3506 c0nlidimus,
3343 3447 3439 3513 qui
3471 3448 3722 3517 regulam
3750 3460 3838 3501 ca-

2219 3530 2432 3586 tholica:
2460 3532 2585 3588 ﬁdei
2623 3532 2815 3588 iisdem
2863 3532 3050 3588 studes
3103 3543 3285 3590 tenere
3321 3538 3596 3609 vestigiis,
3646 3538 3839 3610 quibus

2216 3641 2334 3682 eam
2379 3626 2433 3681 in
2462 3626 2753 3696 apostolica
2796 3628 2925 3683 sede
2955 3628 3236 3698 cugnmcis
3264 3644 3387 3684 esse
3421 3630 3733 3688 fundatam.
3769 3632 3837 3688 Et

2219 3718 2464 3788 quamvis
2507 3735 2663 3773 sonus
2691 3734 2866 3772 eorum
2905 3729 3007 3773 toto
3049 3720 3169 3774 orbe
3192 3720 3418 3788 (li/Iasus
3440 3766 3455 3787 ,
3477 3736 3550 3807 ⁵ει
3586 3742 3745 3797 usque
3768 3725 3836 3779 ad

2221 3812 2349 3878 ﬁnes
2373 3810 2510 3865 orbis
2535 3820 2684 3865 terra:
2722 3812 2870 3865 verba
2906 3828 3082 3865 eorum
3111 3813 3334 3868 distensa
3376 3815 3559 3885 (Psul.
3596 3833 3748 3883 xvnt,
3776 3832 3838 3871 ea:

2223 3920 2353 3958 vers.
2385 3900 2581 3977 Hier.),
2614 3903 2918 3959 dilemiunis
2968 3915 3071 3959 luce
3119 3907 3282 3962 corda
3308 3906 3538 3966 Christo
3587 3912 3837 3975 probave-

2223 4009 2347 4055 runt
2395 4015 2516 4055 esse
2547 3999 2722 4056 ﬁdelia
2750 4018 2763 4051 τ
2800 4011 2976 4055 tamen
3004 4002 3049 4056 si
3075 4000 3199 4071 quid
3231 4015 3296 4055 ex
3336 4001 3423 4057 bis
3469 4005 3523 4057 in
3556 4003 3796 4059 Ecclesia
3817 4043 3831 4064 ,

2227 4111 2347 4165 qua:
2381 4106 2485 4149 tuae
2516 4096 2913 4166 gubernationi,
2942 4096 3165 4149 Domino
3189 4095 3511 4162 auxiliante,
3544 4097 3833 4152 Commissa

2227 4199 2329 4255 est,
2352 4189 2579 4244 necdum
2601 4189 2756 4259 plena
2778 4188 2896 4243 lucc
2918 4187 3199 4252 claruerit,
3230 4186 3295 4241 ad
3319 4188 3578 4244 cutndem
3609 4188 3829 4246 fontem.

2226 4280 2295 4338 de
2319 4297 2425 4354 quo
2466 4282 2556 4337 i!la
2601 4282 2851 4337 salutaris
2898 4290 3136 4335 manarat
3175 4280 3419 4352 lympha,
3452 4280 3754 4346 recnrritis,
3784 4276 3831 4332 id

2225 4387 2328 4442 est,
2360 4376 2503 4447 quod
2527 4376 2703 4431 debita
2737 4376 2998 4431 cbaritate
3025 4389 3213 4428 sumus
3233 4373 3473 4445 amplexi
3499 4392 3513 4429 :
3546 4374 3670 4446 quia
3701 4373 3829 4428 lidu-

2227 4469 2436 4525 cialiter
2455 4468 2523 4523 de
2545 4468 2650 4534 bis,
2673 4469 2816 4524 unde
2833 4467 2971 4537 apud
2995 4482 3092 4521 vos
3104 4466 3503 4523 observantiam
3523 4482 3649 4523 esse
3668 4464 3829 4520 dixis-

2232 4563 2300 4618 tis
2347 4561 2674 4632 ambiguam,
2725 4568 2906 4615 nostra
2950 4559 3193 4614 voluistis
3221 4556 3824 4627 responsitmetirtnari.

2229 4656 2568 4726 QnaprOpter
2596 4655 2937 4710 dilectionem
2972 4664 3115 4709 tuam
3149 4652 3202 4707 in
3238 4652 3467 4706 Domino
3494 4653 3824 4711 salutantes,

2227 4748 2295 4803 de
2341 4749 2593 4819 singulis,
2644 4748 2769 4819 quid
2813 4748 2964 4817 juxta
3006 4747 3323 4802 catholicam
3353 4744 3694 4814 disciplinam
3752 4752 3827 4795 te-

2226 4855 2351 4899 neat
2388 4844 2697 4914 apostoiica:
2726 4842 2881 4899 sedes
2923 4843 3213 4899 auctoritas
3234 4886 3249 4909 ,
3279 4842 3538 4914 subjectis
3564 4837 3824 4907 aliquibus

2226 4936 2386 4993 etiam
2415 4948 2723 4994 sanctorum
2747 4936 2987 5009 capitalis
3010 4934 3337 5008 regularum,
3370 4935 3645 4991 credimus
3670 4929 3697 4969 ιι
3737 4928 3818 4984 in—

2226 5030 2564 5087 struendum.
3386 5084 3389 5085 ν

2297 5116 2339 5171 Ι.
2374 5117 2554 5173 Primo
2578 5117 2792 5189 quidem
2814 5118 2973 5184 scias,
2997 5131 3233 5188 paganos
3254 5114 3405 5187 (l)et
3432 5109 3714 5168 haereticos
3743 5104 3814 5178 (Ξ,

2226 5229 2280 5286 q.
2306 5215 2359 5271 7.
2396 5215 2596 5287 Pagani
2618 5225 2664 5270 et
2704 5214 2946 5287 heretici)
2973 5230 3078 5269 non
3120 5229 3278 5285 posse
3303 5212 3639 5268 Christianos
3666 5217 3816 5262 accu-

2227 5326 2369 5378 sare,
2399 5319 2491 5364 aut
2514 5324 2699 5365 vocem
2725 5309 2808 5365 eis
2831 5307 3195 5364 inlamationis
3221 5305 3443 5363 inferre.

2299 5428 2376 5500 (l)
2402 5428 2525 5500 Bar.
2561 5427 2613 5480 in
2645 5425 2874 5500 netisgad
2903 5427 2965 5480 51
2997 5424 3258 5500 Januarii.
3290 5440 3383 5479 an.
3411 5422 3538 5485 351,
3567 5415 3829 5500 a‘i‘tOptflc'

2230 5485 2372 5557 tum,
2400 5498 2500 5553 huc
2546 5513 2676 5553 voce
2722 5498 2951 5568 primum
2996 5497 3159 5550 fuisse
3201 5511 3396 5568 usum,
3430 5502 3539 5546 tum
3582 5485 3810 5543 Pruden—

2235 5574 2389 5630 tium.
2413 5568 2575 5642 Aug.,
2596 5566 2733 5639 etc.,‘
2758 5585 2855 5626 nec
2877 5577 3002 5625 ante
3025 5570 3189 5639 impp.
3217 5566 3350 5624 Chr.
3382 5574 3621 5635 tempora
3648 5568 3807 5613 usur—

2232 5654 2433 5717 patam.

1779 5758 2161 5819 LECTIONES
2196 5758 2289 5819 VA
2298 5754 2614 5815 RIANTES.

579 5879 605 5909 ⁸
640 5878 836 5940 Antiqui
860 5878 1030 5929 hostes
1052 5860 1197 5928 Labb.

2283 5870 2314 5913 ι’
2346 5870 2653 5925 Credidimus
2678 5869 2826 5925 Labb.
