3942 6276
535 312 634 369 187

1368 307 1697 366 ΕΡΙΞἹῸῘΛ
1736 306 1875 364 CA“
1908 304 2111 364 ΡΑΡΑῈ

2226 310 2238 356 ι
2278 305 2475 362 FELIC
2486 305 2575 361 ΕΜ
2615 303 3024 362 EPISCOPUM.
3708 314 3803 369 198

534 430 771 501 potentia
794 444 901 485 non
930 430 1086 483 fieret
1114 427 1495 498 redintegratio
1521 426 1803 492 debilium,
1849 436 1906 481 et
1948 422 2122 479 vivili-
2151 425 2199 483 Α
2227 422 2524 493 eademque
2572 437 2802 493 persona
2833 422 2926 487 sit,
2959 417 3345 477 exultationem
3393 435 3591 491 tamen,
3623 444 3721 500 qua
3748 432 3806 484 ει-

530 524 672 579 catio
698 533 1028 578 mortuorum
1048 563 1062 585 ,
1098 531 1151 576 et
1177 521 1297 575 sine
1335 521 1563 574 veritate
1601 523 1779 574 carnis
1803 561 1818 586 ,
1850 534 1949 573 nec
1974 518 2126 571 cibus

525 616 731 687 jejuno,
760 631 855 670 nec
882 628 1102 669 somnus
1129 625 1276 669 esset
1306 616 1642 669 necessarius
1662 614 1877 683 fatigate
1905 611 2121 685 (Matth.

531 708 816 775 tv;Joan.,
849 723 941 770 sl;
977 705 1171 770 Μαῖα,
1209 722 1291 769 tv;
1320 704 1506 771 Joan.,
1539 722 1569 759 Χ
1620 717 1665 759 et
1712 705 1849 777 XIV).
1904 705 2122 758 Postre-

530 816 656 864 mo,
716 802 832 855 sine
893 800 1048 854 Verbi
1104 803 1333 869 potentia
1400 817 1506 853 non
1564 816 1622 853 se
1672 800 1930 853 Dominus
1978 798 2123 852 Patri

492 892 871 966 "profiteretur
899 895 1200 961 mqualem,
1253 903 1308 948 et
1347 894 1465 948 sine
1511 894 1737 948 veritate
1789 894 1966 946 carnis
2015 907 2123 947 non

526 987 666 1043 idem
690 988 899 1043 diceret
928 987 1139 1043 Patrem
1187 1002 1246 1041 se
1291 1003 1413 1042 esse
1444 987 1726 1056 majorem,
1757 1002 1877 1039 cum
1899 987 2128 1040 catholi-

526 1098 587 1137 ca
644 1081 782 1137 fides
829 1091 1116 1153 utrumque
1158 1084 1453 1152 suscipiat,
1504 1094 1791 1153 utrumque
1834 1083 2121 1149 defendat,

526 1191 646 1246 qua:
693 1175 992 1229 secundum
1037 1176 1436 1231 confessionem
1488 1177 1627 1230 beati
1677 1177 1819 1231 Petri
1852 1178 2079 1244 apostoli
2107 1217 2121 1238 ,

525 1284 683 1322 unum
722 1264 985 1322 Christum
1011 1266 1111 1321 Dei
1139 1269 1320 1336 lilium,
1364 1282 1411 1323 et
1442 1270 1698 1322 hominem
1724 1270 1881 1322 credit
1908 1279 1955 1322 et
2000 1268 2121 1321 Ver.

526 1362 644 1415 bum
688 1359 936 1435 (Matth,
973 1361 1103 1431 xvr).
1132 1362 1396 1429 Quamvis
1426 1362 1603 1431 itaque
1657 1363 1724 1417 ab
1778 1362 1873 1416 illo
1931 1362 2120 1423 initio,

525 1456 871 1525 quoinutero
893 1455 1123 1525 Virginis
1155 1455 1369 1509 Verbum
1396 1473 1515 1510 caro
1541 1460 1736 1527 factum
1761 1469 1834 1511 est
1858 1456 2062 1525 (10am,
2084 1455 2120 1529 ι)

526 1548 659 1604 nihil
692 1563 942 1618 umquam
978 1549 1117 1604 inter
1145 1559 1430 1621 utramque
1463 1550 1689 1603 fortnam
1719 1550 1999 1604 divisionis
2023 1566 2124 1604 ex-

527 1642 712 1707 titerit,
732 1654 784 1697 et
812 1656 907 1711 per
932 1643 1108 1696 omnia
1142 1643 1469 1698 incrementa
1500 1659 1782 1713 corporea,
1814 1646 1972 1697 unius
1995 1659 2121 1712 per-

526 1751 674 1790 some
702 1735 898 1791 fuerint
928 1736 1090 1790 totius
1117 1738 1373 1805 temporis
1399 1739 1640 1792 actiones
1662 1754 1677 1798 ;
1702 1752 1763 1792 ea
1794 1738 1908 1806 ipsa
1938 1745 2117 1790 tamen

2233 520 2339 572 lum
2371 520 2529 589 (sicut
2568 520 2762 572 doctor
2791 520 3029 588 gentium
3061 518 3221 590 dixit)
3254 536 3266 572 :
3300 518 3558 576 Exaltavit
3588 523 3736 588 Deus,
3765 538 3806 578 et

2232 613 2436 666 donavit
2455 613 2535 667 illi
2568 613 2923 682 nomen,quod
2940 623 3013 666 est
3044 631 3199 682 super
3223 631 3373 668 omne
3421 633 3601 671 nomen
3621 617 3801 691 (ΡΙιίι.,

2234 705 2317 775 tt),
2347 706 2411 758 ad
2440 721 2559 760 eam
2608 706 2957 775 intelligimus
3002 708 3275 776 pertinere
3309 706 3551 774 formam,
3586 726 3700 780 qua:
3735 712 3808 766 di-

2233 799 2391 852 tanda
2428 810 2544 853 crat
2592 808 2751 853 tantae
2776 799 3185 868 glorilicationis
3219 814 3530 870 augmento.
3561 804 3617 858 In
3648 806 3807 862 forma

2231 894 2426 961 quippe
2476 893 2566 947 Dei
2617 893 2842 962 :equalis
2891 905 3011 948 erat
3044 893 3211 947 Filius
3268 896 3409 950 Patri
3441 896 3460 968 (
3490 896 3674 961 10am,
3704 916 3735 954 Χ
3766 901 3804 972 ),

2230 996 2283 1039 et
2336 986 2476 1041 inter
2522 988 2824 1055 genitorem
2878 995 3040 1055 atque
3072 989 3401 1057 unigenitum
3436 991 3577 1047 nulla
3608 1004 3721 1048 erat
3760 996 3806 1048 iu

2230 1078 2464 1131 essentia
2507 1077 2783 1139 discretio,
2815 1079 2955 1131 nulla
2982 1079 3033 1131 iit
3059 1078 3343 1147 majestate
3367 1082 3685 1138 diversitas:
3719 1102 3808 1140 nec

2232 1184 2324 1237 per
2344 1168 2732 1223 lncarnatiouis
2750 1172 3062 1239 mysterium
3092 1172 3289 1241 aliquid
3309 1174 3807 1243 tlt~Ccsserathrlto,

2228 1260 2370 1330 quod
2425 1262 2474 1313 ei
2533 1261 2705 1315 Patris
2743 1278 2969 1317 munere
3021 1264 3360 1320 redderetur.
3424 1268 3615 1322 Forma
3642 1281 3808 1324 autem

2229 1354 2393 1415 servi,
2446 1368 2540 1422 per
2596 1370 2758 1424 quam
2814 1355 3159 1423 impassibilis
3205 1358 3376 1414 deitas
3428 1372 3808 1417 sacramentum

2229 1464 2436 1518 magum
2464 1451 2678 1518 pietatis
2705 1450 2967 1521 implevit,
3001 1450 3235 1506 humana
3268 1453 3544 1509 humilitas
3572 1466 3669 1520 est,
3701 1473 3810 1525 quze

2230 1543 2280 1596 in
2319 1545 2544 1611 gloriam
2600 1544 2797 1598 divina:
2844 1548 3126 1614 potestatis
3171 1548 3387 1612 evicta,
3421 1550 3504 1602 c‘st
3542 1550 3593 1603 in
3623 1560 3810 1604 tantam

2231 1638 2513 1702 unitatem,
2545 1638 2614 1691 ab
2651 1639 2770 1708 ipso
2795 1650 3061 1709 conceptu
3092 1639 3351 1710 Virginis,
3382 1642 3599 1697 dcitatis
3638 1655 3692 1697 et
3717 1644 3809 1698 hu.

2229 1733 2504 1785 manitatis
2545 1743 2817 1795 eonserta,
2848 1743 2907 1787 ut
2940 1750 3041 1789 nec
3090 1738 3207 1791 sine
3250 1737 3468 1793 homine
3497 1739 3691 1804 divina,
3724 1756 3812 1794 nec

524 1837 584 1884 ut
615 1829 685 1883 ita
715 1829 913 1895 dicam,
948 1844 1067 1899 quae
1096 1829 1526 1899 inseparabiliter
1572 1829 1710 1884 facta
1762 1839 1921 1893 sunt,
1975 1830 2120 1883 nulla
2151 1821 2200 1882 B
2228 1826 2346 1881 sine
2399 1827 2507 1880 Deo
2560 1840 2850 1893 agerentur
2906 1829 3161 1884 humana.
3196 1830 3429 1900 Propter
3472 1833 3634 1903 qttod,
3686 1832 3814 1888 sicut

524 1923 886 1993 permistione
912 1924 1323 1989 cettfundituus,
1357 1923 1452 1979 sed
1478 1924 1604 1993 quid
1642 1925 1900 1993 cujusque
1931 1924 2122 1978 fortine

524 2016 615 2080 sit,
660 2026 728 2071 ex
769 2030 993 2085 Operam
1022 2017 1282 2087 qualitate
1326 2018 1611 2071 sentimus.
1647 2017 1836 2070 Dicant
1875 2032 2004 2087 ergo
2035 2019 2123 2071 isti

524 2109 844 2181 hypocritrc,
893 2111 983 2177 qui
1034 2111 1194 2164 caecis
1243 2110 1513 2166 mentibus
1546 2110 1726 2165 lumen
1758 2111 1946 2164 nolunt
1980 2112 2121 2165 rcci-

523 2217 653 2274 pere
683 2203 951 2268 veritatis,
1003 2204 1055 2258 in
1104 2220 1208 2274 qua
1248 2203 1414 2258 forma
1456 2204 1632 2259 cruris
1673 2206 1818 2275 ligno
1863 2206 2123 2259 Dominus

525 2297 822 2366 majestatis
866 2296 1114 2351 Christus
1157 2296 1348 2353 affixus
1389 2297 1481 2361 sit,
1514 2298 1639 2367 quid
1668 2298 1895 2367 jacuerit
1930 2300 1980 2351 itt
2029 2314 2121 2352 se»

524 2393 772 2465 pulchro,
802 2403 855 2449 et
870 2393 1117 2449 revoluto
1141 2393 1317 2464 lapide
1346 2394 1700 2457 monumenti,
1728 2394 2018 2464 qttaztertia
2034 2394 2122 2450 die

521 2501 650 2542 caro
697 2488 1093 2550 rcsurrexerit,
1149 2497 1203 2542 et
1253 2489 1304 2541 itt
1353 2503 1454 2558 qua
1504 2496 1623 2557 post
1669 2487 2119 2542 resurrectiooem

520 2594 674 2634 suam
702 2594 809 2633 non
832 2579 1120 2634 credentes
1148 2580 1410 2650 quosdam
1444 2580 1741 2649 discipulos
1767 2580 2041 2649 arguebat,
2069 2589 2124 2633 et

520 2669 916 2726 haesitationem
950 2675 1315 2728 cunctantium
1361 2672 1694 2738 confutabat,
1720 2687 1842 2728 cum
1869 2672 2073 2729 diceret
2103 2690 2117 2725 ε

520 2763 744 2835 Palpate
771 2776 817 2819 et
846 2766 1029 2830 videte,
1060 2767 1180 2833 quia
1201 2760 1412 2835 spiritus
1445 2783 1649 2821 carnem
1679 2778 1726 2821 et
1748 2783 1865 2822 ossa
1887 2783 1989 2820 non
2028 2766 2122 2821 ha-

518 2857 618 2921 bet,
675 2862 809 2914 sicut
863 2877 942 2914 me
995 2860 1175 2915 videtis
1223 2861 1407 2915 habere
1458 2858 1665 2933 (.Ioan.,
1723 2877 1835 2922 xu;
1899 2859 2118 2923 Mutila,

518 2951 735 3026 xxvtn);
768 2962 824 3009 et
864 2956 1113 3024 apostolo
1140 2955 1364 3009 Thema:
1398 2974 1411 3008 :
1462 2953 1614 3025 lnfer
1661 2972 1866 3008 manum
1899 2966 2037 3007 tuam
2065 2955 2119 3007 in

518 3048 653 3102 latus
694 3065 881 3113 meum,
917 3060 965 3102 et
1003 3050 1119 3104 vide
1146 3067 1329 3102 manus
1358 3065 1494 3103 meas
1525 3058 1568 3101 et
1596 3049 1782 3119 pedes,
1811 3059 1857 3102 et
1882 3049 1987 3102 noli
2011 3064 2120 3102 esse

516 3141 856 3206 incredulas,
908 3143 999 3196 sed
1043 3143 1210 3210 ﬁdelis
1275 3141 1458 3215 (Lua,
1521 3158 1679 3207 xxiv;
1733 3141 1935 3206 Joan.,
1990 3139 2115 3213 xx);

516 3250 621 3304 qua
645 3236 825 3305 utique
849 3234 1284 3290 manilestatione
1304 3236 1547 3304 corporis
1570 3234 1676 3295 sui,
1701 3234 1810 3302 jam
1837 3234 2117 3287 ltzetetico-
2143 3215 2192 3280 Ο

516 3345 636 3383 rum
696 3328 972 3383 mendacia
1030 3329 1382 3393 destruebat,
1452 3336 1508 3382 ttt
1577 3328 1832 3382 universa
1877 3327 2116 3381 Ecclesia

518 3422 717 3478 Christi
748 3422 1049 3478 iunovanda
1083 3430 1110 3458 ει
1138 3422 1401 3476 doctrinis
1423 3462 1437 3488 ,
1470 3421 1573 3475 hoc
1593 3420 1691 3475 sibi
1721 3436 1826 3474 non
1850 3420 2119 3473 dubitaret

518 3514 867 3578 credendum,
893 3516 1036 3583 quod
1060 3516 1286 3584 apostoli
1314 3523 1663 3583 susceperant
1692 3511 2113 3583 prtcdicat‘tdmu.

590 3609 658 3665 V.
689 3612 757 3665 At
784 3611 830 3664 si
859 3611 913 3665 itt
962 3618 1108 3664 tanta
1152 3609 1274 3664 luce
1312 3610 1551 3663 veritatis
1581 3607 1832 3662 tenebras
1855 3623 1982 3661 snas
2007 3606 2117 3659 Ine-

519 3703 687 3758 retica
736 3702 1024 3757 obduratio
1052 3717 1156 3756 non
1189 3703 1461 3771 relinquit,
1498 3700 1787 3756 astettdant
1849 3700 1988 3754 unde
2017 3700 2117 3754 sibi

520 3814 671 3868 spem
716 3798 840 3853 vita:
883 3798 1238 3869 polliceantur
1280 3807 1518 3860 aiternai,
1571 3794 1637 3850 ad
1684 3811 1844 3863 quam
1889 3794 1988 3848 nisi
2026 3809 2120 3863 per

522 3892 853 3945 mediatorent
873 3890 965 3945 Dei
993 3900 1041 3944 et
1069 3891 1332 3944 hominum
1352 3890 1394 3961 (ι
1421 3888 1581 3954 'l'im.,
1616 3888 1711 3957 tv),
1734 3888 2003 3942 hominem
2027 3887 2119 3942 le.

522 3999 643 4038 sum
673 3983 969 4050 Christum,
1003 4000 1109 4038 non
1143 3993 1318 4051 potest
1351 3983 1641 4052 perveniri.
1669 3986 1819 4040 Sicut
1860 3984 2003 4037 enim
2045 3983 2121 4037 ait

525 4080 717 4135 beatus
740 4079 934 4134 Petrus
961 4079 1238 4149 apostolus
1274 4096 1288 4134 :
1318 4077 1439 4133 Non
1460 4088 1534 4132 est
1563 4079 1709 4132 aliud
1738 4095 1920 4133 nomen
1941 4078 2120 4132 datum

525 4170 813 4226 hominibus
858 4170 949 4225 sub
979 4171 1126 4238 caelo,
1157 4172 1211 4224 in
1252 4187 1352 4239 quo
1400 4180 1630 4239 oporteat
1662 4186 1752 4223 nos
1795 4170 1965 4224 salvos
2006 4169 2121 4235 ﬁeri

528 4267 690 4337 (Ach,
721 4267 798 4335 tv)
829 4284 843 4330 ;
896 4282 995 4321 nec
1022 4279 1105 4321 ρει
1135 4265 1436 4335 redemptio
1480 4264 1801 4331 captivitatis
1847 4263 2118 4329 humanm,

525 4362 627 4416 nisi
651 4362 705 4416 in
729 4361 989 4431 sanguine
1015 4360 1149 4430 ejus,
1171 4360 1257 4430 qui
1288 4360 1429 4414 dedit
1456 4360 1785 4427 semetipsum
1812 4359 2119 4427 redemptio-

523 4472 639 4510 nem
678 4472 771 4526 pro
814 4454 1067 4514 omnibus,
1107 4461 1162 4507 et
1188 4454 1297 4522 qui,
1354 4452 1492 4506 sicut
1529 4452 1786 4521 praedicat
1826 4451 2118 4520 Apostolus

504 4550 568 4621 '(l
590 4547 749 4616 Tim.,
775 4565 853 4609 tt;
887 4548 1055 4613 Phil.,
1081 4553 1140 4614 tl)
1164 4590 1179 4611 ,
1226 4564 1343 4601 cum
1385 4547 1438 4601 in
1473 4551 1641 4616 [arma
1697 4545 1793 4599 Dei
1837 4554 1990 4608 esset,
2021 4560 2123 4597 non

522 4643 760 4712 rapinam
785 4643 1066 4696 arbitratus
1094 4650 1167 4696 est
1193 4658 1301 4695 esse
1322 4657 1377 4695 se
1400 4640 1649 4712 wqualem
1680 4636 1807 4701 Deo,
1828 4639 1917 4690 sed
1938 4646 2122 4690 semct-
2145 4615 2201 4677 Β

524 4735 693 4801 ipsum
723 4737 1021 4803 exinanivit,
1062 4739 1284 4806 formam
1313 4734 1443 4788 servi
1492 4733 1771 4801 accipiens,
1800 4732 1853 4785 in
1881 4730 2121 4783 similitu-

527 4828 696 4881 dinem
733 4830 919 4898 factus,
949 4841 995 4883 et
1027 4829 1203 4883 habitu
1248 4830 1482 4883 inventus
1531 4837 1585 4881 ut
1630 4827 1802 4889 homo,
1834 4825 2121 4879 humiliavit

525 4920 874 4987 semetipsum,
901 4923 1067 4991 [actus
1111 4922 1345 4976 obediens
1398 4920 1546 4975 Patri
1577 4937 1733 4992 usque
1786 4922 1855 4976 ad
1882 4931 2117 4986 mortem,

525 5022 741 5067 mortem
774 5022 945 5066 autem
986 5015 1150 5069 crucis
1172 5031 1190 5068 :
1214 5024 1424 5085 propter
1452 5017 1589 5084 quod
1633 5026 1679 5069 ct
1715 5015 1853 5070 Deus
1880 5016 2121 5070 exultavit

525 5110 675 5164 illum
699 5118 749 5162 et
774 5108 980 5162 donavit
1022 5109 1102 5164 illi
1141 5125 1344 5172 nomen,
1390 5111 1525 5181 quod
1554 5122 1624 5164 est
1653 5128 1805 5180 super
1838 5128 1986 5165 omne
2020 5129 2117 5165 no-

524 5221 661 5269 men,
691 5203 814 5257 utin
838 5202 1043 5256 nomine
1062 5201 1193 5256 Jesu
1218 5218 1365 5256 omne
1385 5219 1515 5274 genu
1540 5205 1793 5273 ﬂectatur,
1815 5207 2116 5275 caleslium,

526 5299 863 5363 terrestrium,
905 5304 953 5350 et
984 5297 1333 5365 infernarum,
1364 5307 1409 5351 et
1456 5300 1618 5351 omnis
1664 5300 1840 5372 lingua
1872 5302 2117 5371 ron/itea-

523 5400 606 5443 tur
633 5391 752 5456 quia
771 5390 1021 5445 Dominus
1040 5388 1165 5444 Jesu
1196 5387 1427 5446 Christus
1442 5394 1492 5444 in
1509 5393 1671 5463 gloria
1700 5405 1770 5448 est
1800 5395 1893 5449 Dei
1920 5395 2114 5451 Patris.

522 5480 654 5539 Cum
685 5500 813 5554 ergo
840 5501 978 5539 unus
1005 5485 1074 5539 sit
1125 5486 1382 5540 Dominus
1409 5485 1567 5541 Jcsus
1594 5488 1863 5554 Christus,
1893 5501 1947 5544 et
1977 5507 2118 5545 vera:

523 5576 759 5646 deitatis,
812 5594 1061 5651 veraeque
1118 5578 1464 5637 humanitatis
1513 5582 1564 5635 in
1602 5581 1720 5651 ipso
1753 5598 1860 5637 una
1894 5601 2115 5652 prorsus

2230 1919 2488 1973 Dominus
2508 1921 2809 1989 majestatis
2829 1923 3025 1976 dicitur
3048 1925 3363 1989 crucifixus,
3387 1927 3457 1980 ita
3474 1928 3564 1996 qui
3585 1943 3649 1981 ex
3676 1943 3809 1982 sem-

2230 2012 2540 2081 piternitate
2587 2014 2811 2082 a-qualis
2841 2028 2924 2069 est
2970 2017 3099 2081 Deo,
3144 2018 3341 2071 dicitur
3366 2021 3634 2073 exnltatus
3661 2037 3674 2073 :
3698 2020 3812 2088 quia

2229 2106 2663 2174 inseparabiliter
2693 2119 2947 2162 manente
2980 2110 3183 2163 unitate
3218 2126 3482 2178 persome,
3505 2130 3638 2166 unus
3663 2121 3813 2181 atque

2228 2197 2368 2251 idem
2384 2209 2525 2252 estet
2552 2208 2692 2253 totus
2708 2199 2939 2254 hominis
2958 2201 2998 2255 F
3005 2202 3125 2256 ilius
3142 2212 3360 2273 propter
3372 2220 3589 2260 carnem
3609 2216 3657 2260 et
3681 2215 3811 2258 totus

2208 2290 2321 2343 'Dci
2350 2291 2518 2344 Filius
2548 2302 2770 2362 prepler
2801 2310 2960 2348 unam
2988 2310 3110 2348 cmn
3140 2296 3300 2351 Patre
3348 2298 3628 2353 deitatem.
3659 2297 3812 2365 Quid-

2227 2387 2352 2452 quid
2382 2403 2512 2456 ergo
2552 2390 2602 2441 itt
2657 2401 2899 2458 tempore
2928 2390 3136 2459 accepit
3192 2391 3475 2458 Christus,
3525 2392 3810 2448 secundum

2228 2479 2501 2535 hominem
2530 2484 2776 2551 accepit,
2810 2484 2931 2548 cui,
2966 2500 3087 2553 qua!
3131 2500 3237 2539 non
3270 2486 3485 2549 habuit,
3516 2463 3813 2541 conferrc‘n-

2228 2584 2333 2628 tur.
2390 2573 2522 2628 Nam
2574 2575 2872 2630 secundum
2916 2578 3210 2647 potentiam
3267 2579 3584 2642 divinitatis,
3619 2577 3813 2633 iuditl‘e-

2226 2677 2409 2723 rentcr
2464 2670 2665 2735 omnia,
2712 2688 2832 2741 qum
2885 2671 3048 2727 habet
3102 2673 3282 2736 Pater,
3329 2675 3494 2728 etiam
3553 2673 3707 2729 habet
3734 2672 3813 2727 Fi-

2226 2761 2329 2814 lius
2384 2761 2619 2831 (Joan.,
2653 2763 2706 2835 v)
2765 2784 2780 2820 :
2829 2777 2885 2820 et
2924 2783 3045 2835 quae
3084 2768 3136 2820 in
3179 2766 3352 2821 forma
3382 2768 3523 2823 servi
3578 2784 3608 2820 a
3664 2766 3814 2819 Patre

2224 2858 2453 2926 accepit.
2487 2859 2677 2913 eadem
2710 2861 2762 2913 in
2792 2859 2964 2914 forma
2994 2861 3086 2914 Dei
3116 2861 3279 2916 etiam
3311 2862 3428 2930 ipse
3454 2862 3687 2917 donavit.
3720 2861 3809 2916 Se-

2224 2950 2459 3006 cundum
2495 2953 2585 3007 Dei
2628 2955 2771 3008 enim
2820 2956 3079 3020 formam,
3111 2958 3221 3025 ipse
3245 2966 3295 3010 et
3324 2953 3486 3010 Pater
3513 2973 3669 3010 unum
3703 2963 3811 3008 sunt

2226 3042 2447 3113 (Jama.
2505 3061 2534 3099 Χ
2563 3044 2622 3117 );
2677 3049 2973 3102 secundum
3033 3048 3256 3102 formam
3304 3060 3485 3103 autem
3529 3048 3686 3111 servi,
3718 3061 3812 3099 non

2225 3139 2358 3191 venit
2390 3143 2559 3209 facere
2587 3141 2903 3194 uoluntatem
2947 3158 3116 3207 suam,
3151 3143 3239 3196 sed
3269 3145 3578 3197 roluntatem
3606 3143 3716 3211 eius
3732 3140 3811 3210 qui

2225 3232 2361 3285 misit
2409 3249 2523 3286 eum
2570 3233 2809 3304 (Joau.,
2839 3251 2923 3299 tv,
2970 3252 3027 3300 v,
3060 3251 3111 3289 Vl
3144 3235 3186 3307 ).
3237 3236 3547 3292 Secundum
3599 3237 3810 3288 formam

2225 3324 2343 3389 Dei,
2376 3326 2509 3379 sicut
2542 3325 2704 3380 Pater
2747 3328 2896 3381 habet
2920 3330 3075 3382 vitam
3106 3331 3158 3383 in
3185 3332 3485 3400 semetipso,
3517 3332 3591 3384 sic
3619 3329 3811 3383 deditet

2224 3416 2365 3472 Filio
2391 3420 2546 3472 vitam
2577 3420 2762 3474 habere
2791 3423 2841 3474 in
2868 3423 3134 3491 semetipso
3161 3422 3365 3494 (Joau.,
3405 3424 3496 3495 v);
3530 3420 3809 3479 secundum

2222 3510 2451 3567 formam
2481 3515 2656 3576 servi,
2686 3512 2871 3570 Tristis
2899 3526 2973 3568 est
2998 3517 3169 3571 anima
3196 3517 3309 3580 eius
3336 3534 3492 3587 usque
3520 3517 3587 3570 ad
3616 3526 3812 3568 mortem

2225 3601 2468 3675 (Mali/1.,
2491 3605 2660 3675 XXVI).
2694 3607 2758 3662 Et
2781 3606 2922 3662 idem
2954 3608 3069 3677 ipse
3085 3619 3185 3674 est,
3215 3610 3355 3662 sicut
3375 3609 3665 3679 Apostolus
3683 3621 3810 3676 prro-

2224 3699 2387 3763 diutl,
2412 3710 2456 3752 et
2487 3702 2624 3755 dives
2637 3712 2683 3755 et
2707 3719 2905 3771 pauper
2924 3702 2986 3772 (ll
3003 3702 3148 3768 Con,
3168 3703 3305 3773 vui).
3326 3702 3501 3767 Dives,
3525 3705 3644 3773 quia
3662 3716 3813 3755 evan-

2223 3790 2410 3859 gelista
2440 3791 2656 3847 dicente
2689 3810 2701 3846 :
2737 3792 2801 3847 In
2828 3795 3078 3862 principio
3103 3806 3210 3849 erat
3263 3794 3501 3861 Verbum,
3526 3807 3571 3849 et
3608 3792 3814 3848 Verbum

2225 3884 2485 3953 eratapud
2513 3883 2699 3951 Deum,
2728 3898 2776 3940 et
2797 3885 2934 3942 Deus
2956 3899 3064 3942 erat
3096 3886 3312 3941 Verbum
3329 3890 3459 3942 :hoc
3484 3888 3657 3943 eratin
3682 3888 3814 3955 prin-

2224 3981 2359 4050 cipio
2381 3981 2522 4050 apud
2554 3981 2737 4037 Deam.
2771 3982 2957 4037 (inania
2984 4000 3073 4054 per
3102 3984 3270 4052 ipsum
3292 3984 3433 4053 facta
3462 3994 3578 4039 sunt
3599 4023 3615 4050 ,
3647 3992 3691 4036 et
3717 3979 3815 4034 sine

2224 4076 2336 4144 ipso
2365 4077 2558 4145 factum
2588 4088 2661 4131 est
2693 4078 2825 4132 nihil
2862 4076 3071 4146 (Joan.,
3119 4077 3181 4146 l).
3237 4076 3450 4149 Pauper
3498 4092 3645 4139 vero,
3697 4072 3810 4142 quia

2225 4182 2446 4239 propter
2473 4185 2570 4224 nos
2610 4168 2828 4224 Verbum
2866 4186 2986 4224 caro
3035 4174 3231 4241 factum
3260 4180 3356 4238 est,
3404 4182 3454 4225 et
3501 4168 3739 4225 habitavit
3764 4165 3813 4217 in

2226 4264 2369 4317 nobis
2387 4261 2656 4335 (Ibidem).
2673 4265 2805 4329 Quae
2827 4274 3010 4319 autem
3042 4274 3123 4318 est
3151 4266 3450 4319 esinanitio
3473 4265 3612 4335 ejus.
3637 4271 3812 4332 quaave

2228 4371 2536 4428 paupertas.
2573 4359 2673 4414 nisi
2715 4360 2901 4413 formas
2956 4359 3173 4415 servilis
3208 4362 3475 4430 acceptio,
3513 4376 3608 4430 per
3637 4369 3808 4429 quam,

2228 4453 2391 4509 Verbi
2416 4454 2698 4523 majestate
2727 4453 2924 4516 velata,
2949 4453 3281 4524 dispensatio
3303 4454 3552 4509 humana:
3575 4454 3811 4519 redemp-

2228 4549 2391 4604 tionis
2432 4551 2649 4619 impleta
2682 4549 2810 4604 est?
2837 4548 2971 4603 Nam
3003 4552 3126 4619 quia
3153 4551 3481 4619 captivitatis
3509 4561 3707 4605 nostrie
3733 4560 3813 4601 re-

2225 4643 2365 4697 solvi
2396 4643 2678 4711 originalia
2728 4642 2942 4697 vincula
2977 4658 3084 4698 non
3131 4654 3402 4714 poterant,
3433 4645 3537 4699 nisi
3568 4644 3812 4699 existeret

2225 4738 2388 4794 homo
2419 4739 2591 4792 nostri
2631 4739 2848 4808 generis
2893 4746 3202 4808 nostraeque
3230 4749 3455 4803 πωπω-ξιξ,
3491 4754 3648 4809 quem
3694 4745 3813 4804 pec-

2225 4834 2328 4886 cati
2365 4830 2673 4901 pra‘judicia
2705 4846 2811 4885 non
2843 4838 3111 4892 tenerent,
3138 4841 3188 4887 et
3217 4833 3306 4902 qui
3332 4832 3674 4887 immaculato
3691 4840 3810 4881 san-

2224 4926 2386 4998 guine
2440 4941 2537 4980 suo
2568 4925 2985 4997 chirographum
3039 4926 3236 4982 lethale
3282 4927 3538 4993 dilueret,
3587 4917 3812 4980 sicutab

2227 5022 2378 5076 initio
2407 5032 2523 5076 erat
2548 5020 2805 5075 divinitus
2837 5019 3277 5091 przeordittatunt,
3304 5022 3373 5074 ita
3396 5030 3480 5076 est
3508 5020 3562 5074 in
3589 5017 3809 5088 plenitu-

2225 5115 2350 5169 dine
2378 5112 2637 5183 temporis
2661 5114 2978 5183 perfectura,
3011 5123 3072 5168 ut
3098 5113 3281 5167 multis
3313 5114 3488 5166 modis
3520 5110 3804 5182 significata

2226 5206 2511 5277 promissio
2562 5209 2613 5262 in
2643 5209 2734 5262 diu
2779 5216 3118 5278 expectatum
3168 5208 3374 5262 veniret
3402 5205 3650 5261 eﬂ'ectum
3679 5220 3692 5257 :
3719 5213 3809 5255 nec

2226 5312 2409 5373 posset
2433 5317 2554 5357 esse
2583 5302 2911 5371 ambiguum,
2942 5301 3085 5371 quitd
3126 5300 3387 5357 cantinuit
3430 5292 3809 5356 testificationi-

2224 5403 2323 5457 bus
2355 5415 2571 5470 semper
2619 5398 2793 5454 fuerat
2844 5399 3169 5453 nuntiatum.
3200 5397 3257 5452 ln
3302 5413 3499 5466 magno
3523 5406 3701 5451 autem
3726 5405 3808 5445 sa-

2225 5493 2447 5564 crilegio
2474 5507 2532 5548 se
2559 5493 2762 5547 versari
2795 5491 3174 5547 haereticorum
3204 5490 3517 5545 manifestat
3549 5489 3804 5559 impietas,

2225 5604 2347 5645 cum
2404 5586 2504 5640 sub
2556 5584 2736 5654 specie
2784 5583 3084 5639 divinitatis
3137 5581 3518 5639 honorandae”
3570 5582 3808 5636 humana:

1767 5718 2149 5784 LECTIONES
2184 5718 2595 5785 VARIANTES.

519 5874 525 5887 .
587 5837 615 5866 ⁸
650 5835 919 5887 Imbuenda
944 5836 1086 5887 Labb.

2220 5848 2229 5905 ξ
2287 5840 2477 5905 δαῦυω
2500 5840 2721 5902 speciem
2743 5838 2943 5890 deitatis
2965 5782 3246 5891 honorando
3271 5835 3414 5891 Labb.
