4060 6326
188 476 315 537 189

1123 471 1210 528 DE
1248 468 1699 528 COMMODIANO
1735 463 2009 531 GAZIEO,
2049 461 2326 520 ORIGINE
2366 458 2567 518 AFRO.

3391 454 3488 513 190

178 600 384 655 carnis
423 600 478 653 in
532 596 749 654 Christo
797 595 1063 663 deuegant
1112 590 1431 646 veritatem:
1460 600 1515 646 et
1544 589 1794 661 religiose
1820 589 1869 646 A
1899 584 1982 649 lis,
2010 584 2346 655 praedicatum
2366 591 2438 637 est
2467 579 2718 652 gentibus,
2752 577 3002 633 creditum
3045 583 3121 630 est
3169 574 3224 629 in
3272 575 3486 646 mundo,

176 693 516 750 existimant
536 690 704 757 credi,
726 691 771 746 si
791 687 1064 744 dicaturin
1091 685 1370 741 Salvatore
1400 693 1584 738 nostro
1607 695 1790 737 verum

178 803 311 844 non
339 801 481 851 esse,
520 783 667 855 quod
693 783 908 847 salvat;
940 797 1061 837 cum
1101 781 1171 835 ita
1226 777 1520 835 secundum
1556 776 1786 846 promis-

178 884 413 938 sionem
461 878 640 934 omnia
696 877 891 932 saecula
937 883 1352 945 prtecurrentem
1381 881 1430 937 ει,
1463 870 1683 925 mundus
1727 871 1793 922 sit

182 974 321 1031 Deo
350 974 704 1031 reconciliatus
740 974 793 1026 in
833 970 1032 1026 Christo
1058 967 1103 1041 (Ι
1129 967 1273 1031 Cor.,
1308 967 1383 1035 v),
1419 976 1476 1021 ut
1524 965 1623 1019 nisi
1654 962 1791 1020 Ver—

175 1069 330 1126 bum
358 1071 669 1142 dignaretur
694 1082 820 1121 caro
851 1065 989 1126 ﬁeri.
1021 1060 1164 1119 nulla
1207 1063 1373 1134 possit
1416 1076 1542 1116 caro
1570 1058 1786 1114 salvari.

175 1167 374 1224 Omne
425 1158 569 1223 enim
618 1170 1011 1220 sacramentum
1059 1160 1367 1217 christiana:
1417 1160 1557 1224 ﬁdei,
1592 1164 1788 1225 magno

172 1258 279 1332 (ut
308 1258 549 1315 haeretici
580 1259 788 1327 volunt)
829 1256 1168 1313 decoloratur
1192 1256 1441 1319 obscuro,
1467 1255 1508 1308 si
1538 1252 1630 1307 lux
1657 1250 1789 1307 veri-

178 1356 325 1410 tatis
351 1354 452 1410 sub
472 1352 752 1409 mendacio
777 1363 991 1419 putatur
1012 1351 1228 1405 latuisse
1248 1347 1654 1418 phantasmatis.
1669 1346 1786 1401 Non

169 1461 326 1517 ergo
351 1447 631 1517 quisquam
659 1445 758 1499 sibi
787 1443 1212 1499 erubescendum
1228 1442 1501 1498 existimet
1524 1439 1787 1493 Christia-

170 1556 299 1596 nus
326 1540 395 1596 de
410 1541 578 1596 nostri
606 1539 659 1593 iu
676 1536 893 1593 Christo
912 1539 1156 1608 corporis
1182 1538 1424 1601 veritate,
1456 1535 1579 1605 quia
1597 1549 1785 1589 names

166 1633 448 1701 apostoli.
480 1630 957 1702 apostolorumque
988 1630 1234 1699 discipuli
1264 1640 1318 1683 et
1342 1626 1583 1697 praeclari
1605 1626 1782 1681 eccles

168 1724 394 1780 Siarom
438 1726 639 1795 quique
665 1720 939 1789 doctores,
964 1724 1055 1794 qui
1107 1721 1172 1777 ad
1224 1719 1467 1792 martyrii
1500 1733 1777 1782 coronam,

165 1816 269 1871 vel
300 1816 370 1871 ad
400 1815 759 1872 confessionis
790 1821 1104 1870 meruerunt
1142 1814 1365 1885 gloriam
1398 1812 1698 1883 pervenire,
1728 1811 1780 1865 in

165 1909 356 1981 hujus
396 1910 520 1967 ﬁdei
567 1911 767 1966 lumine
812 1909 1200 1981 splenduerunt
1227 1951 1242 1977 ,
1302 1904 1556 1963 consonis
1588 1905 1781 1975 ubique

1893 690 2210 750 assmuptum
2240 689 2311 734 est
2348 680 2399 733 in
2430 678 2595 749 gloria
2628 674 2727 748 (l).
3463 742 3479 751 φ

1970 773 2057 829 VI.
2092 775 2165 830 De
2193 776 2503 845 episcopum
2549 787 2700 835 vero,
2732 778 2786 824 et
2833 765 3491 839 presbyterorum,diaeo-

1902 881 2219 938 uarumque,
2252 876 2305 920 et
2329 864 2665 935 sequentium
2684 861 3004 918 clericorum
3032 857 3486 925 ordinationibus,
3519 904 3531 915 .

1905 969 2121 1012 sanetos
2151 956 2423 1028 apostolos
2452 965 2506 1011 et
2529 968 2874 1010 successores
2897 967 3104 1015 eorum,
3136 959 3191 1004 et
3215 952 3490 1021 praecipue

1891 1048 2206 1107 Anacletum
2238 1050 2511 1121 (Epistolas
2538 1048 2592 1103 2.
2635 1047 2847 1102 Nullius
2898 1045 3021 1115 ﬁdei
3043 1046 3183 1115 apud
3235 1044 3478 1119 doctor),

1891 1152 1944 1197 et
1988 1154 2250 1212 praeterea
2302 1142 2461 1208 alios,
2511 1139 2843 1194 sufﬁcienter
2896 1138 3148 1193 statuisse
3203 1136 3487 1208 cognosci-

1892 1248 2009 1291 mus
2056 1253 2069 1290 :
2115 1244 2171 1291 et.
2224 1235 2424 1290 idcirco
2477 1250 2582 1288 non
2626 1242 2713 1289 est
2797 1246 3020 1287 necesse
3121 1247 3271 1288 nunc
3317 1232 3486 1300 renti-

1889 1328 1999 1381 cari
2033 1326 2081 1390 ι),
2119 1328 2222 1382 nisi
2273 1326 2414 1397 quod
2466 1326 2543 1382 illi
2601 1342 2707 1380 non
2740 1333 3066 1380 statuerunt.
3110 1318 3247 1379 Illud
3306 1336 3487 1382 tamen

1888 1432 1987 1473 nos
2015 1429 2318 1475 statuentes
2346 1418 2424 1491 (Si)
2458 1418 2608 1472 vobis
2640 1426 2693 1472 et
2716 1418 2966 1470 ontnihus
2989 1431 3209 1470 servare
3264 1416 3486 1471 manda-

1888 1527 2032 1576 mus.
2064 1522 2121 1566 ut
2168 1512 2233 1567 ad
2289 1511 2507 1566 ordines
2535 1509 2939 1566 ecclesiasticos
2980 1509 3058 1564 sic
3105 1508 3400 1565 ascendant
3430 1510 3484 1564 in

1887 1605 2126 1660 Ecclesia
2155 1623 2169 1669 ;
2199 1604 2291 1675 qui
2320 1604 2555 1657 ordinari
2590 1611 2885 1666 merentur,
2920 1600 2971 1655 id
3024 1610 3125 1666 est,
3156 1603 3200 1655 si
3224 1602 3342 1671 quis
3366 1603 3484 1670 epi-

1886 1713 2079 1768 scopus
2105 1692 2185 1769 (‘5)
2213 1712 2333 1754 esse
2376 1706 2633 1761 meretur,
2669 1697 2735 1751 sit
2781 1696 2954 1765 primo
3008 1694 3485 1762 ostiarus,‘deinde

1886 1794 2077 1859 lector,
2134 1804 2321 1864 postea
2374 1791 2665 1856 exorcista,
2716 1790 2840 1845 inde
2889 1798 3136 1845 sacretur
3173 1788 3480 1860 acolythus,

1884 1886 2099 1942 demum
2129 1901 2258 1940 vero
2294 1885 2681 1951 subdiaconus,
2704 1883 2899 1938 deinde
2921 1883 3204 1948 diaconus,
3222 1894 3274 1939 et
3296 1894 3483 1952 postea

163 1976 473 2060 sententiis
514 1976 1015 2075 intonantem—quod
1061 2006 1113 2059 in
1158 2004 1383 2059 Domino
1408 2001 1535 2058 .lesu
1560 2000 1778 2058 Christo
1812 1988 1856 2049 Β
1884 1978 2190 2075 Presbyter.
2223 1988 2278 2075 9‘
2307 1977 2523 2075 "mue;
2558 1976 2604 2031 5i
2653 1985 2915 2075 '_"e’_e'“rt
2947 1977 3234 2075 θΡῖδθξΨξη
3265 1977 3485 2031 omum“

160 2095 404 2153 deitatis
432 2107 485 2152 et
505 2099 684 2153 carnis
706 2114 809 2153 una
842 2099 912 2153 sit
935 2097 1237 2154 conﬁtenda
1264 2112 1511 2166 persona.
1543 2096 1656 2163 Qua
1687 2112 1780 2148 au-

166 2201 293 2247 tem
327 2192 551 2246 ratiOnis
574 2191 946 2256 similitudine,
983 2207 1086 2263 qua
1115 2188 1419 2245 divinorum
1451 2189 1777 2244 voluminum

164 2285 439 2355 portione
487 2284 735 2342 haeretica
782 2287 1029 2356 impietas
1098 2302 1157 2341 se
1196 2286 1465 2341 existimat
1513 2284 1776 2352 adjuvari,

167 2393 308 2450 qua
337 2380 618 2435 veritatem
648 2391 805 2451 negat
834 2381 1079 2450 corporis
1106 2378 1329 2441 Christi,
1362 2391 1483 2432 cum
1511 2377 1646 2431 hanc
1672 2390 1776 2430 non

161 2465 262 2527 lex
302 2470 585 2527 testiﬁcari
610 2514 625 2537 ,
671 2486 778 2527 non
813 2473 1070 2543 preplteta
1100 2471 1415 2542 pra-cluere,
1466 2484 1569 2525 non
1604 2470 1777 2523 Evan-

162 2567 322 2638 gelia
350 2566 567 2630 docere,
600 2581 705 2621 non
740 2567 852 2637 ipse
878 2567 1141 2621 destiterit
1167 2564 1414 2621 Christus
1442 2563 1776 2619 ostendere?

161 2659 443 2727 Quaerant
469 2672 565 2729 per
588 2668 802 2714 omnem
821 2659 1015 2715 seriem
1042 2659 1464 2729 Scripturarum,
1493 2671 1601 2726 quo
1628 2666 1775 2711 tene-

163 2752 309 2808 bras
334 2767 482 2817 suas,
510 2753 733 2823 fugiant,
759 2768 864 2807 non
893 2768 999 2823 quo
1021 2766 1205 2807 verum
1239 2753 1416 2806 lumen
1443 2751 1731 2806 obscurent
1756 2768 1770 2806 :

161 2856 226 2905 et
262 2862 367 2917 per
413 2849 593 2902 omnia
634 2849 829 2901 sarcula
873 2848 943 2902 ita
994 2848 1274 2902 veritatem
1320 2848 1775 2902 iuveniontcoru-

160 2951 445 3007 scantem,
476 2952 536 2997 ut
588 2958 838 3014 magnum
873 2943 976 2999 hoc
1006 2954 1060 2999 et
1088 2944 1334 2998 mirabile
1375 2953 1775 2998 sacramentum

158 3036 237 3092 ab
271 3027 430 3091 initio
455 3035 672 3092 videant
698 3037 986 3105 creditum,
1014 3037 1156 3108 quod
1187 3046 1269 3092 est
1299 3038 1351 3091 in
1383 3039 1487 3093 line
1535 3036 1773 3106 comple-

160 3141 313 3185 tum.
347 3129 423 3185 De
468 3146 574 3199 quo
622 3145 743 3187 cum
792 3141 1100 3187 sanctarum
1131 3131 1427 3187 litterarum
1456 3132 1598 3186 nulla
1648 3145 1772 3201 pars

157 3223 356 3287 sileat,
386 3221 582 3278 sufﬁcit
630 3223 874 3293 qumdam
925 3239 1163 3278 conSona
1211 3226 1453 3277 veritatis
1482 3225 1631 3294 signa
1688 3241 1772 3293 po-

1883 2081 1985 2127 tur.
2036 2073 2101 2127 Et
2150 2072 2418 2143 regiooes,
2471 2070 2613 2126 sicut
2657 2070 2708 2124 in
2762 2069 2862 2125 hac
2914 2069 3044 2124 urbe
3090 2069 3340 2135 iecimus,
3382 2084 3483 2141 per

1888 2165 2125 2235 singulas
2165 2164 2357 2231 urbes,
2384 2177 2506 2234 qute
2564 2162 2837 2232 populosa:
2887 2160 3110 2226 fuerint,
3164 2160 3481 2216 diaconibus

1885 2256 2209 2312 dividantur.
2248 2256 2317 2311 Et
2345 2270 2698 2325 qua-cumque
2728 2253 2978 2309 difﬁciles
3026 2254 3355 2324 qumstioucs
3385 2267 3481 2323 per

1882 2350 2122 2420 singulas
2139 2349 2441 2419 provincias
2453 2358 2658 2404 exorta:
2676 2347 2872 2402 iuerint
2892 2345 2941 2419 (Ι
2952 2348 3268 2412 nnacentiur,
3288 2364 3371 2417 ep.
3390 2346 3475 2420 ιι),

1888 2456 2105 2512 semper
2136 2440 2201 2495 ad
2234 2440 2417 2495 sedem
2461 2440 2814 2510 apostolicam
2865 2440 3166 2494 referantur
3198 2437 3302 2507 ,(S.
3336 2438 3474 2506 Leo,

1881 2550 1964 2604 ep.
1995 2549 2220 2600 Lxxxw,
2249 2548 2297 2588 c.
2329 2534 2384 2598 7;
2419 2532 2635 2603 l’igilius
2664 2572 2679 2598 ,
2705 2549 2782 2601 ep.
2813 2531 2893 2603 ιι).
2932 2532 3073 2586 Bene
3103 2532 3243 2599 vale,
3285 2532 3474 2599 frater,

1882 2636 1936 2679 et
1979 2641 2071 2681 ora
2116 2642 2210 2696 pro
2239 2625 2412 2680 nobis.
2449 2625 2576 2680 Data
2610 2623 2855 2679 kalendis
2898 2625 3097 2689 martii,
3142 2623 3478 2680 Diocletiano

1878 2728 2033 2775 sexto
2077 2717 2161 2793 (4)
2210 2730 2262 2774 et
2319 2716 2638 2774 Constantio
2700 2717 2941 2773 secundo
2993 2717 3121 2773 viris
3163 2718 3474 2774 clarissimis

1876 2816 2207 2870 consulibus.

1952 2951 2033 3025 (l)
2067 2951 2181 3007 lluc
2207 2962 2375 3025 usque
2404 2950 2564 3006 verba
2594 2950 2649 3006 S.
2679 2948 2874 3006 Leonis
2894 2991 2909 3017 ,
2963 2962 3027 3005 ex
3070 2948 3263 3020 quibus
3294 2946 3473 3005 videas

1876 3023 2033 3078 aliter
2060 3024 2210 3078 olere
2230 3024 2457 3077 catulos.

2061 3093 2202 3176 Illud
2229 3104 2400 3176 tamen
2447 3111 2554 3175 nos.
2575 3093 2739 3175 ⁸Ωιιοό
2772 3094 2859 3176 hic
2880 3102 2933 3176 et
2954 3093 3189 3176 suprain
3220 3092 3473 3176 \‘itagaii

1876 3165 1943 3220 de
1959 3164 2272 3220 Vliierarchia
2290 3166 2651 3218 εει-Ιρεὶηειῑιιιι
2668 3166 2977 3230 constituta,
3000 3180 3029 3217 a
3052 3164 3181 3217 Caio
3214 3165 3469 3231 pontiﬁce

1877 3238 2120 3291 instituta
2175 3238 2441 3299 dicantur,
2475 3252 2808 3305 nequaquam
2841 3234 2918 3288 sic
2942 3246 3064 3289 sunt
3092 3234 3460 3304 intelligenda.

155 3316 387 3383 suisse,
428 3318 621 3387 quibus
674 3316 949 3389 diligentia
998 3318 1118 3372 ﬁdei
1175 3322 1225 3371 in
1282 3317 1770 3386 Splcndi(“\'$ilnﬂm
1798 3301 1844 3363 C
1876 3311 2026 3377 quasi
2058 3310 2169 3375 ipse
2203 3309 2402 3388 primus
2430 3301 3189 3389 instituerinut‘adsummum
3223 3301 3468 3389 ordinem

156 3410 510 3466 latitudinem
561 3408 826 3480 dirigatur
856 3453 870 3475 ,
924 3420 978 3465 et
1007 3410 1230 3464 sincera:
1262 3409 1626 3479 intelligentiae
1655 3410 1773 3465 luce

158 3505 508 3575 perspiciat,
542 3505 683 3575 quod
717 3506 767 3558 lu
824 3505 960 3559 Filio
1000 3504 1110 3570 Dei,
1154 3506 1242 3574 qui
1276 3520 1334 3559 se
1383 3504 1773 3559 incessabiliter

158 3599 369 3655 Filium
397 3598 653 3663 hominis,
679 3609 732 3655 et
757 3601 1029 3654 hominem
1057 3600 1353 3669 proﬁtetur,
1381 3613 1486 3651 non
1520 3599 1587 3651 sit
1614 3596 1768 3652 Chri-

155 3691 360 3745 stianis
380 3690 822 3757 erubescendum,
844 3690 935 3745 sed
954 3692 1389 3746 constantissime
1406 3690 1763 3760 gloriandum:

157 3782 449 3853 quoniam,
496 3784 633 3837 sicut
678 3784 752 3836 ait
802 3784 987 3837 beatus
1027 3783 1316 3851 Apostolus
1370 3783 1413 3853 (Ι
1442 3781 1599 3847 Tim,
1633 3782 1713 3854 tu)
1747 3800 1758 3835 :

159 3876 426 3947 Magnum
450 3885 521 3930 est
542 3875 742 3947 pietatis
772 3887 1148 3930 sacramentum
1180 3918 1192 3940 ,
1222 3876 1358 3944 quod
1386 3875 1765 3944 manifestatum

154 3979 233 4023 est
263 3969 322 4022 in
344 3984 517 4035 carne,
541 3968 883 4040 justi/iculum
906 3978 975 4023 est
1001 3970 1055 4022 in
1084 3966 1306 4038 Spiritu,
1335 3969 1574 4038 apparuit
1602 3982 1760 4038 ange-

1879 3395 2221 3434 ascensnrus.
2256 3395 2347 3446 per
2391 3379 2701 3433 interiorum
2733 3378 2977 3433 ordinum
3008 3378 3203 3447 gradus
3232 3378 3463 3431 sublime

1881 3450 2167 3504 saecrdotii
2213 3451 2635 3503 εοιιεριιιιιὶιιιοιε
2674 3468 2792 3519 nam
2846 3450 3110 3518 ejusmodi
3142 3447 3461 3501 hicmt‘t'lttzlt

1877 3522 2145 3577 ordinem.
2176 3522 2505 3586 temporibus
2531 3523 2894 3589 apostolorum
2948 3522 2997 3573 in
3035 3519 3273 3573 Ecclesia
3306 3520 3469 3572 stabi-

1877 3593 2028 3647 litum
2061 3593 2247 3652 fuisse.
2266 3607 2423 3660 supra
2454 3593 2700 3659 pluribus
2729 3593 2858 3646 locis
2888 3602 2967 3645 est
2990 3602 3322 3645 enarratum.
3348 3590 3465 3644 Caii

1870 3664 2031 3733 igitur
2047 3664 2321 3719 decretum
2354 3663 2486 3718 nihil
2519 3664 2661 3718 aliud
2690 3665 3033 3719 constituisse
3057 3664 3286 3726 videtur,
3307 3677 3466 3730 quam

1868 3734 2010 3805 quod
2056 3737 2120 3788 ad
2174 3744 2387 3789 tronum
2447 3736 2808 3805 episcopalem
2851 3751 3010 3789 nemo
3041 3733 3464 3805 provelteretur,

1869 3804 1969 3861 nisi
1996 3808 2083 3876 qui
2117 3808 2168 3860 in
2201 3807 2424 3876 singulis
2472 3804 2817 3859 inferioribus
2864 3807 3167 3863 ordinibus.
3197 3804 3383 3857 debito
3404 3818 3466 3857 ac

1868 3888 2128 3932 consueto
2174 3890 2419 3945 tempore
2475 3878 2852 3933 ministrasset.
2890 3877 3021 3933 Vide
3070 3877 3291 3942 Baron.,
3322 3891 3464 3929 atiuo

1865 3949 1990 4007 296.
2017 3966 2241 4005 numero
2280 3950 2333 4001 9..
2382 3951 2581 4003 Seven.
2626 3950 2827 4005 BINIUS.

1937 4022 2019 4091 (5)
2049 4020 2222 4075 Verba
2252 4018 2604 4075 Pontilicalis.

1934 4091 2009 4164 (4)
2040 4094 2141 4146 An.
2170 4091 2370 4147 Christi
2393 4090 2500 4146 296

1395 4196 1772 4259 LECTIONES
1811 4203 2229 4263 VARIANTES.

218 4310 249 4343 ⁸
284 4309 677 4362 Percurrentem
701 4309 845 4361 Labb.

550 4503 710 4585 DE
770 4500 1588 4601 COMMODIANO
1640 4511 2110 4615 GAZ/EO,
2149 4513 2656 4599 ORIGINE
2716 4517 2861 4599 AF
2869 4517 3062 4624 R0,

1939 4318 1971 4356 ³³
2004 4319 2104 4370 Nos
2124 4322 2365 4384 replicare
2389 4322 2485 4374 nisi
2509 4322 2654 4373 Labb.

3183 4421 3420 4443 ..σει-’ναξ

1091 4687 2520 4822 PROLEGOMENA.

769 4886 1060 4927 ARTICULUS
1098 4888 1137 4928 ι.

659 5000 791 5073 Ejus
825 5002 958 5060 Vitae
985 5005 1255 5079 Synopsis.

228 5141 308 5197 De
341 5142 704 5198 Commodiano
737 5143 860 5214 quid
899 5151 1083 5199 veteres
1121 5147 1472 5203 meminerint?
1492 5179 1562 5190 -—
1586 5149 1747 5205 Com-

156 5237 386 5293 modiani
412 5238 613 5308 primus
635 5250 874 5294 veterum
899 5240 1140 5293 meminit
1161 5239 1502 5307 Gennadius,
1527 5244 1751 5316 ejusque

154 5330 516 5387 characterem
541 5332 667 5386 satis
689 5332 826 5386 bene
851 5330 933 5385 his
951 5331 1127 5385 verbis
1144 5336 1410 5398 expressit
1427 5335 1503 5407 (l)
1521 5355 1533 5390 :
1550 5330 1750 5392 ‘tCom-

155 5425 459 5490 modianus,
494 5428 685 5499 inquit,
717 5428 844 5483 dum
872 5430 1013 5484 inter
1041 5432 1329 5485 smculnres
1357 5432 1557 5489 litteras
1583 5437 1743 5490 etiam

154 5531 362 5575 n0stras
391 5523 547 5594 legit,
577 5524 917 5581 occasionem
946 5528 1153 5596 accepit
1182 5520 1322 5582 lidei.
1348 5528 1541 5584 Factus
1568 5531 1745 5602 itaque

156 5609 502 5680 christianos,
532 5625 586 5670 et
608 5618 796 5673 volens
821 5616 1021 5689 aliquid
1049 5620 1350 5675 studiorum
1381 5638 1599 5678 suorum
1630 5641 1744 5680 ntu-

155 5705 293 5759 neris
312 5705 506 5761 olTerre
526 5706 762 5769 Christo,
783 5726 893 5763 sua:
916 5710 1105 5765 salutis
1131 5713 1368 5777 auctori,
1395 5717 1611 5786 scripsit
1637 5733 1748 5772 mc-

157 5793 315 5854 diocri
343 5813 597 5856 sermone
617 5841 633 5867 ,
665 5801 821 5871 quasi
846 5818 1007 5860 versu
1038 5803 1232 5861 librum
1262 5806 1547 5864 adversum
1580 5827 1744 5881 paga-

239 5952 321 6026 (i)
351 5953 625 6023 Gennad.,
654 5956 718 6012 de
748 5956 1001 6031 Scriptor.
1034 5958 1259 6033 ﬂectes,
1289 5978 1406 6034 cap.
1441 5965 1531 6022 15.

1767 4881 1823 4943 D
1850 4894 1968 4937 nos.
2012 4881 2076 4936 Et
2101 4883 2223 4952 quia
2258 4896 2446 4951 parum
2477 4889 2787 4935 nostrarum
2822 4882 3073 4950 attigerat
3114 4882 3416 4937 litterarum
3439 4922 3454 4945 ,

1856 4974 2025 5044 magis
2051 4972 2263 5027 illorum
2288 4973 2569 5028 destruere
2596 4973 2764 5043 potuit
2786 4971 3030 5044 dogmata
3050 5017 3064 5041 ,
3089 4989 3249 5044 quam
3274 4984 3454 5029 nostra

1855 5064 2091 5120 ﬁrmare.
2126 5062 2281 5121 Unde
2312 5073 2367 5119 et
2397 5064 2463 5119 de
2492 5064 2691 5120 divinis
2723 5065 3227 5136 repromissiouibus
3264 5066 3457 5121 adver—

1855 5173 1974 5213 sum
2016 5158 2139 5213 illos
2179 5159 2269 5212 vili
2312 5159 2445 5213 satis
2472 5169 2525 5212 et
2553 5173 2777 5227 crasso,
2809 5169 2866 5213 ttt
2898 5161 2966 5213 ita
2998 5159 3259 5224 dixerim,
3292 5174 3455 5213 sensu

1853 5250 2108 5307 disseruit
2128 5293 2140 5312 .
2166 5250 2270 5306 illis
2299 5259 2573 5321 stuporem
2602 5263 2655 5307 et
2677 5252 2831 5306 nobis
2852 5252 3281 5325 desperationem
3305 5251 3455 5305 incu-

1853 5342 2010 5409 tiens,
2045 5342 2430 5397 Tertullianum
2460 5355 2514 5397 et
2540 5342 2871 5399 Lactantium
2892 5386 2905 5408 ,
2949 5355 2999 5398 et
3024 5344 3240 5413 Papiam
3270 5352 3455 5397 aucto-

1851 5451 1939 5491 res
1970 5447 2187 5490 secutus
2210 5436 2311 5509 (l).
2337 5436 2592 5492 Moralem
2618 5454 2749 5491 sane
2774 5436 3071 5492 doctrinam
3096 5478 3110 5499 ,
3142 5446 3194 5490 et
3221 5434 3453 5490 maxime

1923 5546 2005 5619 (l)
2040 5550 2114 5601 Ac
2143 5563 2274 5602 sane
2304 5546 2520 5620 Papiam
2563 5551 2827 5620 sequitur,
2875 5547 3107 5617 probans
3146 5546 3347 5620 dogma
3385 5548 3453 5620 de

1850 5620 1999 5673 mille
2025 5620 2181 5674 annis
2202 5634 2317 5689 cap.
2355 5619 2563 5675 ultimo.
2589 5619 2977 5674 Tertullianum
3009 5632 3134 5672 vero
3162 5620 3213 5672 in
3242 5619 3449 5685 multis,

1855 5706 1973 5760 qum
2003 5691 2069 5743 de.
2097 5692 2338 5758 gentium
2369 5692 2470 5744 (liis
2497 5691 2751 5759 disputat.
2790 5691 2861 5744 De
2892 5689 3171 5743 Laetantio
3201 5690 3451 5760 equidem

1856 5761 2045 5815 dubito
2073 5764 2287 5833 (inquit
2320 5763 2604 5828 perdoctus
2636 5762 2894 5815 Albertus
2926 5760 3200 5833 Fabricius
3233 5759 3450 5833 llt‘Blbl.

1856 5834 1991 5886 med.
2022 5845 2066 5885 et
2083 5830 2261 5896 'irﬁm.
2302 5832 2549 5898 latinatis,
2578 5841 2710 5886 tom.
2741 5849 2788 5891 ι,
2818 5848 2939 5902 pag.
2971 5832 3100 5896 406,
3134 5831 3263 5887 edit.
3297 5830 3452 5885 Pata-

1855 5904 2020 5967 vinae,
2057 5905 2244 5971 1754),
2275 5905 2400 5958 licet
2431 5903 2712 5959 Gennadio
2740 5904 2841 5959 hac
2870 5904 2921 5958 in
2954 5914 3102 5972 parte
3130 5902 3451 5972 suffragatus

1859 5975 2096 6046 primum
2132 5985 2220 6033 εει
2256 5977 2427 6033 etiam
2464 5974 2731 6046 Rigaltius
2756 5975 2918 6049 (nam
2945 5977 3001 6033 in
3029 5973 3174 6032 curis
3201 5975 3452 6034 secundis
