4060 6290
920 277 934 284 η
955 271 1438 310 ⁴,,,;ττδτφ,ῗηρ-
1466 280 1488 285 _,
1630 279 1723 285 Vm..-
1753 278 1780 286 ...
1803 279 1842 286 --.
1861 282 1868 285 .
1889 280 1897 286 .
1922 281 1986 292 -..,

609 399 706 462 191

1991 281 2039 289 η...
2051 281 2089 289 νιν
2106 280 2119 287 υ
2129 282 2232 292 ...ιν-

1527 414 1616 475 DE
1653 417 2107 480 COMMODIANO
2143 423 2415 495 GAZACO,
2455 423 2734 486 ORIGINE
2760 425 2964 488 AFRO.

3789 426 3900 492 19f!

604 521 918 581 voluntarias
958 529 1284 597 paupertatis
1313 544 1552 586 amorem
1583 536 1783 604 optime
1830 550 2147 608 prosecutus
2169 582 2182 605 ,
2216 544 2258 602 Α
2290 541 2594 598 christiana:
2622 561 2846 614 expers,
2879 548 3108 604 etbnicm
3136 563 3264 605 vero
3293 549 3663 622 superstitioni
3705 552 3893 615 adhuc

607 614 944 671 studentibus
988 617 1272 675 inculcavit
1307 641 1352 676 ι.
1399 623 1526 680 Ηίυο
1570 625 1876 684 Gennadius
1911 650 1924 683 :
1971 647 2038 688 ex
2081 648 2190 701 quo

603 708 825 776 paucula
869 708 1134 768 Honorius
1163 729 1376 786 quoque
1406 719 1907 789 Augusmdunensis
1937 723 2039 796 (l).
2084 726 2190 783 Sed

602 808 725 868 post
755 801 1139 859 massiliensem
1173 809 1544 882 presbyterum
1576 815 1817 871 meminit
1845 819 2004 872 etiam
2026 820 2188 875 Com-

601 891 834 946 modiani
861 892 1110 952 Gelasius
1134 914 1390 957 romanus
1417 905 1686 974 pontifex,
1717 909 1859 966 illius
1887 926 2024 984 opus
2049 914 2192 972 inter

600 988 930 1058 aprocrypba
958 990 1012 1044 itt
1041 1005 1140 1045 suo
1167 993 1392 1051 decreto
1418 1014 1729 1056 recensens.

670 1076 862 1133 Auctor
885 1079 1126 1138 Casurum
1150 1101 1203 1140 se
1227 1089 1488 1158 nominat,
1509 1108 1602 1147 cur
1626 1109 1740 1148 vero
1755 1094 1780 1148 ?
1798 1125 1869 1135 —
1884 1096 2043 1167 Cujas
2062 1116 2190 1158 vero

597 1169 756 1228 fuerit
777 1173 865 1232 hic
893 1189 1098 1245 auctor,
1131 1182 1287 1252 plane
1317 1185 1739 1258 incompertum,
1784 1193 2082 1250 tacentibus
2121 1197 2189 1254 de

595 1265 765 1336 patria
797 1268 913 1338 ejus
941 1271 1178 1343 antiquis
1207 1276 1582 1346 scriptoribus.
1611 1280 1862 1338 Nonnulli
1891 1299 2012 1340 eum
2045 1287 2189 1345 Italis

594 1373 658 1414 ac
687 1360 942 1419 Romanis
967 1367 1262 1424 ascribunt.
1287 1369 1386 1438 Qui
1413 1385 1536 1426 eum
1561 1373 1744 1428 Afrum
1775 1374 1940 1434 fuisse
1967 1389 2185 1449 putant,

593 1453 957 1523 conjecturam
985 1457 1243 1516 adhibent
1272 1477 1378 1518 non
1409 1465 1564 1535 plane
1589 1471 2061 1529 contemnendam.
2086 1472 2190 1530 Ga-

600 1559 762 1600 za’um
801 1547 1012 1616 quidem
1055 1566 1114 1607 se
1155 1553 1330 1624 ipsum
1373 1568 1529 1612 vocat
1571 1558 1648 1632 (2)
1677 1578 1691 1614 :
1722 1571 1899 1618 utrum
1937 1575 2115 1621 autem
2156 1582 2187 1622 a

592 1636 733 1694 Gaza
779 1641 1075 1700 Palaestinae
1118 1648 1284 1712 urbe,
1327 1652 1447 1721 quis
1490 1660 1604 1708 tttto
1646 1655 1982 1714 adlirmarit?
2025 1662 2187 1734 Atqui

589 1745 721 1788 vero
748 1735 966 1804 propius
991 1739 1217 1795 eruditis
1242 1742 1453 1799 videtur
1479 1744 1582 1818 (ὅ),
1613 1748 1783 1818 ipsum
1811 1761 2092 1822 propterea
2118 1754 2187 1810 ita

591 1839 652 1881 se
677 1829 1016 1900 appellasse,
1047 1833 1189 1902 quod
1221 1835 1274 1891 in
1305 1836 1720 1896 christianorutn
1751 1855 1950 1900 emtum
1981 1847 2185 1904 admis-

2292 638 2536 695 addictus
2559 650 2703 696 esset
2720 639 3156 712 Commodianus,
3185 654 3237 702 et
3264 647 3318 702 in
3349 648 3589 725 tenebris
3615 652 3888 721 supersti-

2293 731 2543 787 tiosarum
2571 743 2624 788 et
2647 735 2930 806 impiarum
2953 738 3192 807 gentium
3211 749 3540 809 versaretur,
3573 743 3663 799 Dei
3690 761 3888 802 mune-

2292 842 2350 881 re
2369 827 2592 894 accidit,
2623 838 2681 884 ut
2703 831 2869 886 sacris
2893 831 3087 888 litteris
3109 833 3420 890 evolvendis
3444 835 3764 893 incumbens
3783 880 3798 904 ,
3822 853 3892 894 ex

2291 935 2472 976 earum
2503 922 2734 983 lectione
2759 940 2789 980 e
2817 934 2974 981 nocte
3002 926 3090 982 illa
3113 931 3314 985 sensim
3337 943 3667 1003 emergeret,
3689 947 3754 989 ac
3779 949 3895 992 ca:-

2292 1013 2408 1070 lesti
2443 1018 2643 1073 lumine
2681 1019 3055 1085 collustratus,
3089 1021 3307 1077 Christo
3335 1039 3528 1079 nomen
3568 1025 3724 1082 daret
3765 1026 3890 1101 (1):

2291 1107 2433 1178 quod
2456 1110 2671 1180 quidem
2698 1113 2946 1169 evenisse
2969 1114 3095 1169 item
3123 1114 3334 1171 Justino
3361 1117 3609 1190 Martyri,
3637 1119 3890 1188 Taliane,

2291 1201 2544 1274 aliisque,
2573 1219 2638 1258 ex
2664 1220 2850 1261 eorum
2882 1210 3244 1264 monumentis
3273 1211 3441 1280 probe
3469 1211 3738 1270 novimus.
3771 1214 3887 1271 Do-

2290 1295 2462 1349 ctrina
2503 1295 2684 1368 itaque
2714 1299 2932 1354 salutari
2964 1299 3316 1357 conﬁrmatus
3335 1345 3350 1367 ,
3383 1304 3613 1377 ﬁdeique
3643 1307 3762 1362 zelo
3792 1324 3889 1364 ac-

2290 1403 2517 1457 census,
2557 1391 2622 1444 ad
2662 1394 3046 1466 expugnandos
3090 1396 3356 1468 imprimis
3399 1399 3594 1456 divina:
3641 1403 3891 1460 veritatis

2291 1481 2523 1538 hostium
2567 1499 2782 1541 errores
2823 1502 2883 1543 se
2922 1491 3221 1556 convertit,
3269 1508 3598 1565 operamque
3637 1510 3790 1551 suam
3837 1498 3894 1554 in

2291 1575 2599 1632 relellendis
2631 1577 2842 1634 illorum
2869 1582 3150 1637 erroribus
3176 1584 3390 1655 posuit;
3423 1584 3584 1655 hujus
3611 1586 3774 1657 igitur
3801 1588 3895 1644 in-

2291 1667 2460 1721 stituti
2489 1683 2648 1723 causa
2682 1669 2920 1725 libellum
2949 1673 3270 1742 conscripsit
3299 1673 3402 1729 sub
3443 1676 3628 1732 titulo:
3680 1677 3896 1733 Instru-

2291 1759 2478 1814 ctioues
2497 1760 2740 1815 adversus
2760 1766 2984 1832 gentium
3006 1761 3145 1818 Deos
3169 1781 3262 1832 pro
3285 1767 3566 1822 christiana
3585 1769 3892 1838 disciplina.

2290 1849 2613 1906 Perswinxit
2635 1854 2708 1907 lin
2753 1868 2814 1907 ea
2856 1853 2990 1911 falsa
3025 1857 3265 1927 gentium
3297 1859 3547 1927 numina,
3583 1876 3895 1932 pravosque

589 1934 680 1974 sus
701 1962 716 1987 ,
765 1937 796 1977 e
834 1925 1224 1998 gazophylacio
1245 1972 1259 1995 ,
1289 1946 1386 1986 seu
1415 1931 1677 1990 Ecclesia:
1705 1936 1958 1996 thesauro
1985 1942 2185 1999 victum
2215 1947 2265 2007 B
2291 1943 2487 2012 cultus,
2511 1957 2566 2001 et
2586 1947 2830 2016 quamvis
2858 1925 3056 2020 ingenii
3085 1962 3248 2022 atque
3269 1953 3402 2009 artis
3429 1957 3740 2023 prteStantia
3770 1957 3897 2014 beic

589 2015 880 2085 acciperet.
916 2021 1085 2086 Quam
1117 2023 1335 2092 quidem
1375 2026 1740 2098 conjecturam
1781 2033 2009 2103 ipsemet
2048 2051 2181 2091 con-

589 2105 804 2163 ﬁrmare
827 2124 1103 2178 censetur,
1132 2113 1262 2170 dum
1289 2119 1576 2174 mendicum
1603 2121 1792 2177 Christi
1817 2139 1878 2181 se
1905 2128 2181 2196 nominat,

592 2199 669 2255 uti
701 2215 765 2256 ex
796 2201 1168 2261 instructionis
1205 2207 1408 2266 ultima:
1445 2213 1670 2283 litteris,
1703 2233 1822 2287 qtne
1866 2235 2056 2278 versus
2101 2221 2184 2278 in-

588 2292 790 2350 choaut
813 2338 828 2363 ,
861 2310 1008 2353 retro
1037 2315 1252 2357 sursum
1285 2305 1557 2377 legendis,
1589 2315 1968 2382 comperimus.

659 2385 784 2458 Afer
809 2390 1147 2449 existimatur.
1176 2394 1305 2451 Utut
1331 2399 1430 2466 sit,
1466 2401 1779 2462 Dodwellus
1803 2406 1989 2464 Afrum
2019 2411 2185 2470 fuisse

586 2481 1032 2542 Commodiauum
1057 2503 1126 2542 ex
1151 2504 1218 2545 eo
1245 2494 1464 2562 conjicit
1489 2497 1571 2568 (4)
1600 2499 1740 2570 quod
1771 2503 1938 2558 multa
1966 2505 2077 2560 suis
2103 2507 2184 2562 in-

586 2575 972 2634 structiunibus
994 2580 1190 2638 habeat
1209 2598 1331 2641 cum
1354 2599 1541 2646 sancto
1562 2592 1831 2665 Cypriano
1854 2601 2188 2656 communia.

588 2664 647 2723 In
670 2669 916 2726 eamdem
942 2687 1104 2743 porro
1124 2681 1446 2736 sententiam
1471 2664 1753 2754 praeiverat
1780 2689 2038 2763 Rigaltius
2069 2695 2181 2769 (5):

587 2775 698 2831 quo
723 2762 907 2832 judice
928 2807 943 2832 ,
974 2769 1150 2836 stylus
1177 2773 1417 2830 auctoris
1444 2775 1698 2834 africante
1725 2762 1939 2839 ferociae
1969 2762 2185 2843 rustici-

587 2865 751 2913 tatem
782 2861 956 2930 sapit;
984 2879 1104 2934 qua:
1137 2877 1314 2923 tamen
1346 2870 1412 2924 ad
1444 2874 1692 2930 acumina
1721 2876 2054 2948 Tertulliani,
2082 2881 2185 2955 Cy-

588 2953 797 3024 priani,
849 2956 1062 3015 Minucii
1115 2977 1220 3019 non
1274 2963 1642 3038 iufrequenter
1682 2971 1894 3028 alludit.
1945 2953 2185 3035 Suadere

589 3045 809 3118 insuper
834 3050 1083 3109 videntur
1105 3056 1290 3126 judice
1327 3061 1506 3119 Caveo
1537 3063 1615 3135 (ϐ)
1635 3106 1652 3131 ,
1681 3081 1802 3137 qua:
1831 3083 2059 3141 usurpat
2089 3088 2184 3127 vo-

586 3144 797 3213 cabula,
828 3148 960 3206 atris
988 3151 1342 3223 scriptoribus
1367 3172 1506 3228 pene
1533 3161 1769 3230 propria,
1799 3161 2054 3233 Zabulus,
2087 3167 2184 3223 Za-

583 3251 750 3294 cones
771 3281 788 3307 ,
826 3252 928 3300 etc.

2290 2037 2469 2094 minus
2508 2049 2798 2111 appareat,
2845 2043 2977 2097 satis
3018 2053 3194 2100 tamen
3227 2044 3555 2116 singularem
3586 2050 3888 2106 sanctimo-

2291 2133 2433 2188 niam
2451 2175 2467 2198 ,
2493 2149 2803 2206 verumque,
2833 2150 2933 2192 nec
2958 2137 3265 2194 simulatum
3293 2155 3418 2210 erga
3448 2140 3616 2198 Deum
3642 2156 3891 2202 amorem

2289 2224 2603 2282 declaravit.

2289 2343 2294 2360 ί
2361 2315 2581 2390 Tempus
2609 2321 2904 2390 inquiritur,
2933 2339 3031 2390 quo
3062 2323 3248 2379 claruit
3279 2324 3695 2382 Commodianum.
3717 2357 3792 2369 —
3814 2329 3893 2400 De

2288 2421 2468 2479 aetate,
2499 2430 2602 2482 qua
2631 2417 2825 2471 vixerit
2849 2417 3301 2486 Commodianus,
3329 2420 3524 2476 eruditi
3555 2437 3662 2477 non
3689 2436 3895 2479 conve-

2290 2506 2464 2561 niunt.
2498 2507 2757 2579 Rigaltitts
2790 2508 2891 2582 (2),
2925 2511 3180 2581 Dupinius
3209 2513 3314 2584 (5),
3347 2513 3652 2570 Ceillierius
3682 2517 3764 2588 (4)
3795 2517 3897 2573 llo-

2290 2599 2465 2654 ruisse
2493 2613 2616 2653 eum
2652 2609 2838 2668 putant
2868 2602 3205 2657 Constantini
3237 2603 3411 2675 Magni
3454 2606 3700 2676 imperio,
3730 2618 3897 2679 atque

2290 2691 2390 2746 sub
2433 2691 2745 2762 pontificatu
2786 2695 2958 2750 sancti
2998 2695 3305 2767 Sylvestt-i,
3340 2700 3494 2766 cujus
3532 2698 3800 2770 pontificis
3838 2703 3895 2758 in

2288 2781 2502 2852 scriptis
2554 2784 2665 2839 suis
2717 2784 3158 2843 Commodiauum
3213 2789 3562 2856 meminisse,
3619 2795 3896 2850 communi

2289 2877 2619 2932 eruditorum
2659 2879 2911 2949 opinione
2956 2879 3144 2937 fet‘tur.
3193 2883 3563 2954 Atttiquiorem
3610 2895 3788 2941 tamen
3831 2903 3897 2942 ac

2287 2971 2558 3042 Cypriauo
2583 2972 2668 3027 vel
2692 2973 2953 3044 aequalem
2973 3016 2988 3040 ,
3017 2975 3102 3030 vel
3131 2989 3418 3046 supparetn
3448 2977 3614 3033 fuisse
3642 2979 3899 3037 Dodwelo

2290 3065 2376 3121 lus
2417 3068 2623 3122 censuit
2663 3068 2777 3139 (5);
2821 3083 2989 3139 quare
3017 3068 3258 3136 Caveus,
3291 3085 3412 3125 cum
3443 3070 3495 3126 in
3527 3072 3697 3140 prima
3727 3073 3897 3128 Com-

2289 3160 2537 3216 mentarii
2578 3161 2660 3214 sui
2700 3159 2770 3215 de
2807 3161 3158 3230 scriptoribus
3197 3161 3577 3217 ecclesiasticis
3617 3163 3890 3230 editione,

2289 3251 2429 3306 inter
2465 3254 2640 3324 quarti
2679 3253 2860 3308 sreculi
2903 3253 3196 3322 scriptores
3222 3253 3666 3310 Commodiauum
3697 3273 3896 3313 recen-

663 3331 746 3387 Εω
772 3337 974 3394 erant“;
1001 3344 1362 3412 superstitione
1387 3348 1457 3400 ad
1485 3349 1638 3417 ﬁdem
1664 3349 1857 3407 cmi“.-
1879 3345 2184 3424 cohm-w,’
2211 3347 2256 3409 Ο
2291 3344 2517 3412 suisset,
2547 3345 2598 3399 in
2629 3345 2795 3400 altera
2824 3346 3115 3401 Ottoniensi
3144 3347 3379 3403 editione
3412 3348 3673 3405 Dodwelli
3699 3350 3894 3421 conje-

587 3423 811 3481 libellum
833 3433 1136 3501 composuit.
1156 3433 1534 3494 Instructiones
1549 3441 1791 3498 adversus
1810 3447 2034 3515 gentium
2052 3423 2187 3504 Deos

583 3518 904 3593 inscriptum.
927 3555 1001 3566 —
1019 3526 1152 3583 Ortu
1177 3539 1227 3585 et
1258 3531 1404 3586 cultu
1431 3531 1602 3591 fuisse
1625 3538 1920 3602 cthnicum.
1948 3543 2079 3597 satis
2105 3545 2186 3600 in-

586 3611 729 3669 dicat
755 3615 871 3685 ipse
894 3633 1019 3673 cum
1049 3620 1100 3674 in
1132 3623 1449 3692 prmfatione
1474 3627 1577 3701 (7),
1607 3637 1717 3685 tum
1743 3631 1871 3688 dum
1897 3634 2025 3690 alibi
2049 3650 2181 3707 gen-

586 3705 708 3762 tiles
736 3708 814 3763 sic
843 3709 1135 3781 alloquitur
1165 3713 1246 3787 (8)
1271 3735 1286 3771 :

761 3823 824 3900 Et
847 3839 960 3890 ego,
987 3831 1070 3893 qui
1093 3843 1290 3896 moneo,
1316 3835 1446 3886 idem
1467 3837 1535 3887 fui
1550 3877 1565 3899 ,
1593 3841 1794 3890 nescius
1817 3853 2003 3892 errans.

587 3928 716 3987 inde
746 3932 1103 3994 lnstructione
1135 3957 1222 3996 ut
1241 3984 1257 4009 ,
1291 3959 1345 3996 se
1374 3944 1438 3998 de
1465 3946 1642 4000 cloaca
1671 3947 1892 4002 levatum
1929 3949 2096 4013 dicit,
2129 3951 2181 4006 id

585 4034 688 4094 est,
733 4027 802 4085 de
833 4035 1066 4099 saeculo,
1096 4032 1165 4090 de
1196 4035 1523 4096 idololatria.
1558 4040 1689 4097 Cum
1720 4043 1879 4112 igitur
1906 4045 2181 4117 religionis

585 4164 907 4246 adinstruct.
928 4185 1118 4246 gxsttt,
1136 4170 1260 4246 huic
1271 4175 1553 4232 sententiae
1576 4177 1689 4246 ipse
1709 4193 1812 4232 non
1833 4181 2061 4236 multum
2085 4184 2180 4238 tri-

585 4235 698 4290 buit
733 4235 751 4310 )
789 4241 880 4308 qui
924 4235 1184 4312 Sylvestri
1236 4248 1504 4314 poutilicis
1549 4235 1874 4306 mentionem
1926 4235 2060 4308 lierii
2089 4235 2177 4308 in-

584 4317 763 4363 struet.
790 4326 986 4377 χχχιιι,
1008 4329 1059 4367 v.
1086 4314 1140 4380 5,
1164 4331 1268 4371 non
1297 4319 1590 4380 dubitavit;
1623 4321 1690 4374 ita
1710 4323 1853 4376 enim
1875 4323 2020 4379 illum
2052 4342 2176 4381 ver-

585 4395 703 4462 sum
746 4382 871 4466 legit
883 4400 905 4466 ξ
936 4382 1137 4466 Iit-truta
1160 4389 1377 4466 stabulis
1406 4392 1660 4464 Sylvestri
1685 4394 1754 4447 ad
1780 4411 2008 4466 prtesepe
2037 4396 2173 4453 Pas-

583 4452 728 4529 toris.
759 4454 962 4529 Confer
990 4456 1192 4514 thrtbii
1223 4452 1514 4518 Adversar.
1547 4480 1669 4529 LIII,
1701 4467 1757 4522 5.

769 4523 970 4608 lionor.
993 4533 1314 4608 Augustum.
1337 4534 1401 4590 de
1431 4523 1686 4608 Scriptor.
1706 4539 1860 4606 eccl.,
1880 4539 1916 4595 l.
1938 4557 1993 4608 tt,
2015 4542 2172 4598 0.15.

679 4596 736 4667 Ξ)
766 4596 1354 4661 ΟυηιιηοάηἾηεινιισι.
1389 4596 1566 4663 LXXX:

677 4669 734 4734 ὅ)
778 4668 1020 4751 Gaewum
1061 4688 1121 4728 se
1165 4687 1348 4751 vocat,
1396 4696 1500 4734 non
1532 4680 1600 4734 ab
1627 4681 1759 4736 urbe
1787 4683 1994 4751 aliqua,
2032 4684 2175 4741 Gaza

2289 3440 2456 3494 cturis
2485 3450 2661 3495 motus
2687 3441 2739 3496 in
2763 3441 2951 3497 eadem
2978 3456 3099 3497 cum
3130 3442 3247 3513 ipso
3272 3446 3591 3500 sententiam
3622 3446 3772 3501 abiit.
3806 3446 3894 3502 Ad

2292 3543 2530 3602 tempora
2578 3534 2760 3589 saeculi
2811 3536 3033 3591 secundi
3083 3539 3382 3608 vergentis,
3435 3539 3548 3594 sive
3595 3540 3896 3597 desinentis

2287 3625 2537 3682 eumdem
2571 3628 2730 3682 refert
2763 3627 3098 3684 Sebastianus
3131 3628 3288 3684 Pauli
3319 3631 3436 3705 (6),
3467 3632 3697 3690 clericus
3728 3650 3896 3706 regu-

2286 3719 2414 3774 laris
2442 3721 2493 3774 in
2523 3721 2899 3776 dissertatione
2925 3721 3105 3777 italice
3129 3722 3269 3778 edita
3292 3722 3538 3795 Neapoli,
3567 3727 3727 3791 l7”,
3753 3728 3806 3783 in
3831 3730 3894 3783 8°

2287 3817 2350 3867 de
2383 3813 2532 3868 Ροεεὶ
2560 3813 2666 3870 SS.
2703 3813 2919 3869 Patrum
2945 3833 3259 3888 grwcorum,
3293 3816 3667 3890 latinorumque
3693 3821 3747 3876 in
3777 3825 3894 3893 pri-

2284 3909 2379 3963 mis
2409 3908 2650 3964 Ecclesia:
2671 3908 2862 3965 Christi
2883 3913 3100 3966 sarculis.

2357 4002 2650 4059 Gennadius
2679 4022 2948 4075 expensus.
2977 4037 3049 4048 —
3075 4006 3130 4063 Si
3160 4023 3285 4061 vero
3315 4007 3652 4064 Genuadium
3697 4011 3890 4066 audia-

2283 4113 2434 4163 mus,
2488 4101 2826 4154 statuendum
2883 4101 3093 4157 videtur
3140 4103 3336 4157 szeculo
3387 4120 3460 4169 tv,
3515 4113 3572 4158 ut
3622 4106 3886 4174 nimium,

2284 4193 2478 4249 vixisse
2497 4193 2940 4250 Commodiauum
2962 4214 2977 4250 ι
3000 4196 3072 4250 ait
3091 4197 3234 4250 enim
3254 4240 3269 4263 ,
3300 4198 3474 4268 ipsum
3509 4197 3889 4257 Tertullianum

2282 4299 2327 4344 et
2361 4289 2710 4357 Lactantium,
2743 4301 2788 4343 et
2821 4288 3040 4359 Papiam
3071 4301 3300 4344 auctores
3327 4292 3485 4362 fuisse
3512 4305 3759 4361 secutum.
3792 4298 3889 4349 At-

2281 4398 2387 4453 que
2413 4381 2553 4438 hauc
2585 4383 2748 4438 fuisse
2776 4383 2992 4454 quidem
3015 4382 3276 4439 Gennadii
3299 4385 3618 4440 sententiam
3645 4387 3886 4458 plerique

2282 4477 2672 4532 existimarunt.
2702 4477 2898 4531 Verum
2931 4478 2974 4531 si
3003 4477 3118 4548 ejus
3142 4478 3304 4532 verba
3331 4479 3559 4546 penitius
3587 4480 3885 4550 iuSpician-

2283 4580 2388 4636 tur,
2419 4587 2524 4626 nun
2553 4581 2678 4627 sunt
2704 4570 2933 4627 fortasse
2956 4572 3023 4628 de
3047 4573 3213 4628 nostri
3245 4573 3522 4644 scriptoris
3545 4582 3705 4628 actate
3728 4573 3889 4630 intel-

2280 4665 2491 4736 ligenda
2511 4707 2526 4732 ,
2550 4666 2643 4723 sed
2674 4668 2852 4738 potius
2879 4668 2946 4723 de
2973 4667 3181 4738 placitis
3205 4668 3498 4733 nonnullis,
3524 4683 3645 4737 quae
3673 4684 3732 4724 re
3757 4685 3883 4724 vera

581 4739 722 4819 dicta
744 4745 882 4819 ;ﬂsed
909 4760 936 4795 a
964 4760 1118 4819 gaza,
1166 4763 1259 4803 seu
1291 4739 1548 4807 Ecclesiae
1577 4753 1849 4819 thesauro,
1880 4739 1942 4810 ut
1967 4739 1995 4810 εί
2024 4739 2174 4812 cum;
2199 4751 2252 4810 D
2278 4776 2400 4815 cum
2431 4761 2495 4815 iis
2520 4763 2828 4817 auctoribus
2857 4761 3107 4818 habuisse
3133 4763 3434 4816 communia
3461 4760 3884 4819 Commodianus

583 4811 743 4896 modo
767 4810 1181 4896 Cm_t_tm_6dianu_s
1206 4821 1504 4896 dicebatur.
1538 4824 1650 4879 Hoc
1680 4810 1874 4882 nomen
1904 4840 2018 4882 erat
2037 4810 2176 4896 gen-

583 4882 788 4968 tilium;
833 4885 1000 4968 illud,
1048 4889 1378 4968 christianos
1422 4894 1532 4962 jam
1583 4896 1754 4952 lactus
1794 4900 1894 4952 sibi
1939 4882 2169 4968 indidit;

585 4953 743 5036 idque
776 4969 881 5010 non
913 4958 1011 5012 alia
1043 4958 1227 5040 forsan
1258 4953 1469 5021 ratione
1493 5009 1507 5027 ,
1535 4983 1692 5036 quam
1722 4971 1863 5038 quod
1896 4980 2012 5040 post
2045 4953 2175 5025 con:

581 5027 887 5101 versionem
920 5043 1118 5098 panper
1144 5033 1334 5101 laetus,
1361 5053 1426 5093 ex
1455 5027 2010 5095 minotauri-Ecclesia
2039 5059 2172 5096 arra-

580 5097 664 5171 tjo
693 5100 1007 5171 nutriretur.
1037 5102 1190 5160 Unde
1217 5118 1271 5163 et
1298 5097 1586 5163 mendicum
1607 5110 1798 5165 Clu-isti
1822 5127 1882 5166 se
1910 5115 2167 5171 nominat.

580 5167 734 5250 Cav_.,
767 5169 908 5250 gist.
940 5172 1179 5250 li_t_terar..
1212 5189 1345 5236 tom.
1377 5197 1425 5245 t,
1460 5197 1580 5250 pag.
1617 5182 1717 5236 l36
1744 5190 1798 5235 et
1826 5182 1954 5238 257.

767 5242 1050 5329 ρριινχθιιη
1083 5249 1339 5329 dissertat.
1363 5241 1436 5329 ge
1461 5241 1637 5329 Ὲὶαζ.
1669 5251 1959 5325 Commod.,
1993 5255 2020 5329 §
2049 5257 2103 5313 9.

770 5314 988 5393 liigull”
1021 5309 1226 5393 prmfat.
1259 5326 1326 5378 ad
1354 5323 1636 5379 Commod.

650 5385 731 5453 (6)
762 5385 966 5442 Cautus
985 5432 1001 5457 ,
1022 5385 1154 5447 vloct')
1182 5397 1273 5449 cit.

664 5475 736 5537 (7)
825 5476 937 5544 Ego
958 5481 1184 5532 similiter
1209 5487 1370 5536 erravi
1398 5492 1620 5544 tempore
1651 5487 1804 5538 multo

825 5539 969 5617 fama
992 5548 1342 5617 prosequendo
1363 5539 1686 5617 :_paren_tibus
1711 5551 1894 5617 iusiciis
1916 5555 2035 5617 ipsis

832 5602 1023 5654 Abstuli
1049 5622 1130 5679 me
1141 5602 1354 5679 tandem
1380 5602 1494 5679 inde
1511 5650 1525 5669 ,
1542 5610 1766 5679 legendo
1790 5615 1855 5664 de
1882 5602 2017 5679 lege.

1113 5671 1414 5739 (Commod.
1446 5674 1497 5727 itt
1534 5671 1778 5746 I’rZefat..
1814 5694 1870 5735 γ.
1901 5671 2033 5734 ΙῘ-
2056 5681 2137 5754 6.)

648 5753 728 5827 (8)
754 5755 1036 5838 Commod.
1068 5763 1300 5820 instruct.
1348 5781 1562 5838 xxxnt,
1595 5783 1648 5823 v.
1673 5768 1800 5838 491,
1850 5782 1905 5829 et
1935 5775 2170 5833 instruct.

579 5841 789 5897 xxxvr,
821 5845 874 5884 v.
905 5831 1045 5888 574:

829 5920 968 5973 Gens
992 5931 1045 5974 et
1068 5939 1166 5988 ego
1187 5930 1262 5979 sui
1284 5942 1519 5995 perversa
1541 5941 1710 5986 mente
1733 5943 1967 6004 moratus,
2075 5940 2139 5988 ,ιιῗ
2161 5980 2170 5988 .

2277 4854 2643 4923 compcritur:
2686 4855 2919 4925 alioquin
2967 4853 3224 4909 dicendus
3270 4862 3417 4909 esset
3462 4857 3749 4927 presbyter
3791 4857 3882 4914 ille

2277 4949 2629 5004 massiliensis
2675 4950 2987 5015 censuisse,
3039 4948 3256 5019 Papiam
3305 4949 3636 5005 Tertulliano
3675 4960 3731 5005 et
3776 4951 3882 5006 La-

2276 5043 2478 5097 ctantio
2499 5042 2661 5097 fuisse
2684 5043 3059 5112 posteriorem,
3081 5058 3238 5113 quem
3261 5041 3505 5098 videlicet
3525 5043 3882 5114 scriptoribus

2274 5137 2381 5193 illis
2422 5139 2697 5210 subjiciat;
2740 5138 2882 5209 quod
2924 5154 3053 5192 sane
3099 5138 3371 5194 affirmare
3418 5156 3522 5194 non
3568 5142 3780 5196 ausim:
3826 5155 3882 5198 ut

2275 5231 2531 5302 proinde,
2566 5246 2690 5288 meo
2717 5229 2929 5302 quidem
2958 5229 3190 5302 judicio,
3233 5231 3364 5287 illud
3397 5232 3572 5287 solum
3604 5233 3667 5288 iis
3697 5233 3878 5291 verbis

2356 5430 2434 5502 (1)
2464 5430 2744 5486 Commod.
2778 5431 2827 5483 in
2867 5430 3104 5502 Prtefat.,
3132 5431 3334 5487 Versus
3359 5434 3392 5487 4
3419 5464 3490 5475 —-
3515 5432 3571 5490 6.

2354 5501 2434 5571 (‘2)
2464 5502 2684 5571 Rigalt.,
2719 5502 2934 5570 Prtefat.
2963 5504 3016 5557 in
3044 5501 3511 5560 Commodianum.

2355 5574 2435 5701 g5)
2472 5575 2688 5642 Dupin.,
2733 5574 2866 5629 Bibl.
2908 5575 2994 5628 des
3034 5576 3271 5657 Auteurs,
3316 5588 3445 5631 tom.
3489 5595 3536 5643 ι,
3579 5593 3634 5650 p.
3675 5578 3783 5636 526
3821 5589 3877 5636 et

2283 5645 2353 5701 ’52
2410 5689 2422 5701 .
2453 5647 2503 5700 in
2529 5645 2652 5700 Not.
2686 5647 2815 5701 edit.
2847 5645 3035 5700 Colon.
3071 5647 3268 5701 lanna).

2283 5645 2422 5705 528.
2453 5647 2503 5700 in
2529 5645 2652 5700 Not.
2686 5647 2815 5701 edit.
2847 5645 3035 5700 Colon.
3071 5647 3268 5701 latina).
3579 5645 3597 5650 ’

2356 5717 2435 5793 (ᾖ)
2462 5717 2719 5793 Ceillier._,
2744 5716 2880 5793 "ist.
2908 5715 3176 5793 General!
3195 5728 3324 5773 tom.
3350 5736 3425 5781 tv.
3451 5736 3569 5792 cap.
3590 5722 3644 5787 6,
3670 5738 3705 5793 p
3748 5723 3871 5778 179.

2322 5787 2775 5881 "(5)mll)‘2dvvell$;
2799 5787 3014 5845 Dissert.
3046 5789 3110 5844 de
3137 5790 3490 5847 Commodiani
3518 5787 3698 5862 ἰαστί,
3727 5794 3874 5851 Oxo-

2281 5865 2442 6006 n"(.6)‘
2452 5861 2845 5996 sigilli—tida
2863 5976 2877 6004 ,
2898 5932 3117 5993 Dissert.
3139 5936 3202 5993 de
3216 5936 3372 5995 Ροεδί
3389 5937 3500 5996 SS.
3523 5935 3638 5994 PP.
3663 5953 3716 6009 p.
3740 5937 3864 5995 180.
