4060 6364
186 391 272 448 195
1111 374 1200 438 DE
1229 370 1677 437 COMMODIANO
1709 368 1984 444 GA'L/EO,
2023 368 2308 435 ORlGlNE
2344 368 2549 431 AFRO.
3340 364 3438 421 194

181 504 461 560 insinuasse
502 495 808 555 Gennadius
851 494 1110 559 videatur,
1164 493 1606 550 Commodianum
1652 491 1756 545 ali»
1780 495 1833 554 Α
1859 499 2026 546 strqu
2057 491 2197 547 intra
2228 490 2368 546 tertii
2399 486 2584 544 saaculi
2636 483 2836 542 limites
2891 493 3013 539 esse
3061 477 3440 537 coercendum.

182 597 285 652 cubi
323 603 583 649 sectatum
627 591 818 659 fuisse,
863 607 983 662 qua:
1025 590 1214 657 Papias
1257 589 1518 660 primunt,
1561 585 1756 641 deinde
1937 625 1954 657 ε
1982 605 2206 675 δωρεὴ
2250 601 2662 659 Commodimws
2708 599 2790 653 νει
2841 610 2972 666 pace
3023 593 3237 650 vixdum
3292 589 3448 662 ριεηε

182 691 218 744 Τ
221 688 522 744 crtullianus
543 728 558 751 ,
583 702 646 740 ac
675 693 858 755 postea
888 683 1196 738 Lactantius
1222 683 1396 775 minus
1423 688 1565 735 recte
1592 678 1756 734 tradi-
1860 698 2066 753 reddita
2090 740 2104 763 ’
2137 696 2220 752 γει
2253 696 2622 766 persecutione
2651 706 2773 747 mox
2805 686 3154 759 expectanda.
3189 685 3324 740 “inc
3351 699 3448 754 pa,

183 783 454 886 ἀθξξξηίχη
574 881 585 886 _
660 872 692 886 ﬂ
808 870 820 882 0
871 847 880 859 .
1045 867 1059 886 .
1327 867 1367 886 ῃ
1685 865 1696 876 ι
1861 807 1968 846 cem
1998 791 2262 844 subdolam
2293 797 2468 853 meat,
2497 787 2748 841 lnstruct.
2777 798 2908 847 va;
2939 791 2994 836 et
3022 777 3447 851 persecutionem

247 872 454 944 Rigaltii
480 872 724 926 sententia
751 870 917 924 minus
947 867 1209 941 probatur.
1235 899 1305 908 —
1327 867 1626 936 Utcumque
1656 865 1758 928 sit,

1926 893 2065 939 stare
2091 882 2248 938 dicit:
2280 882 2464 953 agonia
2489 895 2682 934 suntme
2709 876 3011 949 propinqua,
3045 873 3292 928 lnstrnct.
3326 885 3417 925 ιιιι
3435 911 3450 936 ,

185 967 432 1038 Rigaltius
457 965 721 1022 Gennadii
751 962 1089 1029 auctoritate,
1115 963 1188 1016 uti
1212 961 1442 1026 videtur,
1467 967 1760 1030 permotus,
1865 994 1921 1032 γ.
1949 977 2034 1034 ιο,
2069 977 2283 1032 Fideles
2314 985 2491 1031 mone.
2512 1014 2526 1038 ν
2558 983 2615 1026 ,η
2646 971 2972 1041 ηιπιγηιηιε
2999 968 3256 1022 assistam
3275 1008 3289 1032 ν
3323 979 3419 1020 seu
3439 1005 3454 1031 ,

184 1061 396 1134 ejusque
433 1059 594 1115 verba
626 1059 694 1114 de
723 1056 1093 1114 Commodiani
1133 1064 1290 1110 aetate
1318 1055 1616 1124 accipiens;
1646 1069 1764 1108 eam

1926 1114 1927 1120 η
1966 1069 2130 1141 ipsius
2169 1069 2336 1124 verbo
2377 1077 2512 1133 utar,
2554 1064 2973 1136 admartgrizent,
3014 1061 3266 1116 lnstruct.
3307 1073 3457 1124 Lvut,

186 1166 430 1228 praeterea
475 1171 540 1210 ex
587 1154 754 1225 ipsius
799 1153 1037 1208 auctoris
1084 1149 1520 1206 instructionibus
1566 1147 1765 1203 confir-
1868 1179 1922 1216 γ,
1961 1162 2058 1225 19’
2102 1161 2188 1216 ubi
2219 1163 2382 1216 cnam
2421 1158 2676 1214 describit
2714 1172 2939 1227 pugnam
2973 1171 3090 1209 cum
3128 1152 3367 1215 "milia.
3409 1159 3464 1206 ει

186 1264 324 1305 mare
367 1263 651 1319 aggressus
698 1256 781 1303 est
828 1246 947 1319 (l):
1003 1253 1152 1300 ratus
1206 1244 1458 1300 nimirum
1514 1241 1769 1312 temporis

1926 1257 2118 1322 tlinum,
2147 1271 2266 1325 quae
2292 1254 2512 1309 victoriae
2533 1252 2783 1317 donatur,
2815 1250 3060 1304 Instruct.
3092 1262 3220 1302 Lxu.
3250 1243 3372 1314 Agit
3397 1241 3466 1298 de

187 1346 506 1402 ηοωιῖθηεηι
548 1343 648 1398 3""
682 1341 848 1397 M558
882 1341 1146 1397 ἀεῑθοῑθῐη
1179 1355 1281 1408 illi“
1313 1340 1460 1394 mum
1495 1338 1771 1408 SY‘VGSWO
1874 1347 2063 1419 iis,qui
2091 1348 2403 1418 martyrium
2430 1345 2681 1400 affectare
2709 1359 2818 1414 pra:
2842 1357 2900 1397 se
2919 1341 3179 1404 ferebant,
3207 1336 3463 1392 lnstruct.

185 1450 402 1493 romano
456 1434 732 1507 pontifici,
785 1441 945 1504 atque
992 1433 1128 1488 adeo
1177 1430 1528 1486 Constantino
1582 1429 1774 1498 Magno

1926 1455 1970 1505 ι,
1999 1455 2050 1492 v.
2082 1440 2106 1493 1
2137 1456 2148 1492 :
2183 1436 2373 1492 Pastor
2399 1437 2444 1490 si
2471 1439 2730 1507 confessus
2761 1435 2954 1499 fuerit,
2985 1432 3036 1486 id
3068 1439 3171 1492 est,
3205 1431 3470 1499 interpre-

185 1543 417 1584 cozevum
449 1532 726 1582 statueret.
761 1523 816 1579 lu
847 1539 1006 1594 quam
1037 1522 1251 1595 quidem
1283 1521 1616 1593 rigaltianam
1645 1535 1772 1575 sen-

1935 1540 2024 1585 nte
2055 1529 2315 1602 Rigaltio,
2348 1528 2393 1584 si
2431 1528 2497 1583 de
2540 1527 2755 1582 nomine
2793 1526 3188 1595 interrogatus,
3230 1522 3375 1577 clare
3418 1529 3474 1575 et

187 1621 403 1678 ιθηίίθπι
453 1628 657 1676 “mum
708 1633 816 1674 "0“
865 1631 1055 1673 omnes
1104 1615 1296 1672 θτυάῖίί
1347 1614 1602 1684 deinceps
1650 1629 1777 1670 (⁵οη-
1878 1633 2190 1680 constanter
2243 1621 2616 1690 restionderit,
2650 1621 2778 1676 Sum
2830 1617 3200 1679 Christianus;
3254 1615 3300 1670 si
3351 1613 3474 1670 thus

185 1728 416 1770 θθεεθνθ·
1881 1734 2052 1774 acera:
2105 1714 2448 1788 profanorum
2511 1714 2791 1784 imponere
2838 1712 3061 1784 jussus.
3116 1709 3326 1765 fortiter
3377 1708 3474 1763 ab-

254 1804 610 1861 Dodwelliana
665 1804 831 1876 potior
894 1803 1113 1858 videtur.
1153 1831 1223 1842 ——
1260 1799 1459 1856 Verum
1513 1798 1781 1855 Henricus

1926 1811 2101 1866 uendo
2133 1808 2466 1872 clamaverit,
2505 1822 2611 1861 non
2643 1805 2798 1862 facio.
2822 1804 3096 1876 geminavit
3124 1819 3357 1874 agonem.
3389 1800 3475 1868 Et,

188 1898 498 1954 Dodwellus
523 1898 575 1952 in
601 1895 932 1968 antiquitatis
959 1893 1299 1965 indagatione
1331 1893 1552 1948 rimator
1581 1889 1777 1946 acerri-
1807 1891 1856 1951 B
1884 1919 1951 1958 ne
1977 1903 2126 1973 plura
2154 1917 2440 1973 congeram
2463 1941 2479 1967 ν
2509 1900 2775 1955 οωεπθιη
2810 1897 3106 1970 Tyrannum
3131 1905 3286 1952 went
3316 1895 3477 1949 Inst...

187 2008 342 2055 ntus,
399 2002 682 2062 pOSIquam
738 2005 880 2045 verm
939 1987 1193 2051 lectioni,
1259 1985 1550 2042 Sirmondo
1598 1993 1781 2039 tamen

1930 2011 2025 2051 χιιι
2043 2037 2057 2058 ,
2083 2011 2137 2052 v.
2173 1995 2261 2050 M.
2294 1993 2418 2054 Haec
2444 1992 2652 2063 aliaque
2678 1991 2828 2063 plura
2858 1991 3058 2045 saeculo
3086 1988 3244 2045 tertio
3272 1985 3473 2058 optime

189 2093 483 2158 praeeunte,
511 2081 883 2140 Commodiani
910 2082 1087 2136 locum
1120 2079 1466 2147 restituisset,
1497 2095 1526 2132 a
1558 2077 1785 2149 Rigaltio

1926 2098 2228 2159 ongruunt,
2261 2085 2480 2157 quando
2506 2093 2757 2140 cessante
2798 2083 3172 2154 persecutione
3216 2080 3441 2136 Deciana
3462 2119 3481 2146 ,

188 2179 568 2244 sollicitatum,
620 2193 728 2248 quo
775 2192 888 2231 sua:
919 2191 1094 2231 causae
1146 2173 1454 2245 praesidium
1487 2181 1784 2244 qnmreret;

187 2274 459 2345 integrum
488 2271 684 2328 deinde
714 2271 1050 2342 perlustrans
1071 2269 1386 2338 opusculum
1406 2310 1421 2334 ,
1447 2265 1790 2322 saevientibus

187 2367 366 2423 adhuc
401 2365 654 2422 Ecclesiae
688 2362 1154 2436 perseeutionibus
1187 2361 1313 2416 illud
1357 2361 1522 2416 fuisse
1551 2359 1793 2414 conscri-

190 2469 338 2530 ptutn
391 2457 699 2528 perspexit;
749 2455 993 2526 adeoque
1035 2451 1479 2508 Commodiauum
1523 2449 1794 2522 Cypriane

188 2553 374 2623 potius
394 2591 410 2615 ,
440 2565 596 2620 quam
626 2548 905 2619 Sylvestro
931 2547 1176 2602 extitisse
1201 2544 1532 2616 propriorem
1559 2542 1794 2598 edocuit.

189 2647 258 2701 Et
285 2645 391 2700 viri
417 2643 628 2715 quidem
655 2640 838 2696 Critici
868 2641 1123 2710 pleraque
1153 2646 1464 2710 argumenta
1497 2646 1623 2690 sunt
1651 2634 1798 2704 ejus-

190 2737 377 2802 modi,
422 2752 541 2806 qua:
592 2733 656 2787 ad
708 2746 990 2787 assensum
1039 2727 1464 2798 extorquendum
1513 2725 1801 2796 plurimum

192 2833 384 2888 valere
421 2829 734 2884 videantur:
777 2841 948 2896 eaque
987 2823 1214 2878 strictim
1249 2822 1438 2877 saltem
1472 2821 1524 2875 in
1566 2818 1802 2874 medium

193 2926 444 2999 proferre
479 2924 688 2977 animus
727 2931 842 2983 est,
875 2933 997 2973 cum
1037 2916 1282 2987 plurimis
1321 2913 1461 2969 haud
1501 2923 1698 2984 praesto
1737 2912 1808 2967 sit

192 3018 511 3076 dissertatio
541 3015 604 3070 de
635 3012 990 3069 Commodiani
1022 3019 1202 3075 wtate,
1235 3023 1392 3079 quam
1424 3005 1489 3059 V.
1523 3004 1584 3059 C.
1628 3005 1808 3060 Anna-

195 3115 342 3169 libus
373 3109 698 3173 Velleianis,
732 3104 1140 3175 Quintilianeis,
1191 3110 1244 3158 et
1286 3099 1543 3157 Statianis
1582 3097 1813 3168 subjecit

191 3207 397 3265 Oxonii
420 3248 435 3270 ,
469 3204 628 3269 (698,
661 3203 716 3258 in
734 3201 827 3256 -8°.

276 3299 529 3355 Dodwelli
568 3297 814 3352 sententia
852 3293 1145 3348 summatim
1182 3308 1214 3344 a
1256 3288 1419 3345 Cat'eo
1457 3288 1705 3357 exposita.
1739 3317 1809 3327 ——
1838 3288 1884 3352 C

196 3393 474 3450 Dodwelli
524 3391 848 3447 sententiam
900 3386 1206 3442 summatim
1257 3382 1476 3454 exponit
1524 3379 1814 3452 perdoctus

195 3487 421 3542 Caveus
445 3485 516 3539 ita
543 3483 818 3538 disserens
845 3479 924 3551 (‘2)
958 3499 972 3534 :
1002 3497 1020 3530 ‹
1046 3475 1348 3533 Notandum
1393 3475 1551 3545 igitur
1578 3474 1632 3528 l°
1659 3472 1816 3528 Com-

197 3580 528 3637 modianum
543 3577 785 3632 ducentos
804 3583 1010 3630 tantum
1032 3588 1060 3628 a
1081 3571 1298 3626 Christo
1318 3584 1488 3624 annos
1510 3581 1814 3624 numerare.

195 3672 466 3733 lustruct.
501 3689 574 3737 vn,
605 3687 747 3726 vers.
777 3669 844 3734 2,
884 3666 1110 3740 gentiles
1148 3667 1219 3721 ita
1259 3664 1584 3735 alloquitur:

403 3793 467 3844 Et
490 3794 530 3842 si
555 3789 818 3854 parvulitas
840 3788 912 3837 sic
931 3785 1117 3843 sensit,
1138 3795 1225 3833 cur
1247 3781 1388 3832 annis
1408 3779 1638 3830 ducentis

404 3875 592 3926 Fuistis
616 3867 868 3923 infantes?
895 3865 1132 3930 numquid
1159 3873 1212 3916 et
1234 3877 1432 3927 semper
1458 3861 1632 3912 eritis?

195 3980 521 4041 Fatendum
551 3985 662 4043 est,
695 3975 956 4031 ducentos
989 3970 1090 4026 hoc
1130 3970 1248 4024 loco
1284 3982 1454 4024 annos
1491 3980 1598 4021 non
1637 3963 1823 4019 stricte

194 4093 336 4136 esse
367 4070 767 4144 intelligendos,
797 4066 950 4138 quasi
974 4081 1079 4121 non
1107 4063 1302 4118 fuerint
1319 4060 1481 4132 paulo
1503 4060 1699 4129 plures.
1721 4056 1823 4111 Ve—

197 4191 296 4232 res
318 4171 477 4229 enim
505 4166 738 4223 nondum
765 4163 1054 4218 adinveuta
1075 4171 1324 4213 accurata
1359 4169 1484 4209 aera:
1514 4150 1824 4206 christiana:

199 4263 478 4338 Epocha,
515 4275 685 4316 annos
712 4274 740 4311 a
773 4254 990 4312 Christo
1023 4260 1149 4306 nato
1185 4248 1252 4303 ad
1291 4262 1444 4303 suam
1486 4258 1653 4310 usque
1691 4249 1822 4294 teta-

198 4330 321 4418 tent
369 4361 778 4426 computantes,
811 4361 1038 4404 numero
1067 4344 1380 4414 plerumque
1414 4334 1644 4394 rotundo
1679 4330 1826 4403 loqui

199 4455 434 4517 solent,
473 4459 526 4503 et
566 4449 617 4502 in
656 4445 762 4500 line
799 4441 965 4498 seculi
1007 4436 1250 4510 proxime
1289 4432 1455 4502 elapsi
1495 4427 1825 4491 subsistere,

201 4552 478 4604 resecto.
512 4540 630 4611 plus
661 4538 946 4605 minusque
986 4529 1180 4594 fuerit,
1209 4524 1348 4596 quod
1386 4520 1654 4584 excurrit,
1688 4528 1827 4572 temo

202 4653 374 4710 pore.
412 4609 744 4701 Quandoque
773 4637 828 4682 et
858 4627 931 4680 ita
960 4637 1020 4678 se
1051 4619 1287 4691 explicat
1315 4613 1606 4677 Arnobius,
1647 4609 1741 4664 lib.
1773 4623 1826 4710 ι’,

1890 2200 2077 2255 pacem
2107 2183 2206 2238 sub
2236 2181 2482 2238 Gallieno
2513 2177 2778 2235 redditam
2801 2218 2816 2242 ,
2847 2162 3114 2232 infirmam
3143 2174 3360 2247 quidem
3383 2214 3399 2241 ,
3430 2181 3488 2228 et

1895 2277 2227 2342 instabiletu,
2252 2273 2560 2346 persecutio
2585 2273 2684 2328 sub
2703 2272 2997 2328 Aureliano
3019 2286 3144 2326 mox
3172 2267 3484 2339 interrupit;

1896 2373 2158 2443 Sylvestri
2187 2385 2319 2425 vero
2345 2369 2682 2439 temporibus
2705 2366 3003 2423 convenire
3030 2374 3324 2436 nequeunt.
3350 2362 3492 2418 Con-

1899 2467 2135 2521 stantino
2173 2463 2317 2520 enim
2350 2477 2530 2518 rerum
2563 2461 2615 2516 in
2647 2459 2940 2516 Occidente
2970 2457 3148 2529 potito
3168 2499 3184 2523 ,
3216 2455 3398 2526 quieta
3428 2469 3492 2511 ac

1899 2557 2188 2627 tranquilla
2228 2567 2384 2612 erant
2422 2554 2640 2619 omnia;
2684 2552 2865 2608 nullus
2895 2567 2924 2604 a
2971 2549 3267 2622 gentilibus
3304 2563 3492 2619 perse-

1902 2654 2134 2720 cutionis
2174 2663 2372 2708 metus.
2409 2650 2677 2705 Vivebaut
2703 2646 2996 2701 Christiani
3038 2645 3138 2700 sub
3168 2643 3284 2715 ejus
3313 2641 3498 2714 patroé

1905 2749 2048 2804 cinio
2074 2747 2207 2813 tuti,
2237 2745 2445 2817 legibus
2473 2742 2663 2798 muniti
2687 2783 2702 2806 ,
2727 2739 3024 2811 privilegiis
3050 2737 3226 2792 ornati
3251 2777 3265 2796 .
3294 2734 3497 2790 divitiis

1908 2850 1965 2896 et
1982 2839 2336 2911 dignitatibus
2353 2838 2516 2901 aucti,
2543 2835 2888 2907 magistratus
2914 2833 3132 2902 ubique,
3157 2826 3501 2900 imperatoris

1910 2934 2194 3004 exemplo,
2225 2933 2483 3004 pr0pitios
2511 2940 2567 2986 et
2595 2928 2888 2984 benevolos
2915 2925 3150 2998 experti.
3211 2947 3219 2956 ·

1990 3065 2009 3098 ‹
2040 3045 2173 3101 Tota
2219 3041 2487 3100 scribendi
2537 3041 2674 3096 ratio
2723 3039 2823 3093 mvi
2870 3035 3126 3110 Cypriani
3179 3033 3452 3106 ingenium
3484 3073 3502 3100 ,

1915 3157 2096 3198 mores
2124 3183 2138 3205 ,
2181 3150 2236 3196 et
2274 3137 2612 3204 disciplinam
2667 3135 2925 3188 imitatur.
2958 3129 3150 3186 lisdetn
3199 3145 3335 3200 pene
3381 3143 3504 3184 cum

1915 3236 2246 3294 Tertulliano
2292 3243 2350 3290 et
2393 3231 2664 3304 Cypriano
2708 3225 2961 3296 loquendi
3007 3223 3179 3280 modis
3229 3238 3335 3278 non
3384 3237 3508 3277 raro

1918 3331 2105 3397 utitur,
2135 3338 2191 3384 ut
2218 3327 2415 3398 ubique
2444 3327 2697 3381 observat
2728 3319 3005 3392 Rigaltius.
3031 3317 3221 3373 Novati
3273 3316 3508 3372 scltisma

1918 3437 2143 3492 carpere
2184 3420 2422 3484 videtur,
2477 3416 2730 3471 lnstruct.
2781 3429 2909 3468 xui.
2962 3408 3330 3481 Reprehendit
3376 3423 3506 3474 eos,

1921 3517 2172 3571 lustruct.
2207 3530 2320 3579 ιιι,
2344 3512 2433 3583 qui
2461 3509 2587 3565 dum
2616 3508 2809 3564 fratres
2835 3507 3138 3561 aduersante
3164 3502 3377 3570 mundo,
3410 3501 3512 3558 sub

1920 3608 2083 3663 armis
2106 3605 2434 3668 laborarent,
2467 3602 2568 3669 ipsi
2600 3601 2724 3673 [arti
2743 3597 2944 3668 opibus,
2973 3613 3063 3651 nec
3086 3603 3390 3667 pugnarent,
3420 3608 3512 3647 nec

1924 3700 2172 3770 pugnanti
2213 3714 2268 3754 se
2286 3697 2538 3756 sisterent.
2568 3703 2622 3749 et
2663 3708 2785 3748 cum
2815 3691 3063 3746 viderent
3107 3694 3322 3743 lratrem
3355 3700 3517 3742 causa

1924 3793 2228 3850 schismatis
2271 3791 2582 3846 absteutum
2602 3830 2614 3848 ,
2648 3787 2908 3857 optabant
2933 3783 3281 3840 nihilominus
3311 3782 3363 3836 in
3396 3796 3519 3836 cas-

1926 3886 2024 3942 tris
2052 3899 2260 3956 pacem,
2292 3880 2678 3952 indulgentiam
2708 3893 2904 3948 nempe
2935 3875 3098 3945 lapsis
3129 3873 3360 3930 dandam
3382 3914 3398 3939 ,
3426 3889 3522 3928 an-

1927 3989 2140 4048 tequam
2169 3991 2272 4046 pax
2302 3973 2556 4029 Ecclesiae
2583 3971 2922 4027 redderetur.
2959 3968 3216 4023 Instruct.
3243 3983 3372 4032 Lvu,
3404 3965 3519 4020 dis-

1926 4071 2176 4142 ciplinam
2215 4084 2322 4123 non
2368 4082 2491 4123 esse
2533 4065 2691 4121 nimia
2717 4061 3048 4134 indulgentia
3079 4059 3364 4116 laxandatn
3393 4073 3524 4115 con-

1929 4165 2119 4224 tendit.
2144 4164 2394 4219 lnstruct.
2424 4177 2516 4226 ιιι,
2561 4158 2667 4215 duo
2708 4159 3046 4213 desertorum
3086 4170 3284 4226 genera
3323 4151 3526 4209 consti-

1929 4259 2031 4315 tuit
2061 4276 2076 4314 :
2109 4257 2202 4312 Est
2228 4257 2363 4310 alius
2409 4269 2645 4324 nequam,
2671 4251 2762 4323 qui
2800 4250 3005 4306 scilicet
3029 4249 3302 4303 sacrificat
3344 4245 3523 4310 idolo;

1929 4353 2064 4410 alius
2084 4353 2135 4406 in
2158 4361 2302 4423 parte
2326 4348 2533 4411 recedit,
2566 4348 2652 4418 qui
2683 4343 2895 4415 praesidi
2917 4343 3077 4398 offert
3104 4340 3365 4403 libellum,
3389 4352 3526 4393 con-

1930 4447 2140 4506 cussori
2188 4443 2514 4516 pecuniam,
2569 4457 2636 4496 ne
2662 4440 2714 4493 in
2763 4435 3086 4507 Capitolium
3122 4432 3529 4490 sacriﬁcaturus

1931 4540 2294 4616 pertrahatur.
2326 4535 2585 4607 Respicit,
2622 4531 2794 4602 inquit
2821 4528 3117 4600 Rigaltius,
3160 4525 3478 4594 tlturiﬁcatos
3506 4561 3523 4587 ,

1934 4647 1990 4694 et
2029 4634 2367 4698 libeltatiros;
2409 4639 2466 4686 et
2510 4629 2564 4683 hi
2610 4626 2827 4699 quidem
2875 4622 3204 4694 posteriores
3254 4620 3340 4673 vix
3382 4617 3525 4681 alio,

205 4747 340 4803 ωε·
379 4726 456 4781 9³
492 4722 721 4778 haemi
759 4727 876 4776 3m"
914 4715 1037 4769 “""i
1067 4713 1255 4785 ("met
1287 4709 1454 4804 "ﬁni"
1481 4703 1704 4804 “tum”
1732 4698 1830 4804 (iu.
1858 4689 1911 4750 Β
1935 4747 2096 4804 quam
2118 4689 2606 4800 zevoCyprianico,
2630 4689 3024 4777 memorantur.
3055 4714 3302 4770 lnﬁuitns
3328 4727 3529 4780 essem,

203 4792 346 4895 quid
368 4865 386 4888 ,
425 4837 490 4875 ea:
516 4835 614 4889 quo
653 4815 895 4884 coepimus
921 4827 1028 4865 esse
1066 4803 1349 4861 christiani.
1378 4800 1487 4855 Nec
1524 4797 1678 4851 aliter
1704 4792 1832 4849 olim

205 4887 446 4975 Ennius
464 4955 480 4980 ,
507 4887 811 4983 septingenti
838 4914 954 4961 sunt
975 4945 989 4970 ,
1025 4901 1178 4970 paulo
1209 4897 1321 4966 plus
1348 4903 1433 4949 aut
1462 4893 1656 4955 minus,
1689 4887 1831 4942 anni.

209 5011 437 5066 Verum
467 4979 573 5060 hoc
601 4979 890 5072 numquam
922 4996 991 5053 ab
1021 4995 1089 5049 iis
1120 4993 1314 5046 factum
1344 4994 1458 5048 est,
1493 4981 1582 5037 ubi
1616 4979 1707 5050 qui
1747 4992 1837 5032 su-

1937 4827 1983 4882 si
2010 4824 2186 4880 omnia
2220 4833 2582 4882 recenserem,
2611 4828 2732 4886 qua:
2757 4813 2827 4868 de
2857 4807 3255 4892 paenitentibus,
3287 4806 3356 4860 de
3387 4819 3534 4860 mar-

1941 4920 2063 4991 tyrii
2088 4918 2228 4982 zelo,
2257 4915 2326 4970 de
2355 4915 2474 4984 fuga
2502 4913 2556 4966 in
2582 4906 2956 4980 persecutione
2981 4947 2996 4972 ,
3043 4903 3113 4960 de
3157 4900 3533 4958 sclninnatico-

1943 5032 2061 5070 rum
2086 5012 2306 5077 studiis,
2339 5009 2406 5065 de
2436 5020 2631 5078 pompa
2671 5003 2918 5059 funerum
2947 5044 2962 5069 ,
2994 5001 3065 5058 de
3082 4999 3202 5056 [iliis
3231 4999 3331 5056 sub
3349 5011 3537 5068 perse-

209 5123 317 5180 pra
355 5115 646 5159 numerum
680 5101 973 5152 excurrunt
998 5088 1158 5151 anni,
1188 5077 1631 5180 integrum-Elius
1657 5071 1836 5177 saeculi
1945 5108 2164 5164 cudone
2190 5071 2456 5159 dehinc“;
2486 5071 2592 5156 nm"
2623 5096 2888 5169 lugendis,
2908 5095 3212 5160 dammis,
3243 5102 3377 5160 etc”
3411 5103 3535 5146 cum

210 5163 475 5274 spatium
513 5199 812 5262 occupant;
851 5186 1022 5243 multo
1051 5183 1260 5243 ηιίηιιεν
1300 5174 1387 5274 {lbi
1419 5173 1646 5274 “"9"?”
1677 5165 1839 5274 emt“
1948 5198 2219 5272 Cypriano
2243 5194 2549 5252 communia
2569 5163 2749 5248 habet.
2874 5163 2880 5164 ί
3146 5163 3156 5177 ι

211 5256 348 5351 com
358 5285 728 5362 prehendunt.
759 5278 978 5336 Etiamsi
1003 5276 1161 5347 igitur
1183 5268 1418 5327 nondum
1440 5269 1630 5320 exacto
1646 5256 1845 5314 saeculo

215 5351 398 5442 tertio
422 5423 440 5446 ,
471 5378 732 5434 ducentos
769 5387 941 5428 annos
980 5369 1158 5424 dicere
1191 5360 1363 5434 potuit
1391 5351 1839 5414 Commodianus,

216 5491 422 5536 tamen
459 5473 595 5528 ultra
623 5471 891 5527 labentem
922 5460 1186 5521 currentis
1215 5453 1396 5513 saeculi
1431 5458 1636 5522 partem
1659 5489 1674 5512 ,
1706 5443 1848 5499 nulla

338 5810 362 5861 -l
437 5798 663 5870 lligalt.,
693 5791 759 5848 ad
792 5791 1041 5846 Instruat.
1072 5795 1247 5840 xxxiii
1269 5820 1283 5840 .
1313 5767 1615 5854 vers..l9.l.

304 5803 406 5953 ξύ
441 5865 786 5953 Cavgzlfiist.
819 5862 1062 5925 titterar.,
1096 5869 1216 5927 pag.
1247 5850 1372 5916 157,
1403 5843 1534 5901 edit.
1563 5838 1615 5896 0:

308 5879 406 5953 (2)
441 5879 610 5930 Cave,
644 5879 684 5921 u

222 5949 454 6014 cunda:
475 5985 492 6013 ,
524 5938 684 5998 1740.

441 5838 1216 5930 λης.
1247 5838 1372 5916 157,
1403 5843 1534 5901 edit.
1563 5838 1738 5896 Oxon.
1765 5848 1856 5890 sc-

2025 5333 2045 5366 σ
2075 5312 2262 5378 Nulla,
2305 5324 2374 5366 ne
2425 5307 2640 5380 quidem
2682 5304 2955 5361 levissima
3005 5303 3060 5358 in
3092 5311 3205 5359 toto
3227 5302 3330 5358 hoc
3355 5298 3542 5356 libello

1953 5407 2192 5466 victoriae
2219 5422 2246 5461 a
2273 5402 2649 5469 Constantino,
2668 5400 2736 5456 de
2753 5398 3024 5455 Maxentio
3042 5412 3212 5466 nuper
3231 5401 3539 5464 reportatae,

1961 5501 2110 5560 nulla
2153 5499 2290 5571 signi
2340 5497 2520 5553 crucis
2556 5496 2610 5550 in
2661 5494 2803 5551 caelo
2842 5489 3167 5547 miraeulose
3202 5486 3545 5559 apparentis,

1958 5596 2104 5652 nulla
2147 5592 2332 5665 gloria:
2360 5600 2416 5646 et
2451 5586 2716 5645 felicitatis
2733 5581 3089 5647 Constantini,
3120 5579 3205 5634 vel
3231 5577 3549 5632 immunita-

1962 5700 2072 5748 tum
2112 5685 2364 5742 Ecclesia:
2411 5692 2787 5738 concessarum
2821 5674 3044 5739 mentio,
3082 5671 3228 5743 quod
3271 5680 3453 5728 tamen
3483 5670 3552 5726 ab

1964 5783 2180 5840 homine
2220 5780 2488 5836 immenso
2517 5788 2633 5830 sua:
2658 5766 2931 5839 religionis
2955 5766 3074 5822 zelo
3103 5764 3364 5837 ﬂagrante
3386 5805 3403 5832 ,
3437 5779 3558 5818 me-

1961 5877 2066 5934 rito
2109 5870 2382 5946 expectari
2422 5872 2654 5940 poterat.
2697 5861 3092 5932 Argumentum
3127 5855 3304 5915 fateor
3348 5853 3559 5927 negati-
