3942 6284
608 299 711 357 I93

1525 304 1612 361 DE
1649 304 2098 364 COMMODIANO
2135 305 2425 375 GAZIEO,
2468 305 2746 365 ORIGINE
2778 305 2868 362 AF
2872 306 2981 363 ΒΟ.
3604 348 3614 363 .
3658 282 3669 286 ἡ
3783 305 3872 364 196

600 434 750 484 vum,
782 419 875 476 sed
902 421 1044 493 quod
1072 436 1175 477 non
1198 423 1394 491 levem,
1442 425 1584 495 apud
1618 443 1806 497 {equos
1834 444 2012 483 rerum
2050 427 2195 482 (BSIi-
2225 429 2270 490 A
2301 426 2465 498 galtio
2517 426 2815 497 interprete
2846 425 2927 497 (1)
2964 442 2977 479 ;
3016 444 3034 478 ι
3063 423 3320 479 Versibus
3352 420 3610 478 faciendis
3634 435 3730 478 nec
3749 423 3874 492 leges

599 526 649 567 nt
673 522 854 577 stores,
897 515 1001 566 vim
1032 523 1191 583 atquc
1224 516 1609 571 auctoritatem
1644 519 1825 573 habet.

673 626 692 656 ί
750 607 837 661 llis
888 607 959 663 ita
1001 609 1298 678 expositis,
1352 620 1565 675 restat,
1614 624 1671 666 ut
1730 628 2072 668 communem
2127 611 2197 668 de

601 708 840 765 tempore
888 702 1155 772 Sylvestri
1196 720 1351 776 papa
1423 707 1751 761 sententiam
1796 692 2034 763 breviter
2103 722 2196 762 ex-

593 792 870 847 cutiamus.
899 794 1029 864 Ejus
1058 796 1214 851 unica
1243 798 1458 868 quidem
1495 800 1639 854 basis
1686 811 1743 855 et
1785 800 2192 855 fundamentum

594 895 675 936 est
697 883 863 953 ipsius
886 885 1268 944 Cummodiani
1312 890 1480 955 locus,
1516 901 1674 963 prout
1698 892 1751 945 in
1775 892 1937 947 editis
1968 892 2195 947 habetur

593 974 843 1035 latstruct.
901 996 1090 1050 xxxiii,
1138 998 1193 1037 v.
1241 983 1296 1050 5,
1332 984 1420 1038 ubi
1460 984 1688 1055 gentiles
1710 984 1777 1039 ad
1795 984 2197 1040 Ecclesiamin—

497 1088 507 1103 κ
596 1071 759 1127 vitat:

680 1189 868 1241 Intrate
894 1191 1099 1242 stabulis
1121 1193 1353 1257 sylvestri
1378 1194 1437 1243 ad
1463 1208 1689 1259 praesepe
1714 1199 1938 1259 pastoris.

594 1296 790 1352 Verum
852 1300 967 1354 haec
1005 1318 1108 1355 non
1151 1312 1275 1355 sunt
1302 1302 1467 1373 ipsius
1506 1299 1900 1365 Commodiani,
1960 1300 2055 1356 sed
2111 1300 2193 1354 itt-

591 1393 734 1462 genii
783 1395 955 1462 potius
998 1395 1282 1463 Rigaltiaui
1310 1407 1673 1451 commentum
1705 1439 1720 1460 ,
1753 1406 1808 1450 et
1850 1396 2011 1465 longe
2047 1393 2193 1449 aliud

587 1488 861 1555 respicere
890 1487 1160 1544 videntur.
1194 1488 1249 1543 ln
1292 1489 1481 1544 codice
1527 1489 1907 1544 Sirmondiano
1932 1531 1945 1554 ,
1980 1502 2046 1542 ex
2084 1502 2192 1557 quo

584 1578 868 1647 descripsit
920 1580 1177 1650 lligaltins
1206 1624 1221 1649 ,
1283 1583 1485 1651 verba,
1532 1582 1763 1651 ipsomet
1829 1583 2068 1644 fatente,
2118 1580 2191 1635 ita

583 1688 643 1728 se
675 1673 874 1729 habent
905 1691 921 1729 :

675 1788 863 1839 Intrate
886 1788 1093 1839 stabulis
1115 1790 1344 1855 sylvestri
1368 1791 1427 1841 ad
1464 1794 1704 1856 praesepia
1730 1792 1874 1842 tauri.

583 1897 885 1966 Alloquitur
975 1899 1203 1967 gentiles
1285 1915 1522 1969 nempe,
1598 1911 1869 1969 tamquam
1940 1897 2189 1953 belluinis

590 1991 804 2054 animis,
830 1991 1177 2061 moribusque
1204 1993 1481 2061 prteditos.
1503 1993 1634 2047 Hinc
1656 2008 1814 2048 versu
1838 1990 2189 2063 praecedenti,

580 2084 737 2137 corda
757 2087 864 2156 [era
886 2095 1267 2153 ctexasperata;
1292 2086 1543 2141 Instrttct.
1566 2102 1729 2143 xxxv.
1758 2101 1810 2138 v.
1846 2088 1893 2149 l,
1929 2084 2193 2139 Indomita

592 2194 772 2243 (ervis;
802 2192 858 2231 v.
886 2177 940 2240 5,
971 2175 1094 2230 Noli
1115 2195 1268 2247 pecus
1297 2194 1402 2232 esse
1424 2180 1670 2249 ferinum;
1699 2194 1754 2241 v,
1788 2176 1875 2240 l7,
1899 2176 2055 2241 Quasi
2078 2174 2192 2228 bes-

579 2270 677 2325 tius
707 2286 902 2331 errans.
928 2269 1039 2325 Hos
1066 2270 1243 2340 igitur,
1274 2271 1445 2331 instar
1463 2283 1760 2335 taurorum,
1789 2270 1840 2323 iu
1871 2269 2035 2341 sylvis
2051 2284 2191 2324 cam-

579 2363 768 2433 pisque
794 2363 1037 2433 palantes
1068 2364 1276 2430 invitat,
1302 2376 1363 2419 ut
1380 2364 1636 2419 Ecclesia:
1655 2363 1862 2419 stabula
1896 2363 2187 2428 intrarent,

578 2465 634 2509 ιιι
679 2456 758 2521 ad,
792 2455 1001 2519 Christi,
1043 2473 1288 2527 prtesepe
1323 2458 1683 2523 accederent;
1734 2459 1844 2523 ubi,
1898 2470 1954 2512 ut
2001 2456 2191 2513 verbis

584 2548 830 2618 proxime
860 2551 1213 2621 sequentibus
1242 2550 1477 2622 loquitur
1497 2593 1511 2616 ,
1541 2550 1828 2606 latronibus
1861 2551 1959 2605 tuti
1987 2549 2080 2603 sub
2108 2565 2188 2603 re-

573 2641 659 2711 gia
709 2652 836 2695 tecta
867 2655 1147 2703 manerent.
1174 2643 1289 2698 Non
1338 2644 1526 2700 dubito
1557 2644 1720 2715 igitur
1740 2688 1754 2712 ,
1785 2644 1913 2714 quin
1946 2660 2074 2699 cum
2115 2643 2185 2698 cl.

578 2735 857 2797 Dodwcllo
888 2737 995 2791 levi
1047 2738 1344 2793 mutatione
1370 2737 1655 2807 legendum
1687 2738 1757 2792 sit
1789 2757 1802 2792 :
1838 2736 2037 2791 Intrate
2082 2746 2190 2791 st't-

571 2828 693 2883 bula
718 2831 995 2901 Sylvestt'is
1038 2832 1105 2897 ad
1149 2833 1399 2903 prazsepia
1439 2834 1576 2887 tauri
1615 2852 1629 2888 :
1667 2831 1946 2903 Sylt'estris
1986 2830 2188 2902 plurali

573 2939 800 2978 numero
834 2940 929 2993 pro
962 2925 1287 2995 Sylvestreis
1315 2943 1331 2983 :
1381 2936 1613 2997 utroque
1647 2926 1790 2981 enim
1842 2925 2004 2981 modo
2046 2925 2185 2980 scri-

572 3015 771 3071 hebant
821 3026 1051 3073 veteres.
1091 3038 1111 3071 ι
1166 3018 1385 3073 —H;cc
1416 3017 1714 3085 hactenus,
1756 3027 1813 3073 et
1858 3018 2035 3072 forsan
2063 3017 2186 3087 plus

576 3111 707 3165 satis
729 3128 794 3165 ex
825 3111 1140 3167 doctissimo
1165 3110 1365 3167 Cavco.
1400 3110 1497 3165 llic
1523 3111 1865 3187 solummodo
1885 3108 2064 3165 adhuc
2086 3108 2184 3163 ob-

569 3219 727 3260 servo
758 3248 773 3269 ,
820 3204 963 3302 quod
1001 3205 1325 3302 Sirmondus
1355 3206 1482 3302 legit
1513 3223 1525 3258 :
1557 3203 1760 3258 Intrate
1788 3202 2182 3302 stabiles-vestra
2214 3238 2258 3302 C
2297 3230 2440 3300 “qua
2483 3231 2654 3299 picus
2685 3232 2836 3299 ,ejus
2862 3230 3006 3284 enim
3035 3230 3236 3283 Auum.
3265 3202 3464 3299 {Imque
3510 3243 3570 3282 se
3609 3202 3779 3296 btudit
3812 3218 3877 3272 vi-

571 3301 638 3350 ad
679 3299 928 3368 praesepia
951 3299 1108 3354 tauri.
1142 3298 1198 3351 In
1228 3299 1539 3368 apographo
1574 3310 1754 3353 autem
1780 3305 1898 3351 erat
1931 3313 1943 3348 :
1976 3293 2182 3349 Intrate

568 3391 765 3445 stabilis
798 3392 1048 3463 Sylvestri
1075 3393 1143 3444 ad
1189 3393 1437 3462 ρνωδρρὶα
1466 3392 1617 3444 tauri.
1653 3390 1890 3444 Tandem
1927 3390 2179 3454 observo,

568 3486 709 3557 quod
734 3486 804 3540 cl.
842 3483 1231 3542 Schrmckhins
1257 3486 1308 3539 in
1331 3485 1552 3541 historia
1582 3484 1874 3540 chriStiana
1906 3494 2060 3553 parte
2084 3500 2136 3538 tv
2162 3526 2176 3550 ,

568 3592 693 3648 pag.
748 3577 852 3633 489
903 3587 955 3633 et
977 3578 1046 3645 cl,
1106 3576 1351 3633 Oelrichs
1379 3577 1462 3650 (Ι)
1492 3577 1775 3635 sententiae
1805 3575 2179 3631 dodwclliantc

567 3669 845 3726 accedant.

1193 3800 1490 3843 ARTICULUS
1514 3800 1574 3840 II.

801 3874 880 3945 De
903 3877 1071 3933 libello
1090 3893 1235 3949 quem
1264 3876 1654 3931 Commodianus
1676 3877 1980 3947 composuit.

652 4012 905 4084 Opuscuti
935 4013 1120 4067 divisio
1153 4022 1197 4067 et
1226 4030 1431 4083 scopas.
1456 4041 1528 4054 —-
1551 4012 1884 4083 Opusculum
1914 4013 2173 4069 Commo-

574 4107 719 4163 diani
754 4109 1114 4162 instructiones
1143 4108 1389 4161 adversus
1415 4109 1641 4179 gentium
1671 4108 1805 4163 Deos
1834 4108 2171 4178 inscriptum,

568 4202 835 4272 octoginta
861 4202 941 4273 (2)
962 4199 1253 4256 universim
1280 4200 1657 4270 complectitur
1686 4200 1861 4271 capita
1896 4219 1909 4256 :
1944 4217 2173 4271 quorum

568 4297 746 4364 priora
778 4312 870 4350 sex
893 4306 947 4349 et
975 4294 1191 4365 triginta
1209 4294 1277 4349 ad
1302 4294 1551 4350 homines
1580 4295 1915 4364 potissimum
1935 4295 2173 4365 dirigun-

568 4402 657 4448 tur
691 4408 721 4447 a
760 4390 1059 4447 christiana
1108 4390 1372 4460 religione
1419 4389 1660 4454 alienos;
1709 4389 1904 4459 quibus
1936 4391 2173 4444 vanitate

567 4485 854 4555 impiorum
904 4484 1185 4538 mtminnm
1230 4483 1618 4548 dentonstrata,
1648 4497 1743 4535 eos
1771 4482 1836 4535 ad
1876 4481 2172 4551 suscipien‘

495 4566 500 4571 ’
565 4581 685 4635 dam
713 4578 913 4634 Christi
943 4578 1257 4648 religionem
1292 4576 1557 4655 hortatur;
1584 4589 1703 4646 quae
1727 4583 1903 4629 autem
1931 4590 2169 4644 sequun-

568 4683 651 4727 tur
691 4686 861 4742 usque
896 4671 964 4726 ad
1009 4669 1482 4742 quadragesimum
1506 4677 1783 4739 quartum,
1813 4666 2029 4721 Judmos
2051 4682 2165 4723 res—
2195 4670 2246 4731 D

567 4765 769 4833 piciunt
789 4805 805 4830 ,
835 4778 973 4833 quos
999 4772 1188 4818 auctor
1210 4763 1276 4817 ad
1303 4760 1583 4817 chrisfrani
1607 4760 1840 4814 nominis
1857 4760 2165 4815 societatem

567 4857 799 4927 graviter
824 4858 1057 4923 imitat;
1104 4857 1194 4913 ubi
1215 4857 1373 4911 simul
1394 4856 1469 4911 de
1502 4853 1839 4919 antichristo,
1876 4855 1944 4909 de
1961 4855 2167 4925 judicio

570 4961 622 5006 et
675 4952 1071 5007 resurrectione
1119 4952 1283 5006 verba
1340 4950 1466 5005 facit
1513 4967 1526 5002 :
1558 4949 1761 5019 reliqua
1794 4964 1921 5003 vero
1950 4949 2014 5003 ad
2045 4964 2166 5004 cru-

571 5044 802 5101 dicndos
854 5044 1124 5113 praecipue
1171 5043 1611 5108 catechumenos,
1653 5043 1852 5111 Deique
1890 5042 2167 5113 religiosos

564 5141 821 5204 cultores,
855 5148 910 5192 et
935 5136 1240 5207 singillatim
1288 5136 1720 5206 ad~pmnitentes
1767 5137 2164 5206 pertinentsne

564 5233 713 5289 obliti
745 5230 953 5291 scilicet
987 5228 1853 5287 christianOrum.ofiiciorum-.ad
1879 5229 2161 5286 saacularia

563 5327 804 5387 redeant.

637 5420 815 5492 Stylus
828 5419 1083 5491 auctoris.
1103 5447 1178 5459 -—
1206 5418 1433 5487 Scripsit
1459 5418 2159 5476 Commodianus-mediocri

561 5531 807 5581 sermone,
836 5516 986 5587 quasi
1017 5530 1184 5578 versu,
1218 5513 1743 5585 inquitGennaditts.
1770 5513 2032 5570 Nimirum
2056 5514 2155 5569 Ri-

630 5628 871 5702 (l)}l_ale
886 5629 955 5702 ad
982 5628 1238 5702 steculum
1264 5639 1524 5702 quartum
1545 5625 2158 5702 reiieitur_(}ommodia-

559 5696 969 5764 ntts.'Oelricbs.
1001 5696 1363 5757 Commentatii
1398 5705 1463 5756 de
1487 5696 1744 5769 Scriptor.
1773 5696 1978 5753 Eccles.
2002 5698 2150 5756 latin.

562 5773 789 5843 Priorum
810 5788 903 5843 sar
925 5772 1161 5843 secutor.
1191 5786 1310 5843 pas.
1344 5772 1433 5829 44·

598 5838 601 5849 ’
633 5841 709 5912 (2)
733 5838 1203 5905 Scbu'rtzileischn’
1222 5838 1424 5915 praefat.
1448 5841 1515 5898 ad
1541 5839 2004 5897 Commodianum.

2305 534 2405 573 nec
2429 519 2670 573 modulos
2703 528 2885 572 servat
2910 536 2923 571 :
2955 516 3124 587 major
3144 516 3339 587 ubique
3357 513 3872 577 acrostichidisratio,

2304 629 2461 683 quam
2520 615 2696 667 metri.
2739 611 3141 667 Acrosticltides
3198 626 3326 665 vero
3366 619 3489 664 sunt
3531 624 3593 665 ex
3640 607 3875 678 Cujusque

2304 706 2544 774 pocmalii
2579 705 2747 759 titulis
2770 713 3093 760 constructa:
3122 746 3134 769 ,
3158 706 3245 760 sic
3266 703 3542 775 adsignata
3567 708 3753 772 cuique
3766 717 3872 755 vcr-

2299 804 2377 858 sui
2405 803 2577 857 littera
2600 844 2613 868 ,
2646 812 2702 856 ut
2734 819 2763 856 a
2800 802 2970 870 primo
3017 801 3278 872 cujusque
3309 797 3546 871 ptematii
3576 814 3728 854 versu
3754 807 3876 852 tctus

2303 894 2561 964 deinceps
2592 894 2841 965 poematii
2871 894 3054 948 titulus
3079 909 3172 964 per
3202 894 3409 948 litteras
3427 906 3676 948 versuum
3701 892 3875 961 primas

2298 986 2569 1041 decurrat.
2608 1005 2626 1036 ι
2677 986 2888 1040 Alicubi
2920 997 3097 1041 tamen
3129 983 3311 1039 deﬁcit
3339 984 3455 1038 haec
3478 998 3685 1048 norma,
3710 992 3761 1035 ut
3784 981 3876 1034 suis

2299 1079 2431 1133 locis
2469 1077 2901 1131 animadversum
2959 1087 3041 1132 est
3076 1092 3103 1130 a
3145 1077 3274 1131 viris
3302 1075 3526 1131 eruditis
3555 1073 3657 1147 (Ξ).
3701 1072 3875 1128 Versus

2297 1179 2476 1225 autem
2508 1167 2884 1224 Commodiani
2929 1169 2998 1224 ita
3032 1179 3158 1224 sunt
3189 1168 3487 1238 comparati
3515 1209 3528 1232 ,
3564 1177 3619 1220 ut
3648 1180 3875 1219 numerus

2297 1264 2608 1319 Hexametri
2629 1263 2885 1319 carminis
2912 1275 3198 1335 utrumque
3228 1273 3494 1325 servetur,
3528 1260 3762 1331 neglecta
3786 1258 3878 1328 syl-

2297 1358 2537 1413 labarum
2569 1358 2892 1430 quantitate,
2922 1358 3061 1412 sicut
3092 1359 3144 1412 itt
3170 1358 3378 1428 psalmo
3412 1354 3682 1411 trocltaico
3704 1353 3756 1407 S.
3780 1352 3877 1407 Au-

2296 1456 2493 1524 gustini
2522 1465 2709 1510 contra
2741 1467 2947 1525 partem
2981 1452 3194 1516 Donati,
3227 1452 3315 1524 qui
3335 1452 3452 1522 ejus
3481 1448 3691 1520 scriptis
3713 1454 3876 1502 eontra

2299 1549 2589 1616 Donatum,
2641 1560 2774 1604 tom.
2807 1564 2857 1603 ιιι
2886 1563 3107 1617 operum
3139 1545 3484 1617 praemittitur
3520 1561 3533 1595 :
3568 1541 3651 1597 vel
3682 1543 3809 1593 sicut
3834 1537 3877 1591 in
3916 1604 3920 1641 1

2298 1644 2421 1697 aliis
2480 1644 2619 1713 apud
2676 1643 2943 1697 illustrem
2994 1641 3302 1710 Scipionem
3369 1636 3636 1692 Malleium
3686 1633 3877 1687 dissert.

2304 1735 2569 1807 (subjecta
2613 1739 2731 1807 ejus
2784 1735 3026 1791 historia:
3066 1732 3447 1806 diplomaticm)
3504 1731 3673 1801 Sopra
3716 1728 3733 1782 i
3770 1725 3879 1780 versi
3918 1804 3919 1809 γ

3917 1242 3919 1265 l

3917 1328 3919 1359 l

2220 1833 2267 1893 Β
2295 1832 2482 1884 ritmici
2510 1874 2524 1899 ,
2575 1846 2695 1901 pag.
2720 1831 2823 1885 186
2847 1873 2860 1895 ,
2896 1846 3048 1900 seqq.
3084 1840 3133 1883 ct
3170 1830 3223 1883 in
3257 1825 3587 1883 hexametris
3625 1821 3787 1877 codici
3815 1819 3879 1872 la-

2303 1925 2648 1979 tino-biblico
2706 1926 2999 1994 praemissis
3041 1922 3184 1977 circa
3228 1937 3426 1976 annum
3464 1918 3661 1975 Christi
3704 1914 3819 1982 750,
3854 1928 3879 1965 a
3916 1888 3919 1922 Ἰ

2282 2016 2563 2085 .Gregorio
2600 2015 2861 2071 cardinali
2920 2014 3060 2086 apud
3120 2013 3329 2068 Justnm
3394 2012 3790 2071 Fontaninum,
3838 2004 3919 2086 in:

2299 2110 2597 2180 appendice
2632 2110 2698 2163 ad
2729 2111 2938 2164 discum
2983 2119 3299 2181 argenteum
3332 2108 3569 2162 votivum
3597 2149 3611 2173 ,
3645 2119 3760 2175 pag.
3786 2096 3881 2163 35.

2303 2205 2383 2259 vcl
2416 2214 2474 2258 ut
2521 2206 2572 2257 in
2606 2204 2933 2258 carminibus
2980 2202 3211 2271 politicis
3251 2201 3492 2256 recentis
3515 2196 3733 2255 Grzccize
3765 2192 3883 2247 solet

2300 2298 2438 2362 fieri,
2472 2297 2555 2354 vel
2588 2298 2744 2368 quale
2775 2312 2995 2352 carmen
3024 2296 3384 2350 hexametron
3414 2310 3649 2366 graecum
3673 2306 3734 2346 ex
3756 2286 3880 2359 psal-
3914 2262 3920 2393 Ξ

2303 2392 2436 2447 tet-io
2481 2392 2579 2446 Ms.
2623 2392 2967 2446 mttrbacensi
3015 2390 3185 2446 edidit
3231 2389 3620 2445 celeberrimus
3644 2379 3919 2441 Montfau-T

2299 2485 2489 2539 conius
2517 2485 2569 2538 in
2596 2483 2997 2552 Palmographia
3029 2481 3241 2545 Graeca,
3269 2497 3390 2553 pag.
3414 2480 3546 2537 220.

2376 2576 2457 2633 Ad
2487 2578 2752 2631 rationem
2786 2586 2965 2631 autem
3000 2576 3270 2630 scribendi
3305 2575 3450 2645 quod
3483 2574 3694 2636 attinet,
3718 2566 3881 2625 durior

2298 2671 2386 2726 illa
2415 2670 2655 2741 quidem,
2702 2670 2825 2740 quia
2855 2679 2908 2724 et
2934 2670 3228 2724 insolentes
3256 2668 3309 2722 in
3335 2667 3493 2722 Latio
3523 2678 3680 2720 voces
3709 2660 3882 2732 passim

2298 2763 2559 2817 adhibita:
2607 2779 2622 2817 :
2660 2762 2755 2816 sed
2801 2762 3038 2816 vicissim
3077 2776 3270 2831 gra'cac
3296 2760 3562 2815 aclatinze
3580 2747 3919 2831 antiquitatis:

2297 2857 2432 2911 scita
2461 2872 2566 2911 non
2599 2855 2842 2925 vulgaria
2878 2854 3157 2910 interserit
3188 2863 3376 2908 auctor
3401 2896 3417 2921 ,
3466 2861 3525 2908 ut
3569 2849 3697 2904 viris
3725 2840 3881 2901 doctis

2296 2952 2460 3007 obscr
2472 2959 2667 3004 vatum.

2364 3044 2545 3114 Operis
2574 3043 2812 3113 pretium,
2844 3054 2890 3097 et
2915 3038 3503 3097 censura.—C:eterum
3530 3040 3583 3095 in
3611 3039 3709 3093 hoc
3729 3030 3883 3090 cccle-

2297 3139 2531 3193 siastica‘.
2558 3138 2845 3192 vetustatis
2859 3145 3217 3192 monumento
3238 3144 3514 3206 spectatur
3542 3129 3792 3204 imprimis
3804 3140 3883 3179 an-

3916 2453 3920 2487 l

3914 2544 3920 2579 l

3914 2639 3920 2673 1

2286 3338 2406 3378 rum
2441 3324 2662 3389 bonum,
2698 3338 2830 3378 vere
2876 3323 3230 3378 christianum
3255 3367 3269 3389 ,
3314 3322 3383 3377 ab
3412 3321 3560 3377 omni
3582 3318 3765 3391 gloria:
3789 3326 3878 3367 saa—

2288 3417 2489 3472 cularis
2548 3415 2689 3469 fasm
2746 3414 3009 3483 alienum,
3061 3424 3127 3469 eti
3162 3413 3481 3477 cbaritatis,
3520 3426 3641 3484 qua:
3688 3403 3880 3478 proprie

2287 3510 2640 3564 christianum
2684 3507 2863 3574 decet,
2913 3509 3176 3563 cultorem
3208 3509 3513 3579 egregium.
3537 3507 3607 3561 At
3639 3500 3761 3558 illud
3788 3509 3878 3550 non
3918 3500 3919 3517 ‘

2287 3612 2371 3656 cst
2390 3600 2850 3656 dissimulandum
2875 3643 2890 3665 ,
2916 3602 3089 3655 naevis
3116 3599 3325 3670 aliquot
3355 3602 3662 3669 inspersum
3687 3606 3799 3649 esse
3824 3587 3877 3640 li-
3914 3582 3919 3617 Ἰ

2286 3696 2509 3762 bellum,
2566 3710 2703 3766 quos
2754 3710 2877 3751 cum
2935 3696 3205 3750 nonnullis
3245 3696 3604 3751 vetustiorum
3677 3676 3920 3744 Patrum1

2287 3804 2602 3844 communes
2623 3788 2786 3844 habet
2804 3786 3228 3843 Commodianus
3255 3807 3269 3843 :
3296 3785 3757 3859 cujusmodi‘sunt,
3773 3787 3876 3848 quae
3916 3774 3919 3809 l

2286 3892 2579 3937 narrantur
2627 3881 2695 3935 de
2740 3882 2965 3951 Angelis
2984 3881 3379 3952 desertoribus,
3410 3880 3557 3936 unde
3578 3874 3874 3943 natigigan-
3916 3868 3920 3907 ί

2284 3985 2367 4029 tes
2400 3974 2505 4047 (5);
2535 3974 2604 4031 de
2633 3972 2935 4039 chiliasmo,
2976 3973 3046 4029 de
3065 3973 3301 4028 anastasi
3331 3974 3526 4044 prima,
3559 3970 3629 4026 de
3651 3964 3876 4023 felicitate
3916 3962 3919 3997 π

2283 4077 2521 4134 terrena,
2551 4078 2656 4123 etc.
2703 4064 2783 4140 (4)
2816 4082 2835 4120 :
2861 4080 2983 4135 qua:
3007 4066 3223 4137 quidem
3281 4067 3334 4119 in
3393 4079 3558 4119 causa
3598 4060 3760 4116 fuisse
3809 4051 3874 4105 vi-
3918 4060 3919 4109 ι

2284 4160 2506 4228 dentur,
2556 4175 2654 4214 cur
2698 4158 3018 4228 opusculum
3057 4158 3203 4213 inter
3250 4156 3451 4212 Gelasii
3479 4147 3870 4226 apocryphare-
3917 4176 3919 4187 ι

2279 4262 2600 4309 censeretur
2628 4269 2642 4306 :
2668 4250 3121 4320 quemadmodum
3161 4250 3216 4304 in
3249 4249 3507 4306 eumdem
3551 4258 3766 4303 censum
3795 4250 3864 4291 re-
3916 4248 3919 4319 ι

2280 4345 2536 4399 feruntur.
2556 4347 2684 4399 item
2711 4344 2781 4398 ob
2809 4358 2937 4398 suos
2959 4357 3147 4398 naevos
3177 4343 3441 4398 Cletnens
3472 4332 3867 4396 Alexandrinus,
3916 4340 3919 4407 ι

2281 4435 2573 4501 Arnobius,
2607 4434 2937 4502 Lactantius,
2966 4434 3235 4504 Sulpicius
3261 4434 3527 4515 Severus,
3546 4429 3735 4499 aliique
3751 4434 3871 4494 priB'
3917 4420 3919 4473 ἰ

3914 2824 3919 2857 1

3916 2920 3920 2953 l

3912 3012 3920 3048 Ξ

3917 3100 3919 3143 l

3912 3200 3920 3237 ι

3912 3396 3919 3419 1

2278 4529 2597 4583 stantissimi
2628 4530 2909 4584 Auctores.
2945 4529 3143 4583 Verum
3192 4529 3337 4583 haud
3373 4529 3445 4593 ita
3473 4512 3561 4584 est
3585 4512 3869 4592 accipienda
3918 4546 3919 4549 η

2277 4623 2479 4679 Gelasii
2509 4638 2760 4688 censura,
2792 4632 2852 4680 ut
2878 4624 3142 4693 ejusmodi
3175 4624 3536 4679 vestutiorum
3567 4619 3868 4688 scriptorum
3918 4636 3919 4659 ι

2276 4732 2439 4786 Opera
2470 4732 2696 4786 prorsus
2724 4717 3015 4788 reﬁcienda
3045 4718 3428 4773 existimentur
3453 4735 3467 4783 ;
3497 4711 3717 4788 perinde
3746 4720 3803 4761 ac
3826 4699 3865 4755 si
3918 4728 3919 4759 ξ

2276 4825 2341 4864 ea
2370 4827 2612 4867 summus
2639 4812 2728 4865 ille
2746 4811 3065 4882 pontifexab
3090 4812 3324 4866 Ecclesia
3346 4812 3557 4866 omnino
3582 4800 3864 4880 proscribab
3918 4820 3919 4825 ‘

2276 4903 2447 4972 inquit
2470 4919 2696 4975 magnus
2726 4904 2991 4959 Baronius
3011 4903 3115 4975 (ὅ),
3147 4905 3243 4959 sed
3277 4913 3335 4958 ut
3362 4903 3576 4974 publica
3610 4901 3661 4954 in
3693 4890 3863 4951 Eccle-

2273 4994 2348 5047 sia
2403 4995 2636 5050 lectione
2687 4995 2983 5064 priventur.
3026 4995 3139 5063 Qua
3192 4996 3264 5051 de
3307 5011 3368 5051 re
3410 5009 3510 5050 nos
3534 4991 3667 5047 alibi
3704 5002 3764 5043 ex
3802 4978 3863 5035 6'-

2272 5085 2594 5143 Fontaninio
2626 5086 2705 5160 (6)
2739 5088 2888 5157 plura
2916 5089 3237 5145 observasse
3262 5089 3618 5145 meminimus
3645 5126 3661 5152 ,
3695 5071 3863 5137 scribit

2345 5199 2426 5274 (ᾖ)
2451 5200 2666 5274 Bigalt..
2695 5202 2799 5257 loc.
2830 5201 2923 5256 cit.
3623 5271 3634 5274 _

2346 5264 2428 5342 (2)
2458 5264 2542 5326 In"
2561 5274 2748 5328 ultimo
2799 5275 2975 5343 capite
3026 5274 3348 5330 acrostichis
3392 5289 3497 5328 non
3532 5282 3590 5327 ut
3620 5264 3855 5324 inaliisa

2270 5343 2447 5412 primo
2473 5344 2540 5398 ad
2567 5344 2845 5410 ultimum,
2882 5345 2977 5400 sed
3017 5362 3047 5399 a
3094 5359 3364 5413 postremo
3400 5345 3466 5400 ad
3494 5346 3720 5414 primum
3751 5348 3857 5414 vel”

2266 5406 2390 5538 ἕλοι
2445 5413 2668 5499 legenda
2710 5406 2876 5472 refert
2917 5406 3126 5472 verba}
3161 5406 3563 5474 Commodian'us
3615 5406 3859 5467 mendicus

2348 5496 2479 5538 rtstt.
2516 5528 2520 5533 .

2348 5496 2479 5540 rtsti.
2516 5528 2520 5533 .

2347 5557 2424 5633 (5)
2448 5557 2846 5633 (ξιιιιιιιιοάίιιηη
2874 5559 3122 5615 Instruat.
3155 5578 3234 5617 ιιι.

2352 5629 2430 5700 (lt)
2464 5629 2567 5690 Id..
2595 5629 2839 5683 Instrurt.
2873 5648 3021 5691 xvm.
3055 5649 3197 5688 XLIV.

2360 5702 2439 5837 t5?
2471 5701 2689 5784 Bai-om,
2714 5702 2780 5755 ad
2811 5719 2935 5757 ann.
2961 5704 3053 5769 51',

2360 5772 2406 5837 Δ6
2458 5771 2772 5833 Fontantn.,
2803 5768 2949 5829 Hist;
2971 5776 3191 5837 Aquila.

2348 5768 2429 5847 (6]
2458 5768 3191 5847 lt‘ontanin.,ﬂist.rAquvitei.
3229 5778 3460 5843 litterata,
3502 5777 3603 5841 lib.
3642 5790 3707 5839 γ,
3744 5782 3851 5839 ων·

2265 5843 2418 5917 tt,‘§
2449 5845 2514 5911 ε,
2549 5858 2668 5915 pag.
2696 5843 2823 5901 554.
