4060 6330
222 431 324 488 197

1160 432 1250 490 DE
1287 431 1733 492 COMMODIANO
1758 426 2030 501 GAZASO,
2063 430 2341 491 ORIGINE
2382 432 2585 491 AFRO.

3410 419 3512 492 193

221 551 509 623 perdoctus
529 551 842 608 Gallandius
870 550 973 623 (i),
1001 567 1067 608 ex
1095 568 1202 622 quo
1224 554 1339 609 haec
1355 553 1810 623 deprompsimns.
1843 556 1891 612 A
1922 563 2073 617 rant;
2105 554 2384 616 divitibus,
2434 552 2530 617 ait,
2582 566 2648 607 ne
2689 559 2909 623 propter
2929 549 3142 606 divitias
3171 565 3295 605 suas
3332 559 3511 603 mente

289 643 556 695 Judt’cinm
584 643 651 697 cl.
677 640 889 712 Dupint'i
927 644 990 696 de
1040 645 1193 715 style,
1223 643 1461 697 Auctoris
1486 644 1778 698 charactere
1798 686 1813 709 ,

222 740 487 808 operisque
511 737 692 808 pretio.
723 765 795 776 ——
821 739 859 790 Α
890 751 1116 791 Censura
1159 736 1427 792 Gallandii
1455 752 1560 789 non
1587 736 1815 789 multum

220 829 423 885 abludit
446 828 686 899 perdocti
713 829 922 899 aninii
955 828 1034 902 (Ξ)
1065 828 1134 885 de
1159 828 1566 893 Commodiano,
1593 828 1818 897 ejusque

222 922 401 977 libello
428 923 603 976 crisis.
639 922 806 997 _Stilus
834 923 973 991 ejus,
1000 921 1169 991 inquit
1200 920 1310 983 hic,
1334 927 1419 975 est
1447 922 1634 983 durus,
1653 919 1816 975 verba

222 1015 445 1069 barbara
476 1056 490 1079 ,
549 1024 604 1070 et
651 1014 1003 1085 cogitationes
1051 1014 1320 1069 demissa).
1364 1014 1568 1066 Auctor
1611 1011 1818 1069 videtur

221 1105 387 1163 fuiSse
427 1108 618 1175 bonus,
672 1107 924 1176 simplex,
975 1106 1209 1171 humilis,
1262 1106 1571 1170 beneﬁcus,
1622 1103 1819 1159 Christi

219 1217 403 1256 amore
431 1200 875 1273 ﬂagrantissimus
900 1243 914 1267 ,
948 1201 1066 1270 ejus
1106 1199 1347 1269 religioni
1376 1198 1770 1253 addictissimns
1799 1240 1814 1264 ,

220 1295 461 1349 moribus
504 1292 734 1348 austeris
760 1334 774 1358 ,
806 1293 935 1346 vitio
965 1292 1377 1353 infensissimus,
1411 1291 1590 1345 omnia
1633 1288 1817 1345 sazculi

219 1388 378 1457 hujus
405 1389 542 1443 bona
572 1388 716 1457 parvi
749 1388 950 1443 faciens
977 1428 992 1451 ,
1041 1387 1241 1457 quique
1262 1385 1495 1455 optimus
1526 1384 1819 1439 monachus

217 1480 428 1544 fuisset,
462 1481 599 1535 sicut
629 1480 934 1535 observavit
960 1478 1240 1549 Rigaltius.
1270 1478 1382 1532 Non
1403 1476 1817 1533 erattamenin-

217 1571 414 1626 doctus
438 1613 453 1638 ,
511 1581 671 1642 atque
725 1572 1038 1640 imperitus;
1090 1570 1257 1625 multa
1303 1569 1444 1624 enim
1472 1569 1679 1623 erudita
1704 1609 1719 1634 ,
1752 1568 1818 1623 ad

215 1664 497 1720 scientiam
549 1666 826 1734 profanam
879 1664 1220 1734 pertinentia,
1260 1663 1314 1716 in
1363 1662 1479 1732 ejus
1514 1677 1675 1730 opere
1722 1664 1817 1714 ha-

216 1757 454 1824 bentur;
487 1762 650 1813 immo
674 1758 925 1812 nonnullu
956 1757 1302 1812 inveniuntur
1322 1756 1392 1811 de
1417 1754 1696 1826 gentilium
1720 1753 1819 1808 diis

216 1866 364 1917 rara,
397 1861 451 1905 et
475 1851 762 1921 exquisita.
789 1850 1007 1904 \‘idetur
1028 1864 1149 1904 esse
1175 1850 1369 1903 mentis
1390 1864 1556 1911 sanae,
1586 1848 1746 1913 acris,
1768 1854 1822 1902 ct

216 1943 527 1999 Christianis
580 1944 865 2014 praeceptis
907 1943 1197 1997 moralibus
1225 1941 1679 1997 instructissimm.

294 2039 479 2108 Operis
506 2040 663 2110 hujus
683 2040 916 2110 synopsis
944 2055 1030 2093 seu
1055 2038 1303 2110 analysis.
1326 2069 1393 2077 —
1416 2037 1473 2091 In
1505 2047 1611 2093 tres
1642 2047 1822 2107 partes

216 2131 388 2187 dividi
418 2140 597 2202 potest
642 2132 746 2191 hoc
786 2132 1123 2203 opusculum.
1153 2132 1351 2196 Prima,
1385 2147 1504 2202 qua:
1533 2131 1739 2201 triginta
1771 2142 1825 2186 et

217 2240 318 2279 sex
336 2225 587 2294 strephas
607 2226 869 2290 continet,
893 2226 1142 2294 inscripta
1165 2233 1249 2279 est
1263 2224 1577 2297 gentilibus,
1600 2240 1736 2295 quos
1757 2223 1823 2277 ad

219 2316 575 2371 cltriStianatn
650 2316 958 2387 religionem
1026 2302 1459 2386 amplectendam
1535 2318 1822 2384 hortatur,

223 2419 513 2479 postquam
538 2408 689 2475 deos,
724 2426 859 2480 quos
886 2389 1147 2475 adorant,
1183 2407 1397 2463 lictitios
1427 2422 1546 2462 esse
1572 2406 1826 2462 demenso

224 2488 412 2555 travit.
450 2501 696 2557 Secunda
744 2500 995 2572 inscripta
1032 2512 1115 2557 est
1143 2500 1375 2565 Judacis,
1409 2517 1547 2571 quos
1576 2500 1734 2555 etiam
1758 2500 1825 2556 ad

221 2591 391 2646 ﬁdem
422 2590 765 2645 christianum
794 2592 1221 2661 amplectendam
1252 2576 1827 2665 hortatur,ostendens

221 2684 403 2754 legem
436 2682 601 2737 fuisse
633 2683 987 2755 ligurativam.
1023 2684 1096 2739 De
1122 2686 1441 2741 antichristo
1477 2729 1488 2748 ,
1518 2686 1716 2755 judicio
1746 2688 1828 2739 ul-

225 2776 384 2842 timo,
430 2788 485 2831 et
534 2777 931 2832 resurrectione
960 2776 1195 2831 disserit.
1225 2776 1416 2833 Ultima
1460 2778 1715 2847 inscripta
1747 2788 1830 2834 est

227 2866 542 2921 chrisdanis
569 2866 967 2921 catechumenis
992 2908 1007 2932 ,
1040 2866 1286 2922 ﬁdelibus
1317 2878 1371 2921 et
1400 2868 1782 2938 pmnitcotibus
1809 2910 1825 2936 ,

228 2959 427 3029 quibus
460 2971 727 3029 praecepta
752 2960 974 3014 moralia
1002 2960 1205 3030 Optima
1233 2946 1353 3026 dat;
1383 2977 1413 3015 a
1449 2960 1669 3031 strepha
1698 2977 1830 3031 qua-

229 3054 533 3124 dragesima
553 3064 702 3108 sexta
728 3055 937 3126 incipit.
1642 3044 1647 3051 ’

307 3147 464 3215 Apud
491 3149 631 3201 hunc
662 3158 936 3203 auctorem
970 3158 1210 3204 veterum
1238 3165 1453 3205 errores
1481 3150 1722 3221 plerique
1742 3151 1821 3205 in-

230 3238 542 3295 veniuntur.
594 3240 759 3294 Docet
800 3240 1074 3295 daemones
1123 3255 1245 3296 esse
1293 3240 1516 3312 angelos
1544 3228 1829 3311 mulierum

1921 646 2169 701 elatiores
2213 645 2359 711 fiant,
2394 644 2487 699 sed
2518 660 2609 699 eas
2637 644 2819 713 egenis
2856 643 3231 712 impertiuntur
3252 684 3264 705 ,
3297 641 3513 707 illosju-

1920 746 2082 804 vent,
2136 754 2307 808 aegros
2339 739 2607 800 invistnt,
2640 750 2703 791 ac
2732 736 3031 805 indigentes
3053 734 3310 788 nutriant.
3344 732 3511 787 Filio—

1919 848 2036 886 rmn
2066 841 2121 886 et
2148 841 2495 902 cognatorum
2528 840 2753 884 mortem
2785 845 2888 883 non
2915 844 3037 884 esse
3065 825 3507 896 complorandam

1919 925 2067 979 dicit.
2091 924 2363 980 Funebres
2396 939 2617 995 pompas
2657 936 2711 979 et
2733 924 2917 978 tutiora
2962 920 3239 991 Splendida
3270 919 3508 974 damnat.

1922 1015 2031 1070 Eos
2055 1016 2251 1071 acriter
2285 1014 2656 1085 reprehendit,
2678 1016 2768 1084 qui
2800 1016 2851 1067 in
2876 1014 3076 1082 templo
3102 1012 3374 1066 silentium
3405 1026 3513 1064 non

1920 1109 2225 1165 observant.
2281 1129 2300 1162 ι
2328 1110 2469 1164 Dixit
2508 1108 2716 1163 Domini
2765 1108 3046 1174 sacerdos,
3086 1126 3107 1159 ι
3165 1105 3338 1176 inquit
3386 1102 3467 1177 (i)
3497 1145 3510 1168 ,

1928 1220 1948 1253 «ι
1985 1199 2159 1263 Corda
2184 1201 2431 1256 adl)eum
2466 1201 2670 1264 tollite;
2704 1200 3045 1268 respondetis
3066 1212 3164 1252 vos
3187 1213 3248 1252 ea
3270 1196 3336 1250 ad
3367 1196 3514 1251 illum

1923 1296 2141 1358 habere,
2174 1305 2227 1348 et
2258 1310 2381 1349 mox
2412 1309 2440 1347 a
2467 1296 2734 1363 promisso
2756 1291 3053 1347 disceditis.
3084 1290 3250 1345 Deum
3267 1296 3387 1344 orat
3417 1303 3517 1358 pro

1922 1388 2099 1459 plebe,
2131 1389 2333 1442 interea
2354 1387 2558 1440 fabulas
2585 1388 2723 1440 inter
2752 1400 2848 1438 vos
2872 1384 3103 1439 vicissim
3133 1382 3367 1439 narratis
3390 1421 3405 1446 ,
3431 1379 3511 1434 ri-

1920 1482 2078 1542 detis.
2111 1480 2298 1535 aliena)
2341 1479 2499 1533 famae
2523 1477 2858 1541 obtrectatis,
2894 1489 3176 1531 sermones
3207 1470 3520 1527 inconside-

1922 1584 2067 1628 ratos
2089 1574 2287 1638 seritis,
2312 1575 2463 1642 quasi
2491 1572 2705 1627 abesset
2734 1570 2895 1630 Deus,
2936 1569 3025 1638 qui
3058 1566 3239 1621 omnia
3268 1563 3416 1629 fecit,
3440 1561 3518 1616 vi-

1920 1668 2014 1721 det
2038 1679 2091 1721 et
2115 1666 2280 1721 audit.
2321 1684 2339 1716 μ
2380 1667 2543 1720 Deum
2586 1663 2927 1734 precantibus
2953 1663 3029 1715 ait
3073 1674 3167 1714 cor
3207 1673 3364 1711 suum
3419 1671 3517 1723 pu-

1922 1760 2170 1823 riﬁcent,
2226 1759 2536 1827 priusquam
2585 1758 2650 1811 ad
2703 1771 2891 1825 preces
2943 1769 3001 1809 se
3047 1754 3346 1808 conferant.
3398 1749 3520 1807 Uno

1922 1854 2112 1918 verbo,
2139 1854 2325 1907 harum
2355 1852 2766 1906 instructionum
2789 1864 2911 1919 pars
2935 1846 3118 1903 ultima
3142 1845 3369 1902 eximias
3389 1860 3521 1899 con-

1852 1950 1899 2011 B
1930 1950 2059 2003 tinet
2085 1947 2486 2002 cohortationes
2509 1988 2522 2010 ,
2581 1946 2774 2013 quibus
2804 1940 3096 1998 Christiani
3120 1942 3372 1996 virtutem
3402 1954 3521 1995 sec-

1928 2051 2127 2098 tentur.
2160 2039 2417 2095 etvitium
2450 2038 2655 2109 fugiant
2681 2078 2694 2102 ,
2724 2045 2778 2091 et
2834 2035 3283 2091 commonitiones
3325 2030 3521 2085 adver-

1924 2148 2016 2187 sus
2037 2149 2216 2187 mores
2243 2132 2671 2185 Christianorum
2703 2130 3047 2197 depravatos,
3075 2136 3123 2181 et
3164 2126 3309 2180 illius
3333 2122 3522 2179 sreculi

1926 2226 2122 2297 ﬂagitia
2134 2224 2313 2281 sreculi
2346 2226 2513 2280 nostri
2544 2227 2655 2279 fere
2676 2223 2895 2278 similia.
2929 2221 3202 2277 Hactenus
3222 2217 3520 2290 perdoctus

1928 2322 2204 2393 Dupinius.

2532 2452 2823 2493 ARTICULUS
2861 2453 2937 2493 111.

2322 2552 2396 2625 De
2415 2551 2770 2609 Commodium'
2793 2552 3123 2607 editionibus.

2002 2688 2080 2745 De
2095 2691 2318 2745 editione
2334 2691 2728 2762 Rigaltiana.,—
2747 2690 2846 2746 Hic
2868 2699 3127 2746 tractatus
3147 2688 3524 2745 Commodiani

1930 2782 2021 2839 diu
2052 2784 2208 2839 latuit
2233 2786 2284 2839 iu
2313 2785 2568 2851 tenebris,
2592 2794 2648 2840 et
2674 2785 2903 2853 primum
2937 2784 2989 2838 in
3022 2784 3195 2839 lucem
3227 2784 3525 2853 productus

1929 2887 2012 2931 est
2053 2878 2236 2943 elapso
2268 2878 2502 2941 szecnlo,
2548 2893 2671 2931 cunt
2723 2878 2882 2932 Pater
2928 2876 3250 2932 Sirmondus
3292 2891 3415 2931 eum
3461 2876 3529 2931 de

1930 2968 2153 3036 antiquo
2185 2969 2551 3035 manuscripto
2587 2970 2965 3039 exscripsisset
2997 2970 3100 3042 (2).
3131 2971 3403 3040 Rigaltius
3427 2969 3530 3025 hoc

1932 3061 2234 3129 exemplum
2279 3076 2420 3113 anno
2462 3060 2621 3125 1349,
2671 3062 2750 3114 vel
2801 3062 2974 3128 potius
3012 3078 3155 3116 anno
3194 3062 3356 3126 1650,
3391 3062 3531 3133 typis

1931 3152 2121 3208 excudi
2158 3153 2337 3222 jussit.
2367 3154 2632 3219 Quantum
2673 3170 2804 3208 vero
2834 3170 2977 3210 cura:
3014 3165 3174 3225 atque
3198 3156 3402 3210 laboris
3430 3156 3530 3210 Ri-

1931 3245 2123 3315 galtius
2153 3246 2543 3301 Cotnmodiano
2572 3247 2929 3315 impenderit,
2966 3247 3195 3316 ipsemet
3238 3249 3321 3302 his
3351 3249 3532 3303 verbis

232 3347 426 3386 amore
474 3342 799 3402 corruptos,
852 3348 919 3387 ex
958 3349 1183 3404 quorum
1218 3349 1339 3388 cum
1371 3335 1476 3388 illis
1505 3318 1903 3406 conunercioc
1934 3336 2213 3390 declarat:
2275 3355 2293 3386 ι
2346 3336 2553 3391 Libelli.
2579 3346 2732 3391 vetus
2777 3338 3073 3408 exemplar,
3131 3357 3150 3390 ι
3199 3339 3375 3408 inquit
3425 3339 3529 3410 (ὅ),

235 3427 486 3497 gigantes
520 3425 628 3479 nati
655 3435 820 3491 sunt;
847 3426 1103 3481 mundum
1135 3437 1257 3494 post
1282 3442 1377 3481 sex
1402 3427 1548 3482 mille
1572 3442 1742 3481 annos
1768 3430 1831 3511 li;-

236 3525 412 3579 nitum
436 3522 530 3588 iri;
562 3521 828 3577 Neronem
858 3523 1386 3589 esseantichristum,
1418 3523 1684 3593 dUplicem
1717 3523 1834 3578 fore

237 3619 695 3674 resmrectionent
720 3635 732 3672 :
758 3620 1205 3673 resurrectionem
1242 3604 1656 3700 hpnorum’antc
1688 3616 1833 3671 ntilie

236 3728 517 3767 annorum
557 3728 817 3782 regnum;
856 3722 911 3767 et
937 3714 1385 3791 resurrectionem
1419 3714 1561 3767 illam
1606 3728 1831 3784 genera-

239 3808 376 3872 lem,
407 3824 525 3878 (ιιιιυ
558 3807 609 3860 in
636 3808 823 3879 ultimo
845 3808 1045 3875 judicio
1079 3808 1171 3862 lict
1205 3790 1216 3860 ξ
1252 3818 1371 3878 post
1394 3809 1627 3879 priorem
1658 3825 1833 3863 resur-

238 3900 543 3957 rectionem
588 3903 756 3955 bonos
795 3900 941 3955 mille
987 3917 1158 3956 annos
1212 3904 1260 3955 in
1322 3913 1462 3955 terra
1517 3884 1832 3966 mansuros;

239 4004 542 4066 posteaque
615 4010 805 4049 omnes
862 3982 1106 4048 homines
1158 3993 1506 4061 iudicandos,
1569 3996 1736 4048 malos
1783 3996 1833 4050 in

239 4094 425 4161 ignem
467 4088 897 4160 praecipitandus,
942 4070 997 4144 et
1031 4076 1436 4167 totatunaturte
1488 4090 1674 4165 laeictn
1719 4107 1836 4167 ntu-

238 4184 484 4239 tandanu
650 4170 655 4189 ’
908 4170 911 4185 ’
998 4164 1003 4173 ”
1202 4164 1207 4167 ’
1272 4164 1277 4169 Α
1386 4164 1433 4171 Ι,
1542 4168 1545 4175 ’

322 4280 592 4345 l‘racepta
627 4277 743 4348 ejus
774 4276 993 4331 moralia
1035 4276 1229 4357 eximia
1253 4285 1395 4331 sunt.
1421 4274 1837 4351 Cateehumenis

241 4373 619 4438 commendat,
653 4385 707 4425 ut
757 4372 914 4447 vitam
949 4372 1151 4453 peccati
1197 4385 1472 4442 expertem
1502 4382 1699 4453 agant;
1734 4388 1840 4442 po:-

242 4469 575 4532 nitentibns,
621 4448 736 4521 dies
768 4444 1057 4547 noctesque
1098 4476 1275 4532 orent,
1307 4467 1587 4539 vitamque
1611 4464 1838 4521 severis-

242 4567 384 4621 sime
446 4563 700 4627 cxiiant,
773 4562 835 4615 ad
916 4562 1107 4639 ἀφιεριῂ
1144 4561 1352 4639 veniam
1423 4560 1835 4639 impetrandam.

243 4654 505 4715 Hortatur
534 4656 736 4719 lidelcs,
765 4657 959 4710 malum
991 4657 1175 4718 vitent,
1208 4630 1496 4733 odiumque
1526 4656 1797 4726 deponant
1820 4696 1835 4721 ,

1942 3448 1960 3481 ι
1998 3430 2364 3501 apogmphmn
2409 3430 2567 3485 habui
2600 3441 2805 3484 tantum
2835 3432 2901 3484 ab
2933 3432 3133 3485 eximio
3174 3434 3296 3487 viro
3332 3432 3534 3488 Jacobo

1939 3526 2259 3589 Sirtnoudo;
2288 3525 2382 3579 scd
2409 3524 2569 3582 {mdis
2591 3526 2792 3595 ubique
2814 3524 2930 3581 fere
2956 3527 3166 3581 mendis
3192 3536 3529 3597 corruptum.

1940 3618 2188 3674 Veterem
2220 3620 2544 3689 scripturam
2563 3662 2578 3683 ,
2614 3621 2697 3675 vel
2730 3621 2845 3690 ipse
2870 3620 3194 3679 Sirmondus
3224 3621 3415 3686 habet,
3445 3621 3534 3676 vel

1940 3713 2079 3767 unde
2108 3712 2290 3768 haberi
2321 3723 2513 3781 queat,
2558 3713 2699 3768 scire
2728 3730 2833 3767 non
2859 3713 3142 3771 difﬁtetur.
3176 3714 3292 3784 Ego
3317 3714 3536 3784 quidem

1939 3806 2095 3862 valde
2123 3808 2389 3861 assentior
2427 3807 2859 3862 existimantibus
2881 3848 2895 3871 ,
2928 3807 3139 3863 futilem
3186 3823 3342 3874 esse,
3374 3818 3537 3878 atque

1938 3897 2218 3963 [:illacem,
2258 3898 2422 3951 immo
2454 3897 2772 3967 plerumque
2798 3899 2854 3952 in
2890 3897 2992 3954 hac
3039 3898 3340 3955 litterarum
3384 3908 3538 3970 parte

1938 3989 2293 4058 perniciosam
2350 3987 2691 4056 conjectandi
2746 3988 3070 4044 licentiam:
3114 3990 3208 4045 sed
3263 4005 3331 4046 ex
3381 3990 3537 4047 istius

1940 4082 2107 4137 libelli
2151 4082 2474 4152 apographis
2519 4091 2764 4147 constat,
2808 4084 3209 4149 manumillam
3258 4086 3533 4156 antiquam

1939 4176 2107 4231 fuisse
2148 4177 2256 4244 jam
2312 4176 2515 4246 pridem
2573 4177 3100 4248 depravatissimam.
3154 4178 3342 4251 Itaque
3391 4179 3536 4250 quod

1943 4270 2058 4333 ﬁeri
2084 4269 2223 4324 snlet
2248 4268 2301 4323 in
2332 4269 2669 4339 desperatis,
2714 4272 2868 4326 libuit
2904 4273 2958 4326 in
3000 4273 3103 4328 isto
3132 4272 3347 4328 misello
3374 4276 3535 4329 Gom-

1940 4367 2191 4418 modiano
2233 4366 2363 4431 (non
2398 4348 2666 4435 tamquam
2722 4367 2774 4419 in
2801 4382 2864 4421 ea
2894 4383 2983 4433 re;
3032 4383 3153 4431 nam
3205 4384 3326 4424 esse
3379 4370 3535 4438 pretii

1942 4456 2079 4510 duco
2108 4471 2213 4510 non
2257 4456 2463 4510 minimi
2494 4457 2876 4523 christianum,
2909 4474 3071 4528 quem
3112 4460 3254 4514 inter
3292 4460 3536 4517 illustres

1942 4552 2151 4605 Censuit
2193 4550 2525 4623 Gennadius)
2556 4553 2854 4621 periculum
2904 4552 3117 4619 facere,
3150 4556 3323 4625 siqua
3355 4565 3537 4625 posset

1943 4644 2203 4699 industria
2260 4646 2470 4701 libellus
2537 4646 2816 4716 scriptoris
2888 4648 3247 4716 antiquissimi
3298 4648 3536 4704 editione

245 4752 522 4806 allirtuans
555 4751 867 4823 martyrium
898 4749 1000 4802 illis
1026 4765 1128 4825 non
1160 4747 1492 4827 profuturum
1519 4789 1536 4815 ,
1566 4749 1611 4801 si
1652 4747 1829 4801 fratres

1948 4748 2127 4791 nostra
2176 4738 2457 4792 reformari
2487 4752 2551 4792 ac
2581 4738 2973 4792 res1aurari.—-—
2998 4737 3265 4792 Czeterum
3284 4779 3302 4803 ,
3333 4741 3535 4811 qualis-

247 4845 377 4901 odin
425 4844 703 4899 haberent.
763 4844 1034 4921 Apostatis
1077 4842 1294 4925 peccati
1328 4842 1409 4894 sui
1468 4843 1841 4894 enormitatem

248 4937 498 4993 exhibet.
529 4937 703 5015 Monet
760 4953 948 4990 omnes
984 4936 1336 5015 christianos,
1389 4945 1453 5015 ut
1480 4950 1600 4989 cunt
1645 4933 1841 5013 Clu-isti

250 5028 452 5085 milites
534 5010 642 5083 sint
674 5062 701 5093 ,η
765 5010 1044 5083 adversus
1092 5025 1312 5111 allectus
1346 5018 1351 5027 ’
1384 5010 1511 5105 suos
1586 5010 1841 5099 coutinno

249 5120 882 5192 dinticent.Spectaeulis
918 5118 1154 5199 profanis
1201 5118 1392 5173 adesse
1439 5118 1705 5195 prohibet.
1731 5118 1843 5173 Mu-

248 5213 475 5270 lieribus
524 5213 836 5268 christianis
880 5211 1244 5279 eotnmendat,
1297 5223 1352 5265 ut
1384 5212 1491 5264 sint
1533 5210 1791 5293 uindestae
1825 5253 1841 5274 ,

253 5307 440 5362 luxum
497 5306 731 5377 fugiant,
777 5315 830 5362 et
874 5308 1099 5361 vesnum
1132 5288 1603 5375 magniﬁcentiam.
1632 5288 1843 5373 Optima

254 5411 522 5475 praecepta
552 5402 642 5456 dat
672 5401 995 5471 pastoribus,
1020 5410 1072 5465 et
1096 5398 1445 5470 presbyteris,
1465 5407 1522 5452 ut
1549 5398 1845 5453 ministerio

255 5512 358 5553 suo
389 5498 489 5553 rite
519 5496 805 5569 fungantur
825 5536 840 5560 ,
869 5498 1030 5569 vitam
1056 5493 1579 5565 agantinculpatam,
1604 5492 1849 5567 clavari-

258 5590 350 5644 tite
400 5599 711 5660 expertem;
760 5586 1021 5658 imprimis
1060 5600 1237 5663 autem
1272 5585 1592 5667 pauperibus
1632 5600 1852 5641 succur—

333 5750 676 5823 (i)Galland.
702 5792 716 5814 ,
758 5747 893 5804 Bibl.
952 5757 1047 5803 vel.
1098 5746 1236 5814 PP.,
1262 5757 1392 5801 tom.
1419 5763 1497 5815 ut,
1520 5746 1798 5821 Prolegom
1830 5788 1843 5812 ,

259 5824 502 5903 “39;.‘33’
536 5841 589 5903 η·
621 5823 1027 5903 θιὲἱδὸοξινωο
1106 5902 1109 5903 ν
1475 5890 1579 5903 η..
1770 5826 1779 5903 ζ

259 5840 378 5895 εθΡ·
416 5836 502 5889 18,
536 5841 589 5907 tt.
621 5836 676 5887 2,
708 5836 825 5946 Ἣ.
846 5836 1027 5876 xum.
1706 5889 1716 5902 .

258 5892 649 6027 ιίηςῖὲὲιιέιῖιιιιη
681 5892 722 5946 Β
796 5906 812 5945 ·.
842 5893 1069 5973 Αιιςιρνη
1099 5902 1227 5955 tom,
1250 5908 1291 5981 t,
1323 5906 1439 5983 pag:
1474 5890 1601 5957 527,
1634 5889 1742 5967 edn
1769 5890 1841 5943 ιε.

285 5984 360 6024 ιη.
392 5981 579 6022 υοιοιι.

1945 4843 2175 4897 cumque
2220 4831 2321 4882 iste
2354 4828 2776 4883 Comtnodianus
2812 4844 2934 4883 esse
2974 4830 3262 4898 videbitur,
3294 4832 3363 4887 ab
3391 4832 3537 4890 (ἰοει-
3580 4892 3586 4899 ,

1944 4923 2104 4977 nadio
2136 4923 2387 4992 primum,
2422 4922 2545 4976 inde
2574 4922 2642 4975 ab
2680 4921 2897 4978 Gelasio
2926 4924 3155 4991 citatus;
3183 4924 3288 4988 hoc
3318 4928 3535 4984 tandem

1945 5016 2141 5071 saeculo
2194 5016 2249 5069 in
2297 5015 2590 5070 Sirmondi.
2623 5016 2870 5072 manibus
2918 5020 3171 5088 apparuit
3214 5021 3532 5092 squaliidus,

2019 5172 2525 5247 (i).Comtnodian‘.,
2547 5170 2797 5239 Instruct.
2831 5191 3026 5247 Lxxuz
3052 5176 3305 5239 Sacerdos
3327 5178 3534 5234 Domini

1947 5260 2060 5317 cum
2088 5244 2293 5299 sursum
2320 5244 2475 5299 cordo
2498 5248 2766 5317 prwcepit,
2800 5247 2851 5299 in
2885 5244 3041 5317 prece
3074 5250 3246 5309 tienda
3267 5294 3280 5315 ,
3318 5260 3373 5317 ut
3406 5252 3535 5306 liant

1946 5316 2155 5370 silentia
2203 5320 2414 5381 veStra,
2465 5310 2681 5390 li'mpide
2733 5310 3061 5387 respondes,
3121 5337 3219 5375 nec
3268 5310 3536 5390 temperas

1947 5402 2159 5462 quoque
2194 5389 2490 5456 promissis.
2528 5389 2745 5462 Exorat.
2767 5390 2858 5444 ille
2883 5392 3221 5447 Mitissimum
3249 5408 3344 5459 pro
3376 5389 3537 5462 plebe

1949 5461 2174 5533 devota,
2203 5476 2274 5533 ne
2306 5469 2499 5533 pereat.
2529 5460 2739 5533 aliquis,
2770 5462 3299 5533 etltu,te_.in.l'abulas
3332 5460 3531 5530 vertis;

1951 5540 2005 5585 tu
2035 5530 2276 5584 snbrides
2318 5532 2410 5596 ibi,
2455 5530 3066 5599 atttdetrahis'proximi
3100 5534 3273 5600 famae,
3321 5535 3536 5591 indisci-

1951 5602 2150 5680 pliuate
2177 5603 2443 5680 loqueris,
2478 5602 2625 5672 quasi
2656 5602 2727 5657 sit
2764 5600 2904 5658 Deus
2934 5607 3129 5659 absens
3150 5648 3164 5669 ,
3197 5606 3376 5661 omnia
3397 5650 3412 5674 ,
3445 5610 3536 5680 qui

1951 5672 2098 5744 fecit,
2133 5689 2230 5728 nec
2256 5674 2456 5744 audiat,
2490 5690 2662 5744 neque
2687 5684 2891 5731 cernat.

2134 5734 2530 5825 Mentiiiit_ejus
2558 5734 2730 5825 adhuc
2758 5745 3311 5825 ίιιιςίῖἰιίνειριξεειιριιί,Δ
3340 5760 3407 5825 et
3428 5752 3536 5825 duo

1950 5813 2071 5889 loeti,
2087 5813 2353 5889 'en'tentlat
2372 5813 2643 5887 Gilbertus
2668 5814 2987 5889 Gaulminu's
3008 5813 3444 5889 adeu's'tatbiuin
3467 5823 3536 5886 de,

1950 5882 2193 5964 impertire
2211 5930 2223 5948 ,
2253 5897 2307 5964 et
2333 5880 3042 5964 i‘s_me_nes_amorib_us,__'pag.
3071 5884 3216 5964 ﬂet
3242 5892 3356 5964 seq;

2024 5958 2105 6033 (3)
2126 5958 2298 6015 Nicol.
2332 5958 2527 6029 Rigalt.
2553 5956 2775 6030 Prwfat.
2803 5957 2856 6015 in
2877 5956 3344 6029 Cbnimodianum',

3618 6032 3628 6056 t
