3942 6278
608 347 680 405 99
1448 348 1539 407 DE
1586 345 2040 406 COMMODIANO
2076 345 2376 415 GAZIEO,
2416 345 2699 406 ORIGINE
2746 346 2950 405 AFRO.

3771 343 3869 400 ι201)

578 472 847 537 tamquam
875 478 941 522 ex
970 461 1201 520 vinculis
1222 476 1287 519 ac
1312 460 1520 519 diutino
1549 462 1690 535 apud
1722 464 1987 519 Barbaros
2017 462 2122 517 situ
2144 505 2159 528 ,
2190 465 2242 526 Α
2272 463 2608 535 propriisque
2683 462 2913 517 subinde
2995 456 3559 519 animadversionibus
3628 456 3866 527 adjectis.

576 559 839 615 vindicias
867 574 1115 630 poscens.
1160 557 1268 614 Nec
1308 558 1577 615 vindicem
1610 575 1743 615 sane
1780 558 1941 612 alium
1975 567 2171 627 optare

576 650 749 722 potuit
783 652 1213 722 praestantiorem
1245 650 1556 707 Sirmondo.
1591 650 1725 706 Nam
1758 650 1950 706 exinde
1988 659 2171 706 osten-

573 762 665 801 sus
688 755 744 802 et
767 745 1201 802 communicatus
1214 746 1430 811 amicis,
1455 747 1686 818 benigne
1708 746 1881 814 excipi
1909 761 1973 801 ac
1999 744 2169 800 foveri

571 841 756 913 cmpit.
780 841 965 913 Neque
988 842 1161 912 ipsum
1184 841 1287 897 hac
1309 842 1547 898 editione
1570 856 1792 910 Sperare
1812 840 1957 896 aliud
1982 840 2164 906 velim,

569 951 729 1007 quam
775 947 834 991 ut
879 936 1093 991 oblatus
1140 936 1336 991 iterum
1369 934 1698 1001 Sirmondo,
1749 933 1903 1004 plena
1953 933 2166 987 demum

569 1047 633 1088 ac
668 1031 819 1103 juxta
848 1030 992 1102 apud
1037 1046 1161 1087 eum
1204 1030 1627 1086 manumissione
1666 1028 1927 1099 prodeat,
1961 1027 2167 1083 liberali

568 1126 844 1183 schemate
895 1135 1073 1182 tersus
1121 1140 1188 1181 ac
1235 1124 1453 1181 nitidus.
1516 1124 1723 1179 Interea
1772 1139 1902 1178 vero
1942 1122 2069 1177 dum
2116 1120 2165 1175 id

566 1228 907 1292 properatur,
949 1233 1157 1290 magna:
1197 1217 1539 1274 auctoritatis
1582 1215 2030 1271 manumissorem
2073 1229 2168 1268 ex-

567 1320 778 1367 oratum
803 1310 997 1380 cupio;
1026 1325 1112 1377 ac,
1141 1324 1239 1380 pro
1269 1309 1369 1363 viri
1396 1307 1750 1378 benignitate,
1780 1305 1994 1361 conﬁdo
2025 1303 2163 1373 fore,

568 1407 740 1463 bonas
778 1417 835 1460 ιιι
866 1405 920 1460 in
960 1414 1139 1476 partes
1174 1403 1423 1475 accipiat,
1469 1402 1632 1458 horas
1670 1401 1921 1472 aliquota
1951 1415 2037 1455 me
2062 1399 2167 1454 im-

566 1515 763 1572 pensas
789 1500 992 1556 lmmiui
1028 1498 1337 1554 christiana:
1370 1498 1588 1568 pietatis
1621 1511 1686 1551 ac
1710 1495 2012 1566 disciplina:
2041 1509 2171 1549 san-

564 1593 767 1650 cienda:
813 1592 1250 1649 studiosissimo:
1292 1590 1543 1647 nimirum
1596 1598 1655 1645 nt
1702 1597 1960 1660 appareat
2003 1587 2166 1643 hodie

562 1687 852 1760 Cypriane,
883 1684 1028 1740 sicut
1052 1684 1319 1740 Minucius
1346 1699 1520 1751 nuper
1540 1681 1751 1737 adstitit
1777 1680 2115 1736 Tertulliano
2148 1697 2162 1734 :

562 1791 619 1839 et
644 1782 753 1852 jam
780 1790 1006 1851 uterque
1046 1779 1239 1834 doctor
1266 1792 1366 1834 suo
1394 1775 1627 1848 gaudeat
1644 1776 1858 1846 sequaci
1886 1791 1899 1828 :
1936 1782 2165 1843 uterque

564 1874 691 1929 item
734 1874 978 1928 minister
1016 1888 1115 1927 suo
1156 1871 1356 1926 serviat
1402 1869 1688 1940 magistro,
1719 1869 1834 1921 sive
1869 1864 2160 1922 sacerdoti.
2192 1867 2241 1928 B

566 1965 833 2022 Srculum
878 1966 979 2020 iste
1011 1979 1168 2018 suum
1198 1963 1356 2017 malis
1384 1961 1625 2017 moribus
1668 1957 2159 2029 inquinatissimnm

563 2058 822 2130 castigat,
864 2072 991 2113 acer
1037 2056 1233 2127 ubique
1271 2063 1326 2110 et
1367 2053 1622 2109 horridus
1666 2052 1903 2107 monitor
1946 2070 1958 2104 :
2010 2051 2159 2120 quasi

564 2149 884 2224 prophetico
913 2149 1093 2204 furore
1118 2146 1420 2203 carminum
1446 2161 1611 2200 sonos
1641 2143 1848 2206 fumlit,
1880 2141 2158 2213 negligens

562 2244 768 2301 ordinis
791 2286 804 2309 ,
834 2244 1112 2314 negligens
1159 2241 1545 2311 elegantiarum
1565 2278 1582 2305 ,
1628 2237 1888 2310 asyndeta
1920 2237 1999 2292 vel
2027 2251 2159 2290 ana-

561 2339 735 2395 coluta
767 2338 984 2406 passim,
1017 2346 1073 2390 ut
1102 2346 1279 2391 tamen
1307 2334 1502 2389 existat
1532 2337 1586 2388 in
1614 2333 1730 2403 ipso
1760 2330 2006 2401 neglectu
2030 2346 2158 2385 cura

560 2441 618 2488 et
644 2430 901 2495 facultas,
932 2440 985 2485 et
1015 2429 1096 2483 vis
1127 2428 1303 2499 aliqua
1333 2425 1569 2482 dicendi.
1588 2456 1657 2465 -—
1681 2423 2160 2481 Observationibus

559 2524 696 2581 meis
745 2523 849 2578 hoc
898 2522 1196 2594 praesertim
1252 2519 1467 2586 studui,
1518 2519 1588 2575 de
1638 2518 1996 2588 scriptoribus
2042 2532 2159 2573 aevo

557 2617 931 2685 Commodiani
961 2616 1224 2687 proximis
1244 2628 1540 2685 apparuere,
1573 2611 1715 2683 quod
1744 2611 1987 2666 obscuris
2009 2609 2159 2665 daret

556 2711 751 2769 lucem.
781 2709 1133 2781 Cunjecturas
1164 2706 1451 2779 proposui,
1497 2705 1686 2778 quales
1730 2705 1935 2776 absque
1976 2718 2157 2759 exem-

557 2805 796 2877 plaribus
852 2802 1087 2874 antiquis
1144 2810 1404 2872 praestare
1459 2814 1619 2854 nemo
1675 2798 1905 2861 debeat;
1963 2797 2158 2868 quibus

557 2907 738 2954 tamen
764 2896 840 2950 uti
866 2895 1088 2950 minime
1113 2892 1344 2964 pudeat,
1372 2890 1629 2963 quamdiu
1652 2906 1758 2945 non
1784 2888 2159 2945 contradicent

555 2988 906 3061 exemplaria.
945 3007 965 3041 ι
996 2987 1283 3057 Hucusqtte
1317 2986 1595 3056 Rigaltius.

625 3086 874 3142 Recensio
904 3083 1185 3138 editionum
1220 3082 1376 3149 hujus
1419 3078 1601 3134 libelli.
1632 3108 1695 3119 —-
1722 3078 1936 3135 Primus
1977 3078 2156 3147 itaque

552 3176 1000 3234 Commodianum
1026 3189 1057 3230 e
1083 3172 1272 3229 Jacobi
1320 3170 1595 3227 Sirmondi
1630 3172 1941 3241 apograpbo
1970 3169 2156 3225 admo-

552 3268 679 3325 dum
710 3267 975 3324 meudoso
1002 3264 1172 3322 edidit
1208 3262 1464 3318 Nicolaus
1499 3261 1763 3333 Rigaltius
1782 3302 1799 3329 ,
1831 3261 1971 3317 Tulli
2014 3262 2155 3317 Leu-
2178 3268 2225 3331 ε

550 3377 739 3419 eorum
779 3358 920 3430 apud
948 3358 1007 3414 S.
1038 3356 1303 3426 Belgrand
1331 3364 1388 3410 et
1420 3354 1472 3411 J.
1505 3354 1848 3409 Laurentium
1892 3362 2146 3424 typogra-

550 3456 785 3530 grapltos
814 3455 1030 3525 regios,
1072 3465 1218 3506 anno
1249 3448 1411 3515 1650,
1442 3446 1582 3504 iit-4°
1614 3446 1718 3521 (1),
1767 3445 1966 3503 additis
2011 3449 2152 3503 notis

550 3551 799 3609 eruditis.
845 3547 1051 3605 Deinde
1088 3544 1366 3615 subjectus
1393 3550 1477 3600 est
1506 3542 1574 3597 ad
1609 3541 1815 3597 calcem
1859 3540 2148 3611 Cypriani,

552 3645 805 3711 Minucii,
831 3640 1088 3708 Arnobii,
1125 3649 1181 3694 et
1214 3637 1342 3694 Julii
1380 3635 1598 3691 Firmici
1618 3677 1633 3701 ,
1665 3635 1759 3705 qui
1784 3633 2026 3704 ejusdem
2057 3634 2152 3689 Ri-

550 3739 698 3813 galtii
728 3747 785 3794 et
813 3734 1045 3805 Philippi
1087 3731 1280 3789 Priorii
1317 3745 1447 3786 cura
1501 3727 1751 3784 illustrati
1800 3726 2147 3798 prodierunt,

550 3832 811 3896 Parisiis,
843 3828 1006 3896 1666,
1037 3825 1218 3883 in-fol.
1259 3822 1464 3880 Deinde
1489 3822 1705 3878 omissis
1739 3820 1950 3892 Rigaltii
1973 3819 2147 3885 notis,

550 3938 686 3985 tom.
739 3939 884 3981 xxvtt
935 3920 1267 3978 Bibliotheca
1326 3916 1579 3981 Patrum,
1647 3914 1925 3986 Lugduni,
1988 3914 2147 3978 1677,

549 4022 720 4081 iit-fol.
738 4021 823 4078 Ab
841 4035 910 4075 eo
931 4031 1176 4090 tempore
1194 4029 1318 4071 cum
1336 4011 1549 4085 Rigaltii
1571 4009 2143 4075 animadversionibus,

548 4113 922 4175 Dodwellioue
957 4109 1357 4171 dissertatione,
1403 4114 1459 4161 et
1495 4103 1812 4176 prmfatione
1844 4103 1907 4157 D.
1932 4100 2148 4157 Henrici

549 4207 820 4269 Leonardi
875 4199 1335 4263 Schurtzﬂeischii
1385 4213 1608 4256 recusus
1646 4205 1728 4255 est
1774 4194 2145 4265 Wittebergae,

549 4303 713 4363 1705.
741 4300 905 4357 ιιι-1ο.
944 4296 1390 4369 Sopplemeutum
1430 4300 1677 4347 notarum
1718 4290 1775 4345 in
1802 4289 1949 4344 illum
1979 4289 2150 4358 scrip-

547 4409 720 4455 torem
740 4409 807 4451 ει
825 4392 1025 4449 Ezecb.
1045 4385 1356 4460 Spanhemii
1377 4385 1515 4441 Bibl.
1537 4399 1659 4440 cum
1685 4383 1885 4438 laudati
1900 4381 2149 4438 Schurtz-

545 4489 771 4548 ileischii
816 4484 1095 4545 Glossario
1134 4492 1190 4540 et
1238 4481 1414 4537 iudice
1441 4479 1729 4551 separatim
1772 4492 2028 4533 excusum
2064 4482 2149 4530 est

504 4562 933 4654 'wmetiergae,
989 4575 1151 4635 1709.
1202 4573 1370 4629 ius".
1424 4569 1717 4628 Posteriori
1769 4584 1882 4624 suae
1932 4566 2143 4623 Minucii

542 4677 743 4736 Felicis
773 4673 999 4733 editioni
1040 4667 1487 4727 Commodianum
1530 4677 1746 4736 quoque
1776 4661 1917 4717 notis
1953 4662 2066 4717 suis
2091 4669 2147 4716 et
2167 4672 2222 4733 D

546 4773 763 4845 Rigaltii
790 4771 1117 4827 illustratum
1146 4762 1423 4837 suhjunxit
1445 4766 1526 4818 vir
1549 4759 1887 4816 clarissimus
1908 4756 2142 4814 Joannes

545 4865 799 4926 Davisius
830 4860 1215 4931 Cantabrigiam,
1264 4858 1428 4924 1711,
1471 4853 1643 4911 in-8°.
1679 4852 1936 4908 Eumdem
1968 4849 2139 4920 scrip-

543 4972 718 5020 torem
762 4956 987 5014 exbibet
1024 4953 1187 5010 etiam
1234 4960 1511 5022 poetarum
1563 4948 1854 5003 latinorum
1894 4942 2142 5000 collectio

541 5051 872 5130 pisaurensis
892 5091 909 5119 ,
934 5058 1067 5107 tom.
1091 5064 1168 5115 vt,
1193 5060 1337 5101 anno
1368 5042 1532 5100 1756.
1558 5042 1840 5098 Postremo
1866 5037 2137 5106 Venetiis,

539 5165 683 5207 anno
740 5146 919 5212 1767,
977 5144 1031 5197 in
1087 5138 1400 5195 Bibliotheca
1452 5147 1548 5193 vet.
1608 5133 1727 5191 PP.
1773 5144 1903 5191 tom.
1953 5148 2055 5200 ιιι,
2108 5146 2141 5187 a

539 5259 663 5317 pag.
722 5234 1033 5301 621—655,
1093 5247 1317 5289 recusus
1365 5230 1593 5288 habetur
1645 5227 2064 5286 Commodianus
2122 5244 2136 5281 :

544 5352 696 5395 suam
736 5343 919 5390 autem
950 5326 1267 5387 Gallandius
1293 5326 1562 5397 expressit
1583 5324 1875 5381 editionem
1910 5322 1976 5378 ad
2006 5335 2136 5377 nor-

541 5449 683 5490 mam
712 5424 1029 5502 posterioris
1055 5422 1372 5495 Rigaltiante
1399 5419 1733 5485 Parisiensis,
1762 5417 2006 5488 ejusdem
2033 5429 2133 5471 no-

539 5528 629 5595 tis,
658 5541 777 5584 cum
808 5520 1100 5581 davisianis
1130 5514 1598 5575 observationibus
1626 5512 1794 5569 textui
1821 5510 2133 5582 suppositis,

611 5670 692 5793 (1)
722 5667 1069 5726 Clarissimus
1107 5662 1382 5793 Remigius
1404 5658 1732 5741 Ceillierius,
1759 5664 1891 5711 tom.
1918 5670 1970 5709 tv
1992 5652 2132 5708 Hist.

611 5746 647 5793 ίη
682 5741 806 5793 ται..
850 5754 972 5793 can.
996 5736 1053 5793 6.
1083 5751 1204 5793 nae.
1234 5737 1260 5792 1
1309 5735 1360 5793 1.
1389 5739 1539 5788 nutat
1568 5729 1859 5786 editionem
1883 5723 2132 5784 Commo-

541 5723 972 5810 Ce‘n-e’ralgicap.
996 5736 1053 5804 6,
1083 5751 1204 5810 pag.
1234 5723 1360 5803 161,
1389 5739 1541 5810 nutat
1568 5728 1859 5810 editionem
1882 5723 2138 5810 Commo-

537 5796 689 5870 ista
724 5796 1099 5884 parisie'nsem'
1120 5796 1189 5863 da
1231 5796 1566 5884 anno-1658,
1591 5809 1648 5857 et
1670 5796 1987 5856 Gallandius
2014 5798 2134 5855 edi-

536 5874 745 5949 tionem
766 5881 910 5943 Tulli
933 5881 1260 5948 Leucorum,
1286 5874 1451 5934 1659.

2275 554 2539 610 Gallandii
2586 555 2879 611 editionem
2932 564 3152 608 secutus
3206 561 3287 607 est
3344 551 3418 607 cl.
3466 550 3525 604 P.
3569 549 3869 604 Dntniuicus

2273 650 2556 706 Scltramm
2581 648 2902 705 Bantheusis
2925 647 3305 704 Benedictinus
3328 646 3379 700 in
3406 644 3634 717 analysii
3657 643 3751 699 SS.
3776 642 3869 698 Pa-

2275 751 2446 810 trum,
2502 753 2634 797 tum.
2689 759 2781 808 vt,
2845 744 3100 812 Augusta:
3160 738 3566 795 Vindelicorum
3620 737 3787 797 1784,
3839 751 3865 788 a

2271 849 2396 907 pag.
2442 835 2748 891 485—518.
2798 835 2876 890 Ex
2929 832 3296 902 manuscripto
3343 830 3531 886 codice
3589 829 3649 885 S.
3697 827 3867 883 Albini

2275 930 2679 995 Attdegavensis
2720 930 2833 985 loca
2880 928 3128 999 quietiam
3154 923 3532 982 Commodiani
3570 922 3868 978 emendavit

2270 1023 2523 1078 Baluzius
2549 1023 2615 1077 ad
2642 1022 2968 1094 Cyprianum
2990 1063 3005 1083 ,
3038 1037 3157 1091 pag.
3192 1019 3321 1083 451,
3346 1017 3474 1081 455,
3504 1016 3631 1071 458.
3664 1014 3867 1070 Claudit

2270 1117 2645 1172 recensionem
2675 1114 2922 1185 opusculi
2951 1113 3112 1183 hujus
3137 1111 3349 1167 Caveus
3370 1108 3449 1182 (I)
3477 1107 3699 1180 eptimis
3728 1106 3865 1162 hisce

2272 1210 2489 1281 Rigaltii
2546 1210 2770 1265 verbis:
2801 1228 2820 1260 ‹
2874 1208 3016 1264 Usus
3053 1214 3109 1262 et
3146 1204 3386 1262 efﬁcacia
3439 1201 3609 1258 libelli
3655 1200 3865 1271 hujusce

2269 1302 2429 1359 fuerit
2452 1314 2706 1359 constans
2736 1311 2790 1358 et
2818 1312 3103 1373 perpetuus
3130 1314 3283 1354 amor
3309 1296 3544 1361 Christi;
3570 1295 3779 1350 animus
3802 1293 3863 1349 ad

2269 1398 2583 1469 martyrium
2616 1394 2800 1455 fortis;
2834 1395 3003 1465 pietas
3032 1408 3157 1464 erga
3190 1406 3454 1462 pauperes
3476 1388 3728 1444 maxima.
3760 1386 3864 1443 Hoc

2269 1501 2533 1559 praeterea
2569 1489 2713 1543 scire
2755 1487 2905 1553 vitia,
2951 1502 3069 1557 qua:
3104 1484 3399 1540 etiamnum
3442 1481 3738 1539 Ecclesium
3773 1480 3863 1535 dc-

2270 1578 2581 1646 honestant,
2605 1595 2727 1636 esse
2748 1577 3107 1635 vetustissima
3137 1596 3150 1631 :
3182 1574 3445 1632 inﬁnitam
3472 1590 3690 1645 semper
3711 1574 3863 1629 fuisse

2268 1670 2338 1728 de
2365 1672 2527 1728 rebus
2554 1672 2753 1727 divinis
2778 1672 3169 1742 disputantium
3196 1669 3625 1737 multitudinem,
3662 1668 3863 1740 paucis-

2269 1768 2437 1820 simos
2463 1779 2593 1821 vero
2618 1765 2978 1821 Christianos.
3020 1784 3039 1815 ι

2862 1940 3152 1981 Αιιτιευιυε
3188 1940 3241 1981 ιν

2391 2057 2471 2113 De
2497 2057 2719 2114 Antonio
2749 2057 3006 2115 Carminis
3035 2059 3280 2113 adversus
3305 2067 3480 2129 gentes
3507 2068 3733 2114 auctore.
3832 2044 3855 2049 ”

2337 2193 2554 2250 Carmen
2611 2195 2853 2250 adversus
2903 2204 3074 2267 gentes
3130 2191 3504 2249 Commodiano
3561 2194 3863 2266 subjectum;

2262 2306 2532 2363 perperam
2560 2289 2789 2345 Paulino
2818 2289 3028 2346 Nolano
3047 2289 3370 2345 attributum.
3396 2321 3470 2331 —
3489 2287 3863 2346 Comntodiano

2262 2381 2570 2437 adnectitur
2596 2383 2675 2437 ob'
2693 2385 2995 2454 argumenti
3048 2383 3369 2439 afllnitatem
3402 2399 3434 2437 a
3469 2381 3723 2454 perdocte
3751 2379 3864 2436 Gal-

2263 2474 2441 2530 landio
2490 2475 2710 2531 Carmen
2756 2478 2825 2530 ad
2876 2487 3072 2549 gentes,
3111 2476 3257 2548 quod
3305 2477 3406 2532 sub
3452 2478 3669 2531 nomine
3705 2471 3860 2528 sancti

2261 2567 2479 2623 Paulini
2510 2568 2705 2624 Nolani
2726 2571 3008 2641 superiore
3038 2571 3239 2626 saeculo
3260 2570 3571 2633 desinente,
3606 2569 3658 2623 in
3699 2567 3859 2621 lucem

2260 2662 2453 2717 extulit
2484 2662 2787 2718 Ludovicus
2832 2662 3174 2719 Muratorius.
3215 2662 3289 2718 At
3332 2678 3553 2718 carmen
3593 2661 3694 2718 ltoc
3729 2659 3854 2715 Pau-

2260 2757 2427 2812 linum
2474 2768 2754 2814 auctorem
2801 2776 2908 2814 non
2956 2773 3282 2830 agnoscere,
3313 2758 3411 2814 sed
3454 2759 3621 2813 alium
3653 2753 3856 2811 nomine

2261 2851 2579 2918 Antonium,
2609 2868 2677 2908 ex
2713 2852 2931 2909 etlinica
2971 2851 3355 2924 superstitione
3381 2849 3676 2907 ad‘Cbristi
3708 2847 3850 2901 Iidem

2259 2959 2605 3011 conversum,
2629 2946 2840 3019 primus
2864 2957 3012 3003 recte
3034 2947 3344 3002 observavit
3364 2946 3601 3003 Joannes
3621 2942 3853 3000 Lironius

2257 3038 2640 3099 Beuedictiuus
2684 3042 2736 3096 in
2778 3056 2944 3112 opere
2988 3056 3131 3095 anno
3185 3041 3323 3095 1717
3357 3039 3577 3096 Parisiis
3624 3037 3764 3092 edito
3804 3041 3853 3087 et

2255 3134 2448 3204 gallice
2493 3136 2799 3207 inscripto:
2848 3134 2946 3191 Les
2989 3136 3249 3191 Aménités
3294 3134 3359 3189 de
3410 3137 3463 3191 la
3506 3134 3741 3204 critique,
3790 3143 3849 3182 ou

2258 3226 2611 3281 dissertations
2650 3238 2698 3282 et
2744 3244 3038 3298 remarques
3065 3227 3323 3282 nouvelles
3349 3244 3440 3282 sur
3482 3228 3647 3282 diuers
3694 3224 3849 3295 points

2257 3320 2322 3374 de
2359 3320 2645 3392 Γανιιὶᾳηὶιέ
2687 3321 3066 3392 ecclésiastique
3094 3331 3141 3376 et
3170 3326 3388 3393 profane
3409 3339 3428 3376 :
3454 3322 3525 3378 de
3543 3337 3647 3393 quo
3666 3326 3847 3390 praeter

2257 3414 2547 3469 Auctorem
2568 3413 2918 3470 Bibliotheca:
2937 3414 3208 3472 historica:
3237 3427 3292 3470 ct
3314 3416 3518 3472 critica:
3542 3415 3843 3483 scriptorum

2255 3506 2692 3577 congregationis
2721 3507 2777 3563 S.
2812 3507 2978 3564 Mauri
3007 3505 3089 3581 (2)
3125 3507 3324 3565 videsis
3356 3510 3592 3565 Diarium
3621 3504 3845 3563 erudito-

2255 3614 2374 3654 rum
2402 3598 2707 3655 Parisiense
2737 3598 2840 3671 (3).

2329 3692 2457 3759 Quis
2488 3693 2643 3764 fuerit
2685 3694 2935 3749 Antonius
2974 3694 3064 3750 ille
3098 3695 3423 3767 disquiritur.
3446 3694 3664 3765 —Quis
3694 3702 3841 3763 porro

2252 3784 2416 3840 fuerit
2452 3786 2720 3841 Antonius
2780 3787 2870 3844 ille
2904 3790 3160 3844 carminis
3186 3802 3399 3856 auctor,
3433 3789 3575 3846 haud
3606 3785 3837 3859 equidem

2251 3880 2463 3951 assequi
2514 3881 2685 3937 valeo.
2732 3879 2788 3936 Si
2827 3898 3004 3954 gricee
3042 3885 3386 3955 scripsisset,
3431 3884 3584 3940 facile
3628 3882 3838 3937 furuisse

2252 3971 2391 4026 inter
2438 3970 2657 4030 Graecos
2686 3985 3031 4043 occurreret,
3061 3977 3147 4032 cui
3179 3992 3401 4033 carmen
3431 3981 3721 4034 referretur
3757 3985 3837 4025 ac-

2252 4077 2488 4137 ceptum.
2520 4067 2627 4124 Sed
2654 4069 3014 4140 requirendus
3040 4069 3243 4126 Auctor
3269 4071 3415 4127 inter
3439 4070 3679 4127 Latinos.

2322 4157 2553 4214 Fabricii
2577 4162 2871 4233 conjectura
2893 4161 2960 4216 de
2987 4161 3211 4218 Antonio
3240 4162 3549 4220 Fussalensi
3570 4164 3835 4235 rejecta.——

2251 4249 2323 4306 Et
2344 4250 2625 4308 Fabricius
2644 4252 2862 4324 quidem
2885 4270 2915 4307 a
2939 4263 3091 4326 tergo
3116 4256 3484 4329 inscriptionis
3507 4258 3589 4313 sui
3611 4255 3832 4311 delectus

2251 4354 2688 4413 argumentorum
2737 4345 3034 4418 Hamburgi
3079 4348 3313 4420 evulgati
3360 4366 3505 4406 anno
3548 4347 3684 4406 1715
3723 4359 3831 4401 car-

2252 4453 2408 4502 men,
2449 4438 2519 4495 de
2562 4455 2672 4510 quo
2716 4441 2957 4511 agimus,
3006 4440 3219 4497 cuidam
3265 4445 3505 4501 Antonio
3540 4436 3829 4500 Fussalensi

2248 4532 2536 4600 adscribit,
2567 4533 2707 4588 nulla
2739 4534 2945 4590 reddita
2976 4537 3186 4593 ratione
3224 4552 3322 4593 cur
3348 4538 3564 4594 demum
3601 4536 3674 4593 ita
3711 4546 3829 4588 cen-

2249 4635 2384 4681 seat.
2415 4626 2617 4695 Quodsi
2641 4642 2771 4682 vero
2811 4629 3104 4685 Antonium
3149 4628 3297 4684 illum
3325 4630 3693 4687 Fuss:ilc-nsem
3722 4637 3826 4679 res-

2249 4719 2485 4791 pexerit,
2540 4719 2695 4792 cujus
2741 4721 2987 4777 meminit
3035 4731 3256 4778 sanctus
3297 4723 3627 4797 Augustinus
3657 4718 3751 4793 (ιι),
3795 4728 3823 4766 τι

2244 4830 2376 4872 vero
2423 4815 2581 4888 longe
2626 4817 2931 4874 aberrasset
2956 4816 3039 4873 vir
3086 4818 3350 4875 eruditus.
3400 4820 3644 4874 Nostrum
3689 4810 3821 4869 enim

2245 4910 2535 4965 Antonium
2574 4910 2885 4981 priusquam
2934 4909 3154 4967 Christo
3193 4928 3389 4970 nomen
3435 4913 3620 4977 daret,
3671 4903 3821 4977 impio

2244 5000 2501 5059 falsorum
2546 5002 2821 5057 numinum
2851 5002 3017 5058 cultui
3057 5003 3224 5061 fuisse
3251 5005 3520 5062 addictum
3542 5046 3558 5068 ,
3586 4998 3740 5057 variis
3760 5008 3820 5049 ex

2243 5094 2375 5150 locis
2397 5106 2729 5162 compertum
2758 5096 3039 5153 habemus.
3068 5097 3135 5153 Et
3158 5099 3390 5170 primum
3416 5098 3628 5171 quidem
3653 5090 3816 5148 statim

2243 5194 2312 5250 ab
2336 5195 2487 5251 initio
2515 5195 2592 5250 ait
2619 5193 2880 5267 (Carmen,
2910 5212 3039 5252 vers.
3075 5195 3130 5269 1)
3162 5216 3174 5252 :

2367 5307 2592 5360 Discussi
2608 5346 2622 5372 ,
2649 5308 2828 5370 fateor,
2848 5319 3010 5362 sectas
3033 5310 3273 5364 Antonius
3289 5327 3478 5368 omnes.

2311 5437 2394 5581 ξι)
2422 5438 2663 5503 Caveus,
2709 5438 2846 5495 Hist.
2897 5440 3023 5508 litt.,
3054 5451 3095 5497 t.
3140 5459 3179 5508 ι,
3208 5444 3274 5498 ad
3304 5459 3430 5500 ann.
3459 5441 3581 5505 270,
3616 5450 3665 5506 ρ.
3695 5430 3808 5490 158-

2334 5511 2392 5579 2)
2429 5509 2566 5565 Bibl.
2602 5509 2801 5566 Histor.
2850 5514 2966 5568 crit.
2995 5514 3085 5569 des
3125 5516 3346 5571 Autears
3401 5514 3465 5569 de
3514 5519 3564 5567 la
3604 5505 3808 5577 Congre—

2334 5505 2392 5579 2)
2429 5509 2566 5565 Bibl.
2602 5509 2801 5566 Histor.
2850 5514 2966 5568 crit.
2995 5505 3085 5569 des
3125 5505 3346 5571 Autears
3401 5514 3465 5569 de
3514 5519 3564 5567 la
3604 5505 3810 5577 Congre—

2239 5583 2411 5655 gation
2432 5582 2504 5655 ‘de
2532 5581 2800 5655 St-Maur,
2834 5599 2953 5652 pag.
2978 5585 3104 5641 201.

2271 5651 2638 5782 ιὲῗξέοιινηαι
2663 5653 2752 5709 des
2784 5642 3026 5724 Sinam,
3058 5673 3189 5717 ann.
3219 5660 3379 5724 1717,
3404 5657 3536 5730 join,
3565 5667 3679 5724 pag.
3709 5642 3807 5702 651

2236 5740 2293 5783 ει
2309 5740 2446 5782 SIIIV.

2310 5796 2395 5873 (4)
2422 5796 2706 5867 Augustin.
2754 5798 2901 5873 epist.
2947 5800 3077 5870 209,
3122 5803 3197 5859 al.
3240 5803 3368 5872 261,
3409 5816 3466 5858 ιι.
3492 5800 3545 5866 5,
3573 5803 3627 5853 et
3659 5801 3802 5860 seqq-

2233 5869 2363 5944 opp.
2393 5876 2529 5927 tom.
2562 5882 2620 5937 ιι,
2650 5869 2926 5942 pag.'777,
2955 5869 3088 5930 edit.
3118 5873 3224 5931 BB.
