3942 6278
554 419 662 477 Sil-3
774 417 848 489 (ν.
876 416 1027 485 est.)

793 550 936 589 XVIII.
966 560 1037 572 -'
1064 544 1130 584 DE
1160 542 1451 583 AMIUDATE
1482 542 1546 580 ET
1575 540 1677 581 υεο
1699 539 1892 581 MAGNO.

552 671 793 727 Diximus
811 668 921 739 jam
951 666 1116 722 multa
1139 664 1207 721 de
1232 663 1611 735 superstitione
1636 660 1859 717 nefanda
1878 701 1893 725 ,

552 764 623 819 Et
650 774 823 816 tamen
852 760 1219 831 exsequimur,
1255 773 1319 814 ne
1342 757 1466 826 quid
1492 755 1795 827 praeterisse
1814 754 2076 810 dicamur.

550 854 1037 923 Ammudatemque
1068 867 1223 906 suum
1255 850 1491 905 cultores
1520 863 1673 904 more
1710 847 1962 902 colebant
1995 864 2007 900 :

550 945 773 1016 Magnus
801 954 918 999 erat
939 942 1066 1008 illis,
1092 940 1307 1012 quando
1336 939 1436 994 fuit
1459 955 1650 995 aurum
1683 942 1736 994 in
1763 937 1902 994 aede.

551 1035 829 1091 Mittebaut
847 1034 1020 1103 capita
1046 1033 1147 1087 sub
1175 1032 1393 1087 numine
1414 1031 1566 1101 quasi
1596 1027 1869 1101 prinsenti.

551 1129 782 1185 Ventum
813 1136 896 1183 est
917 1127 980 1181 ad
1008 1141 1301 1191 summum,
1328 1135 1382 1180 ut
1407 1122 1589 1179 Caesar
1614 1124 1825 1179 tolleret
1845 1137 2033 1178 aurum
2065 1142 2078 1177 :

551 1220 756 1276 Deiecit
778 1235 998 1285 numen,
1028 1228 1121 1273 aut
1147 1215 1303 1287 fugit,
1330 1226 1423 1272 aut
1450 1218 1644 1272 transit
1676 1217 1729 1271 in
1751 1217 1949 1286 ignem.

549 1314 753 1369 Auctor
781 1310 939 1382 hujus
962 1310 1183 1366 sceleris
1205 1318 1439 1376 constat,
1468 1309 1558 1380 qui
1588 1309 1850 1363 formabat
1878 1306 2126 1363 eumdem

551 1404 657 1460 Tot
695 1405 839 1459 viros
866 1414 918 1459 et
947 1420 1167 1474 magnus
1190 1403 1399 1459 seducit
1425 1402 1558 1456 false
1584 1400 1954 1474 prophetans;

546 1497 619 1553 Et
646 1495 805 1551 modo
828 1496 1039 1551 reticuit
1064 1493 1154 1565 qui
1181 1494 1388 1549 solebat
1408 1508 1529 1549 esse
1556 1492 1790 1548 divinus.

553 1589 926 1659 Erumpebant
948 1588 1091 1643 enim
1125 1601 1306 1652 voces,
1336 1587 1487 1657 quasi
1517 1595 1697 1643 mente
1726 1595 1970 1652 mutata;

551 1682 830 1753 Tanquam
868 1681 945 1736 illi
977 1681 1109 1736 deus
1138 1680 1264 1751 ligni
1294 1680 1603 1751 quueretur
1644 1680 1695 1734 in
1723 1694 1930 1735 aurem.

551 1774 726 1832 Dicite
752 1791 894 1830 nunc
918 1774 1039 1845 ipsi,
1072 1774 1117 1828 si
1147 1789 1252 1828 non
1280 1773 1388 1827 sint
1420 1773 1638 1828 numina
1661 1772 1831 1827 falsa?

550 1867 633 1923 Ex
664 1881 731 1922 eo
764 1865 1007 1937 prodigio
1036 1875 1166 1937 quot
1188 1865 1420 1936 perdidit
1450 1865 1538 1920 ille
1563 1864 1870 1936 propheta?

550 1959 765 2017 Oblitus
787 1966 869 2014 est
898 1958 1000 2013 iste
1024 1957 1368 2028 pr0phetare,
1401 1958 1492 2028 qui
1518 1969 1643 2013 ante
1673 1957 1903 2012 solebat.

551 2050 791 2108 Monstra
817 2048 954 2104 adeo
981 2049 1083 2103 ista
1122 2048 1242 2103 ficta
1271 2059 1393 2103 sunt
1417 2064 1513 2119 per
1534 2049 1905 2115 vinivoraces;

557 2144 797 2203 Audacia
824 2159 1051 2216 quorum
1075 2142 1397 2197 damnabilis
1418 2141 1637 2197 numina
1666 2141 1836 2213 fingit.

555 2237 854 2295 Gestabaut
896 2221 1064 2303 enim,
1104 2246 1156 2292 et
1185 2237 1326 2291 aruit
1356 2236 1460 2291 tale
1486 2236 1718 2307 sigillum
1748 2254 1762 2291 :

554 2330 691 2388 Nam
718 2341 773 2388 et
794 2332 909 2402 ipse
931 2331 1074 2398 silet,
1103 2345 1202 2386 uec
1232 2331 1371 2387 ullus
1400 2329 1468 2387 de
1500 2332 1592 2386 illo
1622 2330 1907 2402 prophetat

558 2425 814 2494 Omnino,
845 2424 942 2482 sed
971 2440 1068 2481 vos
1097 2425 1244 2496 ipsos
1276 2425 1505 2496 perdere
1530 2425 1712 2481 vultis.

992 2560 1104 2599 XIX.
1132 2573 1200 2586 --
1224 2557 1536 2598 Νευεειλοιε
1554 2558 1730 2598 VAle.
1802 2556 1805 2559 ’

561 2656 679 2714 Non
707 2657 1057 2729 ignominium
1080 2665 1182 2722 est,
1221 2655 1395 2712 virum
1424 2654 1609 2713 seduci
1642 2655 1987 2727 prudentem,

564 2749 634 2807 Et
660 2749 839 2806 eolere
870 2748 1052 2817 talem,
1079 2756 1173 2803 aut
1200 2748 1423 2804 Dianam
1454 2748 1636 2805 dicere
1663 2749 1869 2821 lignum
1894 2752 1918 2807 ?

1674 404 2099 464 COMMODIANI
2142 402 2209 458 IN
2218 402 2300 459 ST
2310 401 2449 459 BUC
2464 398 2714 456 TIONES

2165 522 2218 581 Λ
2242 515 2394 573 Mane
2419 516 2588 582 ebrio,
2612 516 2797 580 crudo.
2833 514 3073 586 perituro
3096 511 3320 568 creditis
3347 512 3498 577 viro;

3388 393 3640 469 (v.1i6.)
3760 390 3876 447 2H3

2256 609 2334 665 Ex
2358 616 2475 665 arte
2496 607 2588 679 qui
2614 606 2737 663 ficte
2766 607 3004 678 loquitur
3033 605 3158 678 quid
3186 605 3262 661 illi
3285 603 3502 659 videtur
3540 619 3556 657 :

2256 701 2453 756 Severe
2481 700 2607 755 dum
2637 700 2775 769 agit,
2807 700 2909 755 sibi
2942 699 3147 754 viscera
3178 697 3369 767 pascit.

2254 794 2526 864 Incopriat
2552 794 2699 849 cives
2724 809 2861 848 unus
2886 792 3221 848 detestabilis
3251 803 3466 847 omnes.

2256 886 2632 957 Adplicuitque
2656 886 2781 953 sibi,
2812 885 2975 940 simili
3003 884 3232 955 collegio
3261 881 3426 944 facto.

2254 977 2389 1035 Cum
2419 978 2612 1049 quibus
2639 976 2917 1033 historiam
2946 976 3118 1046 fingit,
3151 986 3210 1031 ut
3237 975 3396 1031 deum
3425 971 3686 1029 adornet.

2253 1069 2375 1140 Ipse
2397 1070 2501 1125 sibi
2534 1073 2705 1125 nescit
2729 1068 2974 1125 divinare
3003 1111 3017 1135 ,
3047 1068 3258 1123 caeteris
3283 1066 3466 1121 audet.

2257 1162 2549 1226 Succollat,
2577 1160 2792 1233 quando
2817 1161 2966 1227 libet,
2991 1176 3137 1228 eum,
3170 1169 3224 1215 et
3244 1158 3459 1229 quando
3483 1156 3736 1229 deponit.

2254 1256 2497 1313 Vertitur
2516 1273 2547 1312 a
2574 1272 2635 1313 se
2665 1266 2850 1311 rotans
2884 1270 3006 1311 cum
3043 1255 3193 1325 ligno
3222 1253 3448 1320 bifurri;
3494 1289 3508 1318 ς

2256 1352 2335 1405 Ae
2357 1351 2401 1404 si
2432 1359 2589 1419 putes
2611 1346 2763 1402 illum
2791 1346 3032 1402 afﬂatum
3065 1346 3287 1401 numine
3315 1344 3468 1416 ligni.

2256 1440 2372 1496 Non
2394 1440 2527 1496 deos
2553 1454 2648 1494 vos
2674 1439 2851 1494 colitis
2881 1452 3017 1509 quos
3053 1439 3153 1509 ipsi
3182 1435 3317 1493 false
3344 1440 3675 1507 prophetam
3699 1452 3716 1502 ;

2260 1532 2409 1604 ipsos
2439 1532 2751 1587 sacerdotes
2776 1531 2953 1587 colitis
2973 1571 2989 1595 ,
3013 1532 3067 1585 in
3097 1545 3236 1586 vano
3269 1531 3538 1586 timentes.

2259 1624 2368 1681 Sed
2396 1625 2441 1679 si
2466 1622 2632 1680 corde
2660 1627 2827 1694 viges,
2853 1622 2975 1693 fuge
2999 1622 3113 1693 jam
3142 1622 3377 1678 sacraria
3411 1621 3625 1677 mortis.

2826 1753 2916 1793 XX.
2941 1768 3013 1778 -
3031 1753 3283 1794 TITANES.

2260 1853 2481 1910 Titanas
2504 1854 2656 1910 vobis
2683 1853 2923 1909 Tutanos
2947 1851 3125 1909 dicitis
3147 1866 3290 1909 esse.

2185 1918 2235 1978 Β
2263 1945 2503 2002 Immites
2531 1948 2720 2001 tacitos
2750 1946 2851 2001 sub
2877 1945 3113 2001 culmine
3143 1953 3325 2002 vestro
3356 1944 3587 2016 rogatis.

2262 2038 2366 2095 Tot
2394 2038 2557 2105 lares,
2587 2037 2863 2103 aediculas,
2897 2037 3187 2093 simulacra
3217 2038 3339 2093 ficta
3369 2035 3584 2093 Titane.

2266 2131 2518 2188 Adoratis
2541 2131 2686 2187 enim
2711 2132 2858 2187 stulti
2890 2132 3031 2186 malo
3058 2130 3169 2187 leto
3195 2130 3510 2196 defunctos;

2261 2226 2379 2285 Non
2410 2226 2579 2299 legem
2610 2209 2855 2298 ipsorum
2876 2227 3114 2298 legentes
3142 2241 3156 2278 :
3194 2240 3297 2280 non
3331 2226 3431 2296 ipsi
3460 2226 3776 2297 loquuntur.

2263 2318 2332 2376 Et
2351 2319 2483 2376 deos
2520 2320 2732 2376 audetis
2763 2321 3019 2376 :eramine
3054 2318 3237 2374 dicere
3265 2318 3433 2375 fusos.

2270 2413 2552 2471 Soli-eritis
2580 2429 2675 2471 eos
2705 2414 2874 2485 magis
2903 2414 2955 2469 in
2985 2412 3201 2469 vascula
3227 2414 3409 2469 Vobis.

2768 2546 2801 2586 Χ
2813 2546 2868 2587 χι
2878 2572 2889 2584 .
2919 2561 2987 2572 —-
3014 2544 3385 2586 IONTBSIANIS.

2274 2664 2482 2720 Montes
2509 2674 2565 2720 et
2592 2664 2725 2719 deos
2753 2664 2967 2719 dicitis:
2999 2663 3343 2721 dominentur
3368 2664 3421 2720 in
3443 2678 3600 2721 auro.

2273 2756 2557 2814 Obscurati
2576 2758 2740 2824 malo,
2765 2758 2939 2813 aliena
2967 2766 3147 2814 mente
3169 2757 3443 2827 jnvantes.

1910 2911 2467 2974 COMMENTARIUS.

566 3044 759 3101 nempe
783 3028 1193 3101 simulacrorum
1215 3028 1281 3083 de.
1314 3027 1510 3101 quibus
1528 3036 1611 3101 c_s_t
1627 3026 2009 3101 _lnstructionis
2032 3030 2155 3101 titu.

568 3105 671 3164 lus.
696 3096 844 3156 nulla
869 3096 1038 3156 locuta
1064 3111 1154 3162 est.
1182 3099 1285 3154 hoc
1316 3096 1419 3167 est,
1464 3098 1595 3154 nihil
1627 3098 1800 3153 locuta
1831 3112 1913 3154 eSt
1956 3117 1968 3152 :
2011 3100 2154 3157 nulla

567 3174 703 3230 fudit
726 3174 962 3229 oracula.
995 3172 1114 3229 [ἰεῦ.

2265 3048 2393 3104 psus
2413 3044 2497 3089 est
2528 3032 2807 3104 Rigaltius.
2838 3033 2963 3088 Vult
3008 3033 3151 3088 enim
3175 3031 3617 3104 _Commodianus
3640 3074 3655 3099 ,
3686 3029 3874 3087 Neme-

2264 3101 2465 3159 siacum
2493 3101 2619 3159 dum
2648 3120 2817 3160 severe
2861 3104 3007 3173 agit,
3040 3120 3135 3159 seu
3163 3101 3348 3174 ﬂagris
3375 3113 3431 3158 et
3457 3104 3639 3173 gladio
3683 3116 3874 3172 corpus

2268 3175 2505 3240 lacerat,
2563 3178 2759 3231 victum
2819 3176 2921 3232 sibi
2981 3173 3255 3246 quaerere.
3313 3173 3450 3231 lline
3512 3174 3679 3231 lustr.
3734 3189 3873 3237 xvn,

643 3246 720 3300 De
760 3260 1073 3300 Αιιιιυυριτε.
1108 3242 1432 3298 Gratulalior
1466 3241 1785 3296 monstranti
1832 3240 1992 3296 alium
2031 3244 2167 3298 scri-

2299 3262 2328 3299 ν.
2360 3246 2514 3304 215:

574 3327 817 3383 morem,
875 3317 964 3384 qui
1028 3314 1251 3383 hujusce
1300 3313 1535 3367 numinis
1585 3312 1910 3365 mentionem
1956 3312 2166 3369 fecerit.

572 3387 902 3442 'I‘erminatio
935 3386 1203 3439 Persicam
1229 3399 1413 3437 vocent
1441 3385 1675 3442 iudicat;
1707 3394 1762 3436 ut
1789 3394 1930 3445 sunt,
1960 3384 2168 3439 Mithri-

574 3458 749 3524 dates,
778 3456 1101 3521 Oroudatcs,
1125 3454 1414 3517 Tiridates,
1456 3453 1811 3508 Meherdates.
1850 3456 2012 3509 filtest
2032 3456 2169 3523 apud

574 3530 896 3599 Procopium
926 3528 977 3581 in
1007 3527 1240 3599 Persicis
1264 3528 1565 3599 ᾁμμουδίος,
1584 3525 1866 3599 ager-baud
1897 3526 2165 3599 ignobilis,

574 3601 738 3677 δαρὰς
755 3595 949 3677 parpar)
980 3596 1143 3677 εζιξοσι
1166 3595 1389 3677 atad-io?
1416 3599 1667 3677 ἀπεχςῖιγί
1683 3595 1770 3650 ubi
1786 3606 1963 3677 castra
1988 3595 2173 3677 Bersa-

580 3666 698 3726 ru'm
730 3666 988 3724 adversus
1017 3669 1306 3722 Romanos.
1337 3668 1404 3722 Et
1432 3666 1571 3737 apud
1607 3666 1952 3737 Hesychium,
1991 3668 2136 3724 Datis
2156 3712 2170 3734 ,

583 3756 775 3796 nomen
805 3739 1332 3809 imperatorisl'ersm
1359 3757 1371 3793 :
1396 3741 1489 3791 sed
1519 3738 1632 3791 lure
1655 3754 1814 3807 quam
1834 3749 1956 3793 sunt
1974 3740 2171 3806 inania,

582 3813 628 3868 si
653 3829 759 3867 non
787 3812 1001 3864 aliunde
1030 3810 1454 3865 confirmentur?
1485 3810 1599 3864 iilG.

654 3884 993 3938 Nsussucrs.
1031 3883 1103 3936 lic
1139 3882 1307 3936 Gallis
1347 3881 1592 3952 Cybeles.
1623 3879 1796 3952 Ida-is.
1838 3880 2173 3949 Bellonariis,

586 3954 766 4009 lsiacis
787 3963 839 4008 et
877 3953 1205 4007 Nemesiacis
1232 3951 1402 4007 etiam
1420 3955 1613 4021 scripta
1644 3951 1893 4007 Gentium
1924 3954 2176 4021 profana—

586 4040 704 4080 rum
735 4024 961 4080 eonfusc
998 4024 1292 4079 disserttnt.
1350 4022 1719 4077 Nemesiaenm
1747 4025 2001 4079 describit
2036 4031 2180 4087 Apu-

586 4096 723 4151 leius
752 4095 863 4150 Mil.
894 4112 985 4151 vin
1012 4113 1024 4148 :
1058 4113 1077 4147 ε
1106 4096 1235 4150 lusit
1266 4095 1641 4149 vaticinatione
1666 4096 1923 4158 clamosa,
1947 4097 2179 4151 conficto

589 4167 909 4232 mendacio,
962 4169 1309 4235 semetipsmn
1360 4167 1627 4219 illCChSt'l'e
1681 4177 1844 4233 atque
1882 4168 2177 4231 criminari,

586 4239 736 4309 quasi
768 4247 955 4293 contra
977 4238 1054 4292 fas
1073 4246 1271 4291 saneta:
1298 4237 1570 4309 religionis
1595 4236 1927 4305 dissignasset
1955 4239 2176 4309 aliquid,

586 4306 641 4365 et
670 4311 889 4378 insuper
915 4310 1086 4378 justas
1113 4324 1295 4377 pinnas
1326 4307 1470 4361 noxii
1511 4306 1762 4361 facinoris
1806 4309 1921 4376 ipse
1949 4309 2017 4365 de
2047 4306 2182 4364 'suis

586 4382 834 4437 manibus
873 4395 1186 4451 exposcere.
1232 4383 1482 4451 Arrepto
1507 4378 1736 4447 denique
1775 4379 1972 4451 flagro,
2013 4392 2175 4451 etc.”

585 4466 706 4522 qute
735 4460 893 4521 supra
938 4449 1004 4505 de
1033 4451 1388 4522 Diutlymariis
1436 4449 1837 4522 observavimus
1864 4491 1878 4511 ,
1911 4450 1976 4505 ad
2021 4450 2180 4507 Instr.

510 4553 515 4557 -
588 4521 701 4578 Xvn
750 4522 851 4579 Uwi
903 4523 971 4578 de
1010 4521 1221 4592 fragore
1246 4538 1352 4592 quo
1397 4521 1635 4577 luxurias
1673 4521 1889 4592 ineunt,
1923 4531 1976 4575 et
2019 4522 2183 4578 furias

589 4598 795 4666 lingunt
829 4612 842 4649 :
885 4596 973 4666 qui
1016 4590 1196 4663 fragor
1233 4590 1692 4666 etl'nruretiam
1746 4590 2181 4666 Nemesiacorum

2805 3316 2932 3366 Dum
2957 3316 3110 3368 furias
3132 3317 3324 3379 lingere
3350 3326 3601 3380 quaerunt,

2400 3379 2500 3431 Aut
2521 3393 2630 3430 cum
2652 3381 2797 3430 dorsa
2819 3394 2906 3429 sua
2930 3380 3138 3443 allidunt
3160 3393 3336 3443 spurca
3359 3379 3602 3443 bipenne.
3638 3416 3667 3429 ..

2399 3443 2710 3494 Obumbraut
2734 3442 2963 3507 pepqum
2988 3439 3281 3507 simplicem,
3311 3439 3515 3505 perituri
3538 3443 3588 3491 ui
3616 3439 3835 3490 credant.

2275 3528 2553 3598 Apuleius,
2599 3527 2829 3593 Metam,
2867 3528 2957 3581 lib.
2992 3543 3103 3588 vm.
3136 3542 3254 3596 pag.
3308 3526 3409 3582 173
3440 3542 3454 3577 :
3494 3544 3513 3578 ‹
3554 3525 3654 3581 Ubi
3684 3523 3876 3598 tandem

2278 3597 2481 3671 fatigati
2526 3599 2601 3653 uel
2619 3610 2753 3653 certe
2775 3615 2867 3654 suo
2890 3599 3086 3652 laniatu
3112 3598 3307 3663 satiati,
3339 3614 3554 3666 pausam
3575 3597 3877 3671 carniﬁcina:

2278 3665 2494 3735 dedere;
2521 3685 2703 3725 STIPBS
2726 3686 2916 3735 cereas,
2953 3670 3109 3724 immo
3153 3684 3269 3722 vero
3296 3665 3346 3721 et
3378 3680 3673 3738 argenteas,
3717 3665 3875 3719 muttis

2279 3742 2510 3795 certatim
2535 3740 2884 3808 offerentibus,
2905 3743 3019 3795 sinu
3044 3756 3278 3811 recepere
3311 3739 3508 3807 patulo,
3536 3752 3677 3795 etc.»
3711 3740 3874 3792 ΙὶΑνις.

2353 3811 2619 3877 lucopriat
2662 3814 2813 3867 cives.
2854 3813 3124 3867 Conviciis
3149 3852 3164 3877 ,
3194 3812 3500 3882 opprobriis
3529 3814 3869 3882 conspurcat.

2280 3893 2336 3939 et
2361 3884 2510 3947 quasi
2538 3894 2780 3939 stercore
2806 3884 3132 3953 Conspergit.
3167 3877 3316 3937 Cios.
3350 3881 3539 3936 Isidori
3568 3901 3596 3934 a
3635 3877 3875 3953 Vulcanio

2283 3954 2440 4010 edita:
2477 3972 2489 4009 :
2525 3954 2737 4016 Scurra,
2770 3956 2857 4023 qui
2896 3951 3237 4020 ittcop'riatnr.
3284 3952 3575 4017 Scurrula,
3629 3952 3713 4021 qui
3750 3951 3877 4001 ineo-

2283 4027 2438 4109 priat.
2466 4025 2695 4109 scurras
2719 4022 2892 4109 dietus
2939 4025 3113 4109 fuisse
3138 4024 3329 4105 Ganeo
3359 4026 3625 4107 vocabulo
3651 4022 3873 4109 aeapiosi

2280 4093 2391 4166 jam
2423 4097 2625 4166 pridem
2665 4114 2730 4150 ex
2776 4097 2945 4151 Dione
2982 4109 3030 4150 el
3082 4096 3343 4150 Svelunio
3392 4096 3492 4149 viri
3543 4093 3871 4166 eruditissimi

2285 4157 2538 4223 iiut-uere.
2561 4168 2792 4242 rSuidas_;
2827 4171 3037 4242 κοπρίος
3067 4169 3191 4242 ἀνὴρ
3236 4169 3303 4242 ᾡς
3332 4169 3435 4242 ἀπὸ
3461 4166 3647 4239 δημοῦ,
3676 4166 3802 4242 λέγει
3828 4157 3873 4210 δέ

2285 4241 2725 4314 τὸν-κοπρολόγοι
2759 4239 2815 4294 In
2846 4236 3368 4314 apograplio'legitur
3389 4236 3639 4314 iucopiut.
3668 4236 3787 4314 _Iitc.

2371 4305 2591 4364 Vertitur
2612 4305 2643 4363 ἁ
2672 4326 2726 4364 se
2752 4305 3172 4365 rotansfPlanus
3198 4305 3284 4362 ille
3308 4305 3538 4363 artificio
3555 4307 3680 4377 ligni
3699 4305 3872 4359 deeiu-

2288 4381 2446 4435 satim
2472 4380 2659 4435 bifurci
2689 4391 2830 4435 rotat
2858 4397 2999 4442 sese,
3026 4390 3080 4434 ut
3112 4380 3358 4452 imperita
3392 4380 3667 4448 plebecula
3702 4386 3870 4452 corrc-

2288 4461 2435 4521 plttttt
2464 4468 2493 4506 a
2522 4456 2739 4507 numine
2771 4453 3059 4516 existimet,
3092 4444 3373 4505 caducaria
3395 4444 3674 4520 passione.
3696 4444 3871 4521 Asubila

2290 4519 2466 4588 ruina,
2486 4526 2747 4591 vertigine
2773 4534 2827 4578 ut
2846 4524 3056 4577 ratione
3090 4522 3295 4587 divina,
3334 4519 3435 4577 axe
3458 4523 3640 4576 divino
3659 4519 3874 4573 circaue

2291 4604 2493 4649 actum.
2540 4598 2612 4651 At
2638 4590 2813 4649 nasuti
2854 4595 3032 4649 rident
3061 4595 3429 4663 impostorem,
3459 4603 3513 4648 et
3555 4590 3868 4663 inclamant:

586 4648 799 4733 fuitut
827 4648 1006 4722 videre
1032 4648 1128 4721 esi}
1144 4667 1194 4719 in
1217 4664 1349 4720 estis
1380 4662 1688 4731 Apuleianis
1722 4679 1735 4715 :
1784 4680 1803 4713 ι
1840 4663 1922 4716 Ab
1944 4664 2184 4731 ingressu
2209 4648 2263 4709 D
2294 4648 2963 4735 Qutereperegrinumﬁt,
2982 4648 3157 4719 Tollai
3187 4675 3234 4719 te
3264 4648 3349 4734 qui
3377 4648 3478 4718 non
3507 4663 3666 4718 norit.
3701 4659 3810 4735 Β]οο

587 4737 766 4807 primo
788 4738 967 4792 statim
994 4736 1213 4792 absonis
1241 4736 1539 4807 ululatibus
1557 4742 1963 4807 constrepentes
1991 4735 2185 4790 fanati-

586 4806 653 4861 ce
681 4808 981 4875 pervolant,
1010 4817 1114 4866 ctc.
1132 4827 1151 4861 ι
1180 4809 1469 4875 Pmpterea
1498 4806 1747 4860 Nemesin
1774 4806 2010 4877 Catullus
2027 4807 2184 4877 deam

587 4878 964 4947 vehementem
1006 4892 1125 4933 esse
1173 4878 1335 4938 dixit,
1368 4878 1752 4947 epigrammate
1778 4876 1845 4930 ad
1889 4876 2133 4933 Licinum
2168 4895 2181 4933 :

592 4946 678 5002 Ne
701 4964 875 5017 pinnas
906 4947 1138 5007 Nemesis
1185 4945 1417 5017 reposcat
1449 4945 1481 5001 ἁ
1507 4957 1572 5001 te.
1618 4945 1712 5001 Est
1757 4948 2018 5002 vehemens
2066 4949 2182 5011 dea,

590 5020 779 5095 ltt'dere
806 5020 939 5095 hanc
964 5029 1155 5095 cqveto.
1185 5019 1429 5095 Bahrius.
1450 5017 1840 5095 apudsuidam
1868 5035 1882 5071 :
1910 5019 2185 5095 ηαρὴςυδῆ

587 5093 817 5164 aspicis,
836 5092 868 5149 ri
893 5090 938 5144 τ’
970 5087 1103 5164 δίδως’
1125 5090 1426 5164 ἐποπτεύει.-
1450 5087 1516 5142 Et
1544 5090 1643 5164 alia
1669 5089 1967 5164 ltujttsqui
1984 5087 2185 5146 ibidem

589 5160 815 5218 in'hanc
852 5161 1171 5218 sententiam
1217 5163 1284 5213 de
1327 5160 1677 5229 scriptoribus
1720 5161 1952 5230 antiquis
2001 5164 2183 5217 citata.

590 5234 911 5288 Ammianus
937 5230 1385 5303 Marcellinuslib.
1410 5246 1499 5286 xw
1531 5247 1544 5303 ξ
1577 5249 1596 5281 ‹
1624 5230 1767 5293 Hice.
1797 5242 1851 5286 et
1880 5232 2189 5303 Itujusmudi

592 5303 810 5373 quidem
857 5303 1263 5358 innumerabilia
1318 5301 1477 5357 ultrix
1523 5302 1822 5357 facinorum
1875 5301 2186 5374 impiorum,

593 5375 970 5444 bonorumque
1027 5373 1656 5446 tirmiiiiatris_operatur
1700 5374 1976 5446 Adrastia;
2027 5390 2188 5446 quam

592 5447 857 5501 vocabulo
885 5443 1087 5515 duplici
1133 5448 1291 5499 etiam
1335 5443 1584 5501 Nemesin
1627 5445 1998 5515 appellamus,
2043 5443 2184 5501 etc.»

595 5515 746 5587 Hanc
771 5514 1002 5587 denique
1030 5516 1210 5587 Apul.,
1233 5516 1324 5572 lib.
1353 5517 1419 5571 de
1445 5516 1662 5583 Mundo,
1682 5514 2047 5570 Necessitatem
2071 5531 2192 5572 esse

597 5532 746 5571 naue
771 5532 1002 5587 denique
1030 5532 1068 5571 Α
1115 5532 1210 5578 ιιι..
1233 5532 1324 5572 ιιι).
1353 5532 1419 5571 ue
1445 5532 1508 5571 Ml

597 5586 727 5659 dicit
750 5589 957 5643 ultionis
977 5532 1360 5659 ineﬁugibifem.
1387 5587 1508 5659 th.

671 5655 795 5711 Non
821 5655 1155 5730 ignominiam
1176 5669 1269 5714 est.
1300 5658 1540 5715 Isidorus
1563 5657 1660 5730 lib.
1691 5671 1766 5719 Iv,
1796 5671 1917 5730 cap.
1948 5656 2069 5730 ult.,
2098 5657 2193 5730 tibi

596 5727 665 5784 de
692 5726 866 5800 ptenis
887 5770 901 5797 ,
953 5745 1074 5800 qua:
1100 5742 1227 5787 sunt
1254 5730 1463 5801 legibus
1488 5726 1818 5794 constitutm,
1848 5727 2195 5798 ignominiam

594 5810 640 5853 et
661 5801 956 5871 infantium.
983 5802 1101 5857 th.

665 5868 778 5925 Sibi
809 5873 1002 5925 viscera
1030 5873 1211 5941 pascit.
1238 5871 1536 5941 Apuleius:
1572 5868 1827 5941 Mortibus
1861 5886 1981 5926 suos
2009 5871 2190 5927 incur-

586 5950 704 5995 sant
734 5943 1010 6006 musculos,
1032 5940 1248 5997 brachia
1273 5940 1548 5996 dissecant.
1581 5940 1702 5998 th.
1735 5941 2080 5999 —'0mnino
2114 5944 2190 6000 la-

2363 4729 2512 4808 Cum'
2532 4729 2672 4808 ligno
2703 4729 2905 4806 bifurci.
2940 4729 3351 4808 Agrimcnseres
3380 4735 3670 4791 terminum
3704 4729 3871 4784 dixere

2293 4805 2603 4874 bifurcium,
2630 4805 2883 4878 ungulam
2918 4807 3196 4861 liifuream.
3232 4805 3355 4863 RIG.

2367 4878 2575 4933 Titanas
2590 4867 2742 4933 'vobivs
2768 4879 3017 4933 Tutanos.
3050 4896 3068 4930 ι
3096 4878 3313 4933 Titanas
3342 4877 3506 4933 Mauri
3539 4892 3633 4948 pro
3674 4867 3869 4941 regibus

2292 4949 2493 5004 colunt.
2513 4970 2531 5004 ι
2561 4950 2790 5014 Arnob,
2824 4951 2917 5005 lib.
2947 4965 2983 5005 l.

2364 5019 2615 5092 Immites,
2649 5008 2826 5077 tacitos
2854 5023 2948 5076 sub
2976 5022 3195 5075 culmine
3235 5030 3400 5076 vestro
3429 5019 3644 5092 rogatis.
3684 5013 3775 5070 Tot
3801 5008 3864 5089 Ιᾳ·

2292 5109 2395 5147 res.
2425 5092 2681 5163 Exempla
2711 5109 2780 5147 an
2810 5106 2908 5146 ms.
2943 5108 2957 5145 :
2994 5095 3093 5163 Aut
3132 5102 3321 5159 mutas,
3361 5094 3579 5163 tacitas;
3614 5104 3642 5142 a
3671 5101 3771 5163 quo
3796 5093 3868 5163 mf

2293 5164 2456 5217 mium
2483 5161 2704 5235 recessit
2727 5164 3004 5233 Rigaltius.
3025 5162 3227 5235 Forsan
3253 5165 3355 5235 leg.
3380 5162 3464 5218 Ita
3487 5164 3654 5235 Mora;
3672 5161 3866 5235 uaga:

2259 5298 2266 5306 ι
2290 5236 2384 5289 sub
2405 5234 2630 5306 culmine
2654 5220 2823 5306 uestro
2844 5240 3053 5306 rogatis.
3091 5233 3185 5306 To_t
3213 5220 3346 5289 ιανὲε
3375 5250 3394 5289 :
3422 5251 3541 5306 nam
3572 5220 3869 5306 Largstﬂ'l;

2296 5285 2373 5358 iis
2390 5285 2642 5359 aegram.
2661 5285 3125 5361 incitasse;
3139 5285 3283 5360 tua.
3297 5285 3343 5374 ιζ
3361 5285 3622 5361 satagit
3645 5285 3866 5374 (Mutale

2294 5391 2402 5447 e_sse
2421 5376 2618 5440 dicunt,
2670 5392 2735 5430 ea:
2761 5393 2859 5447 qua
2891 5379 2990 5431 sint
3032 5378 3137 5431 nati
3179 5360 3356 5431 Lare}.
3395 5360 3526 5432 Vide
3576 5360 3662 5447 εἰς’
3692 5360 3862 5447 U‘lidjj

2296 5443 2477 5519 Fest,
2509 5462 2566 5511 ιι,
2607 5434 2919 5519 572,γ’585,
2973 5462 3127 5519 seqq.
3178 5448 3371 5503 Statim
3427 5461 3566 5519 vero
3607 5434 3863 5519 πρεεηςίψν

2295 5506 2527 5572 radicula
2554 5506 2586 5571 ἐ
2629 5506 2770 5590 quod
2816 5506 2989 5574 Latini
3036 5506 3304 5575 sertnonts
3346 5520 3484 5574 ratio
3536 5506 3861 5570 demonstrat-

3425 5591 3607 5645 Dlms.

2371 5660 2637 5734 So_fveriti_s
2662 5677 2748 5716 eos
2772 5662 2955 5734 magis.
2989 5661 3182 5719 Utilius
3211 5663 3464 5717 mramina
3505 5659 3593 5714 illa
3631 5645 3859 5734 cnyﬂﬁlﬁv

2299 5740 2353 5787 et
2371 5706 2747 5800 ἕόιίἶῖιίἰὲῐιέἶᾶ
2768 5706 3182 5798 ἐιῖςζῗὸῙὶπεῖ-ἰίἱζξ
3211 5706 3740 5800 ἷιῖὦὶὲ”ιἰὶὶήἱ’ἱιῖεεοιί.
3771 5706 3863 5783 re"

2299 5794 2660 5875 ves,_sariago,
2689 5805 2911 5872 patella.
2943 5794 3220 5875 Juvenalis
3243 5845 3258 5868 .
3287 5813 3387 5859 sat.
3427 5820 3477 5875 x,
3508 5801 3594 5875 6i.
3626 5794 3737 5875 Bion:

2375 5855 2660 5947 flammae;
2671 5855 2798 5930 ea;
2808 5855 3011 5931 ᾰὶὲὲυὶῖ
3028 5855 3309 5947 ιηὶῖρἶέώ
3320 5855 3666 5947 pudissimi.
3697 5855 3854 5947 "(’I’ff

2302 5924 2726 6001 animiin;
2737 5924 3559 6016 ζἐῇἰίὸὶιἷεξιὲςῑὸέῦοἰίἳὲιῐιὲ’ἑιὶι
3591 5924 3714 5992 deos
3748 5924 3849 5980 tuon
