4060 6322
182 462 288 526 est
403 466 483 540 (ν.
506 465 664 539 557.)

183 675 412 733 Nescius
438 676 485 732 si
517 676 746 746 primum
772 673 986 742 errasti,
1011 675 1217 751 respice
1245 690 1460 731 canum.

186 768 269 824 'I’u
295 777 451 839 putas
476 780 622 822 nunc
648 766 810 820 vitam
841 765 964 820 istic
995 764 1196 836 perfrui
1224 766 1401 821 lanam

186 859 422 928 Iniurias
449 857 588 914 inter
612 875 627 913 :
654 857 724 913 ibi
750 868 876 913 sunt
898 859 1091 913 damna
1120 868 1354 924 tuorum,

187 953 366 1020 Belia,
396 952 479 1008 vel
507 951 743 1007 infaudm
772 951 1008 1018 fraudes,
1043 968 1164 1007 cum
1194 951 1453 1022 sanguine
1482 949 1640 1017 furta,

189 1044 473 1101 Ulceribus
500 1058 696 1113 corpus
723 1052 966 1109 vexatur,
999 1044 1335 1115 gemiturqoe
1366 1044 1626 1115 ploratur,

190 1135 305 1193 Seu
333 1137 478 1192 leves
501 1135 726 1201 invadit,
756 1144 846 1190 aut
876 1137 1033 1207 longo
1061 1135 1250 1191 morbo
1281 1136 1502 1203 teneris,

187 1230 303 1287 Aut
326 1229 466 1284 natis
490 1229 722 1295 orbaris,
749 1228 837 1282 aut
869 1229 1075 1298 perdita
1101 1230 1329 1300 conjuge
1358 1228 1546 1284 deﬂes.

188 1320 473 1377 Deseritur
501 1330 668 1376 totum
701 1338 714 1376 :
744 1320 880 1375 heu!
916 1330 1079 1376 ruunt
1107 1322 1395 1393 dignitates
1423 1323 1492 1377 ab
1511 1324 1642 1392 alto,

187 1412 371 1479 Vitiis,
402 1414 678 1484 pauperie,
717 1412 998 1482 dupliciter
1016 1424 1185 1479 certe,
1217 1414 1261 1468 si
1292 1414 1537 1483 ianguis:

186 1505 259 1561 Et
284 1506 422 1561 dicis
454 1505 635 1573 \itam,
671 1506 759 1560 ubi
783 1508 954 1561 vitrea
979 1506 1085 1561 vita
1118 1506 1396 1561 mortalis?

185 1598 423 1669 Respice
445 1597 554 1668 jam
586 1598 800 1653 tandem
834 1598 937 1653 hoc
967 1610 1176 1669 tempus
1204 1599 1413 1654 irritum
1445 1614 1567 1655 esse
1593 1614 1610 1654 :

186 1691 301 1746 Sed
332 1692 385 1745 in
414 1690 591 1745 futuro
623 1692 714 1746 tibi
743 1705 868 1762 spes
896 1701 978 1746 est
1005 1694 1120 1746 sine
1151 1692 1273 1746 dolo
1303 1692 1539 1775 vivendi.

186 1784 391 1841 Vivere
419 1785 666 1840 volebant
688 1786 869 1857 utique
895 1785 1104 1857 parvuli
1131 1788 1293 1858 rapti,

181 1878 297 1935 Sed
323 1879 429 1933 vita
461 1878 653 1949 privati
680 1878 906 1947 juvenes
933 1894 1217 1936 senescere
1239 1880 1397 1946 forte,

180 1968 431 2025 Laetitios
460 1970 598 2036 dies,
624 1970 930 2041 perfruique
954 1970 1055 2040 ipsi
1076 1971 1368 2041 parabant;

180 2063 261 2119 Et
293 2072 470 2119 tamen
494 2063 645 2119 inviti
677 2066 1180 2135 reponimusomnia
1210 2068 1430 2123 mundo.

182 2157 344 2213 Gens
370 2168 424 2213 et
452 2173 552 2229 ego
585 2158 658 2215 fui
683 2176 935 2228 perversa
961 2170 1142 2216 incute
1172 2171 1433 2229 moratus,

180 2250 259 2305 Et
286 2250 448 2305 vitam
484 2252 635 2307 istius
667 2253 849 2308 δεουιὶ
883 2270 1065 2309 veram
1106 2266 1230 2311 esse
1257 2257 1545 2326 putabam;

178 2342 525 2414 Mortemqne
552 2344 801 2400 similiter
828 2346 966 2401 sicut
994 2361 1091 2401 vos
1114 2346 1421 2416 judicabant
1452 2349 1677 2415 adesse;

177 2433 328 2489 Cum
356 2436 524 2491 semei
545 2438 764 2503 exisset,
790 2438 1028 2492 animum
1060 2438 1283 2507 periisse
1308 2440 1639 2496 defunctum.

179 2528 322 2583 Ilaec
349 2540 528 2583 autem
556 2530 635 2583 sic
664 2545 767 2584 non
793 2540 938 2597 sunt,
969 2531 1063 2585 sed
1083 2532 1331 2588 conditor
1350 2532 1498 2589 orbis
1524 2542 1579 2589 et
1603 2536 1792 2589 auctor

179 2621 496 2693 Requisivit
525 2622 668 2677 enim
691 2621 910 2676 fratrem
933 2638 963 2677 a
997 2625 1159 2679 fratre
1186 2636 1544 2695 peremptum.

181 2716 367 2785 Impie
397 2713 504 2777 dic,
540 2714 731 2783 inquit,
772 2712 1000 2768 Ubinam
1028 2711 1234 2768 frater?
1261 2715 1351 2771 ille
1382 2718 1612 2784 negavit.

183 2808 428 2879 Sanguis
454 2808 596 2862 enim
622 2805 801 2861 fratris
830 2806 896 2861 ad
929 2816 1013 2863 me
1044 2809 1393 2879 proclamavit
1421 2813 1473 2866 in
1500 2813 1686 2868 altum.

186 2901 519 2971 Torqueris,
551 2899 728 2964 video,
756 2900 845 2954 ubi
872 2900 940 2954 nil
973 2902 1179 2957 sentire
1209 2903 1433 2971 putabas
1461 2923 1476 2958 :

189 2996 301 3051 Ille
327 3003 502 3049 autem
535 2994 681 3061 vivit,
713 3006 767 3049 et
796 2994 911 3050 loca
940 2993 1164 3050 dextera
1188 3005 1363 3062 tenet;

192 3088 433 3146 Delicias
465 3087 680 3154 fruitur,
712 3102 846 3157 quas
870 3096 923 3141 tu
952 3086 1255 3156 perdidisti,
1288 3088 1545 3156 nefande;

193 3186 269 3240 Et
299 3198 422 3238 cum
452 3182 716 3237 revocasti
742 3181 1033 3246 saeculum;
1062 3190 1116 3235 et
1146 3181 1235 3236 ille
1268 3197 1616 3253 prtegressus,

194 3276 532 3334 Immortalis
562 3276 695 3342 erit;
729 3292 850 3330 nam
882 3286 935 3330 tu
966 3276 1067 3330 Sub
1092 3286 1287 3331 tartara
1313 3278 1547 3347 planges.

198 3372 355 3426 Vivit
380 3382 529 3426 certe
557 3372 713 3436 Iieus,
737 3372 827 3440 qui
859 3371 1138 3426 defunctos
1157 3373 1339 3428 vivere
1368 3375 1511 3437 fecit;

200 3462 566 3532 Innocuisque
596 3464 748 3518 bonis
774 3473 829 3519 ut
856 3464 1042 3519 reddat
1071 3466 1290 3534 przemia
1314 3467 1470 3539 digna
1501 3486 1514 3522 :

199 3556 437 3610 Vesanis
460 3566 636 3611 autem
665 3567 721 3611 et
748 3557 925 3625 impiis
956 3566 1151 3612 tartara
1183 3563 1347 3615 steva.

200 3649 389 3718 Incipe
409 3650 607 3706 sentire
621 3648 821 3720 judicia
850 3649 965 3714 Dei,
989 3649 1230 3707 seducte.

1324 465 1694 525 ADVERSUS
1730 464 2038 523 GENTIUM
2083 464 2276 522 DEOS.

184 584 327 640 Anni
357 593 411 641 te
439 598 545 640 non
573 591 794 655 possunt
821 582 929 653 iam
959 544 1173 653 triginta
1198 581 1423 639 reddere
1451 581 1707 639 doctum?
1803 556 1855 642 λ

2992 457 3068 534 (v.
3099 457 3256 530 39h)
3369 455 3479 511 222

2084 595 2247 636 xxvu.
2286 608 2360 620 —
2396 593 2598 636 sruue
2638 592 2739 634 non
2777 582 3111 633 Pannonius
3148 580 3275 631 beo:

1889 716 2085 784 Stulte,
2118 714 2222 771 non
2254 714 2600 786 permoreris,
2645 724 2744 768 nec
2785 710 3030 768 mbrtuu’s
3058 688 3246 779 effugis
3273 688 3480 763 illum.

1888 808 1968 863 Tu
1998 809 2122 864 licet
2149 806 2403 876 disponas
2433 800 2567 861 nihil
2597 806 2649 860 te
2671 803 2871 858 sentire
2896 796 3229 868 defunctum,

1888 900 2131 956 Vinceris
2156 897 2411 970 insipiens
2442 915 2454 952 :
2490 897 2622 952 vivit
2649 897 2788 951 Deus
2816 894 3064 952 conditor
3094 893 3262 962 orbis,

1890 991 2148 1062 Legitima
2174 990 2326 1059 cujus
2352 989 2589 1044 clamant
2617 988 2796 1043 valere
2819 986 3121 1044 defunctos.

1891 1082 1972 1137 Tu
2001 1092 2178 1136 autem
2200 1081 2328 1136 dum
2360 1094 2598 1149 prmceps
2620 1079 2735 1134 sine
2767 1078 2875 1134 Deo
2903 1079 3086 1134 vivere
3122 1079 3341 1149 qureris,

1891 1173 2200 1229 Extinctum
2233 1168 2284 1226 iii
2315 1170 2435 1226 fatis
2458 1168 2681 1241 iudicas,
2712 1168 2767 1226 et
2783 1169 2942 1226 fatale
2964 1166 3159 1226 credis.

1890 1263 2009 1320 Non
2039 1265 2107 1319 ita
2137 1260 2419 1333 disposuit,
2452 1268 2509 1317 ut
2534 1266 2589 1318 tu
2619 1260 2793 1332 putas,
2820 1262 2960 1318 Deus
2991 1262 3227 1319 mtern’us
3246 1306 3261 1332 ,

1892 1355 2153 1411 Oblivitos
2175 1354 2295 1410 esse
2319 1348 2561 1410 m'oriuos
2582 1348 2649 1410 de
2672 1365 2829 1426 gesto
2857 1356 3059 1426 priore.

1891 1450 2042 1506 Nunc
2069 1447 2223 1505 nobis
2249 1446 2562 1520 imperitans
2593 1442 2718 1503 feeit
2748 1448 3083 1518 receptaeirla
3115 1446 3339 1515 mortis;

1891 1543 2024 1599 Post
2050 1543 2262 1598 cineres
2283 1540 2461 1596 autem
2497 1538 2708 1595 nostros
2736 1538 3035 1595 videbimus
3076 1532 3188 1595 illa.

1895 1635 2109 1692 Exucre
2136 1636 2320 1711 stulte,
2353 1630 2443 1704 qui
2474 1623 2627 1702 puias
2654 1636 2748 1703 'p'er
2771 1629 2957 1711 funera
2984 1634 3041 1687 ut
3072 1632 3179 1688 non
3198 1631 3271 1688 sis
3297 1649 3313 1699 ;

1894 1722 2186 1784 Rectorem
2215 1708 2598 1795 dominumque
2630 1712 2777 1779 tuum
2801 1708 2872 1779 iiii
2899 1722 3057 1795 posse
3087 1724 3261 1781 fecisti
3292 1724 3305 1779 Ξ

1893 1820 2037 1876 Mors
2067 1826 2244 1875 autem
2272 1816 2327 1873 in
2357 1814 2581 1872 vacuum
2614 1822 2720 1871 nun
2754 1814 2856 1882 eSt,
2887 1816 2932 1871 Si
2962 1815 3126 1873 'cor'de
3152 1808 3436 1873 retractes.

1893 1913 2195 1985 Optandum
2230 1924 2422 1968 noscas
2450 1906 2465 1965 Ξ
2500 1910 2620 1965 itam
2647 1910 2769 1964 ser‘o
2797 1907 3001 1964 Senties
3028 1908 3200 1997 illuni.

1818 1974 1867 2037 Β
1896 2008 2099 2062 Rector
2124 2018 2246 2061 eras
2271 2000 2449 2061 carnis
2474 2000 2614 2069 ;non
2642 1998 2694 2057 te
2720 1998 2866 2057 certe
2885 2002 3011 2057 ca'ro
3034 1982 3275 2073 regebat.

1893 2101 2187 2171 Exemptus
2216 2098 2284 2154 ab
2314 2084 2425 2162 ilia,
2452 2092 2760 2153 reconditur
2789 2086 2900 2160 illa,
2920 2094 2973 2149 lii
3001 2090 3224 2150 horsum
3255 2110 3268 2147 :

1893 2184 2059 2249 Recte
2091 2190 2333 2248 mortalis
2364 2188 2527 2245 homo
2550 2182 2829 2259 separatur
2856 2203 2883 2241 a
2911 2182 3076 2242 carne
3111 2205 3123 2242 :

1892 2285 2099 2341 Idcirco
2121 2300 2228 2339 non
2251 2276 2505 2353 poterunt
2524 2270 2663 2336 oculi
2692 2276 2950 2335 mortales
2977 2270 3201 2349 arq'ua'ri.

1892 2377 1984 2434 Sic
2014 2378 2175 2433 habet
2201 2362 2430 2449 abyssu's
2459 2380 2643 2429 noster
2672 2370 2741 2449 de
2771 2354 2867 2427 IJei
2890 2370 3147 2449 Secreto.

1894 2470 1970 2525 Da
1988 2452 2139 2524 nunc
2166 2446 2296 2539 ergo
2330 2454 2456 2531 Deo,
2481 2462 2685 2537 fragilis
2712 2446 2839 2520 dum
2866 2458 3116 2529 moreris,
3140 2446 3405 2539 honorem
3436 2478 3449 2516 :

1895 2562 1965 2617 Et
1990 2556 2150 2616 crede
2184 2546 2327 2631 ’quod
2367 2557 2616 2614 Chris‘tus
2641 2556 2820 2612 vivuiii
2850 2556 2901 2611 te
2928 2554 2994 2613 de
3024 2552 3237 2631 mortuo
3275 2546 3490 2612 reddei.

1896 2630 2261 2725 Omnipotcnti
2283 2651 2470 2707 laudes
2492 2652 2543 2706 in
2566 2644 2809 2706 Ecclesia
2838 2636 3067 2705 reddere
3091 2630 3273 2705 debes.

2295 2760 2487 2819 xxi‘nt.
2518 2760 2732 2818 —JU$'i‘l
2773 2756 3108 2819 assuaounr.

1903 2902 2116 2959 Iustitia
2153 2912 2208 2956 et
2229 2899 2465 2962 bonitas,
2493 2915 2597 2970 pax
2626 2907 2682 2953 et
2711 2899 2964 2970 patientia
2993 2913 3118 2953 vera

1910 2995 2107 3052 Vivere
2134 3004 2256 3064 post
2286 2990 2392 3048 fata
2425 2968 2643 3057 l'acidni,
2680 2992 2733 3047 et
2758 3007 2885 3046 cura
2914 2968 2982 3045 dc
3010 2999 3155 3046 actu.

1903 3087 2141 3145 Subdola
2170 3098 2325 3141 meus
2349 3095 2551 3147 autem,
2572 3085 2755 3152 noxia,
2780 3083 3002 3154 perfida,
3023 3092 3205 3152 prava,

1905 3183 2070 3240 Tollit
2095 3197 2154 3237 se
2185 3180 2238 3235 in
2270 3191 2473 3251 partes,
2503 3188 2559 3235 et
2580 3178 2691 3233 fera
2720 3172 2893 3233 morte
2913 3184 3175 3231 moratur.

1906 3275 2094 3345 lmpie,
2130 3288 2269 3327 nunc
2297 3270 2443 3337 audi,
2468 3271 2595 3340 quid
2634 3280 2727 3338 per
2753 3268 3032 3323 malefacta
3062 3267 3291 3324 lucraris
3319 3283 3334 3335 ;

1906 3368 2135 3438 Respice
2163 3378 2406 3422 terrenos
2427 3364 2657 3434 jmliees,
2687 3366 2739 3418 in
2768 3372 2996 3431 corpore
3025 3363 3114 3432 nui
3140 3370 3285 3417 hune

1905 3463 2224 3519 Excruciant
2258 3461 2429 3529 poenis
2458 3459 2643 3513 diros:
2675 3465 2766 3510 aut
2792 3457 2933 3511 ferro
2962 3458 3221 3526 parantur

1904 3554 2174 3625 Supplicia
2197 3552 2424 3618 meritis,
2447 3561 2540 3605 aut
2567 3550 2728 3619 longo
2744 3560 2966 3605 carcere
2994 3546 3143 3603 flere.

1905 3647 2106 3704 Ultime
2134 3656 2190 3701 tti
2215 3657 2404 3715 speras
2434 3643 2603 3699 Deum
2633 3641 2857 3697 irridere
2895 3641 3195 3707 eteleStem;

1905 3739 2304 3809 Rectoremque
2333 3736 2460 3807 poli,
2483 3740 2579 3806 per
2609 3747 2774 3806 quem
2798 3730 2927 3790 sunt
2950 3730 3132 3788 omnia
3160 3720 3343 3788 facta?

1580 3904 2139 3981 COMMENTARIUS.

288 4103 577 4179 Dupliciter
617 4114 750 4159 certe
773 4102 815 4160 si
844 4104 1066 4179 (anguis.
1098 4104 1153 4161 Si
1185 4102 1407 4178 langues
1427 4150 1441 4176 ,
1474 4106 1519 4163 si
1551 4108 1812 4179 languore

209 4175 401 4250 aliquo
440 4174 692 4250 diuturno
717 4174 1083 4250 construit-ris;
1113 4174 1298 4250 atque
1327 4186 1383 4233 ut
1418 4174 1579 4250 supra
1615 4174 1748 4236 dixit
1769 4184 1815 4237 si

210 4249 372 4317 longo
394 4246 566 4299 morbo
598 4250 800 4301 teneris.
828 4246 981 4302 Unde
1000 4248 1125 4302 illud
1157 4268 1168 4303 :
1194 4248 1364 4304 Genus
1391 4246 1501 4307 esse
1521 4252 1812 4307 misericor-

213 4316 343 4383 ἀίω,
374 4318 473 4370 cito
490 4316 671 4372 occidi.
700 4318 819 4374 lita.

304 4406 472 4483 Vitrea
498 4409 638 4483 _vita.
684 4396 835 4475 Quod
868 4407 935 4465 de
964 4409 1171 4483 fortuna
1202 4411 1335 4469 dixit
1381 4424 1533 4481 vetus
1560 4415 1812 4483 scriptor,

213 4478 327 4534 hoc
355 4480 421 4532 de
462 4480 565 4533 vita
610 4481 838 4535 humana
871 4482 1151 4538 verissime
1191 4483 1444 4539 dicatur:
1483 4478 1601 4539 Vita
1641 4478 1816 4541 nostra

212 4552 379 4605 vitrea
396 4559 467 4605 est
498 4565 517 4603 :
541 4560 659 4604 tunc
684 4569 836 4623 quant
852 4552 1137 4621 splendent.
1172 4556 1446 4625 frangitur.
1480 4555 1599 4611 lito.

290 4639 521 4696 Lwtitias
541 4643 666 4697 dies.
688 4643 930 4709 L:etiti:e,
960 4645 1245 4711 Ltetiiicos,
1274 4646 1470 4703 Laetos.
1494 4647 1662 4704 Valde
1685 4650 1814 4705 mihi

214 4725 480 4789 sustiecta
501 4723 586 4769 est
613 4715 768 4769 istius
796 4717 1063 4789 vocabuli,
1103 4718 1415 4784 formatum,
1449 4734 1550 4774 nec
1580 4734 1815 4789 pronun-

216 4784 644 4861 tiariqnidqnani
667 4796 861 4861 potest,
879 4789 977 4861 nisi
997 4787 1237 4861 inspecto
1251 4790 1437 4843 codice
1451 4784 1690 4861 antiquo.
1711 4791 1788 4847 Ve
1801 4825 1813 4833 ι

218 4864 307 4930 tus
333 4852 607 4923 Interpres
624 4852 844 4911 Latinus
875 4852 1147 4930 Epistolir,
1173 4873 1291 4930 qua:
1324 4861 1519 4914 dicitur
1535 4852 1814 4930 Barnahte,

217 4928 533 5002 εῷφροσυνὴν
558 4929 716 5002 vertit
743 4929 1066 5002 lavationem.
1094 4929 1148 4983 In
1175 4929 1307 4984 edit.
1338 4930 1505 4985 l’aris.
1542 4944 1705 5002 prave
1734 4928 1815 4989 leé

216 4999 366 5067 gitur
396 5014 408 5050 :
443 4999 735 5068 legationes.
767 4999 886 5055 Rio.
1302 5015 1313 5025 '

298 5088 402 5143 Ille
423 5092 641 5159 negavit.
670 5092 877 5145 Etenim
895 5092 1170 5163 respondit
1189 5110 1202 5148 :
1228 5094 1412 5147 nescio.
1434 5094 1655 5163 Negavit
1678 5097 1819 5153 scire

298 5107 402 5143 me
423 5107 641 5159 negavit.
670 5107 877 5145 mentm
895 5107 1202 5216 resgonatt:
1228 5110 1412 5147 nescio.
1435 5107 1655 5163 negavit
1678 5107 1818 5153 seire

220 5176 306 5226 se,
356 5165 498 5230 quod
536 5164 840 5218 certissime
867 5163 979 5217 scic
1018 5175 1101 5223 at;
1137 5180 1257 5217 nam
1290 5164 1404 5231 ipse
1435 5181 1623 5220 recens
1645 5166 1818 5223 adimc

221 5243 339 5289 erat
369 5247 397 5284 a
419 5232 598 5307 fratris
644 5250 804 5299 nece;
836 5248 997 5303 atque
1022 5237 1122 5307 hoc
1154 5238 1405 5289 mentitus
1436 5237 1547 5291 Deo
1573 5240 1631 5307 in
1656 5252 1818 5307 quem

220 5320 333 5358 non
361 5302 506 5377 cadit
536 5305 854 5373 ignorantia,
886 5302 1349 5374 impudentissime
1382 5306 1592 5376 negavit
1618 5302 1815 5377 Deum;

220 5386 279 5430 et
327 5374 593 5443 sacrilego
633 5377 932 5438 mendacio,
979 5377 1073 5431 Dei
1124 5377 1401 5432 scientiam
1448 5374 1720 5444 sufi‘urari,
1764 5374 1821 5437 et

221 5445 379 5514 quasi
408 5447 658 5521 occidere.
683 5458 905 5521 cynatus
930 5455 1014 5503 est
1046 5465 1059 5501 :
1089 5450 1295 5518 optavit
1319 5450 1453 5521 eripi
1493 5450 1602 5507 Deo
1628 5451 1821 5508 divini.

223 5526 413 5582 tatem,
430 5519 489 5572 τὸ
510 5520 671 5571 Θεὶον.
701 5517 819 5574 Rlc.

303 5586 368 5664 Et
392 5602 507 5664 cum
532 5602 696 5642 revoc.
715 5590 976 5664 saeuiunt.
1003 5588 1326 5662 Repugnans
1351 5591 1612 5647 adversus
1641 5583 1816 5664 iegem

223 5657 449 5722 Christi,
482 5662 742 5712 revocasti
776 5661 1029 5715 sarcuimn
1056 5657 1361 5728 {revocasti
1411 5657 1819 5730 diabolumicui

226 5730 658 5785 ren’untiaveras.
694 5731 810 5784 Hic.

300 5814 403 5854 non
431 5814 763 5854 PEMIORERIS
784 5816 903 5855 oso.
954 5801 1071 5858 Non
1097 5805 1172 5858 sic
1204 5807 1449 5872 moreris,
1481 5815 1538 5860 ut
1563 5806 1643 5862 vel
1676 5823 1819 5863 mor-

228 5881 385 5947 tuus,
410 5872 633 5947 effugias
657 5873 996 5947 permultos;
1032 5885 1086 5928 ut
1111 5880 1218 5947 jam
1253 5878 1307 5933 in
1338 5878 1646 5935 defuncmm
1677 5878 1818 5937 Deus

230 5959 340 5997 non
370 5942 567 5997 habent
590 5942 717 6012 quid
740 5942 917 5999 faciat.
947 5942 1068 6000 Hic.

2002 4111 2225 4167 Vincet-is
2244 4110 2507 4184 insipiens.
2529 4102 2703 4169 Etiam
2732 4111 2931 4169 invitus
2952 4113 3275 4242 insipiﬁntia:
3296 4117 3516 4174 teneris.

3156 4203 3229 4242 tc.

3156 4203 3229 4243 IG.

1989 4258 2245 4351 Legitima
2278 4279 2425 4351 cujus
2473 4277 2717 4351 clamant.
2775 4278 3035 4351 Legitima
3089 4279 3221 4335 dicit
3266 4281 3414 4345 leges
3463 4291 3519 4339 et

1918 4351 2165 4404 mandata
2191 4348 2389 4405 Christi
2414 4366 2428 4405 ε
2455 4348 2736 4420 disciplina
2764 4365 2830 4405 ex
2857 4348 2964 4406 iide
2993 4352 3282 4407 custodita.
3317 4353 3441 4409 Rto.

2000 4442 2510 4567 Isalca-defunctos.
2545 4433 2775 4498 Vocates
2819 4442 3028 4499 scilicet
3066 4442 3132 4498 ad
3168 4442 3330 4499 vitam
3361 4454 3520 4501 acter-

2000 4532 2008 4567 l
2054 4555 2068 4567 .

1924 4526 2068 4569 nam.

1837 4571 1893 4633 Β
1994 4610 2290 4665 Extinctam
2317 4612 2369 4665 in
2401 4610 2542 4681 fatis.
2570 4608 2964 4664 Extinctionem
2987 4650 3002 4677 ,
3036 4622 3283 4665 mortem.
3330 4608 3511 4665 DAVIS.

1995 4703 2237 4760 Oblibitos
2282 4722 2387 4759 esse
2414 4712 2659 4757 mortuos.
2693 4702 2957 4757 Oblivioni
2995 4703 3185 4756 tradita
3214 4717 3365 4769 esse,
3396 4702 3517 4773 Quae

1919 4774 2204 4831 defunctus
2249 4777 2475 4846 quiaque
2520 4775 2686 4845 gessit
2727 4774 2876 4839 olim,
2910 4773 3038 4828 dum
3066 4773 3269 4829 viveret
3303 4775 3357 4829 in
3390 4790 3513 4829 cor—

1919 4861 2073 4915 pore.

1993 4937 2200 4993 Exuere
2226 4928 2375 4994 stulte
2397 4937 2483 5003 qni
2510 4946 2674 5005 pulos.
2704 4934 2805 5003 Qui
2833 4944 2884 4993 te
2913 4952 3007 5006 per
3032 4946 3258 4992 mortem
3283 4937 3360 4992 sic
3387 4939 3516 4993 exui

1921 5014 2097 5081 ptltas,
2142 5017 2199 5063 ut
2240 5009 2349 5079 jam
2400 5008 2476 5063 sis
2524 5009 2723 5074 nullus,
2759 5012 2858 5063 nec
2915 5008 3146 5079 amplius
3175 5010 3248 5064 tui
3282 5007 3518 5079 Supersit

1926 5082 2239 5151 quidquam.

1995 5171 2291 5241 Optnndum
2316 5187 2516 5226 noscas.
2544 5170 2697 5225 illum
2724 5166 2976 5229 videiiCet
3009 5172 3174 5229 Deum
3210 5172 3419 5229 Patrem
3451 5186 3515 5227 ac

1923 5243 2203 5299 Dominum
2237 5253 2501 5297 nostrum.
2534 5242 2844 5299 Brennus.

1995 5310 2311 5373 lieconditur
2332 5310 2445 5369 illa.
2480 5315 2763 5384 Sepulcro.

1998 5384 2094 5442 Tu.
2116 5388 2320 5456 Anima
2337 5395 2422 5439 tua
2443 5402 2455 5448 ;
2481 5384 2929 5456 principalissima
2960 5403 3079 5454 pars
3097 5388 3192 5443 tui.
3212 5385 3326 5441 Bia.

2003 5456 2244 5527 Horsum.
2280 5450 2510 5511 iiorsum
2540 5474 2597 5511 se
2625 5450 2881 5527 capessit.
2912 5450 2987 5513 In.

1997 5526 2118 5599 Non
2138 5538 2375 5599 poterunt
2401 5531 2615 5599 aequari.
2641 5526 2863 5584 Divinis.

1994 5598 2225 5671 Cur-ade
2253 5611 2389 5654 actu.
2420 5598 2593 5669 Supra
2623 5599 2765 5654 dixit
2792 5616 2805 5651 :
2845 5598 2920 5671 De
2948 5607 3087 5671 gesto
3115 5599 3304 5669 priore.

1996 5668 2307 5726 Eafcrncinnt
2351 5668 2513 5743 paruis
2568 5671 2724 5743 diros.
2759 5668 2964 5743 δίο-1111*
2999 5669 3115 5739 ipso
3156 5670 3393 5743 Christo,
3424 5670 3515 5727 ln-

1923 5750 2112 5798 slruct.
2146 5743 2235 5810 56,
2268 5739 2361 5810 per
2384 5759 2583 5810 crucem
2632 5739 2793 5794 dirus.
2828 5739 3033 5795 Glossae
3061 5752 3279 5797 veteres
3307 5761 3319 5796 :
3355 5741 3520 5799 Diras

1922 5802 2278 5885 Θεοχοὴῦτόςξ
2308 5812 2479 5885 δεῖνος
2510 5802 2706 5885 Diritas
2741 5850 2755 5873 ,
2810 5812 3055 5871 Δεινότῆς.
3089 5812 3221 5885 Αιίπι
3258 5812 3464 5869 Glossze
3498 5832 3511 5869 :

1922 5878 2102 5954 amb},
2128 5886 2181 5941 Μ
2190 5886 2441 5951 atiliosus,
2465 5884 2685 5950 iniquus,
2719 5898 2904 5950 swvus,
2924 5892 3065 5952 trux,
3085 5901 3189 5939 acet
3203 5878 3317 5954 (ms,
3341 5895 3511 5941 atrox.
