4060 6310
597 417 709 479 225
820 423 898 497 (ν.
927 423 1086 495 ηδ.)

599 538 897 609 Grassaris,
927 539 1151 609 insanis,
1172 538 1445 597 detractas
1470 555 1613 597 nunc
1639 550 1694 596 et
1724 541 1817 596 Dei
1848 556 2042 596 nomen
2068 557 2083 607 ;

602 631 760 690 Unde
789 647 895 689 non
925 632 1150 703 effugies
1179 650 1193 687 :
1228 647 1415 704 poenas
1444 648 1541 703 per
1572 632 1821 705 tactaque
1848 642 2031 703 ponet.

606 725 760 783 Nunc
788 727 911 784 volo
938 727 1014 782 sis
1039 739 1250 793 cautus,
1277 742 1347 782 ne
1372 728 1557 782 venias
1587 727 1726 797 ignis
1756 727 1807 780 in
1837 738 2053 782 mstum.

601 821 781 878 Trade
812 833 862 878 te
887 822 997 894 jam
1021 812 1260 890 Christo,
1280 829 1339 877 ut
1367 832 1418 878 te
1440 818 1719 878 benefacta
1741 832 2057 893 sequantur.

926 974 1082 1015 XXIX.
1110 988 1183 1001 —-
1202 972 1367 1013 DIVITI
1397 971 1694 1012 INCREDULO
1714 969 1878 1011 ιιΑιο.

606 1094 858 1162 Diﬂ'eres,
886 1094 1059 1161 dives,
1094 1094 1318 1151 nimium
1352 1105 1441 1150 tua
1470 1102 1659 1150 cuncta
1688 1092 1920 1148 videndo
1989 1098 2011 1118 ‘
2055 1164 2063 1169 ἡ

606 1186 1014 1252 Insatiabiliter,
1037 1186 1232 1256 quibus
1262 1184 1438 1241 adhuc
1463 1185 1745 1240 adbaarere
1768 1182 1988 1253 qnmris.

606 1276 807 1334 Vivere
837 1290 955 1347 pom
985 1278 1108 1342 ista,
1133 1276 1291 1343 dicis,
1324 1291 1431 1331 non
1461 1291 1621 1344 spero
1646 1273 1948 1329 defunctus.

605 1366 823 1439 Ingrate
843 1382 1055 1422 summo
1082 1367 1214 1434 Deo,
1248 1368 1338 1437 qui
1370 1367 1449 1422 sic
1478 1365 1646 1421 Deum
1665 1365 1875 1436 jutlicas
1898 1377 2020 1420 esse
2044 1379 2060 1429 ;

606 1461 688 1518 Te
714 1461 806 1531 qui
834 1461 1114 1516 nesciente
1152 1459 1398 1532 protulit,
1428 1458 1626 1515 deinde
1657 1457 1877 1513 nutrivit
1902 1473 1917 1511 :

607 1552 731 1625 Ipse
758 1561 909 1624 prata
942 1562 1029 1608 tua
1056 1554 1343 1625 gubernat,
1378 1554 1565 1610 vineas
1589 1553 1727 1619 ipse,

614 1644 739 1717 Ipse
760 1661 979 1718 gregem
1008 1660 1291 1718 pecorum,
1322 1654 1377 1702 et
1403 1645 1662 1717 quidquid
1692 1644 1937 1716 possides
1963 1644 2096 1715 ipse.

607 1735 722 1795 Nec
747 1738 864 1794 istis
890 1738 1149 1806 attendis,
1181 1747 1274 1795 aut
1297 1748 1353 1793 tu
1385 1739 1528 1810 regis
1556 1739 1735 1793 omnia
1763 1736 1922 1792 forte.

607 1829 817 1888 Caelum
845 1831 950 1888 hoc
973 1841 1030 1888 et
1055 1842 1254 1888 terram
1276 1840 1333 1889 et
1356 1832 1523 1888 maria
1552 1830 1693 1887 salsa
1714 1831 1805 1902 qui
1834 1829 1983 1896 fecit,

610 1921 861 1980 Reddere
888 1923 1132 1979 decrevit
1157 1937 1256 1979 nos
1284 1924 1431 1994 ipsos
1459 1923 1512 1978 in
1533 1936 1701 1977 aureo
1722 1921 1925 1987 saeclo;

614 2016 684 2074 Et
706 2017 868 2072 modo
891 2017 939 2072 si
967 2017 1167 2083 credis,
1190 2017 1388 2085 vivitur
1413 2016 1467 2072 in
1495 2016 1589 2071 Dei
1618 2025 1851 2071 secreto.

613 2110 776 2167 Disce
800 2109 990 2175 Deum,
1023 2109 1210 2177 stulte,
1254 2109 1345 2180 qui
1370 2110 1489 2165 vult
1528 2119 1581 2165 te
1608 2107 1966 2164 immortalem
1996 2105 2208 2173 adesse,

613 2200 686 2258 Ut
710 2202 910 2274 gratias
934 2200 1010 2256 illi
1031 2200 1233 2258 referas
1255 2202 1308 2257 in
1331 2216 1502 2273 agone
1524 2215 1812 2271 perennes.

614 2296 730 2352 Lex
758 2294 918 2351 docet
944 2294 1136 2365 ipsius,
1165 2294 1262 2351 sed
1291 2298 1418 2364 quia
1439 2293 1621 2365 vagari
1655 2303 1708 2348 tu
1739 2291 1960 2363 quaeris,

613 2388 807 2445 Omnia
827 2387 1113 2455 discredis,
1135 2397 1191 2444 et
1215 2387 1341 2443 inde
1364 2387 1419 2442 in
1449 2396 1678 2443 tartaros
1707 2386 1810 2441 ibis
1836 2401 1851 2438 :

613 2482 739 2541 Mox
765 2483 1002 2539 animam
1023 2481 1229 2549 reddis,
1256 2482 1474 2538 duceris
1499 2497 1607 2553 quo
1634 2493 1687 2538 te
1715 2482 1938 2551 poenitet
1962 2494 2103 2537 esse.

616 2573 869 2632 Adluitur
890 2573 962 2629 ibi
992 2588 1150 2645 poena
1181 2574 1442 2645 spiritalis
1468 2582 1708 2641 aeterna;

615 2667 787 2744 Lugia
817 2682 944 2728 sunt
967 2688 1204 2742 semper,
1249 2687 1349 2729 nec
1369 2673 1695 2744 permoreris
1722 2672 1776 2728 in
1802 2672 1914 2740 illa,

618 2764 1056 2839 Omnipotentem
1079 2767 1248 2824 Deum
1273 2767 1388 2839 jam
1417 2781 1560 2823 nunc
1589 2766 1661 2822 ibi
1694 2782 1817 2823 sero
1848 2768 2208 2837 proclamans.

906 2920 1033 2960 XXX.
1065 2934 1137 2946 —
1156 2919 1368 2961 DIVI‘I‘I-ZS
1401 2918 1631 2960 ιιωίιιεε
1661 2918 1891 2960 ESTO'I'E.

621 3039 802 3108 Disce,
826 3041 1109 3109 moriture,
1133 3040 1331 3097 bonum
1363 3052 1413 3098 te
1443 3040 1729 3097 ostendere
1749 3039 1981 3095 cunctis.

621 3131 680 3189 In
707 3134 886 3190 medio
916 3134 1094 3206 populi
1116 3134 1244 3206 quid
1278 3144 1328 3191 te
1356 3133 1488 3189 iacis
1514 3134 1744 3189 alterum
1766 3148 1887 3188 esse
1912 3133 1937 3187 ?

622 3225 788 3284 Vadis
810 3226 902 3284 ubi
929 3230 1130 3293 nescis,
1159 3238 1215 3284 et
1241 3228 1444 3283 inscius
1471 3226 1597 3281 inde
1625 3224 1856 3281 recedis.

620 3317 794 3391 Impie
821 3329 1040 3384 tractas,
1069 3335 1193 3376 cum
1217 3320 1336 3390 ipso
1363 3332 1593 3389 corpore
1617 3318 1736 3372 sitis

622 3412 704 3469 Tu
731 3428 948 3483 semper
970 3413 1189 3469 divitias
1215 3431 1228 3467 :
1260 3413 1483 3468 nimium
1515 3422 1567 3467 te
1596 3410 1741 3465 tollis
1767 3410 1819 3464 in
1847 3410 2038 3475 altum,

619 3504 690 3563 Et
717 3505 941 3579 typbum
967 3505 1140 3573 ducis,
1172 3520 1272 3561 nec
1294 3505 1519 3575 respicis
1547 3517 1808 3574 pauperes
1849 3502 2006 3558 ultro.

621 3599 883 3655 Subditos
908 3614 1053 3657 nunc
1080 3599 1259 3663 vobis,
1295 3613 1395 3655 nec
1427 3606 1680 3669 parentes
1705 3597 1921 3668 pascitis
1947 3597 2111 3665 ipsos.

622 3693 743 3751 Heu
769 3694 952 3751 miseri
982 3695 996 3749 !
1030 3693 1239 3765 fugiant
1256 3693 1471 3765 longius
1488 3692 1786 3750 mediocres
1808 3707 1838 3748 a
1868 3692 2041 3748 vobis.

1689 421 2117 481 COMMODIANI
2156 423 2699 482 INSTRUCTIONES

3418 424 3496 499 (ν.
3528 422 3691 494 454.)
3809 420 3926 480 224

2222 545 2269 604 Α
2300 539 2445 595 Vixit
2476 551 2587 607 :et,
2618 539 2844 595 extinxi.
2878 538 3111 606 Pauper,
3135 550 3357 613 Ευρεκα,
3381 537 3600 593 clamat.

2300 632 2419 687 Mox
2444 633 2596 687 furiis
2623 634 2802 703 ageris
2834 647 2960 686 cum
2981 645 3171 701 pereas
3192 629 3326 700 ipse,
3362 627 3691 701 Charybdis.

2304 723 2692 794 lndisciplinati
2722 723 2800 779 sic
2820 738 2917 779 vos
2940 722 3133 778 divites
3157 723 3310 779 estis.
3371 726 3374 730 ‘

2308 817 2503 888 Legem
2527 816 2668 872 datis
2698 817 2834 885 istis,
2865 832 2977 873 non
3011 817 3166 872 vobis
3190 817 3395 889 paratis
3420 816 3572 885 ipsis.

2309 911 2459 968 Exue
2487 921 2539 967 te
2566 912 2718 967 dives
2743 912 2906 967 tantis
2933 911 3109 979 malis,
3140 912 3253 968 Deo
3287 927 3599 982 pervorsus,

2308 1005 2603 1063 Subveniat
2634 1007 2817 1077 utique
2844 1006 2936 1061 tibi
2966 1005 3109 1077 quod
3134 1022 3277 1063 nunc
3305 1007 3562 1076 operasti,
3591 1005 3641 1062 si
3672 1003 3844 1062 forte.

2308 1099 2497 1155 Estote
2526 1113 2712 1154 comes
2738 1098 2996 1164 numinis,
3028 1098 3156 1154 dum
3189 1108 3400 1171 tempus
3433 1098 3671 1167 habetis,

2308 1191 2462 1245 Sicut
2495 1190 2669 1244 ulmus
2691 1200 2835 1245 amat
2861 1190 3048 1257 vitem,
3074 1193 3154 1245 sic
3176 1191 3275 1262 ipsi
3300 1190 3543 1261 pusillos.

2311 1283 2627 1337 Terribilem
2656 1282 2827 1352 legem
2861 1283 3041 1349 malis,
3074 1283 3230 1339 bonis
3257 1297 3409 1353 teque
3436 1283 3728 1354 benignam

2308 1376 2548 1432 Observa
2572 1391 2713 1431 nunc
2733 1376 2954 1442 sterilis,
2983 1375 3232 1432 subtutus
3260 1376 3314 1430 in
3339 1375 3611 1446 prOSpt'riS
3632 1385 3758 1432 esto
3789 1391 3807 1430 :

2309 1469 2504 1526 Tollite
2532 1468 2692 1525 corda
2725 1467 2930 1524 fraudis
2954 1468 3170 1534 divites,
3203 1478 3256 1523 et
3284 1470 3480 1524 sumite
3512 1468 3680 1538 pacis.

2310 1562 2380 1618 Et
2403 1571 2640 1633 spectate
2677 1561 2875 1617 malum
2910 1570 3170 1617 vestrum.
3203 1558 3562 1616 Benefacitis?
3584 1559 3799 1617 Adsnn‘

2881 1708 3404 1751 XXXlu—JUDICIBUS.

2313 1830 2512 1886 Intuite
2537 1829 2678 1886 dicta
2709 1830 3041 1897 Salomonis,
3069 1829 3282 1901 iudices
3308 1844 3521 1886 omnes.

2238 1943 2287 2004 Β
2319 1923 2439 1981 Uno
2454 1923 2623 1980 verbo
2645 1939 2744 1980 suo
2769 1924 2998 1996 qualiter
3024 1938 3122 1979 vos
3148 1923 3238 1979 ille
3258 1923 3548 1979 detractat.

2318 2018 2468 2074 Dona
2496 2033 2654 2089 quam
2687 2028 2743 2073 et
2768 2019 2921 2073 xenia
2949 2024 3306 2087 corrumpunt
3325 2015 3534 2087 judices
3562 2033 3576 2070 :
3606 2015 3737 2071 inde

2318 2109 2446 2166 Inde
2465 2109 2554 2181 jus
2584 2109 2828 2179 sequitur
2853 2126 2865 2163 :
2894 2108 3114 2165 datores
3135 2123 3351 2177 semper
3373 2108 3600 2174 amatis;

2317 2202 2558 2273 Cumque
2583 2203 2686 2258 crit
2710 2217 2893 2269 causa,
2921 2202 3203 2257 victoriam
3235 2200 3375 2257 tollit
3397 2201 3600 2272 iniqua.

2319 2298 2583 2355 lnnocens
2620 2298 2697 2353 sic
2718 2313 2819 2370 ego
2844 2313 2988 2364 sum,
3018 2312 3121 2354 nec
3143 2312 3242 2353 vos
3271 2297 3458 2352 incuso
3484 2296 3739 2368 pusillus,

2318 2389 2720 2460 Blasphemium
2754 2389 3167 2446 tollitSalomon
3192 2390 3315 2461 quia
3346 2398 3550 2460 aperte.

2320 2481 2486 2538 Vobis
2511 2492 2689 2537 autem
2721 2483 2863 2537 Deus
2884 2492 2968 2538 est
2996 2491 3186 2538 venter
3207 2490 3261 2538 et
3290 2482 3508 2552 praemia
3532 2481 3675 2553 jura.

2320 2574 2568 2647 Suggerit
2589 2573 2690 2631 hoc
2714 2574 2908 2630 Paulus
2932 2575 3231 2645 apostolus,
3264 2590 3369 2631 non
3392 2590 3492 2647 ego
3511 2575 3735 2647 duplex.

2748 2727 2916 2767 XXXII.
2934 2742 3006 2754 --
3019 2727 3118 2767 SIBI
3136 2725 3519 2767 PLACENTIBUS.

2321 2849 2377 2906 Si
2408 2849 2556 2904 locus
2585 2857 2675 2904 aut
2702 2859 2910 2920 tempus
2942 2849 3102 2917 favet,
3131 2859 3221 2905 aut
3249 2864 3475 2921 persona
3508 2851 3765 2921 provexit
3797 2871 3813 2921 ;

2322 2942 2492 2998 Iudex
2519 2955 2635 2998 esto
2662 2959 2834 2999 novus
2863 2960 2875 2996 :
2901 2944 3029 3016 quid
3062 2960 3203 3000 nunc
3229 2946 3509 3001 extolleris
3535 2947 3705 3003 inde?

2322 3037 2672 3108 Blaspltemas
2712 3038 2979 3106 indocilis,
3013 3041 3080 3094 de
3101 3044 3255 3109 cujus
3279 3041 3589 3109 praestantia
3612 3041 3781 3111 vivis,

2324 3131 2381 3186 In
2413 3132 2694 3202 fragilitate
2718 3141 2861 3186 tanta
2888 3147 2993 3187 non
3024 3133 3251 3202 respicis
3274 3150 3532 3204 unquam.

2326 3225 2430 3280 Per
2450 3227 2648 3297 gradus
2665 3236 2720 3283 et
2745 3227 2890 3282 lucra
2911 3226 3102 3282 avidus
3127 3225 3357 3283 fortuna:
3380 3230 3665 3299 praesumis
3691 3248 3707 3297 ;

2328 3317 2438 3373 Lex
2476 3321 2567 3373 tibi
2602 3335 2708 3374 non
2737 3321 2843 3374 ulla
2871 3330 2974 3383 est,
2996 3336 3094 3376 nec
3116 3330 3165 3378 te
3199 3323 3249 3376 in
3276 3323 3633 3392 prosperitate
3657 3325 3931 3383 dinoscis.

2331 3412 2475 3463 Auro
2499 3411 2623 3465 licet
2654 3421 3001 3479 censeantur,
3034 3411 3301 3468 baccltent
3326 3414 3501 3468 aulica
3524 3428 3781 3486 semper;

2248 3474 2294 3536 C
2326 3506 2661 3562 Cruciarium
2696 3507 2905 3561 Domini
2926 3508 2968 3561 si
3000 3523 3104 3561 non
3134 3507 3391 3573 adorasti,
3422 3510 3631 3578 pet-isti.

2328 3598 2394 3653 Et
2414 3598 2565 3653 locus
2588 3609 2641 3653 et
2670 3609 2879 3669 tempus
2900 3609 2953 3654 et
2973 3615 3204 3671 persona
3231 3602 3324 3656 tibi
3345 3602 3578 3658 donatur

2320 3690 2493 3758 Nunc,
2524 3690 2569 3745 si
2601 3701 2776 3746 tamen
2793 3690 2971 3748 credis
3002 3709 3013 3744 :
3045 3690 3127 3746 sin
3148 3703 3349 3763 autem,
3381 3709 3479 3765 pro
3496 3710 3562 3752 eo
3594 3696 3837 3756 timebis.

1997 3827 2554 3888 COMMENTARIUS.

626 3964 912 4038 δεινοποίῳ,
940 3962 1140 4038 acerbo,
1170 3958 1428 4038 inacﬁrbo.
1456 3958 1522 4038 Et
1541 3958 1702 4038 alibi:
1748 3957 2081 4038 Θεοχρλὼτος
2103 3954 2219 4038 'dei-

626 4045 793 4103 ratus,
824 4027 918 4090 nis.
941 4034 1035 4087 deo
1064 4033 1248 4087 iratus.
1282 4030 1351 4103 Et
1380 4030 1520 4101 apud
1552 4028 1815 4103 Festum_:
1849 4027 2007 4082 Uirus
2032 4027 2114 4081 dei
2142 4027 2220 4078 ira

628 4100 801 4162 natus.
831 4105 1121 4166 Iuvenalis,
1157 4104 1236 4158 dis
1260 4102 1349 4157 ille
1368 4100 1514 4157 iratis
1531 4103 1750 4168 genitus.
1778 4100 1897 4156 Rm.

707 4176 780 4233 Te
802 4178 891 4249 qui
944 4176 1193 4230 nesciente
1239 4175 1470 4247 protulit.
1516 4172 1645 4244 Leg.
1677 4171 1749 4227 Te
1784 4175 1869 4242 qui
1920 4169 2223 4224 nescientem

633 4250 869 4322 protulit.
904 4249 1089 4303 DAVIS.

711 4318 777 4375 In
804 4336 962 4375 aureo
1009 4319 1181 4374 saeclo.
1231 4316 1287 4372 In
1319 4332 1481 4371 aurea
1526 4314 1863 4371 Jerusalem:
1895 4313 1988 4367 illo
2017 4311 2226 4367 scilicet

636 4392 946 4449 millenario
974 4389 1250 4446 inoffense
1278 4387 1552 4443 felicitatis
1574 4386 1865 4440 curriculo.
1897 4384 2016 4439 th.

712 4462 778 4517 In
801 4461 899 4517 Dei
944 4474 1152 4517 secreto.
1181 4462 1357 4528 Supra
1389 4459 1522 4513 dixit
1550 4474 1565 4510 :
1596 4456 1687 4513 Sic
1712 4456 1860 4510 habet
1897 4457 2107 4524 abyssus
2137 4469 2229 4507 no-

638 4544 742 4591 ster
769 4535 832 4588 de
858 4535 949 4588 Dei
979 4543 1191 4588 secreto.
1228 4532 1349 4587 RIG.

710 4605 876 4676 Lugia
901 4615 1018 4661 sunt
1043 4621 1258 4671 semper.
1291 4602 1476 4676 Fletus
1497 4612 1552 4676 et
1576 4598 1777 4655 stridor
1801 4596 2073 4676 dentium:
2101 4594 2221 4676 ῌισ.

712 4665 945 4753 Pauper,
1000 4665 1213 4753 εὐρήεέᾳ.
1267 4675 1475 4753 clamat.
1513 4669 1918 4753 Innapographu
1955 4686 1967 4720 :
2012 4665 2148 4753 Vixit
2182 4675 2227 4719 et

642 4739 860 4818 extinxit
891 4739 1086 4818 pauper
1116 4746 1278 4818 librat
1322 4744 1539 4818 clamor.
1569 4741 1890 4818 Etu‘endatio-
1915 4739 2172 4818 praeclara

655 4817 813 4879 Vixit.
840 4807 1121 4873 et'extinxi.
1145 4815 1354 4886 Pauper
1382 4815 1577 4886 εὑρήκει
1620 4812 1830 4886 clamat.
1865 4807 1953 4886 Ait
1978 4807 2229 4886 Commo-

1423 4869 1555 4941 ita;
1573 4885 1743 4961 miseri
1766 4882 2001 4961 fugiant
2020 4879 2229 4961 _iongius

645 4960 926 5015 mediocres
947 4976 977 5011 (ι
997 4952 1136 5013 vobis
1162 4977 1175 5013 :
1204 4958 1479 5020 divitibus.
1510 4956 1736 5011 scilicet.
1772 4952 1973 5009 Deinde
1999 4952 2221 5004 divitem

646 5030 854 5087 inducit
884 5030 1266 5099 obluquentem
1296 5029 1347 5084 iu
1381 5029 1567 5083 funere
1611 5026 1885 5099 pauperis,
1917 5021 2229 5099 quasidum

646 5103 851 5157 viveret
900 5093 1208 5168 importuni,
1235 5115 1299 5153 ac
1350 5098 1570 5152 nimium
1614 5093 1860 5168 instantis
1889 5112 1901 5148 :
1928 5093 2082 5168 abegi
2115 5102 2231 5168 tan-

646 5173 770 5228 dem
822 5163 1068 5242 magn'am
1096 5186 1126 5225 a
1153 5163 1241 5226 me
1288 5170 1591 5242 molestiam
1626 5184 1639 5220 :
1669 5167 1813 5242 Vixit
1869 5165 2083 5242 putidus
2128 5163 2231 5242 ille

646 5235 1149 5300 Lazaruststinxi
1195 5242 1472 5296 miserum.
1499 5239 1732 5305 Tumde
1777 5238 2031 5307 pauperis
2056 5235 2233 5289 anima

647 5331 876 5384 corpore
903 5323 1083 5371 exuta.
1116 5322 1170 5367 et
1207 5312 1316 5382 jam
1350 5313 1401 5367 in
1431 5313 1629 5384 coelum
1672 5306 1966 5384 assumpta.
2001 5306 2230 5384 Pauper,

650 5377 818 5463 inquit
872 5377 1313 5463 C(unmodianus.
1342 5406 1537 5463 ενρηκα
1582 5383 1801 5463 clamat;
1826 5377 2073 5463 (Eundem
2103 5377 2236 5463 :"l‘tt-

647 5447 769 5513 veni
800 5457 941 5529 quod
971 5468 1307 5529 optaveram,
1332 5447 1473 5529 quin]
1507 5456 1763 5529 petieram
1785 5467 1814 5505 a
1842 5447 2066 5529 Domino
2090 5465 2111 5529 :_
2133 5447 2238 5529 Te-

650 5545 756 5600 neo
789 5521 924 5583 viam
954 5521 1056 5600 qua
1089 5530 1194 5584 itur
1233 5521 1534 5600 inuetelum'.
1555 5527 1651 5600 Sic
1672 5531 1850 5577 autem
1880 5522 1930 5573 in
1956 5522 2080 5600 ipsa
2100 5521 2239 5589 lapi-

650 5599 870 5671 datione
898 5590 1202 5671 Stephanus
1227 5616 1240 5653 :
1281 5596 1622 5671 Videocwlos
1649 5604 1874 5671 apertos1
1902 5602 2009 5671 etc.
2041 5590 2161 5671 lite.

725 5668 901 5724 Furiis
939 5663 1226 5743 Charybdis
1258 5668 1503 5743 Angelis
1548 5677 1751 5743 satana:
1782 5664 1838 5743 in,
1862 5663 2055 5743 inferni
2081 5674 2240 5743 vora-

652 5743 796 5868 gline,
824 5743 910 5868 ιὲιί
944 5757 1047 5796 n0n
1077 5731 1161 5797 Est
1189 5731 1510 5802 substantia,
1535 5735 1630 5793 sed
1662 5732 1988 5789 inettatabile
2016 5731 2239 5803 profun-

697 5830 806 5868 um.
887 5829 957 5868 ιο.

657 5816 806 5870 dum.
835 5816 957 5869 th.

733 5885 990 5953 Oporast‘.
1042 5883 1156 5939 Hoc
1194 5889 1307 5953 est,
1334 5887 1590 5953 operatus
1633 5889 1737 5953 (ζει.
1780 5885 2043 5951 Αχαῑκῶς,
2074 5876 2159 5931 vel
2189 5876 2236 5931 si

659 5949 829 6011 mavis
856 5955 1105 6009 barbare.
1148 5952 1325 6009 Simili
1369 5950 1581 6006 licentia
1628 5949 1765 6005 dixit
1815 5949 1971 6006 instr.
2005 5963 2153 6017 χχιιι,
2182 5963 2233 6003 v.

2324 3949 2700 4006 466:1ntnile
2745 3950 2883 4005 dicta
2937 3950 3251 4006 Salomonis.
3304 3952 3500 4007 lterum
3542 3953 3702 4010 instr.
3734 3971 3926 4021 xxxix,

2325 4038 2377 4076 ν.
2404 4022 2499 4076 181
2534 4021 2807 4076 :Bacchent
2828 4021 2995 4075 aulica
3023 4040 3237 4091 semper.
3272 4024 3452 4077 DAVIS.

2401 4094 2625 4149 Observa
2652 4109 2787 4147 nunc
2808 4094 3018 4148 sterilis.
3064 4096 3138 4149 De
3187 4094 3462 4150 sierilibus
3490 4095 3803 4155 Christianis
3841 4099 3929 4155 di-

2328 4178 2481 4221 cetur
2509 4165 2669 4220 In~tr.
2701 4181 2786 4220 LV.
2819 4165 2937 4221 th.

2399 4236 2746 4307 Benefacitis?
2802 4237 3011 4290 Adsum.
3051 4234 3163 4290 Hoc
3204 4253 3272 4291 ex
3306 4252 3535 4303 persona
3569 4240 3660 4293 Dei
3711 4242 3933 4297 miseri.

2328 4308 2566 4362 cordiam
2587 4307 2882 4371 oil‘erentis,
2908 4319 2958 4361 et
2980 4308 3315 4375 resipisceuti
3338 4310 3563 4379 gratiam
3588 4320 3755 4379 atque.
3776 4314 3933 4368 auxi-

2331 4379 2473 4451 lium
2493 4378 2967 4451 prmsentissimum
2999 4378 3357 4447 suggerenlis,
3387 4380 3644 4451 seipsum
3672 4383 3931 4440 videlicet

2331 4450 2656 4504 omnituodm
2679 4450 2989 4504 felilicitatis
3013 4460 3311 4504 auctorem.
3344 4452 3460 4506 “16.

2251 4495 2306 4556 Β
2412 4520 2560 4594 Dona
2587 4537 2738 4588 quant
2779 4531 2826 4594 et
2868 4495 3624 4594 xeniacorrumpeiit-iudices.
3651 4524 3924 4594 Respicit.

2332 4594 2409 4648 uti
2438 4592 2652 4659 quidem
2678 4593 2863 4658 cretln,
2893 4592 2959 4644 ad
2993 4592 3187 4654 Eccle.,
3224 4609 3300 4654 Ill,
3327 4594 3417 4649 16.
3468 4594 3522 4647 In
3553 4611 3711 4663 quem
3749 4592 3929 4651 locum

2330 4666 2410 4720 sic
2451 4664 2833 4733 Hieronymus.
2861 4673 2901 4717 ι.
2933 4679 2985 4725 v,
3021 4679 3074 4733 p.
3124 4664 3211 4729 10,
3240 4665 3368 4719 edit.
3419 4664 3665 4720 Victor.:
3705 4686 3724 4718 ι
3760 4668 3931 4722 Matti—

2334 4737 2501 4790 iestus
2529 4749 2722 4789 ενιπευς
2751 4747 2855 4798 est,
2882 4734 2977 4789 sed
3021 4736 3204 4788 nubilo
3235 4736 3694 4804 interpretationis
3723 4740 3924 4794 obvol-

2332 4808 2493 4861 vitur.
2523 4807 2636 4860 Sub
2689 4806 2824 4878 sole,
2855 4807 3067 4878 inquit,
3092 4806 3194 4858 isto
3224 4808 3519 4878 veritatem
3566 4818 3621 4861 et
3659 4809 3925 4878 judicium

2332 4878 2597 4944 quuisivi
2625 4887 2715 4931 :et
2736 4877 2841 4932 vidi
2871 4878 3030 4930 etiam
3057 4877 3453 4945 interjm'licum
3476 4880 3590 4945 ipsa
3621 4877 3908 4945 subsellia,

2331 4964 2463 5075 ἓοιὸ
2475 4950 2755 5004 veritatem
2779 4948 2983 5014 valere,
3012 4948 3105 5002 sed
3136 4949 3555 5005 muneraaVide
3579 4952 3715 5020 psal.
3737 4967 3927 5019 um,

2374 5061 2387 5074 .
2468 5036 2607 5075 AVIS.
2888 5068 2895 5073 .

2374 5061 2387 5074 .
2424 5036 2607 5076 UAVIS.
2888 5068 2895 5073 .

2417 5090 2693 5146 Victoriam
2718 5092 2849 5145 tollit
2872 5091 3074 5158 iuiquw.
3102 5089 3159 5146 In
3187 5091 3496 5163 apograpbo
3527 5092 3745 5163 legitur,
3774 5096 3928 5150 victo—

2333 5164 2412 5217 ria
2436 5164 2568 5217 tollit
2590 5164 2837 5233 iniquam.
2869 5163 2984 5218 BIG.

2407 5234 2791 5302 Blaspltcmium
2832 5234 2965 5287 tollit
3018 5234 3287 5289 Salomon.
3320 5234 3410 5290 Sic
3436 5235 3487 5289 in
3516 5237 3830 5306 apographn
3856 5239 3929 5294 le-

2335 5306 2496 5377 gitur.
2518 5316 2575 5360 ut
2604 5306 3137 5377 supra,ignom_inium
3155 5317 3199 5360 ct
3227 5306 3515 5374 infantium,
3534 5308 3687 5363 instr.
3709 5325 3823 5363 xu.
3850 5308 3925 5364 In.

2413 5374 2550 5430 Dens
2600 5387 2672 5430 est
2726 5374 2912 5429 venter.
2960 5375 3017 5430 Itt
3068 5377 3249 5432 animo
3282 5377 3469 5431 habuit
3512 5379 3930 5437 Cominotlianus

2339 5446 2601 5516 Philipp.,
2631 5463 2708 5512 Ill,
2743 5446 2829 5501 19.
2865 5447 3046 5502 DAVIS.

2413 5516 2603 5593 {udam
2642 5530 2745 5572 esto
2785 5535 2965 5593 novus.
2996 5518 3204 5593 Novum
3248 5516 3620 5593 magistratum
3680 5521 3927 5593 adeptus.

2416 5587 2492 5641 De
2518 5590 2665 5658 cujus
2690 5591 3009 5656 prwslunlia.
3032 5590 3144 5656 Dei,
3176 5592 3266 5660 qui
3294 5587 3437 5644 tanta
3463 5594 3558 5646 tibi
3583 5601 3689 5648 tam
3724 5587 3927 5650 liberali

2342 5675 2503 5716 manu
2535 5671 2771 5729 praestat.
2799 5661 2914 5717 th.

2415 5732 2732 5805 Cruciarium
2755 5733 2983 5789 Domini.
3005 5733 3094 5805 Sic
3121 5734 3314 5803 legitur
3336 5734 3386 5788 in
3416 5736 3726 5805 apngrapltn
3755 5755 3769 5791 :
3805 5738 3929 5791 Cru-

2344 5807 2530 5859 cialum
2565 5804 2785 5869 Domini,
2810 5821 3009 5857 crucem
3053 5802 3259 5862 Christi.
3292 5802 3550 5859 Christum
3603 5802 3923 5874 cruci/imm.

2340 5879 2434 5952 Τὸν
2454 5880 2618 5952 μέγανὲ
2639 5880 2828 5952 ineius!
2844 5879 2930 5932 τὸν
2949 5877 3079 5952 ius-ﬁ
3096 5878 3927 5952 walatorhpa'tvano).omc€éwa.

2344 5946 2760 6009 Pro'cruciario,
2788 5946 2961 6001 Graeci
2990 5946 3175 6002 dixere
3202 5946 3510 6016 Martyrium
3544 5965 3683 6019 :qno
3708 5952 3926 6006 nomine
