4060 6284
602 302 712 360 259
824 302 999 378 (τε-ι.)

595 418 751 476 Mons
782 422 993 492 patiens
1022 419 1209 484 fueris,
1247 416 1484 489 intellige
1509 425 1557 472 te
1590 426 1879 489 martyrem
1909 433 2049 474 esse.

1056 550 1199 590 XLIX.
1226 563 1295 575 --·
1316 548 1742 589 ΡωΝΙΤΕΝΤΙΒῢε.

610 652 882 709 Pcenitens
902 666 959 706 es
980 649 1177 715 factus,
1202 648 1446 704 noctibus
1479 648 1774 720 diebusque
1811 662 2031 720 precare
2061 663 2076 699 :

605 749 854 802 Attanuen
880 760 910 799 a
936 754 1107 799 matre
1136 742 1244 797 noli
1274 740 1553 797 discedere
1584 742 1765 812 longe,

609 838 682 892 Et
706 837 801 893 tibi
832 836 1138 891 misericors
1162 835 1358 905 poterit
1384 833 1690 890 Altissimus
1718 847 1861 888 esse.

603 929 720 985 Non
748 930 839 983 liet
864 927 917 982 iuu
944 941 1170 982 vacuum
1201 924 1470 981 confessio
1495 925 1704 995 culpae;
1740 923 1961 996 perinde

605 1020 664 1076 In
688 1029 838 1076 reatu
871 1029 965 1075 tuo
993 1018 1146 1075 disce
1169 1016 1455 1073 manifeste
1484 1016 1707 1073 deflere.

606 1112 686 1167 Tu
717 1114 763 1168 si
784 1112 975 1167 vuluuus
1005 1110 1193 1177 habes,
1221 1110 1444 1166 herbam
1478 1108 1854 1179 medicumque
1891 1109 2127 1180 require.

606 1202 677 1261 Et
706 1216 883 1260 taunen
907 1208 957 1259 in
988 1203 1161 1275 poenis
1190 1204 1391 1273 poteris
1418 1211 1505 1256 tua
1531 1201 1725 1257 damna
1750 1201 1941 1257 lenire.

606 1296 874 1366 Namque,
898 1296 1103 1351 fatebor
1131 1296 1296 1357 euuim,
1329 1310 1493 1349 unum
1527 1311 1612 1349 me
1639 1309 1705 1350 ex
1734 1294 1889 1349 vobis
1912 1293 2123 1361 adesse,

610 1391 1007 1461 Terroremque
1033 1387 1382 1460 linquendum
1421 1405 1434 1441 :
1462 1387 1605 1441 sensi
1638 1387 1752 1456 ipse
1779 1387 2010 1441 ruinam.

608 1484 818 1542 Idcirco
843 1498 1162 1541 commoneo
1186 1482 1491 1538 vulneratos
1519 1482 1725 1537 cautius
1748 1482 1844 1537 ire.

605 1580 833 1635 Barbam
848 1593 1168 1648 counamque
1197 1576 1402 1634 ftedare
1430 1578 1483 1631 in
1511 1576 1737 1647 pulvere
1771 1586 1952 1641 terrae,

600 1670 953 1743 Voluuarique
984 1671 1176 1736 saccis,
1204 1683 1259 1726 et
1290 1678 1471 1739 petere
1500 1683 1712 1722 suunmo
1740 1669 1807 1725 de
1836 1669 1979 1739 ltegc
2007 1713 2020 1733 ,

601 1763 894 1821 Subvcnict
918 1761 1034 1825 tibi,
1065 1778 1133 1816 ne
1160 1775 1348 1830 pereas
1377 1759 1514 1814 forte
1542 1758 1611 1815 de
1637 1759 1819 1830 plebe.

943 1893 996 1932 ῑ..
1023 1907 1095 1917 -·
1115 1891 1203 1942 QUI
1227 1889 1714 1930 APOSTATAVERUNT
1738 1889 1861 1930 DEO.

602 1990 828 2063 Quando
853 1988 1054 2045 bellum
1076 1996 1253 2044 autem
1282 1989 1505 2057 geritur,
1529 1997 1620 2042 aut
1642 1988 1843 2058 ingruit
1870 1986 2060 2053 luostis,

618 2086 852 2141 Vincere
877 2083 967 2154 qui
995 2080 1193 2153 poterit
1211 2091 1300 2136 aut
1326 2081 1514 2142 latere.
1539 2095 1731 2149 magna
1762 2088 1986 2153 tropaea.

610 2178 799 2235 Infelix
823 2185 1001 2233 autem
1029 2176 1152 2241 erit,
1185 2176 1274 2247 qui
1302 2174 1460 2229 fuerit
1481 2186 1669 2244 captus
1697 2174 1766 2229 ab
1794 2176 1920 2231 illis.

600 2269 821 2327 Amittit
848 2268 1079 2340 patriaun
1114 2277 1170 2323 et
1203 2282 1410 2337 regem,
1440 2267 1529 2336 quui
1561 2266 1720 2338 digne
1741 2283 1839 2338 pro
1864 2268 2087 2323 veritate

606 2362 881 2433 Pugnare,
914 2377 1012 2431 pro
1040 2359 1212 2430 patria
1243 2358 1335 2429 qui
1370 2358 1561 2424 noluit,
1594 2374 1767 2429 neque
1795 2375 1892 2429 pro
1918 2359 2024 2415 vita
2052 2379 2065 2414 :

609 2455 801 2511 Obissc
823 2453 1080 2517 deberet,
1106 2466 1263 2521 quauuu
1295 2452 1372 2505 ire
1394 2450 1496 2504 sub
1522 2449 1751 2506 barbaro
1779 2467 1943 2523 rege;

603 2546 1007 2615 Servitiumque
1034 2551 1200 2615 petat,
1231 2542 1320 2611 qui
1353 2542 1599 2598 hostibus
1627 2544 1743 2599 sine
1775 2544 1891 2614 lege
1918 2544 2155 2602 deferre.

606 2639 691 2696 Tu
718 2640 762 2694 si
787 2636 1090 2710 proeliando
1120 2634 1349 2691 moreris
1376 2651 1473 2705 pro
1496 2651 1654 2706 rege,
1684 2636 1883 2693 vicisti.

607 2737 680 2790 At
704 2733 749 2787 si
773 2746 963 2787 manuus
992 2728 1230 2795 dederis,
1261 2727 1545 2784 incolumis
1571 2729 1688 2799 lege
1728 2721 1938 2800 peristi.

606 2824 967 2884 Translluviat
992 2821 1195 2881 hostis:
1225 2829 1281 2875 tn
1313 2822 1414 2876 sub
1442 2820 1647 2878 latebra
1676 2822 1850 2879 conde
1884 2840 1898 2877 :

1697 295 2123 357 COMMOOIANl
2162 295 2698 358 INSTRUCTIONES

3413 296 3491 368 (v.
3533 294 3685 365 τρι.)
3798 294 3920 351 suo

2216 420 2268 479 A
2295 420 2399 474 Aut
2424 418 2469 473 si
2499 418 2698 473 intrare
2725 425 2921 487 potest,
2954 414 2997 471 si
3028 427 3130 471 nec
3160 428 3250 476 ne.
3278 385 3349 471 ne
3368 429 3523 471 cessa
3556 433 3573 471 :

2306 510 2551 569 Undiuue
2573 519 2627 566 te
2649 509 2813 565 redde
2837 518 3029 571 tutum,
3062 517 3183 563 tuos
3209 522 3461 578 quoque;
3492 507 3693 563 vicisti.

2306 605 2371 661 Et
2393 605 2677 676 vigilanter
2702 619 2820 675 age.
2855 619 2923 659 ne
2947 600 3066 674 quis
3092 608 3331 657 incurrat
3356 600 3408 656 in
3435 600 3545 656 illa.

2304 697 2418 753 Res
2450 695 2664 751 infaunis
2682 696 2805 759 erit,
2832 695 2878 750 si
2900 694 3018 765 quis
3041 710 3101 749 se
3122 692 3365 764 propalat
3382 692 3541 748 hosti.

2309 790 2537 846 Vincere
2568 790 2659 861 qui
2690 789 2886 856 nescit,
2915 797 2971 843 et
2998 789 3231 845 occurrit
3251 789 3462 844 tradere
3483 802 3605 844 sese
3623 829 3638 851 ,

2305 884 2414 941 Nec
2442 885 2542 940 sibi
2568 900 2668 940 nec
2698 884 2883 955 patriae
2906 883 3119 939 laudem
3149 884 3359 939 remisit
3385 884 3617 953 ineptus.

2304 976 2457 1034 Tunc
2485 979 2666 1033 vivere
2689 976 2880 1041 noluit,
2911 991 3032 1031 cum
3065 977 3175 1047 ipsa
3204 976 3314 1032 vita
3343 977 3555 1045 peribit.

2310 1071 2523 1127 Domini
2545 1072 2588 1127 si
2618 1070 2738 1141 quis
2767 1071 2948 1141 inops,
2985 1077 3076 1125 aut
3101 1069 3356 1141 profanus
3381 1069 3449 1125 ab
3475 1069 3655 1137 hoste,

2307 1164 2540 1219 Eramen
2566 1179 2766 1219 sonans
2794 1163 2939 1232 lacti,
2963 1162 3047 1218 vel
3071 1171 3127 1218 ut
3149 1162 3387 1234 aspides,
3411 1162 3581 1231 surdi,

2308 1257 2473 1312 Orare
2499 1257 2630 1313 satis
2656 1256 2877 1323 debent,
2904 1264 2997 1312 aut
3021 1271 3080 1312 se
3099 1256 3334 1313 condere
3361 1256 3518 1312 tales.

2810 1410 3026 1449 LL—DE
3056 1408 3388 1450 INFANTIBUS.

2311 1530 2552 1587 Duellum
2583 1530 2749 1585 hostis
2776 1529 2952 1585 subito
2981 1530 3124 1585 venit
3152 1529 3417 1585 inundans
3443 1570 3456 1593 ,

2312 1626 2379 1680 Et
2409 1626 2555 1694 prius
2581 1640 2740 1695 quam
2789 1622 3053 1694 fugerent,
3090 1623 3339 1693 parvulos
3369 1620 3650 1691 occupavit
3681 1621 3919 1678 inertes.

2313 1716 2790 1787 lmproperandum
2821 1716 2901 1771 eis
2924 1730 3030 1770 non
3058 1726 3161 1778 est,
3187 1716 3313 1771 licet
3333 1715 3477 1787 capti
3507 1714 3764 1770 videntur
3792 1733 3808 1768 :

2231 1829 2279 1889 Β
2304 1809 2414 1866 Nec
2440 1808 2652 1879 quidem
2677 1824 2883 1865 excuso
2908 1824 2923 1860 :
2952 1809 3022 1862 ob
3050 1808 3244 1864 delicta
3273 1808 3417 1864 forte
3463 1818 3750 1880 parentum

2308 1904 2482 1965 Fueie
2513 1903 2827 1974 promeriti;
2859 1903 2981 1959 ideo
3008 1903 3146 1958 Deus
3171 1902 3390 1957 tradidit
3411 1903 3554 1958 illos.

2307 1998 2557 2053 Attamen
2584 1995 2798 2050 adultos
2831 1996 3017 2050 hortor
3044 1995 3096 2049 in
3124 2009 3274 2049 arma
3305 2004 3612 2061 recurrant,

2306 2088 2712 2160 Nascanturque
2741 2089 2892 2159 quasi
2922 2087 3102 2143 dcuuuo
3124 2102 3237 2141 suae
3268 2089 3423 2143 matri
3454 2086 3523 2143 de
3551 2096 3767 2144 ventre.

2311 2181 2630 2237 Terribilem
2660 2181 2830 2258 legem
2863 2179 3088 2251 fugiant,
3117 2195 3438 2251 semperque
3457 2190 3769 2248 cruentam,

2310 2270 2563 2344 Impiaun,
2587 2271 2872 2327 indocilem
2899 2270 3067 2326 ferina
3091 2271 3197 2325 vita
3228 2273 3514 2328 viventem.

2315 2364 2524 2421 Bellum
2553 2364 2699 2420 enim
2730 2364 2875 2420 aliud
2903 2381 3024 2420 cum
3058 2363 3221 2420 fuerit
3244 2364 3384 2421 forte
3413 2366 3729 2437 gerendum,

2310 2458 2542 2515 Vincere
2567 2460 2658 2530 qui
2687 2460 2905 2530 poterit,
2935 2470 3028 2515 aut
3047 2468 3195 2516 certe
3211 2462 3322 2532 jam
3347 2462 3488 2517 scire
3513 2477 3731 2529 cavere,

2805 2664 3336 2706 Lll.—DESERTORES.

2313 2739 2634 2797 Desertores
2657 2742 2802 2798 enim
2833 2758 3032 2813 genere
3060 2760 3165 2799 non
3190 2759 3297 2799 uno
3321 2745 3595 2802 dicuntur.

2314 2832 2412 2889 Est
2431 2834 2568 2891 alius
2594 2851 2845 2907 nequam,
2873 2837 3009 2893 alius
3028 2837 3081 2892 in
3109 2848 3261 2909 parte
3280 2840 3487 2896 recedit
3511 2857 3525 2905 ;

1998 2943 2561 3009 COMMENTARIUS.

685 3070 835 3144 Mons
862 3066 1057 3144 patiens
1083 3064 1259 3134 fueris.
1290 3062 1427 3130 Quid
1444 3064 1527 3144 sit
1554 3080 1697 3144 mons
1714 3064 1942 3144 patiens,
1976 3081 2061 3120 me
2087 3066 2205 3136 qui-
2232 3067 2278 3130 C
2310 3085 2436 3144 unum
2465 3069 2554 3139 qui
2582 3084 2642 3144 se
2668 3071 2915 3144 prnpalat
2934 3070 3097 3137 hosti,
3121 3088 3243 3129 esse
3267 3073 3349 3128 sui
3367 3075 3538 3144 ipsius
3567 3076 3918 3134 traditorem.

608 3138 732 3198 dem
776 3139 924 3211 fugit.
981 3137 1112 3207 Leg.
1152 3152 1302 3211 Anteius
1337 3136 1546 3211 patiens
1593 3136 1780 3211 fueris.
1820 3136 2050 3211 Mentem
2090 3153 2208 3211 quae

604 3229 730 3280 pars
794 3205 966 3279 potior
1021 3205 1561 3280 eiitLhoutuiuiisupro
1608 3214 1718 3261 toto
1766 3205 1982 3280 homine
2034 3208 2210 3280 posuit

604 3276 1042 3340 Commodianus.
1071 3278 1205 3333 Vide
1235 3293 1393 3348 supra
1424 3276 1582 3331 lustr.
1616 3293 1791 3341 xxvuu,
1838 3294 1890 3332 v.
1940 3278 2068 3334 406.
2104 3279 2208 3333 ΒΑ-

608 3371 713 3411 νιε.

687 3425 948 3502 “miram.
993 3438 1054 3502 ἐς
1110 3422 1296 3502 raetiis.
1348 3417 1444 3502 ΑιιΔ
1502 3417 1869 3502 poeni-tentiam
1918 3421 2203 3502 admissus.

613 3498 827 3555 Ειειιίηι
861 3488 1122 3560 indulgeri
1154 3492 1253 3545 sibi
1286 3490 1612 3557 pmnitentim
1643 3488 1819 3560 locum
1871 3492 2203 3559 ambiebant,

612 3572 769 3638 longa
805 3559 1656 3638 pm:uiteuiti:e_demonstratiOnc.
1701 3559 1864 3638 IEgre
1899 3566 2207 3638 inminentia

612 3632 838 3697 dabatur
869 3639 945 3690 illi
1000 3651 1088 3702 qui
1118 3633 1195 3687 sic
1221 3632 1522 3698 deliquerat
1567 3647 1622 3685 ιιι
1670 3634 1924 3701 probrum
1955 3635 2209 3690 Ecclesia:

612 3710 890 3780 obiiceret,
925 3703 1179 3780 retinenti
1223 3719 1408 3780 secutnu
1439 3712 1545 3780 tam
1579 3704 2212 3780 ignominiosumpecca-

610 3773 812 3843 toreun,
856 3787 912 3833 ut
957 3775 1176 3842 expelli.
1223 3773 1479 3828 abstineri
1529 3788 1591 3826 ae
1646 3775 1912 3843 prohiberi
1969 3773 2209 3833 Ecclesia

616 3851 924 3909 meruisset,
955 3847 1045 3918 qui
1080 3847 1368 3901 Ecclesium
1401 3846 1594 3918 delicto
1620 3861 1719 3899 suo
1751 3846 1953 3902 fecerat
1980 3859 2036 3902 ut
2080 3865 2207 3902 eru-

615 3923 878 3978 besceret.
909 3917 1078 3974 Porro
1105 3918 1293 3972 eadem
1321 3917 1556 3972 Ecclesia
1583 3931 1687 3971 non
1722 3919 1993 3990 invidebat
2038 3922 2208 3990 pinni—

619 3994 855 4049 tentibus
882 3992 947 4045 ad
975 3991 1137 4044 Deum
1161 3993 1592 4060 conversionem,
1619 3989 1756 4058 apud
1780 4006 1936 4060 quem
1966 3989 2211 4048 de’venia

620 4062 953 4134 impetrnnda
978 4059 1450 4134 nondesperabat.
1479 4058 1598 4134 ιξιο.

694 4130 738 4189 Et
762 4143 921 4187 nuntre
950 4132 1054 4186 noli
1075 4130 1349 4185 discedere.
1378 4131 1457 4203 A_b
1489 4130 1746 4197 Ecclesia,
1778 4131 1993 4189 domina
2017 4144 2207 4203 matre,

619 4208 775 4276 cujus
798 4206 865 4260 de
885 4203 1137 4276 uberibus
1156 4203 1368 4276 alimur.
1396 4201 1516 4276 [ἴῳ.

698 4272 846 4334 Sensi
892 4276 999 4345 ipse
1045 4274 1266 4345 ruinam.
1316 4272 1487 4345 Sensi
1512 4289 1597 4328 me
1653 4275 1817 4341 mori,
1876 4277 2017 4332 sensi
2073 4278 2213 4334 tunde

620 4350 739 4419 ipse
762 4343 1093 4419 deciderant.
1127 4343 1186 4398 in
1224 4358 1410 4414 apogr.
1458 4344 1689 4419 Sensisse
1736 4352 1957 4402 ruinam.
1993 4350 2108 4405 litt}.
2142 4380 2212 4390 ——-

624 4415 756 4491 Leg.
780 4419 991 4491 sensisse
1014 4418 1247 4491 ruinam,
1264 4425 1326 4491 ut
1346 4424 1431 4470 est
1451 4415 1509 4491 ill
1528 4419 1855 4491 apograpbo,
1882 4421 2033 4491 cujus
2053 4421 2208 4476 fidem

620 4486 827 4548 temere
854 4488 1090 4544 deseruit
1135 4486 1415 4557 Rigaltius.
1451 4486 1699 4559 Fatebor,
1749 4488 1917 4559 inquit
1948 4486 2210 4548 Commo-

625 4564 837 4623 dianus,
872 4576 956 4615 me
988 4560 1195 4614 ruinam
1224 4559 1477 4613 sensisse.
1515 4558 1701 4613 Davus.

707 4634 1037 4702 Volutarique
1061 4631 1220 4703 saxis.
1249 4629 1305 4683 ιιι
1331 4629 1645 4703 apographo
1678 4647 1690 4681 :
1725 4631 2041 4703 volutarique
2067 4636 2212 4690 satis.

624 4701 1203 4765 Pmoitentushabitus,
1239 4701 1375 4754 mala
1424 4701 1503 4754 sui
1550 4701 1716 4770 ipsius
1747 4701 2013 4768 tractatio,
2064 4718 2213 4763 extra

627 4778 866 4831 laetitiam
891 4774 1184 4834 deversari,
1221 4774 1272 4827 in
1305 4773 1670 4840 asperitudine
1714 4776 1875 4842 sacci,
1908 4786 1960 4829 et
1992 4776 2217 4834 horrore

623 4847 844 4911 cineris,
877 4847 943 4900 ab
968 4847 1112 4898 omni
1143 4845 1262 4897 vitae
1292 4842 1442 4913 fruge
1471 4844 1642 4898 dilati.
1677 4844 1732 4898 ln
1772 4862 1927 4901 sacco
1957 4858 2012 4902 et
2036 4849 2216 4907 cinere

625 4919 933 4983 volutantis,
987 4915 1318 4971 couucinerati
1361 4926 1415 4970 et
1459 4915 1725 4970 conciliati
1773 4933 1786 4968 :
1833 4918 2212 4976 Tertullianus.

1991 4992 2108 5048 Huc.

702 5060 785 5116 Ne
812 5075 984 5130 pereas
1024 5062 1156 5130 forte
1182 5057 1246 5112 de
1273 5057 1453 5130 plebe._
1480 5056 1720 5130 Hocicst.
1752 5060 1819 5116 de
1848 5062 2119 5127 Ecclesia;
2149 5065 2217 5121 de

627 5134 784 5189 turba
813 5128 1073 5195 fidelium,
1105 5128 1174 5183 de
1200 5128 1637 5203 popnlo_Cltris_ti,
1668 5131 1735 5185 dc
1783 5136 1978 5203 populo
2007 5147 2216 5192 sancto,

626 5205 757 5261 Erat
778 5203 924 5280 enim
945 5210 1067 5255 tunc
1095 5200 1350 5280 temporis
1377 5200 1636 5280 Ecclesia,
1660 5200 1963 5277 episcopus,
1999 5209 2217 5280 presby-

628 5289 731 5342 ter,
759 5276 1036 5333 diaconus.
1068 5273 1218 5338 plebs
1245 5273 1357 5325 sive
1388 5272 1527 5326 laici.
1557 5272 1675 5328 Rue.

703 5341 868 5412 Quam
894 5348 967 5398 ire
999 5342 1096 5423 _su_b
1126 5341 1339 5423 btru'baro
1363 5359 1500 5423 rege.
1531 5344 1821 5401 Barbarum
1874 5364 2054 5423 regem
2090 5350 2220 5407 dicit

623 5434 807 5488 regem
835 5432 939 5471 non
962 5415 1331 5488 christianum.
1363 5415 1481 5471 Ruc.

700 5485 761 5545 Si
799 5504 978 5543 nuunus
1005 5486 1221 5541 dederis.
1249 5485 1399 5541 Thus
1421 5488 1471 5540 in
1501 5502 1739 5543 acerram
1762 5489 1993 5545 miseris.
2024 5490 2141 5548 Rue.

705 5559 939 5629 Undique
991 5568 1038 5613 te
1084 5556 1239 5612 redde
1290 5557 1767 5629 tutumanisseutit
1814 5577 1843 5613 τι
1888 5562 2218 5619 'l‘erlutlliano

627 5631 1087 5702 Commodianns:
1115 5629 1385 5685 consentit
1410 5639 1585 5702 autem
1613 5630 1904 5702 Lypriano.
1934 5632 2135 5689 Suadet
2163 5637 2216 5690 in

628 5703 1000 5772 perStscutione
1045 5699 1245 5770 fugam,
1285 5710 1378 5755 aut
1409 5699 1870 5772 latebras.'luumo
1895 5703 1946 5756 iuu
1997 5702 2217 5763 latebris

624 5769 751 5829 etin
788 5773 904 5841 fuga
935 5769 1249 5841 martyrium
1297 5770 1624 5841 esserdocet.
1678 5769 1909 5827 Omnino
1937 5784 2099 5838 vetat,
2149 5794 2216 5834 ne

627 5844 745 5923 quis
773 5843 1032 5912 incurrat,
1063 5840 1130 5898 ne
1146 5844 1266 5916 quis
1291 5856 1350 5898 se
1374 5840 1583 5898 olferat.
1613 5841 1848 5915 Denique
1868 5846 1943 5901 ait
1969 5845 2216 5906 christia-

2240 4464 2291 4525 D

2313 3142 2368 3196 Si
2399 3150 2576 3216 tamen
2610 3140 2813 3196 incidat
2842 3143 2892 3197 in
2922 3144 3152 3216 hostem,
3184 3146 3263 3198 vel
3296 3140 3637 3215 opprimatur
3662 3166 3691 3202 a
3724 3166 3917 3216 pcrse-

2311 3211 2619 3281 quentibus.
2655 3224 2778 3265 tunc
2811 3229 2909 3278 pro
2939 3215 3157 3271 nowine
3193 3211 3391 3271 Christi
3415 3233 3536 3274 esse
3556 3211 3761 3276 debere
3788 3237 3920 3278 ron-

2311 3283 2722 3359 stantissimum.
2753 3283 2885 3338 Nam
2928 3287 2973 3359 si
3006 3288 3168 3341 vitaun
3213 3293 3458 3358 negando
3501 3293 3752 3359 redimat,
3791 3310 3919 3350 cum

2311 3354 2425 3425 ipsa
2454 3355 2555 3408 vita
2580 3354 2898 3425 periturum.
2928 3356 3046 3413 Rue.

2384 3424 2529 3503 Tum:
2560 3424 2720 3503 vivere
2750 3428 2934 3503 noluit.
2969 3426 3145 3485 Vitam
3189 3442 3446 3503 reternam
3492 3434 3672 3493 virere
3717 3436 3916 3503 noluit,

2313 3497 2403 3578 qni
2432 3513 2625 3578 part1").
2646 3497 2797 3578 fortis
2823 3512 3004 3578 coram
3036 3502 3284 3578 prscside,
3316 3519 3495 3578 coram
3524 3515 3753 3578 tyranno
3781 3497 3915 3573 fuit;

2318 3569 2477 3622 thura
2506 3568 2655 3650 dedit
2686 3568 2849 3633 idolo,
2874 3570 2954 3623 vel
2981 3568 3480 3642 negavitChristum
3503 3595 3516 3631 :
3538 3568 3763 3650 iuuerunt
3792 3568 3919 3637 vitze

2312 3649 2657 3702 renuntuavut,
2694 3651 2749 3693 ut
2781 3653 3209 3698 momentaneam
3239 3660 3500 3703 servaret.
3535 3649 3652 3706 lite.

2387 3709 2593 3764 Domini
2606 3711 2813 3783 siquis
2846 3712 3016 3780 inops.
3051 3714 3116 3769 Ut
3141 3716 3457 3783 simpliciter
3486 3720 3757 3777 ethnicus.
3790 3724 3919 3779 Ino-

2313 3796 2435 3865 pem
2463 3780 2674 3869 .Dutnnini
2700 3780 2863 3869 ‘dici't‘.
2894 3800 2996 3853 qua
3022 3783 3196 3842 foruuua
3223 3780 3291 3843 de
3320 3788 3571 3858 Saturno,
3603 3795 3739 3849 venit
3765 3797 3920 3869 inops

2313 3853 2494 3919 animi,
2521 3852 2680 3908 lustr.
2712 3869 2782 3907 tv.
2808 3853 2926 3910 Rue.

2527 3928 2774 4007 profanus
2817 3928 2879 3980 ab
2911 3927 3153 4007 luoste.__A
3198 3934 3630 4007 persecutoribus
3680 3940 3918 3995 nominis

2312 3993 2588 4078 christiani
2622 3993 2886 4053 subactus
2905 4015 2975 4078 λιι
3004 3993 3381 4078 ιιιιὶΙιυξίῚξάιιι
3407 4021 3650 4078 negator.
3679 4009 3805 4066 th.

2385 4065 2641 4154 {Eramen
2684 4085 2873 4124 sonans
2916 4065 3063 4141 facti.
3108 4072 3131 4127 Ι
3159 4074 3382 4130 Corinth
3412 4118 3427 4144 ,
3459 4065 3568 4142 iiut,
3591 4080 3630 4154 Α
3664 4100 3677 4135 :
3708 4065 3917 4154 mla;

2315 4146 2484 4212 737.5!"-
3589 4150 3709 4209 Rue.

2399 4210 2486 4265 Vel
2524 4224 2579 4267 ut
2608 4214 2813 4293 aspides
2838 4214 3006 4269 surdi.
3054 4215 3154 4293 Qui
3179 4218 3451 4293 adversus
3465 4220 3556 4277 Dei
3590 4224 3915 4293 sapientiam

2313 4297 2472 4407 :Bures
2497 4299 2622 4339 suas
2663 4287 2936 4341 obturant.
2962 4317 3032 4327 -—
3055 4287 3291 4358 Respicit
3319 4293 3386 4346 ad
3428 4291 3628 4348 Psalun.
3658 4287 3825 4365 ἰνιιι,
3860 4300 3914 4355 5.

2363 4370 2498 4407 avus.

2363 4370 2498 4408 AVIS.
3944 4396 3949 4397 γ

2387 4424 2550 4507 Orare
2578 4428 2927 4507 satis_debent.
2976 4428 3051 4485 Ita
3108 4440 3168 4486 ut
3219 4437 3554 4504 ptenitentize
3603 4437 3913 4498 facultatem

2317 4496 2383 4550 ah
2412 4497 2664 4580 episeopo
2715 4501 3003 4580 impetrare
3049 4496 3384 4572 mercantur;
3439 4507 3703 4575 Ecclesia,
3752 4496 3916 4580 quam

2319 4580 2511 4655 negato
2534 4568 2751 4655 Cirristo
2772 4572 3288 4655 dehonestaverunt.
3341 4568 3543 4647 placata
3573 4597 3670 4651 per
3692 4568 3915 4655 longam

2318 4654 2381 4693 ac
2409 4641 2765 4711 miserabilem
2802 4645 3225 4711 exomologesin.
3256 4641 3371 4706 llud.

2394 4710 2575 4797 Antse
2612 4714 2828 4797 condere
2856 4716 3003 4797 tales.
3047 4710 3131 4797 _Ita
3185 4729 3243 4772 ut
3274 4722 3536 4797 ‘nuspiam
3591 4728 3813 4797 posthac
3860 4730 3915 4784 in

2320 4780 2577 4863 Ecclesia;
2605 4786 3238 4863 castrisAcouspieianuur.
3269 4791 3388 4850 Rue.

2392 4853 2469 4929 De
2488 4853 2991 4929 iuufantibus.Su~n~tis
3004 4870 3087 4913 est
3102 4871 3320 4929 apertus
3344 4885 3349 4890 ·
3372 4866 3687 4924 stabilienda
3710 4878 3914 4927 tantum

2320 4928 2583 5009 scriptnra
2615 4927 2989 5010 luisti-uctioutis
3014 4932 3067 4985 in
3086 4927 3227 4988 hunc
3255 4936 3494 5006 nuodum,
3527 4955 3635 5010 quo
3661 4958 3806 4999 nunc
3829 4943 3915 4999 edi

2319 5000 2645 5053 curavimus.
2673 5000 2794 5057 th.

2394 5067 2462 5122 Et
2484 5072 2633 5151 prius
2668 5088 2823 5157 quam
2851 5078 3107 5143 fugerent,
3129 5079 3399 5157 parvulos.
3450 5080 3507 5157 In
3537 5085 3867 5157 Aapngrapho
3896 5102 3911 5138 :

2323 5137 2392 5192 Et
2397 5137 2710 5263 [Criusqnum
2738 5137 2936 5217 fugere?
2960 5137 3197 5213 parvulos
3241 5154 3505 5223 occuparit
3529 5137 3738 5212 inertes.

2452 5223 2792 5263 ascanturaue
2816 5218 2963 5263 mmsi
2984 5217 3170 5263 denum-
3204 5220 3569 5263 Mptnntinrnm
3592 5242 3738 5263 curnt

2452 5218 2963 5300 ascautnrqneguasi
2984 5217 3171 5273 denuo.
3202 5217 3569 5293 Metapboraun
3592 5232 3826 5300 sumpsit
3850 5244 3916 5285 ex

2319 5281 2502 5347 Jama,
2529 5300 2603 5346 un.
2634 5287 2690 5351 5,
2709 5281 2778 5341 '4.
2806 5281 2987 5342 Davus.

2394 5351 2691 5438 Terribilem
2721 5358 3129 5438 legeunfugianl.
3154 5361 3213 5438 In
3238 5370 3548 5437 apngrapbo
3577 5387 3590 5423 :
3615 5369 3917 5427 Terribilem

2320 5424 2480 5509 legem
2516 5429 2734 5509 fugiens.
2768 5424 3015 5501 Fugiunt,
3059 5432 3250 5509 inquit,
3276 5424 3473 5509 ile‘gem
3523 5424 3918 5499 illam

2321 5494 2427 5576 lem
2475 5494 2766 5581 ethnicam,
2808 5494 2928 5581 quae
2950 5494 3255 5581 sacrificare
3280 5494 3436 5581 ido‘lis
3454 5494 3919 5581 ,Ῑιιιιειξνιτιιῖιιὲ-Ῑέ-

2319 5570 2665 5643 gis_cultorcs
2693 5571 2922 5629 flammis
2948 5578 3163 5631 a-ternis
3192 5589 3315 5632 sunt
3345 5570 3630 5637 destinati.
3656 5570 3776 5643 Rue.

2352 5638 2701 5722 “‘Deserlores.
2733 5644 3070 5722 Desertornuu
3098 5647 3203 5701 duo
3227 5665 3423 5719 genera
3449 5638 3921 5715 constitui-tiThu-

2320 5711 2650 5767 rilicatoruun
2674 5725 2727 5768 et
2748 5714 3202 5773 LibellatiCorttm.
3226 5711 3340 5777 lite.

2326 5780 2665 5872 ζμξιςιιὶαζὶιιις
2713 5802 2953 5872 nequam.
3000 5790 3388 5872 Qtuisacrilicat
3431 5795 3611 5864 idolo;
3664 5801 3813 5872 quod
3840 5810 3920 5862 est

2318 5854 2459 5925 apud
2482 5854 2648 5913 Deum
2678 5854 2973 5931 principale
2999 5854 3226 5922 crimen.
3254 5865 3371 5922 Rue.

4057 3658 4060 3849 l
