4060 6306
593 481 707 542 ais
821 489 896 560 (v.
935 486 1084 559 848.)

601 601 847 673 Expletis
876 603 1206 672 temporibus
1237 603 1430 658 messis
1446 643 1462 670 ,
1487 610 1771 672 separatur
1796 617 1824 654 a
1853 599 2030 655 fructu

603 691 819 749 Lolium
846 702 1064 749 enatum
1086 737 1102 762 ,
1134 695 1277 766 quod
1316 710 1423 750 non
1463 695 1685 749 miserat
1718 695 1999 750 Dominus.

607 785 782 844 Omne
810 788 997 842 lolium
1026 790 1260 861 agricola
1289 790 1574 844 collectum
1603 797 1816 858 separat
1837 786 1994 842 illud.

604 885 720 944 Lex
740 902 866 959 ager
896 888 1050 945 nobis
1080 899 1163 944 est
1197 906 1210 944 :
1239 889 1328 960 qui
1349 887 1537 944 fecerit
1557 887 1754 943 bonum
1783 886 1835 940 in
1864 885 1951 940 illa
1970 927 1986 953 ,

601 979 725 1052 Ipsa
757 981 940 1052 utique
970 981 1124 1036 nobis
1155 989 1374 1054 praestat
1405 982 1645 1051 requiem
1679 993 1863 1034 veram

605 1074 728 1146 Ipse
751 1073 1058 1132 dominator
1087 1093 1100 1130 :
1129 1091 1252 1131 nam
1283 1075 1469 1130 lolium
1513 1076 1633 1146 igne
1674 1080 1962 1128 crematur.

609 1169 668 1225 Si
717 1184 844 1240 ergo
873 1170 1072 1238 putatis
1093 1211 1106 1235 ,
1137 1170 1388 1241 quoniam
1418 1169 1517 1224 sub
1549 1183 1656 1222 uno
1686 1174 1987 1228 morantur,

608 1260 818 1316 Erratis
847 1277 862 1316 :
892 1262 1105 1317 steriles
1131 1261 1455 1316 christianos
1489 1275 1587 1315 vos
1621 1275 1744 1314 esse
1783 1258 2030 1328 designo.

612 1353 894 1411 Maledicta
925 1354 1020 1409 fuit
1063 1355 1226 1410 arbor
1259 1355 1378 1410 sine
1409 1354 1586 1408 fructu
1627 1352 1827 1407 ficulna

611 1446 675 1504 In
696 1447 862 1503 verbo
895 1447 1132 1513 Domini;
1163 1458 1220 1504 et
1247 1449 1427 1502 statim
1455 1446 1665 1502 exaruit
1706 1445 1817 1499 illa.

613 1537 732 1594 Non
775 1554 967 1609 operas
1000 1539 1174 1596 facitis
1195 1583 1211 1606 ,
1257 1556 1362 1596 non
1402 1541 1604 1595 donum
1635 1553 1768 1610 gazo
1795 1538 2014 1608 paratis.

614 1631 684 1686 Et
710 1631 788 1687 sic
819 1633 1118 1704 promereri
1148 1632 1439 1688 Dominum
1471 1631 1671 1704 putatis
1700 1630 1924 1686 inanes?

1092 1784 1203 1826 LVI.
1221 1799 1293 1810 --
1307 1782 1734 1825 ωεειιωιλτοιιι.

619 1904 939 1961 Dissimulas
964 1905 1136 1978 legem
1163 1915 1316 1962 tanto
1353 1907 1624 1976 prmconio
1650 1906 1812 1960 latam
1835 1945 1854 1972 ,

611 1996 674 2052 In
704 2005 782 2052 tot
803 1997 1184 2068 prOphetarum
1215 2001 1423 2056 caelesti
1454 2016 1584 2056 voce
1611 1998 1970 2055 clamantem?

616 2088 678 2145 Si
706 2088 966 2158 prOpheta
996 2100 1199 2146 tantum
1231 2092 1587 2148 declamasset
1617 2093 1670 2146 in
1693 2093 1920 2156 nubem,

613 2181 902 2238 Sufficeret
927 2184 1110 2254 utique
1141 2185 1357 2241 Domini
1389 2203 1488 2240 vox
1511 2188 1672 2242 missa
1707 2201 1801 2256 per
1827 2186 2002 2240 illum.

613 2273 676 2330 ln
708 2283 788 2329 tot
815 2275 1198 2346 prophetarum
1226 2279 1497 2334 volumina
1524 2278 1608 2334 lex
1638 2279 1848 2333 Domini
1879 2277 2203 2348 proclamat;

613 2364 843 2422 Malitias
875 2367 1056 2422 nullus
1085 2369 1305 2424 dimittit
1329 2390 1342 2425 :
1367 2371 1440 2424 ita
1469 2385 1622 2440 teque
1647 2369 1714 2424 de
1742 2370 1907 2424 corde

617 2459 716 2516 Vis
743 2461 881 2517 bona
912 2462 1102 2518 videre
1125 2504 1140 2527 ,
1173 2475 1228 2520 et
1255 2463 1535 2520 fraudibus
1561 2464 1741 2519 vivere
1771 2462 1994 2535 qumris.

621 2550 738 2608 Lex
768 2553 882 2624 ipsa
923 2570 1022 2610 cur
1054 2571 1182 2627 ergo
1207 2559 1470 2628 processit
1517 2568 1662 2612 tanto
1702 2557 1922 2613 labore?

616 2645 875 2704 Abuteris
903 2649 1114 2706 Domini
1142 2651 1428 2719 mandata,
1486 2665 1542 2708 et
1581 2661 1634 2708 te
1675 2651 1842 2708 tilium
1885 2651 2082 2722 inquis.

1721 482 2147 540 COMMODIANI
2185 482 2734 542 lNSTRUCTlONES

2217 611 2269 672 Α
2295 600 2374 657 Τυ
2403 601 2448 655 si
2478 600 2598 655 talis
2642 601 2750 656 eris
2807 599 2924 654 sine
2961 611 3152 654 caussa
3175 639 3189 662 ,
3226 585 3466 665 videris,
3497 595 3752 669 inquam.

3413 482 3486 556 (v.
3530 477 3683 554 869.)
3795 477 3906 534 2H

2301 695 2655 765 Omnipotens
2687 693 2846 748 mites
2876 693 3070 764 quaerit
3096 689 3198 747 sibi
3226 691 3513 750 tiliosesse
3538 736 3554 760 ,

2302 791 2501 846 Rectus
2526 789 2692 845 corde
2715 790 2856 845 bono
2878 831 2894 856 ,
2921 787 3151 844 devotos
3179 789 3280 859 legi
3312 787 3509 845 divinte
3545 809 3558 846 :

2303 883 2541 938 Immites
2573 892 2750 938 autem
2775 881 2884 952 jam
2923 879 3072 936 scitis
3095 883 3182 936 ubi
3210 881 3490 938 demersit.

2512 1031 3054 1073 ωιι.-ε.εευι.ΑιιιΑ
3093 1033 3147 1072 IN
3185 1032 3364 1074 'I’O'I‘UI
3404 1033 3695 1076 FUGIIRDL.

2311 1158 2367 1214 Si
2401 1157 2621 1227 quidam
2647 1155 2896 1211 doctores
2917 1206 2932 1230 ,
2957 1155 3082 1211 dum
3109 1165 3423 1226 exspectant
3447 1171 3673 1213 munera
3701 1166 3909 1226 vestra,

2309 1253 2417 1304 Aut
2443 1251 2637 1304 timent
2676 1264 2970 1320 personas,
2995 1250 3181 1304 laxant
3211 1249 3418 1320 singula
3460 1249 3641 1318 vobis;

2309 1345 2376 1398 Et
2403 1359 2502 1413 ego
2534 1358 2636 1396 non
2679 1341 2866 1406 doleo,
2897 1341 2992 1396 sed
3020 1357 3186 1413 cogor
3214 1342 3398 1398 dicere
3427 1358 3616 1398 verum

2308 1436 2440 1491 Cum
2463 1446 2674 1491 caterva
2715 1435 2838 1490 mali
2871 1436 3049 1506 pergis
3091 1437 3156 1488 ad
3185 1435 3491 1505 spectacula
3524 1452 3662 1491 vana
3685 1479 3702 1505 ,

2310 1528 2412 1585 Ubi
2445 1541 2663 1582 satanas
2695 1528 2993 1598 fragoribus
3020 1527 3168 1582 circo
3195 1538 3467 1597 operatur.

2312 1622 2499 1676 Licere
2543 1621 2843 1692 persuades
2874 1619 2970 1674 tibi
3001 1619 3379 1689 quodcumque
3411 1620 3664 1691 placebit.

2312 1713 2575 1770 Altissiini
2600 1713 2815 1783 proles;
2844 1727 2964 1768 cum
2993 1713 3114 1768 llliis
3144 1711 3326 1768 Zabuli
3351 1714 3520 1770 mixta
3545 1756 3560 1782 ,

2315 1809 2605 1877 llespicere
2652 1821 2779 1860 num
2810 1805 2890 1860 vis
2911 1847 2926 1871 ,
2955 1806 3108 1876 queis
3135 1807 3454 1862 renuntiasti
3473 1847 3489 1873 ,
3521 1807 3750 1877 priora?

2321 1899 2377 1954 ln
2403 1899 2535 1970 ipsis
2559 1898 2790 1952 versaris
2823 1897 3015 1952 iterum
3038 1939 3052 1962 ,
3084 1893 3208 1966 quid
3241 1895 3482 1968 proderit
3514 1895 3707 1954 Unus?

2241 2019 2287 2080 Β
2315 1994 2422 2050 Aut
2448 1993 2491 2047 si
2523 2006 2620 2062 pro
2650 1991 2908 2062 languore
2932 1989 3151 2056 datum;
3177 1991 3319 2061 quod
3347 1989 3508 2046 stulte
3539 1993 3797 2062 profanus

2309 2177 2488 2233 Nolite
2515 2176 2737 2247 diligere
2766 2174 3024 2231 mundum
3048 2217 3062 2240 ,
3097 2189 3272 2246 neque
3299 2175 3558 2231 ambitum
3589 2176 3706 2248 ejus
3740 2194 3752 2232 :

2309 2272 2481 2326 Tanta
2511 2271 2600 2326 Dei
2631 2285 2736 2324 vox
2765 2277 2881 2337 est,
2924 2279 2979 2325 et
3010 2269 3106 2324 tibi
3139 2269 3304 2340 proba
3346 2269 3585 2326 videtur.

2309 2357 2576 2420 Ol)§ervas
2620 2363 2934 2418 mandatqu
2962 2362 3230 2428 hominis,
3264 2373 3316 2418 et
3349 2363 3444 2419 Dei
3475 2363 3721 2430 devitas;

2311 2458 2390 2512 Tu
2423 2456 2540 2512 fidis
2569 2456 2776 2511 muneri
2797 2498 2812 2523 ,
2841 2471 2946 2526 quo
2976 2443 3344 2512 doctorcs'ora
3375 2453 3698 2528 proclndunt
3719 2501 3737 2528 ,

2313 2551 2382 2606 Ut
2413 2559 2656 2616 taceant,
2692 2565 2865 2619 neque
2886 2547 3068 2603 dicant
3095 2549 3188 2603 tibi
3217 2549 3366 2620 jussa
3395 2549 3598 2606 divina.

2312 2644 2397 2701 Me
2426 2659 2551 2699 vera
2579 2642 2849 2699 dicentem
2868 2683 2882 2708 ,
2913 2642 3055 2697 sicut
3080 2643 3303 2707 teneris,
3325 2645 3576 2714 prospice
3595 2658 3875 2700 summum
3904 2664 3918 2700 :

1992 2780 2549 2842 COMMENTARIUS.

613 2926 798 3000 yivere
825 2926 948 2992 isti,
983 2929 1184 3000 inquit,
1215 2932 1403 2987 nolunt
1427 2975 1439 2996 ,
1471 2931 1538 2986 ab
1566 2930 1724 2986 idolis
1757 2930 1949 3000 respici
1977 2929 2208 2984 debent:

613 2998 732 3074 hoc
769 3007 884 3074 est,
932 3001 1001 3074 ab
1051 2998 1260 3057 Satanae
1292 3005 1589 3070 ministris,
1634 3003 1725 3074 qui
1781 2998 2094 3058 nidulantur
2153 3001 2206 3056 in

614 3069 764 3124 cavis
788 3071 1216 3130 simulacrorum.
1247 3075 1366 3132 RIG.

614 3122 771 3268 QDe
790 3122 1583 3218 seu-iiiievlolii:Lolli“parabnla
1614 3122 1809 3215 legitur
1837 3145 2050 3268 Μπιιξιιη
2079 3161 2172 3199 xm
2193 3186 2207 3210 ,

694 3252 707 3264 .
1963 3233 2100 3268 AVIS.

1963 3233 2100 3271 AV'IS.

688 3282 797 3339 Lex
833 3303 954 3352 ager
981 3289 1121 3342 nobis
1160 3299 1252 3343 est.
1300 3291 1423 3346 Auri
1457 3289 1709 3355 parabola
1758 3269 2208 3357 significatnnbis
2236 3269 2280 3331 (ἶ

614 3357 788 3430 legem
845 3357 1068 3414 Christi.
1117 3359 1238 3429 Ipse
1276 3361 1567 3416 Christus:
1602 3359 1716 3430 Ego
1771 3376 1883 3412 sunt
1926 3359 2040 3413 ritis
2091 3375 2208 3412 vera

613 3427 795 3502 (loga.
822 3445 910 3502 sv,
949 3431 1022 3502 1).

692 3499 906 3574 Steriles
950 3499 1274 3556 christianos.
1307 3501 1658 3574 lnfrttgll'eros
1679 3542 1694 3563 ,
1725 3501 1938 3574 ἀγόνους
1959 3543 1973 3567 ,
2017 3501 2207 3571 spado-

609 3584 730 3626 nes.
765 3571 1028 3626 bonorum
1059 3589 1281 3640 operum
1311 3571 1541 3628 steriles.
1578 3573 1694 3628 Ilio.

688 3640 1064 3712 dfaledicta....
1092 3644 1303 3712 ﬁculna.
1331 3645 1466 3699 Vide
1493 3643 1678 3698 Matth.
1701 3687 1713 3702 .
1744 3660 1814 3698 xu
1835 3686 1849 3704 ,
1885 3644 1971 3698 19.
2021 3643 2205 3699 Davus.

694 3710 816 3765 Non
865 3714 1052 3766 donum
1093 3710 1227 3784 "quso
1278 3717 1497 3784 paratis.
1540 3715 1740 3769 Gazum
1777 3715 1937 3779 dicit,
1997 3716 2210 3768 thesau-

615 3799 738 3857 rum
768 3799 1014 3857 sacrum,
1043 3786 1334 3857 corbonazn
1360 3831 1374 3850 ,
1405 3801 1590 3856 gazam
1627 3787 1878 3840 Et'clusi-t:
1901 3829 1913 3850 ,
1941 3789 2209 3857 ivaznpliy-

617 3855 837 3928 laciuui.
871 3853 1030 3928 lustr.
1063 3873 1205 3911 va”
1238 3877 1250 3912 :
1280 3856 1345 3911 In
1374 3853 1499 3928 gnzo
1532 3868 1774 3926 pra’terca
1803 3864 1865 3910 αν
1893 3857 2062 3910 labore
2087 3853 2204 3910 inil-

621 3936 727 3979 tere
752 3925 918 3979 debes.
943 3927 1128 3981 Arcam
1157 3925 1751 3983 dixi-ratv'l'crttilliauus
1779 3948 1792 3982 :
1822 3931 1908 3982 alii
1941 3931 2208 3982 concitant.

620 3993 756 4069 lleic
784 3995 945 4066 igitur
973 3998 1398 4056 Connuodianus
1429 3999 1640 4055 alBl‘ilCS
1668 4001 1990 4054 christianos
2021 4002 2210 4069 appel-

619 4068 860 4142 lattqui
887 4069 955 4124 de
989 4070 1328 4142 facultatibus
1351 4074 1461 4124 snis
1494 4071 1544 4124 in
1576 4087 1704 4125 usus
1747 4087 2038 4142 pauperum
2061 4068 2210 4124 nihil

622 4137 1004 4213 conferebant.
1031 4141 1175 4196 Ilanc
1203 4144 1544 4197 sterilitatem
1575 4137 1872 4213 Cyprianus
1914 4143 2213 4210 sacrilegam

617 4225 742 4282 esse
789 4210 898 4278 ait,
953 4209 1044 4266 lib.
1083 4213 1151 4266 de
1207 4214 1383 4282 Opere
1428 4225 1476 4268 et
1529 4209 1896 4280 elimmosyna.
1933 4213 2210 4280 Paulinus,

619 4280 780 4354 epist.
802 4297 1002 4354 Axxxrv,
1040 4284 1214 4336 aridas
1245 4280 1422 4337 manus
1452 4283 1586 4337 dixit
1623 4301 1809 4337 eorum
1841 4285 1928 4352 qui
1964 4285 2199 4354 neglige-

626 4351 758 4425 llant
799 4352 851 4425 in
899 4355 1132 4425 Ecclesia
1181 4356 1404 4425 positam
1450 4370 1480 4408 a
1531 4356 1757 4410 Domino
1827 4351 2066 4409 mensam
2113 4351 2212 4410 ’in‘

621 4422 1220 4497 digentibus._Idem}
1269 4425 1498 4481 Caelestis
1566 4427 1721 4497 igitur
1785 4429 2046 4497 trapczita:
2108 4428 2214 4482 lucc

623 4510 799 4569 mensa
843 4506 916 4569 est
941 4495 1236 4569 thesaurum
1266 4498 1380 4550 vitie
1410 4495 1605 4552 struens
1627 4541 1640 4564 ,
1684 4507 1728 4551 et
1769 4495 1836 4550 ad
1871 4495 2214 4569 intai'gttritaut

619 4567 979 4636 negotiandum
1004 4567 1096 4622 Dei
1127 4573 1292 4636 [tenus
1315 4586 1570 4623 exercens.
1609 4573 1724 4625 lita.

697 4639 1125 4712 Dtssmucarom.
1161 4640 1504 4712 llypocritae,
1537 4641 1624 4710 qui
1659 4657 1716 4693 se
1743 4640 2094 4696 christianum
2137 4645 2213 4698 si-

627 4710 798 4766 mulat
817 4751 832 4777 ,
864 4719 939 4766 et,
965 4709 1367 4766 auticltrisliana
1395 4753 1408 4778 ,
1447 4709 1567 4767 sive,
1589 4713 1866 4768 saecularia
1897 4722 1950 4768 et
1979 4717 2216 4770 Satanica

625 4783 776 4836 vivit.
1990 4785 2106 4841 Rm.

699 4851 1044 4923 Declantasset
1082 4855 1136 4908 in
1171 4855 1370 4910 nubem.
1410 4855 1540 4912 Hice
1569 4854 1728 4909 lectio
1757 4869 1975 4923 prorsus
2014 4866 2095 4910 est
2123 4857 2218 4910 ab-

627 4923 810 4978 surda.
859 4922 1163 4994 Legeudum
1217 4939 1376 4994 puto,
1428 4922 1766 4981 declamasset
1805 4929 1856 4979 in
1912 4925 2099 4980 orbem.
2150 4928 2220 4984 Ut

625 5010 753 5050 mox
782 5010 832 5048 ν.
861 4993 990 5049 865.
1025 4995 1145 5048 Vult
1175 4993 1595 5052 Coininodianus
1623 5001 1754 5053 satis
1782 4997 1975 5065 fuisse,
2002 5001 2044 5053 si
2081 5017 2217 5054 unus

626 5075 836 5121 tantum
898 5065 1157 5138 proriheta
1213 5069 1420 5124 Domini
1475 5070 1616 5138 leges
1650 5071 1850 5124 mundo
1903 5071 2218 5125 annuntias-

627 5146 732 5194 set.
1927 5141 2106 5197 ῡΑνις.

699 5208 982 5280 [lateque
1029 5208 1092 5262 de
1126 5211 1276 5264 corde
1327 5212 1400 5266 vis
1443 5215 1573 5266 bona
1621 5213 1808 5266 videre.
1865 5212 1978 5280 Qua
2033 5223 2215 5268 tuente

629 5281 780 5350 cupis
811 5279 899 5335 Dei
934 5281 1394 5337 benedictionilms
1423 5293 1476 5337 et
1502 5283 1794 5338 benefactis
1819 5279 1989 5346 affici,
2025 5286 2212 5338 eadem

628 5362 783 5424 optas
820 5367 915 5421 per
961 5352 1255 5410 calumnias
1291 5366 1345 5410 ct
1388 5354 1542 5410 dolos
1583 5353 1650 5408 de
1689 5353 1870 5407 fratris
1908 5354 1983 5408 tui
2029 5357 2214 5424 spoliis

629 5422 912 5478 ditescere.
957 5425 1076 5479 llic.

707 5493 1039 5569 Omnipotens
1069 5498 1210 5550 mites
1238 5497 1438 5569 qurerit.
1471 5495 1681 5569 Matth.,
1722 5511 1773 5559 v,
1797 5495 1842 5569 β
1876 5494 2064 5569 :_Beati
2115 5515 2210 5566 pa-

635 5565 800 5632 ciﬁci,
861 5568 1101 5634 quoniam
1140 5565 1376 5637 ﬁlii'Dei
1419 5568 1747 5622 vocabuntur.
1795 5565 2206 5634 Pacilicatorcs,

633 5637 951 5710 εἰρῃνοποιοί.

701 5705 725 5759 Ι
735 5711 926 5785 inutiles
949 5721 1134 5785 autent.
1166 5709 1332 5785 Paulo
1360 5710 1423 5785 ad
1451 5709 1594 5785 Tim.
1624 5723 1661 5763 tt
1681 5750 1696 5777 ,
1721 5709 1776 5774 5,
1806 5712 2066 5785 ἀνήμεροι,
2097 5712 2208 5784 ἀφι-

622 5778 856 5852 λὰγᾳθος,
889 5782 1118 5847 oppositi
1181 5782 1445 5850 benignis.
1492 5781 1610 5837 lita.

697 5850 974 5924 ﬁeittsttlti
1005 5853 1261 5924 demersit.
1295 5853 1354 5907 In
1392 5862 1640 5923 stagnum
1668 5851 1805 5924 ignis
1825 5894 1840 5919 ,
1879 5851 1971 5908 ubi
1993 5853 2140 5923 fletus
2164 5863 2210 5908 et

620 5921 811 5972 stridor
839 5921 1082 5974 dentium.
1109 5921 1248 5976 RIG.‘

619 6049 629 6059 ς
691 5989 1004 6045 Suessam
1036 6006 1088 6045 ιιι
1125 6005 1308 6048 τοτυιι
1347 6007 1466 6050 rue.
1505 5993 1621 6051 Hoc
1659 6004 1773 6064 est,
1809 6012 1917 6054 non
1950 6010 2072 6054 esse
2097 5996 2208 6056 dis-

2316 2924 2680 2982 simulandum
2713 2942 2724 2974 :
2758 2938 2930 2993 neque
2969 2924 3110 2978 enim
3158 2923 3453 2980 convenire
3486 2924 3745 2980 Ecclesiae
3788 2938 3916 2980 cum

2312 2998 2533 3054 saeculo.
2581 2996 2814 3050 Ecclesia
2837 3038 2851 3058 ,
2881 2995 3158 3058 Christus;
3207 2999 3494 3064 saeculum,
3529 3005 3747 3052 satanas
3776 3011 3793 3051 :
3830 3007 3914 3050 ta-

2313 3084 2420 3139 que
2465 3085 2570 3122 non
2600 3068 3030 3134 permiscendum
3072 3083 3194 3139 esse
3220 3067 3476 3122 Altissimi
3526 3070 3730 3131 prolem
3785 3084 3915 3124 cum

2318 3138 2437 3194 liliis
2486 3139 2682 3193 diaboli
2714 3157 2726 3190 :
2755 3155 2926 3207 neque
2958 3138 3238 3193 laxandam
3270 3153 3391 3194 eSse
3449 3140 3788 3210 disciplinam
3827 3141 3914 3194 ui-

2317 3213 2421 3266 niia
2479 3222 2750 3281 pastorum
2809 3211 3171 3279 indulgentia,
3229 3225 3324 3280 per
3369 3213 3596 3282 gratiam
3642 3220 3734 3282 aut
3792 3225 3914 3266 sor-

2315 3283 2432 3338 des.
3381 3281 3390 3282 7
3674 3281 3799 3338 th.

2392 3354 2658 3410 Doctores.
2689 3353 2969 3420 Doctores,
3005 3355 3301 3424 priepositi,
3326 3355 3603 3423 prmsides,
3635 3366 3911 3426 pastores,

2315 3427 2576 3495 (Episcopi.
2612 3426 2728 3479 llic.

2384 3497 2511 3554 Cum
2545 3508 2743 3550 cant-va
2771 3498 2914 3551 ntali.
2951 3497 3071 3551 Mali
3093 3538 3107 3558 .
3142 3497 3191 3552 id
3222 3509 3338 3561 est,
3367 3506 3588 3553 satana.
3622 3497 3742 3554 th.

2390 3567 2486 3622 Ubi
2518 3584 2722 3621 satanas
2756 3569 3042 3634 fragoribus
3072 3571 3206 3622 circo
3225 3580 3482 3636 operatur.
3517 3569 3911 3624 Tertttlliatttts.

2314 3639 2406 3694 lib.
2431 3642 2496 3692 de
2532 3645 2710 3706 Spect.
2750 3639 2876 3694 Cum
2931 3657 3048 3707 ergo
3079 3645 3224 3710 furor
3267 3641 3589 3694 interdicitur
3620 3640 3798 3704 nobis,
3847 3641 3912 3693 ab

2315 3714 2451 3764 omni
2477 3712 2763 3777 aperturttlo
2792 3714 3071 3778 auferimur
3095 3753 3110 3777 ,
3143 3714 3293 3766 etiam
3320 3731 3349 3765 (ι
3380 3715 3515 3766 circo
3535 3753 3550 3779 ,
3592 3715 3676 3766 tibi
3706 3715 3915 3781 proprie

2317 3785 2460 3854 furor
2494 3785 2724 3848 pra'sitlrt
2745 3824 2758 3845 ,
2790 3794 2893 3836 νιν.
2921 3784 3036 3844 ibo.

2387 3854 2534 3907 Circo
2597 3869 2854 3922 oper/Jun
2915 3856 2968 3908 ln
3027 3856 3338 3923 apographo
3387 3855 3646 3922 scriptum
3691 3855 3908 3911 fuerat:

2321 3923 2418 3979 Ubi
2452 3937 2656 3978 summis
2694 3927 2981 3994 fragoribus
3023 3939 3370 3995 comparatus.
3397 3927 3516 3982 RIG.

2392 3999 2546 4060 Qucis
2588 3999 2888 4050 renuntiasti
2927 4000 3118 4065 priora.
3167 3997 3357 4052 Priora
3387 4001 3514 4052 dicit
3545 4014 3666 4068 quin
3706 4007 3908 4066 supra,

2318 4069 2570 4138 pristina,
2619 4070 2822 4136 prisca.
2886 4086 2946 4122 ea
3006 4086 3124 4138 qua:
3172 4072 3225 4122 in
3274 4080 3391 4124 ante
3429 4069 3614 4124 fidem.
3659 4069 3732 4123 Ea
3779 4086 3914 4125 vero

2318 4151 2441 4193 sunt
2472 4139 2751 4200 diabolus,
2813 4157 3000 4208 pompa
3030 4149 3084 4194 et
3131 4141 3308 4209 angeli
3353 4142 3491 4210 ejus.
3519 4141 3906 4208 Tertullianus,

2318 4221 2372 4264 et
2401 4222 2512 4266 toto
2552 4212 2644 4265 illo
2672 4214 2736 4264 ile
2769 4212 3124 4276 Βμρριίιριιιίες.
3181 4213 3298 4268 lito.

2393 4283 2530 4348 Quid
2560 4284 2782 4350 proderit
2815 4301 2963 4337 unus.
2995 4284 3121 4347 ch.
3156 4285 3276 4351 quid
3316 4285 3538 4346 proderit
3581 4292 3764 4338 tinctus
3789 4325 3803 4347 ,
3859 4285 3911 4338 id

2319 4364 2438 4412 est.
2473 4354 2718 4408 Christus
2743 4395 2758 4416 ,
2808 4355 2894 4420 qui
2947 4357 3092 4408 eiuci
3124 4355 3223 4410 fuit
3263 4357 3458 4410 allixus
3486 4364 3543 4409 ut
3579 4355 3829 4410 homines
3879 4371 3909 4408 a

2319 4425 2520 4498 diaboli
2575 4427 3222 4498 potest_ate_retraheret.
3273 4428 3481 4498 sibique
3518 4427 3764 4498 populum
3803 4427 3911 4480 ele—

2318 4505 2452 4549 ctum
2486 4496 2704 4551 faeciet.
2733 4496 2820 4550 Sic
2848 4496 3010 4552 lustr.
3039 4515 3199 4558 uxtl,
3226 4515 3276 4550 v.
3311 4496 3468 4554 1151.

2393 4568 2493 4620 Aut
2515 4570 2560 4620 si
2584 4584 2676 4636 pro
2707 4569 2954 4637 languore
2976 4569 3168 4623 datum.
3196 4570 3271 4624 Ad
3297 4569 3670 4626 refocillandas
3688 4578 3780 4624 aut
3821 4585 3910 4624 re-

2321 4639 2582 4693 creandas
2619 4641 2780 4692 animi
2823 4642 3214 4706 langueseentis
3250 4642 3424 4703 vires,
3477 4643 3543 4695 ab
3589 4641 3654 4694 iis
3696 4641 3906 4694 mollis-

2326 4712 2476 4764 simis
2506 4723 2559 4764 el
2603 4712 2866 4765 l'acilliinis
2897 4714 3205 4768 doctoribus
3255 4728 3513 4771 concessa
3569 4712 3664 4768 tibi
3709 4713 3910 4769 fuerint

2323 4783 2647 4852 Spectacula.
2679 4782 2799 4839 Βιθ.

2395 4853 2571 4908 Nolite
2610 4855 2820 4924 diligere
2851 4855 3115 4916 mundum.
3150 4855 3346 4912 lJoan.
3369 4898 3384 4920 ,
3433 4874 3500 4922 Il,
3533 4855 3620 4911 l3.

2403 4926 2580 4998 Neque
2619 4929 2882 4979 ambitum.
2934 4927 3046 4982 lloe
3085 4937 3200 4991 est,
3249 4929 3299 4982 id
3326 4942 3485 4984 omne
3523 4928 3664 4998 quod
3707 4926 3906 4982 mundo

2319 4997 2553 5053 ambitur
2607 5007 2659 5052 et
2706 4998 3028 5053 continetur.
3079 4998 3316 5054 Joannes
3360 4999 3498 5053 dixit
3521 4997 3552 5066 ,ί
3591 5017 3652 5056 ea
3691 5016 3805 5064 qua:
3851 5001 3906 5052 iu

2319 5071 2511 5124 mundo
2577 5081 2714 5126 sunt.
2785 5069 3148 5124 'l‘ertullianus
3213 5080 3268 5126 et
3321 5068 3620 5142 Cyprianus
3683 5073 3902 5134 dixere,

2321 5157 2506 5209 pantptt
2536 5142 2744 5196 diaboli.
2797 5143 2918 5197 litt}.

2394 5213 2642 5268 Observas
2686 5215 2982 5268 mandatum
3009 5213 3252 5268 hominis.
3289 5214 3552 5268 Discernit
3584 5214 3728 5270 inter
3752 5230 3900 5270 nian-

2319 5282 2440 5336 data
2482 5284 2612 5350 Dei,
2653 5296 2706 5339 ct
2751 5287 2997 5338 mandata
3055 5287 3167 5340 sive
3221 5286 3533 5341 traditiones
3583 5286 3898 5348 hominum;

2317 5355 2456 5429 quod
2501 5359 2834 5410 ostendimus
2861 5357 3156 5423 S:t'pi:55itl|e
3201 5357 3396 5412 factum
3423 5374 3450 5411 a
3480 5357 3748 5429 Cypriauo
3771 5400 3785 5423 ,
3819 5374 3902 5413 se.

2317 5427 2550 5498 cundum
2579 5441 2842 5498 pra-cepta
2865 5429 2901 5482 P
2921 5429 3008 5481 mli
3058 5429 3178 5483 lito.

2391 5497 2502 5572 Quo
2535 5497 2764 5572 doctores
2807 5518 2899 5572 ora
2946 5501 3272 5569 proclndunt.
3313 5499 3379 5555 Et
3416 5499 3549 5555 ﬁunt
3579 5501 3744 5572 muti,
3794 5516 3898 5557 non

2315 5569 2556 5624 vah-lites
2584 5571 2798 5626 latrare.
2850 5571 2969 5627 lite.

2389 5637 2480 5714 Me
2504 5657 2618 5693 vcrn
2649 5644 2988 5697 dicentem....
3028 5641 3262 5714 prospice
3289 5661 3561 5700 summum.
3592 5639 3675 5701 Au
3717 5643 3897 5714 igitur.

2314 5712 2572 5766 mendicus
2605 5714 2791 5767 Clu-isti
2819 5731 2872 5766 se
2900 5731 3152 5768 summum
3180 5713 3358 5770 dixit?
3382 5717 3508 5786 Leg.
3544 5716 3630 5770 Me
3671 5712 3789 5770 uera
3816 5716 3898 5769 di-

2314 5793 2488 5854 cente,
2533 5786 2660 5837 sicut
2703 5787 2916 5851 teneris,
2956 5787 3187 5854 prospice
3229 5804 3503 5841 suinmuui.
3535 5786 3650 5840 Meo
3692 5790 3895 5842 monitu

2313 5853 2506 5926 ductus
2531 5898 2544 5918 ,
2595 5857 2735 5918 Deo,
2781 5859 2917 5910 sicut
2949 5873 3042 5926 par
3073 5853 3191 5919 est,
3223 5867 3388 5914 temet
3426 5857 3668 5922 addicas,
3715 5857 3890 5912 DAVIS.

2383 5923 2631 6001 _Pr03pice
2677 5923 2961 6001 summum;
2993 5927 3364 6001 Ahissimum;
3396 5930 3562 5986 Deum
3609 5940 3720 6001 ept.
3751 5945 3891 5986 max.

2311 5998 2400 6069 qui
2428 5995 2776 6054 est'sumtnus
2805 6000 3015 6055 Doctor.
3045 5995 3162 6054 liis.
