4060 6306
252 418 359 476 ets
468 422 544 496 (ν.
574 420 728 497 993.)

255 537 426 609 Ipsius
451 547 538 595 est
568 548 800 610 tempus,
833 550 890 595 et
914 556 1015 596 nos
1042 540 1095 597 in
1124 549 1412 614 utrumque
1438 558 1719 615 gerentes:

255 631 323 689 Ut
348 633 394 688 si
426 633 621 690 bellum
646 635 817 701 abest,
847 634 902 690 in
933 650 1061 706 pace
1088 647 1349 709 martyres
1375 638 1546 694 ibunt.

250 722 402 779 Multi
429 724 642 797 quidem
670 735 854 782 errant
881 726 1122 784 dicentes
1156 748 1168 782 :
1192 728 1463 801 Sanguine
1490 741 1692 799 nostro,

257 816 494 874 Vicimus
524 806 791 890 lniqtium,
820 837 929 891 quo
959 833 1207 879 manente
1244 826 1460 882 vincere
1484 827 1691 882 nolunt.

251 910 579 967 Obsidiaudo
611 913 768 983 perit,
795 924 851 971 et
878 915 1000 971 ideo
1024 916 1187 971 sentit
1209 916 1461 984 iniquus:

250 1002 545 1075 Legitimus
574 1014 752 1061 autem
781 1020 887 1061 non
919 1007 1080 1062 sentit
1112 1023 1301 1078 pinnas
1320 1010 1557 1066 adnotes.

252 1094 576 1167 Ejulatuque
598 1097 825 1154 zelando
852 1109 1039 1169 peetus
1071 1105 1258 1172 pugnis
1282 1102 1565 1171 pertunde.

253 1186 405 1243 Nunc
427 1187 472 1243 si
496 1188 791 1245 benefactis
813 1191 1027 1256 viceris,
1054 1202 1258 1266 martyr
1284 1193 1336 1250 in
1365 1193 1476 1249 illo.

249 1281 333 1339 Tu
363 1299 491 1356 ergo
517 1286 606 1355 qui
632 1287 829 1357 quieris
861 1289 1176 1361 martyrium
1206 1288 1397 1344 tollere
1422 1289 1616 1358 verbo,

248 1377 309 1435 In
339 1394 469 1453 pace
498 1387 549 1436 te
570 1384 706 1436 vesti
738 1381 934 1448 bonis;
967 1391 1023 1438 et
1047 1393 1165 1439 esto
1185 1397 1426 1439 securus.

606 1531 754 1573 LXIII.
772 1547 845 1559 —
859 1533 1068 1574 Βιιιιηι
1105 1533 1486 1575 εοττωιλκυιι.

256 1652 577 1725 Belligerare
605 1656 823 1726 quaeris.
853 1655 1046 1722 stulte,
1077 1658 1397 1728 quasi’bella
1427 1658 1723 1729 quiescant.

253 1744 333 1801 Ex
360 1746 691 1818 protoplasto
721 1747 808 1803 die
839 1755 1103 1820 pugnatur
1126 1750 1177 1803 in
1201 1749 1306 1805 line
1332 1750 1506 1806 vobis.

252 1834 443 1901 Libido
478 1837 795 1908 pr:ecipitat,
828 1838 1026 1893 bellum
1053 1848 1156 1905 est,
1190 1855 1363 1911 pugna
1392 1856 1513 1895 cum
1544 1839 1659 1896 illo.

253 1926 491 1984 Luxuria
521 1928 729 1994 suadet,
760 1930 1003 1999 abutere,
1032 1931 1231 1987 bellum
1259 1932 1460 1988 vicisti.

256 2019 393 2078 Vino
421 2024 640 2094 copioso
661 2038 839 2094 parce,
874 2040 941 2079 ne
963 2040 1061 2096 per
1083 2024 1231 2080 illum
1262 2025 1462 2099 (illud)
1490 2026 1731 2083 aberres.

253 2113 521 2170 Maledicti
550 2117 723 2172 retine
750 2117 1007 2189 linguam,
1037 2118 1178 2174 unde
1211 2118 1494 2175 Dominum
1522 2121 1737 2177 adoras.

250 2208 548 2280 Compesce
575 2210 813 2268 furorem
846 2231 859 2267 :
894 2212 1172 2283 paciﬁcum
1203 2213 1367 2269 redde
1395 2223 1446 2269 te
1473 2218 1700 2271 cunctis.

253 2296 552 2372 Oppressos
579 2304 811 2359 miseriis
846 2304 1151 2375 deprimere
1173 2314 1316 2361 cave‘
1332 2306 1586 2363 minores.

252 2396 513 2453 Tutorem
540 2400 891 2454 accommoda
921 2410 1149 2467 tantum,
1179 2410 1232 2455 et
1257 2400 1364 2454 noli
1393 2416 1606 2457 nocere.

253 2491 497 2547 Tramite
524 2506 618 2546 vos
641 2504 789 2549 recto
814 2493 990 2549 ducite
1019 2495 1232 2550 sincero
1262 2509 1371 2564 prte
1401 2495 1537 2550 zelo.

258 2582 316 2638 ln
348 2583 454 2638 tuis
473 2582 677 2637 divitiis
697 2597 907 2639 comem
935 2594 987 2639 te
1013 2580 1421 2657 redde'pusillis.

258 2676 335 2731 De
366 2676 547 2732 labore
576 2687 665 2731 tuo
693 2676 857 2744 dona,
890 2677 1090 2733 nttdum
1120 2681 1254 2734 vesti
1289 2698 1302 2734 :
1334 2682 1413 2736 sic
1440 2682 1641 2737 vinces.

255 2768 486 2826 Insidias
516 2768 646 2824 nulli
679 2768 862 2833 facias,
895 2770 983 2840 qui
1016 2770 1128 2826 Deo
1154 2770 1413 2829 deservis.

259 2862 454 2936 Aspice
482 2863 818 2936 principium,
849 2864 989 2920 unde
1020 2866 1183 2936 periit
1207 2866 1416 2923 invidus
1440 2866 1631 2924 hostis.

1422 427 1784 487 ADVERSUS
1819 429 2129 489 GENTIUM
2171 433 2370 489 DEOS.

1869 1973 1919 2033 B

3015 436 3091 508 (v.
3132 435 3318 507 ton.)
3427 433 3536 489 250

1855 550 1908 609 Α
1934 548 2049 605 Νοη
2075 565 2195 604 sum
2223 565 2322 621 ego
2347 549 2557 616 doctor,
2589 549 2685 606 sed
2717 550 2803 606 lex
2828 549 2988 607 docet
3017 550 3129 620 ipsa
3152 550 3459 607 clamando.

1940 642 2112 697 Verba
2140 644 2283 713 geris
2306 653 2450 700 tanta
2479 659 2631 706 vane,
2658 644 2749 715 qui
2781 647 2881 699 sub
2902 660 3009 701 uno
3039 653 3314 700 momento

1938 735 2248 809 Martyrium
2280 738 2478 809 qtneris
2504 739 2706 794 otiosus
2730 738 2920 795 tollere
2943 738 3176 795 Christo.

2222 891 2364 930 LXIV.
2397 891 2554 930 -ΒΕ
2593 890 2726 931 κειο
2763 887 3241 931 CONCUPIICENTIE.

1943 988 2074 1043 Dum
2102 990 2271 1059 cupis,
2297 988 2419 1045 inde
2446 990 2623 1057 peris;
2654 988 2780 1044 dum
2809 988 2966 1044 ardes
2993 987 3220 1059 proximi
3247 986 3363 1043 zelo
3394 1004 3408 1042 :

1943 1083 2223 1155 Extinguis
2252 1094 2305 1139 te
2335 1087 2507 1155 ipsum
2544 1086 2758 1155 quando
2788 1096 2838 1140 te
2872 1084 3113 1141 incendis
3143 1083 3212 1139 ab
3243 1084 3412 1139 intus.

1944 1177 2150 1233 Zelaris
2179 1178 2364 1241 alium,
2392 1178 2591 1243 invide,
2623 1178 2690 1235 de
2720 1180 2860 1234 malo
2883 1179 3250 1242 laborantem;

1946 1272 2011 1326 Et
2038 1281 2088 1326 te
2117 1286 2298 1342 parem
2327 1273 2584 1341 concupis
2610 1270 2725 1328 fieri
2757 1272 2997 1343 pecunia:
3029 1282 3211 1327 tantae.

1944 1365 2054 1421 Lex
2076 1366 2155 1420 sic
2182 1382 2285 1419 non
2317 1365 2542 1435 aspicit:
2572 1365 2697 1419 dum
2726 1364 2877 1419 illum
2905 1365 3218 1420 incumbere
3241 1364 3463 1435 quatris,

1945 1459 2136 1515 Omnia
2161 1473 2477 1529 suspensus,
2508 1459 2643 1513 vivis
2675 1459 2727 1513 in
2758 1458 2955 1515 ardore
2982 1458 3279 1515 lucrorum.

1945 1551 2187 1625 Cumque
2213 1569 2336 1609 reus
2360 1552 2451 1608 tibi
2480 1554 2577 1617 sis.
2607 1554 2780 1624 ipsum
2813 1564 2864 1609 te
2888 1553 3070 1624 judice
3093 1553 3337 1609 damnas.

1946 1646 2235 1702 Oculorum
2256 1649 2401 1702 acies
2430 1662 2718 1719 numquam
2744 1648 2968 1703 satiatur
2997 1663 3180 1703 avara.

1946 1737 2096 1794 Nunc
2115 1753 2243 1809 ergo
2262 1739 2306 1795 si
2336 1738 2525 1796 redeas
2554 1749 2607 1795 et
2634 1741 2858 1811 cogites,
2892 1755 3024 1795 vana
3051 1738 3247 1811 cupido
3288 1748 3391 1796 est.

1949 1922 2104 1979 Unde
2136 1925 2274 1980 Deus
2302 1925 2499 1981 clamat
2531 1943 2544 1979 :
2578 1924 2749 1981 Stulte
2776 1926 2878 1982 hac
2905 1934 3062 1982 nocte
3091 1927 3323 1995 vocaris,

1948 2015 2077 2071 Post
2102 2027 2153 2072 te
2175 2032 2319 2072 mors
2344 2018 2449 2071 ruit
2479 2037 2492 2072 :
2520 2018 2676 2086 cujus
2705 2027 2862 2073 erunt
2888 2019 2988 2074 ista
3020 2019 3221 2074 talenta
3239 2021 3264 2073 ’ἔ

1951 2115 2007 2169 In
2038 2129 2284 2184 suprema
2315 2114 2448 2170 :edis
2479 2116 2673 2186 injusta
2703 2115 2848 2169 lucra
2879 2113 3184 2170 condendo.

1850 2194 1879 2207 ί
1953 2209 2213 2279 Suggeret
2239 2223 2360 2264 cum
2388 2208 2615 2264 Domino
2643 2208 2927 2279 unicuique
2953 2211 3061 2263 vita
3087 2208 3305 2265 diurna.

1951 2307 2237 2373 Congestet
2267 2305 2404 2359 alius
2432 2321 2446 2358 :
2480 2314 2536 2359 tu
2568 2305 2704 2359 bene
2736 2307 2915 2360 vivere
2939 2317 3140 2374 qurere.

1954 2396 2019 2451 Et
2048 2397 2142 2452 Dei
2171 2412 2264 2452 cor
2288 2399 2557 2460 conscius,
2585 2412 2711 2468 ages
2739 2413 2903 2468 super
2927 2396 3106 2452 omnia
3138 2395 3325 2451 vietor.

1953 2489 2063 2545 Nec
2091 2491 2232 2546 enim
2260 2490 2381 2547 dico
2403 2501 2460 2546 ut
2491 2502 2545 2548 te
2571 2494 2622 2547 in
2656 2492 2813 2547 trivio
2836 2492 3074 2557 tinnitus,

1954 2589 2089 2643 Cum
2117 2602 2216 2659 pro
2245 2587 2332 2644 die
2363 2598 2455 2643 tuo
2484 2587 2694 2657 vigilas,
2725 2588 2840 2642 sine
2866 2585 3053 2640 fraude
3084 2584 3331 2641 vivendo.

1954 2680 2011 2735 ln
2040 2694 2162 2735 esca
2191 2681 2328 2751 perit
2353 2681 2490 2747 avis,
2523 2690 2615 2735 aut
2644 2680 2811 2735 lueret
2832 2678 3130 2750 improvida
3159 2680 3330 2735 visco.

1955 2775 2233 2830 Arbitrare
2264 2776 2356 2830 tibi
2386 2774 2703 2845 simpliciter
2730 2771 2886 2828 valde
2913 2772 3227 2827 cavendum.

1957 2866 2231 2923 Excedant
2258 2867 2350 2922 alii
2378 2866 2535 2923 linem
2568 2886 2580 2921 :
2612 2876 2665 2921 ttt
2684 2866 2930 2939 prospice
2951 2880 3183 2936 semper.

1534 2980 2095 3053 COMMENTARIUS.
2117 3006 2121 3011 ο

332 3099 506 3170 Ipsius
524 3105 597 3152 est
620 3104 835 3166 tempus.
869 3094 1341 3170 Persecutio_nis_e_t
1372 3097 1537 3170 pacis.
1570 3098 1692 3153 Βία.

334 3166 400 3227 Et
421 3188 512 3226 nos
533 3170 587 3223 in
610 3178 876 3236 utrumque
894 3175 1137 3237 gerentes.
1166 3167 1271 3238 Ipsi
1297 3166 1515 3223 Christo
1537 3171 1837 3225 serviamus

261 3243 314 3299 in
340 3259 467 3310 pace
496 3253 551 3297 et
578 3240 734 3293 bello.
770 3240 886 3310 lito.

333 3314 395 3371 Si
415 3313 600 3369 bellum
621 3312 778 3365 abest.
810 3309 863 3366 St
899 3312 1203 3379 persecutio
1232 3320 1426 3365 cessat.
1452 3312 1572 3367 Rto.

331 3386 396 3441 In
443 3400 567 3449 pace
602 3393 847 3452 martyres
877 3381 1051 3453 ibunt.
1088 3381 1158 3438 Ut
1198 3397 1382 3449 supra,
1427 3381 1680 3453 Martyres
1732 3384 1843 3437 sine

261 3458 544 3527 sanguine:
586 3453 915 3527 quibusetsi
959 3452 1179 3527 defuere.
1209 3462 1492 3511 tormenta.
1533 3452 1633 3527 etsi
1674 3453 1844 3510 defuit

262 3523 539 3600 tytauuus,
574 3523 873 3600 non_defuit
896 3525 1107 3579 animus
1133 3526 1393 3580 adversus
1432 3525 1684 3591 quaelibet
1730 3536 1839 3580 tor-

264 3595 441 3654 menta
470 3597 636 3652 fortis.
676 3595 793 3652 th.

338 3669 450 3738 Quo
480 3677 710 3721 manente
756 3669 887 3721 vine.
936 3668 1042 3723 uol.
1086 3666 1348 3738 Manente
1383 3665 1573 3737 lniquo
1623 3668 1844 3723 vincere

262 3737 473 3804 nolunt,
505 3738 793 3810 deficiunt,
837 3756 943 3793 tton
985 3748 1221 3810 perstant
1253 3737 1453 3804 infide,
1483 3748 1801 3794 evertuntur
1822 3781 1837 3805 ,

260 3814 582 3881 dejieintttur
600 3809 668 3864 de
698 3809 818 3863 fide.
854 3811 971 3881 lito.

338 3882 652 3938 Obsidiando
679 3882 806 3947 perit
843 3879 1078 3951 Iniquus.
1105 3881 1186 3936 01)
1218 3880 1397 3936 idione
1423 3882 1673 3935 diuturna
1699 3891 1841 3935 sata-

260 3971 361 4011 nas
385 3954 524 4009 circa
555 3952 900 4006 fortissimum
945 3952 1296 4008 christianum
1348 3952 1559 4007 tandem
1593 3952 1844 4023 fatigatur

259 4038 315 4083 et
344 4025 617 4090 frangitur.
652 4023 766 4078 lite.

338 4096 614 4167 Legitimus
651 4104 837 4167 autem.
864 4094 1243 4167 Fortissimus
1268 4093 1633 4157 Christianus,
1666 4109 1846 4167 verus

259 4164 514 4233 atltlt-tes,
554 4164 718 4234 probe
753 4166 944 4232 fidelis,
980 4180 1083 4220 nun
1110 4165 1358 4228 vincitur,
1405 4181 1508 4217 non
1539 4165 1701 4219 sentit
1732 4180 1845 4234 pa:-

263 4257 358 4297 nas
390 4240 500 4308 ipsa
534 4246 794 4308 tormenta
819 4245 1052 4307 superat.
1083 4237 1204 4293 lite.

336 4306 664 4382 Ejalatuqne
692 4306 906 4361 solando
932 4318 1062 4374 pect.
1100 4326 1220 4378 pug.
1264 4310 1529 4382 pertunde.
1576 4306 1845 4382 Ejulatttm

262 4379 418 4439 suum
448 4379 729 4449 castigabit
753 4382 959 4447 pugnis,
992 4392 1039 4433 et
1073 4394 1182 4440 pra:
1208 4380 1326 4433 zelo
1349 4390 1606 4433 clamore
1637 4379 1845 4433 Domini

261 4455 461 4509 zelabit
490 4460 716 4506 mortem
769 4450 898 4521 Sap.
920 4492 934 4513 ,
965 4468 1002 4517 ι,
1034 4451 1121 4505 12.
1157 4451 1274 4507 lito.

336 4522 998 4603 Martyrium.Martyrium
1030 4523 1253 4603 subire_:_.
1271 4531 1561 4603 martyrem
1592 4522 1727 4576 fieri.
1759 4521 1847 4577 Sic

1943 3109 1997 3155 et
2030 3115 2155 3155 vere
2186 3109 2421 3173 martyr,
2443 3101 2533 3170 qui
2579 3099 2838 3173 extinguit
2866 3099 3095 3173 interius
3122 3097 3427 3173 incendium
3457 3099 3548 3154 in-

1941 3173 2101 3227 vitlize
2142 3170 2358 3243 propter
2404 3172 2688 3227 Dominum
2730 3171 2935 3225 .Iesttm.
2987 3190 3006 3243 ξ
3058 3170 3124 3223 Ει
3165 3171 3329 3240 paulo
3377 3180 3540 3243 post:

1954 3261 1972 3294 ι
2006 3241 2310 3299 Certamina
2342 3244 2499 3313 igitur
2522 3243 2810 3297 cottidiana
2840 3248 2965 3313 sunt
2996 3241 3119 3303 ista,
3153 3256 3274 3311 quae
3303 3255 3401 3308 per
3429 3242 3549 3313 dies

1948 3325 2003 3370 et
2045 3326 2230 3369 noctes
2282 3311 2405 3369 sunt
2455 3314 2627 3370 nobis.
2685 3333 2704 3365 ι
2766 3311 2967 3368 Deinde
3013 3314 3249 3438 apponi}:
3280 3312 3547 3383 exempla.

3253 3398 3326 3438 te.

3253 3398 3326 3439 ιθ.

2018 3457 2331 3528 Bettigerare
2374 3458 2581 3528 auaris.
2634 3457 2860 3512 Temere
2887 3466 2943 3512 et
2968 3455 3186 3528 furiose
3220 3455 3287 3508 ad
3340 3462 3548 3526 marty-

1949 3529 2086 3600 riutn
2120 3526 2250 3589 ruis.
2298 3526 2563 3600 inquietus
2592 3540 2645 3583 et
2678 3528 2937 3583 turbidus.
2966 3526 3087 3600 Βις.

2018 3599 2289 3663 Compesce
2318 3596 2562 3671 furorem.
2592 3600 2711 3655 Noli
2741 3598 3172 3671 contrarl‘uriatte
3202 3598 3400 3671 mentis
3448 3596 3549 3651 ad-

1948 3674 2241 3727 versarium
2276 3668 2563 3737 rcfnriari;
2622 3688 2719 3726 nec
2764 3668 3107 3724 tnaledieenti
3138 3668 3547 3735 retnaletlicerc,

1950 3758 2049 3798 nec
2079 3745 2389 3798 retnortlere
2421 3744 2778 3797 mordentem.
2814 3742 2930 3797 [tto-

2022 3815 2235 3868 Sinrero
2261 3831 2367 3882 prae
2389 3815 2518 3869 zelo.
2548 3813 2602 3868 lo
2630 3830 2817 3883 apogr.
2847 3815 3042 3867 sincero
3066 3811 3309 3882 perscclo.
3344 3809 3467 3866 th.

2024 3884 2232 3940 Otiosus
2289 3884 2509 3940 Christo.
2571 3885 2671 3953 Qui
2724 3886 2883 3939 nullis
2930 3883 3183 3953 operibus
3234 3896 3392 3936 vaces
3431 3896 3551 3952 qua:

1950 3957 2216 4013 mandatis-
2241 3957 2437 4011 Christi
2466 3962 2829 4011 continentur.
2862 3956 2979 4011 lito.

2024 4028 2155 4082 Dum
2194 4029 2338 4081 illum
2393 4029 2679 4082 incumbere
2704 4028 2909 4099 ameris.
2944 4028 3258 4082 lncumhere
3289 4024 3341 4079 in
3371 4024 3543 4091 illum,

1952 4109 2221 4170 tamquam
2246 4101 2296 4152 itt
2323 4101 2579 4168 prmdatu.
2607 4100 2725 4155 lito.

2023 4171 2084 4225 Si
2116 4170 2311 4225 redeas.
2346 4170 2427 4224 Atl
2461 4181 2624 4225 temet
2652 4171 2847 4240 ipsum.
2891 4170 3014 4227 th.

2025 4242 2211 4308 Stulte,
2246 4243 2352 4317 pltat:
2397 4254 2541 4296 nocte
2569 4244 2784 4297 uocaris.
2810 4241 2967 4296 Luem
2998 4257 3090 4307 xtt,
3119 4240 3189 4317 9.9
3220 4258 3235 4293 :
3270 4243 3552 4317 Ταύτῃ-ζῇ

1950 4320 2096 4371 νυκτὶ
2115 4319 2203 4372 τήν
2226 4314 2407 4387 ψυχήν
2428 4337 2523 4370 σου
2546 4318 2854 4387 ἀπαιτῶσιν
2876 4317 2978 4387 ἀπὸ
3004 4319 3120 4368 σοῦ.
3139 4310 3437 4387 Cyprianus
3455 4310 3553 4366 lib'.

1950 4389 2018 4441 de
2044 4388 2218 4457 Opere
2239 4383 2612 4441 i-tEleemos.
2646 4405 2659 4438 :
2687 4384 2878 4448 Stulte,
2911 4385 3006 4437 Itnc
3036 4394 3187 4457 nocte
3201 4383 3555 4457 expostulatur

1950 4452 2121 4512 animi:
2149 4468 2242 4528 tua
2266 4474 2284 4511 :
2313 4474 2427 4528 qua:
2453 4474 2572 4527 ergo
2607 4457 2822 4527 parasti,
2853 4457 2931 4508 cui
2958 4454 3144 4528 erant?
3173 4452 3429 4528 Martialis
3453 4468 3548 4528 _vtt,

1951 4529 2021 4585 44
2074 4546 2086 4583 :
2130 4527 2297 4599 Rape,
2325 4523 2578 4599 'congere,
2608 4523 2802 4598 aufer,
2860 4527 3060 4593 posside
3103 4540 3121 4578 :
3162 4523 3552 4591 relinquendum

263 4592 719 4667 loquiturgversio
768 4594 953 4667 Latina
1006 4592 1431 4667 vetttsl'lusebii
1488 4592 1626 4667 cars.
1688 4605 2047 4665 opus-D331.

261 4664 388 4724 culo
413 4668 480 4722 de
510 4665 766 4720 Resurr.t
798 4664 906 4719 :in
939 4666 1026 4735 qui
1053 4665 1323 4729 occiditur,
1353 4677 1414 4719 .et
1458 4665 1505 4719 ei
1541 4666 1629 4731 qui
1655 4675 1851 4735 marty-

261 4742 396 4795 rium
428 4739 577 4792 toltit.
616 4737 735 4792 Βιο.

334 4809 536 4865 Bellum
594 4806 959 4863 Cottidianum.
1020 4807 1261 4863 Hominis
1310 4807 1442 4874 vita,
1508 4806 1693 4862 militia
1749 4817 1853 4862 est.

259 4886 624 4957 πειρατήριον..
662 4879 779 4957 Jolti
812 4895 902 4941 vu.
956 4879 1190 4957 _1-__ll_anc
1237 4893 1362 4932 vero
1390 4879 1710 4957 sententiam
1740 4877 1856 4933 fuse

260 4943 571 5021 exsequitur
598 4950 883 5025 Arrianus
904 4952 967 5025 ad
1000 4949 1318 5025 Epictetum.
1351 4965 1429 5013 ut,
1471 4965 1520 5002 c.
1545 4950 1614 5025 24
1648 4966 1663 5002 :
1695 4960 1854 5025 Στρα-

257 5029 372 5083 τεία
397 5027 474 5085 τίς
503 5027 640 5080 ἐστιν
670 5022 695 5077 ὁ
723 5022 1101 5097 βξοςᾼέκάστου,
1130 5026 1216 5077 καὶ
1262 5023 1392 5080 αὐτή
1417 5024 1593 5097 μακρά
1618 5026 1704 5097 mi
1730 5022 1851 5075 πῖοιο

259 5100 392 5159 κίλη.
437 5109 569 5153 etc..
600 5093 728 5164 pag.
753 5093 876 5148 174.
910 5096 1035 5149 llaec
1067 5095 1418 5161 philosophus
1448 5093 1534 5145 ille
1576 5093 1850 5164 profanus,

259 5173 351 5239 qtti
382 5169 586 5239 litteras
603 5163 829 5239 nostras
856 5164 1262 5239 _at_tigcrat_._l£st
1294 5172 1478 5239 autem
1526 5163 1695 5239 multo
1725 5176 1850 5228 per-

260 5234 452 5295 feetior
467 5237 722 5306 sapientia
740 5234 961 5302 Christi,
988 5236 1126 5305 apud
1151 5234 1459 5306 Eusebium,
1488 5235 1855 5303 septitnoopu-

263 5304 543 5366 sculorum
563 5323 681 5377 qum
709 5304 1034 5360 Sirtuonttus
1053 5306 1214 5360 edidit
1266 5304 1447 5377 Latina
1478 5307 1852 5377 versionean-

264 5381 431 5450 tiqtta.
466 5375 668 5433 Gratius
694 5379 735 5430 si
770 5395 871 5431 ttott
891 5380 1000 5446 jam
1031 5378 1302 5439 interiere,
1334 5376 1508 5432 adhuc
1537 5375 1847 5450 latentibus,

262 5446 387 5522 pag.
417 5450 558 5505 255:
585 5468 603 5500 t
638 5451 864 5519 Semper
886 5452 1185 5518 persecutio
1210 5461 1313 5512 est,
1344 5463 1556 5513 semper
1577 5446 1850 5522 invisibile

263 5517 464 5579 bellum
494 5522 738 5580 habetur,
771 5517 991 5588 semper
1019 5535 1241 5582 corona.
1288 5532 1501 5589 Semper
1544 5517 1845 5587 abuegatio.

263 5594 440 5649 Vultis
471 5593 651 5646 videre
694 5599 981 5645 certamina
1013 5592 1411 5661 religimitatis?
1439 5591 1847 5659 Nonnumquam

260 5665 509 5721 cll'etbnit
532 5663 648 5732 quis
680 5663 754 5715 ira
781 5663 1036 5717 adversus
1061 5664 1330 5717 subditum
1352 5662 1489 5725 sibi;
1522 5675 1849 5716 rememora-

260 5747 348 5793 ttts
372 5751 550 5789 autem
579 5733 808 5793 Domini.
841 5734 1087 5801 deposuit
1112 5734 1455 5789 act-rbitateut
1487 5751 1499 5785 ε
1530 5734 1681 5802 pejus
1702 5732 1845 5786 enim

255 5820 340 5862 est
368 5806 565 5863 fervori
592 5806 827 5858 incensa:
846 5805 938 5859 ira:
961 5808 1230 5869 resistere,
1264 5820 1419 5875 quam
1453 5804 1681 5859 flaturum
1709 5802 1846 5873 ignis

254 5897 376 5950 qua:
403 5895 431 5932 a
458 5878 590 5932 foris
631 5876 877 5950 habetur.
909 5877 1038 5942 Quia
1066 5878 1223 5950 igitur
1246 5887 1464 5950 martyr
1493 5885 1576 5950 est
1602 5875 1689 5947 qui
1718 5890 1845 5944 pro-

255 5941 373 6021 pter
404 5952 569 6007 Deum
612 5947 679 6003 ad
711 5941 1035 6006 exteriorem
1066 5941 1334 6009 flammam
1354 5941 1592 6014 rosistit;
1618 5941 1846 6017 'ma'rtyr

2033 4670 2063 4725 1
2069 4688 2100 4726 tt
2128 4688 2367 4743 suprema
2394 4671 2539 4743 tedis.
2574 4669 2704 4743 Luc.
2735 4668 2800 4743 in_
2820 4668 3109 4743 apothecas.
3141 4666 3261 4743 lito.

2033 4737 2281 4815 Suggéret
2306 4759 2421 4815 cum
2465 4741 2982 4815 Dont‘ino‘unicutque
3008 4738 3112 4815 uita
3140 4737 3345 4791 diurna.
3375 4737 3552 4815 Locus

1958 4816 2011 4869 in
2040 4810 2234 4869 mendo
2258 4814 2436 4879 cubat,
2464 4812 2559 4867 sed
2581 4810 2734 4866 facile
2757 4819 2931 4880 potest
2950 4811 3002 4865 in
3026 4810 3293 4879 integrum
3315 4810 3549 4867 reStitui.

1957 4887 2087 4957 Leg.
2119 4902 2133 4939 :

2080 5029 2332 5091 Suggeret
2354 5040 2461 5076 cum
2487 5024 2722 5076 Dominus
2745 5026 3009 5085 unicuique
3035 5027 3182 5077 vitam
3205 5024 3451 5077 diurnam.

1956 5156 2089 5212 Vide
2122 5154 2302 5209 Matth.
2343 5170 2412 5221 vt,
2445 5155 2536 5218 5i;
2584 5153 2711 5208 Luc.
2760 5170 2860 5217 xu,
2902 5153 3000 5226 9.9.7
3059 5152 3234 5207 Vitam
3284 5169 3381 5226 pro
3424 5155 3556 5210 rictu

1955 5229 2135 5296 posuit
2165 5228 2602 5281 Cotumodianns.
2662 5227 2898 5280 Donatus
2940 5225 3006 5279 ad
3049 5226 3282 5280 'I‘erentii
3330 5225 3545 5279 Phorm.

1953 5302 2077 5353 Act.
2103 5315 2138 5363 ι,
2172 5298 2330 5355 Scen.
2364 5314 2439 5355 tu.
2481 5298 2544 5352 l2
2575 5316 2587 5351 :
2628 5296 2740 5350 Vita
2771 5306 2815 5352 et
2858 5314 3020 5350 mores
3047 5297 3327 5364 signiﬁcat.
3358 5309 3403 5349 et
3429 5300 3546 5350 ani-

1954 5387 2111 5436 mant,
2158 5382 2203 5423 et
2250 5370 2567 5437 alimentum,
2618 5379 2667 5424 et
2708 5369 2931 5439 spatium
2971 5368 3187 5427 vivendi.
3218 5378 3264 5421 et
3290 5372 3550 5437 fortunam

1952 5442 2262 5512 occidentem
2313 5442 2611 5495 viventibus.
2675 5439 2847 5496 Simili
2919 5439 3079 5493 modo
3131 5439 3241 5512 βίον
3292 5439 3551 5495 adhibent

1952 5510 2144 5567 Gru'ci.
2181 5514 2361 5567 DAVIS.

2028 5583 2095 5639 Ut
2126 5595 2171 5638 te
2200 5586 2254 5638 in
2283 5585 2431 5638 trivio
2476 5586 2700 5639 tinnites.
2730 5581 3022 5651 Captandat
3054 5579 3346 5648 plebecnlte
3373 5582 3548 5652 gratia

1951 5672 2070 5709 cum
2103 5657 2456 5710 tintinualutln
2486 5655 2719 5711 incedas.
2751 5654 2868 5707 lito.
2892 5683 2956 5692 —-
2976 5652 3161 5706 Deleto
3207 5656 3550 5721 pronomine.

1950 5726 2231 5798 legendum
2270 5747 2282 5783 :
2316 5726 2382 5782 Ut
2431 5729 2483 5781 in
2529 5729 2673 5781 trivio
2712 5726 2932 5778 tiuuites.
2994 5723 3124 5778 Vide
3168 5724 3354 5849 hi;t)ltlt.
3384 5740 3459 5790 Vt,
3486 5723 3548 5779 ‘2.

3267 5810 3405 5849 AVIS.

3246 5799 3405 5851 ναις.

2022 5870 2340 5944 Simpliciter
2378 5870 2533 5944 valde
2574 5866 2872 5944 canendum.
2920 5865 3195 5944 Columba:
3235 5864 3553 5944 simplicita-

1950 5950 2077 6012 tem,
2108 5938 2372 6014 serpentis
2402 5940 2685 6012 prudentia
2715 5951 3015 6011 temperare
3045 5939 3232 5997 debes.
3262 5938 3386 5997 Rm.
