4060 6350
300 502 408 565 255
518 508 594 585 (ν.
637 508 822 582 ιοεδ.)

297 619 495 677 Susum
530 625 889 694 intendentes,
918 642 1132 699 semper
1158 628 1270 686 Deo
1298 642 1509 689 summo
1537 631 1738 688 devoti.

298 714 436 771 Tuta
466 718 577 776 Deo
602 722 809 779 reddite
835 730 986 777 sacra
1013 716 1308 779 ministeria
1330 740 1460 791 arte,

301 809 484 868 Rebus
514 813 566 869 in
594 814 821 871 diversis
848 817 1151 887 exemplum
1177 816 1307 873 dare
1337 820 1528 889 parati.

298 898 559 961 lnclinate
583 914 745 975 caput
769 915 1004 963 vestrum
1031 908 1331 978 pastoribus
1363 909 1483 980 ipsi.

298 992 391 1050 Sic
410 994 524 1063 fiet,
556 1005 613 1052 ut
643 998 857 1055 Christo
879 1001 1096 1071 possitis
1121 1014 1242 1056 esse
1268 1002 1496 1074 probati.

731 1132 875 1172 ιιιχ.
904 1147 972 1158 -
993 1134 1314 1175 ΡΑδΤοωΒυε
1353 1103 1478 1177 DEI;

297 1228 490 1286 Pastor
509 1230 556 1285 si
585 1231 867 1289 confessus
892 1233 1070 1301 fuerit,
1098 1237 1395 1308 geminavit
1431 1253 1682 1310 agonem.

296 1323 592 1394 Apostolus
617 1336 795 1381 autem
831 1327 965 1382 tales
987 1328 1138 1398 jubet
1163 1344 1285 1385 esse
1317 1332 1597 1401 magistros
1628 1350 1641 1386 :

301 1412 384 1471 Sit
419 1418 621 1487 patiens
651 1428 850 1485 rector,
881 1419 1016 1474 sciat
1045 1420 1132 1475 ubi
1162 1419 1308 1476 frena
1339 1423 1597 1479 remittat.

302 1507 528 1564 Terreat
554 1509 614 1564 in
642 1510 847 1579 primis,
877 1521 930 1566 et
958 1522 1140 1581 postea
1174 1514 1333 1569 melle
1360 1500 1639 1586 pertingat'.

303 1602 673 1675 Observetque
702 1606 848 1675 prius
866 1615 920 1660 ut
948 1604 1102 1662 faciat
1130 1608 1245 1676 ipse
1264 1624 1382 1679 qua:
1403 1608 1551 1663 dicit.

295 1696 563 1753 Redditur
583 1698 637 1753 in
664 1698 818 1768 culpa
842 1709 1025 1768 pastor
1043 1699 1326 1755 saecularia
1357 1706 1605 1768 servans,

296 1790 356 1846 In
378 1789 570 1847 faciem
588 1792 741 1863 cujus
768 1792 843 1847 sis
865 1807 1026 1848 ausus
1044 1793 1225 1852 dicere
1242 1793 1554 1866 quidquam.

297 1880 464 1938 Bullit
491 1882 545 1938 in
570 1883 783 1940 inferno
812 1884 1118 1940 rumoribus
1147 1888 1260 1956 ipsa
1287 1886 1553 1957 gehenna.

301 1972 398 2029 Va:
425 1974 638 2030 miserae
661 1976 823 2045 plebi,
855 1975 1013 2031 dubia
1038 1990 1158 2047 quae
1184 1975 1361 2033 fronte
1383 1978 1616 2034 vacillat.

296 2064 358 2123 Si
384 2068 508 2123 talis
525 2068 699 2124 aderit
725 2079 928 2139 pastor,
963 2084 1121 2141 pmne
1144 2071 1351 2143 perdita
1380 2080 1516 2135 stat;

294 2158 538 2215 Devotus
560 2170 736 2215 autem
760 2163 1003 2217 continet
1021 2205 1035 2228 ,
1069 2173 1217 2218 recte
1242 2164 1569 2235 gubernans.

293 2250 684 2307 Exhilarantur
707 2254 955 2309 examina
984 2255 1200 2326 regibus
1229 2258 1389 2326 aptis.

260 2343 356 2399 .ln
388 2344 604 2415 talibus,
626 2360 753 2417 spes
782 2356 885 2413 est,
910 2356 964 2402 et
990 2348 1125 2403 vivit
1156 2348 1395 2405 Ecclesia
1423 2358 1555 2406 tota.

650 2482 772 2522 Lxx.
802 2498 873 2509 —
898 2482 1181 2525 uuomaus
1200 2474 1357 2525 ants
1379 2482 1521 2525 meo.

294 2576 382 2633 Me
403 2578 575 2634 solum
603 2577 848 2650 exposcit
871 2590 1082 2650 tempus
1107 2581 1260 2638 vobis
1285 2580 1467 2638 dicere
1503 2596 1711 2637 verum.

1458 514 1823 575 ADVERSUS
1860 500 2169 577 sesima
2209 516 2401 581 suos.

3059 526 3135 605 (ν’.
3176 516 3368 602 4102.)
3472 525 3580 587 254

1909 630 1961 697 Δ
1990 635 2071 691 Αἰ)
2093 653 2199 693 uno
2220 654 2365 710 smpe
2395 652 2659 713 monetur,
2685 648 2827 716 quod
2855 646 3009 702 mulli
3040 632 3367 704 detrectant.

1992 725 2049 781 In
2073 742 2161 785 me
2187 731 2361 787 solum
2392 734 2515 790 volo
2546 735 2666 791 odia
2693 738 3010 795 convertere
3039 736 3242 807 vestra,

1992 820 2240 879 Omnium
2271 835 2329 881 ut
2356 837 2585 899 paveant
2608 830 2900 900 prtecordia
2932 838 3275 888 tentatorem.

1992 911 2257 987 Respicite
2284 914 2512 989 dictum,
2537 922 2679 993 quod
2706 925 2907 979 veritas
2936 923 3057 980 odia
3087 916 3260 981 tollat.

1991 1005 2108 1062 Jam
2135 1010 2353 1079 praedixi
2384 1012 2600 1083 quidem
2634 1012 2699 1070 de
2733 1030 2863 1086 pace
2888 1016 3113 1073 subdola
3146 1025 3367 1088 quanta.

1991 1099 2281 1159 Blandiens
2310 1103 2437 1160 dum
2461 1107 2614 1163 vobis
2639 1108 2931 1180 subrepsit,
2948 1109 3074 1176 heu,
3104 1110 3376 1168 seductor.

1995 1195 2105 1252 Vos
2127 1199 2249 1268 quia
2267 1200 2514 1256 nescistis
2543 1202 2761 1273 laqueos
2790 1202 3013 1269 instare,
3046 1204 3253 1259 ruistis.

1994 1292 2246 1350 Sorbetis-
2262 1295 2491 1350 omnino
2509 1310 2688 1351 amara
2708 1339 2723 1365 ,
2754 1294 2850 1353 sed
2879 1307 2962 1352 est
2990 1297 3174 1356 saeculi
3206 1299 3403 1369 ipsum.

1992 1384 2108 1441 Non
2134 1387 2304 1457 gratis
2328 1388 2458 1458 agit,
2493 1396 2589 1458 pro
2610 1402 2717 1459 quo
2738 1384 3094 1455 interceditis,
3120 1389 3279 1448 ullus.

1994 1477 2078 1531 Ab
2105 1476 2228 1549 igne
2258 1478 2349 1549 qui
2379 1474 2593 1553 refugit,
2620 1480 2729 1550 agit
2759 1478 2809 1534 in
2834 1482 3111 1551 voragine,
3144 1487 3325 1536 Vestro
3357 1500 3370 1539 :

1995 1572 2146 1629 Tunc
2170 1574 2301 1644 petit
2321 1574 2624 1644 supp‘etium
2658 1572 2823 1631 miser
2849 1570 3149 1630 denudatus
3175 1590 3204 1629 a
3229 1575 3402 1632 vobis.

1992 1666 2100 1737 Ipsi
2113 1668 2224 1738 jam
2252 1668 2572 1724 horrescunt
2592 1665 2805 1737 judices
2836 1666 3139 1738 pecdlanIia
3168 1676 3368 1724 vestra.

1996 1851 2075 1907 De
2102 1851 2339 1907 breviori
2367 1852 2522 1907 titulo
2549 1860 2654 1906 non
2688 1856 2763 1906 tot
2793 1851 3083 1918 inarar’eth,

1995 1944 2265 2015 Inspicitis
2293 1942 2551 2001 docentes
2574 1943 2769 2015 quibus
2795 1950 2891 2000 vos
2922 1938 3143 2000 tenditis
3172 1936 3315 2001 ultro
3348 1965 3362 2001 :

1920 2042 1966 2103 B
1995 2041 2128 2096 Cum
2158 2041 2288 2111 ipsis
2312 2046 2366 2094 et
2385 2040 2571 2109 epulas
2592 2038 2803 2109 capitis,
2833 2047 2887 2094 et
2910 2038 3127 2110 pascitis
3158 2036 3322 2110 ipsos.

1988 2131 2069 2189 οι)
2092 2148 2155 2190 ea
2174 2132 2287 2206 jam
2321 2142 2663 2202 terram
2692 2131 3041 2189 mentiente
3070 2132 3303 2189 intratis.

2358 2327 2509 2371 ιιιι.
2539 2342 2609 2355 -·
2628 2327 2893 2379 turtan
2909 2327 2989 2371 810
3012 2327 3202 2376 νιβηιι.

1995 2489 2242 2548 infirmus
2263 2490 2308 2547 si
2331 2490 2493 2548 fuerit
2513 2489 2706 2559 frater;
2723 2491 2793 2548 de
2812 2506 3049 2566 paupere
3069 2492 3194 2551 dico
3214 2509 3230 2563 ;

1643 2693 2202 2753 COMMENTARIUS.

300 2812 498 2869 Christi
522 2814 789 2887 plerisque
807 2817 861 2888 in
884 2817 1129 2873 ecclesiis
1150 2814 1371 2873 Diaconi
1398 2816 1716 2884 offerebant,
1743 2815 1889 2888 quod

298 2894 488 2957 postea
530 2888 750 2942 vetitum
796 2887 1004 2942 Coucil.
1058 2891 1342 2945 arelatensi
1372 2906 1424 2954 t,
1455 2906 1575 2956 cap.
1610 2889 1721 2945 l5:
1759 2887 1778 2941 ἀ
1815 2889 1891 2943 De

303 2958 547 3013 draconis
566 2973 704 3029 quos
719 2961 1066 3029 eognovimus
1092 2961 1272 3015 multis
1298 2962 1429 3016 locis
1451 2960 1667 3017 offerre.
1697 2958 1893 3028 placuit

305 3029 528 3084 minime
554 3028 671 3084 ﬁeri
693 3028 912 3085 debere.
953 3050 975 3084 ι
1010 3032 1211 3087 Arelat.
1252 3047 1312 3094 tt,
1345 3033 1452 3087 i5:
1488 3050 1507 3085 ‹
1538 3031 1606 3087 Ut
1634 3031 1892 3085 diaconus

307 3100 364 3172 in
386 3102 676 3156 secretario
697 3103 834 3156 inter
849 3102 1198 3172 Presbyteros
1225 3118 1333 3157 non
1360 3103 1548 3157 sedeat
1575 3119 1588 3155 :
1618 3113 1670 3156 et
1694 3115 1893 3169 corpus

306 3167 505 3243 Christi
532 3182 796 3242 praesente
828 3167 1141 3243 presbylero
1169 3174 1379 3229 tradere
1410 3189 1513 3227 non
1546 3167 1885 3243 praesumat.»

2065 2817 2367 2893 Mammeos
2410 2816 2777 2893 ueris.r1'ales
2822 2824 2977 2893 erant
3021 2821 3319 2890 primores,
3349 2820 3582 2893 patroni,

1992 2889 2318 2966 locupletes,
2349 2891 2439 2962 qui
2467 2892 2742 2947 tenuiores
2764 2893 2818 2947 in
2845 2889 3152 2947 clientelam
3179 2907 3332 2949 suam
3350 2889 3583 2966 'recipieé

1994 2960 2155 3086 mitti
2178 2959 2348 3086 ῗέιῗηι
2373 3033 2515 3088 tot...
2534 3042 2589 3086 ut
2612 3033 2781 3101 ριατεέ
2800 3034 2963 3089 auare
2991 3033 3203 3089 Domini
3233 3036 3579 3103 circumdata,

1995 3102 2166 3173 inquit
2192 3102 2555 3178 Tertulliaitius
2577 3104 2838 3178 aduersus
2859 3106 3237 3178 psyeh‘ieorm
3255 3102 3582 3178 gloriosissié

1996 3189 2137 3228 tuam
2170 3175 2586 3239 multitudinem,
2618 3176 2711 3231 lib‘.
2739 3176 2809 3229 de
2834 3177 3017 3231 Pudic.
3050 3176 3167 3233 Ilio.

307 3240 462 3297 Unde
492 3240 731 3325 sequitur
762 3240 1003 3299 absente'
1036 3247 1378 3325 presbytero,
1428 3240 1732 3325 tradidisse.
1779 3242 1893 3297 Hoc
1921 3262 1966 3325 ρ
2017 3315 2029 3325 ι
2070 3244 2144 3298 Ab
2162 3247 2672 3325 uiteswpe._ln_|ta_ne
2692 3250 3011 3302 sententiam
3033 3249 3294 3303 fabulatur
3323 3246 3582 3307 Phaedrus

305 3327 438 3386 yero
491 3317 804 3386 mysterium
852 3326 1000 3371 caste
1029 3313 1269 3371 exerceri
1296 3316 1406 3368 vult
1454 3313 1890 3368 Commodianus.

305 3383 405 3440 Rus
430 3383 637 3442 —Vide
661 3388 916 3441 adnotata
941 3390 1187 3455 superius
1213 3386 1278 3441 ad
1296 3386 1455 3442 lustr.
1490 3402 1655 3449 xxxv,
1684 3401 1732 3438 v.
1766 3386 1905 3445 545.,

377 3455 572 3511 Susum
593 3459 927 3513 intendentes.
959 3460 1133 3514 Adisis
1159 3459 1293 3513 infra
1322 3458 1607 3527 Rigaltium
1639 3457 1705 3510 ad
1735 3455 1893 3512 lustr.

305 3543 507 3590 Lxxvn,
543 3545 594 3582 v.
630 3531 790 3585 1204.

234 3610 241 3621 ’
375 3597 547 3655 Rebus
590 3602 644 3655 in
690 3602 922 3656 diversis.
972 3600 1235 3655 Diversum
1264 3610 1457 3669 partem
1486 3614 1583 3670 pro
1627 3600 1892 3654 contraria

302 3670 505 3726 dixisse
534 3681 765 3733 veteres.
818 3673 985 3741 probe
1009 3672 1226 3743 quidem
1258 3686 1374 3743 seio
1400 3689 1415 3727 :
1444 3671 1535 3743 sed
1567 3687 1646 3743 res
1674 3670 1895 3743 diversas

301 3758 369 3796 eo
398 3758 557 3796 sensu
590 3744 781 3813 legisse
823 3760 909 3798 me
945 3741 1050 3797 non
1084 3744 1323 3797 memini.
1352 3741 1707 3800 Scribendutu
1740 3757 1755 3794 :
1788 3741 1892 3797 Rs-

300 3814 401 3883 bus
426 3815 477 3865 in
506 3815 728 3868 adversis
749 3815 1032 3882 exentplum
1058 3816 1181 3869 dare
1204 3816 1392 3883 parati.
1426 3813 1605 3868 DM’IS.

378 3882 567 3937 Pastor
590 3886 633 3938 si
660 3887 942 3956 confessus.
965 3884 1019 3940 Si
1047 3885 1114 3938 de
1138 3882 1351 3956 nomine
1375 3883 1893 3956 interrogatusclare

300 3961 358 4008 et
384 3965 694 4009 constanter
728 3954 1102 4024 responderit:
1134 3958 1264 4009 Sum
1304 3955 1649 4009 christianos.
1687 3954 1744 4009 Si
1771 3955 1893 4010 thus

300 4039 509 4079 acet-rm
558 4025 906 4096 profanorum
954 4027 1230 4093 imponere
1270 4026 1488 4092 jussus,
1531 4026 1741 4081 fortiter
1793 4026 1890 4080 ab-

297 4097 523 4152 nuendo
552 4098 862 4151 clamaverit
897 4116 910 4152 :
941 4097 1055 4152 Non
1085 4097 1238 4151 facio.
1270 4098 1389 4152 th.

373 4166 667 4223 chularia
688 4185 915 4222 servans.
939 4169 1037 4235 Qui
1070 4186 1129 4223 se
1150 4170 1324 4221 adhuc
1346 4167 1691 4222 saecularibus
1712 4168 1889 4222 immi-

297 4253 469 4294 sceat.
491 4240 778 4295 Szccularia
797 4239 1184 4308 dicitopposita
1205 4237 1441 4304 Christo,
1460 4240 1888 4293 antichristiana.

297 4310 582 4365 Contraria
634 4322 757 4365 sunt
796 4309 1044 4365 Christus
1074 4322 1124 4365 et
1158 4311 1413 4364 smcnlum
1439 4351 1454 4375 ,
1503 4312 1617 4365 sive
1641 4314 1887 4366 Satanas.

293 4379 543 4437 Christus
572 4398 832 4451 personas
855 4399 960 4437 non
977 4384 1216 4450 respicit;
1244 4381 1498 4437 sacculum
1530 4382 1643 4435 sive
1664 4384 1890 4437 Satanas

293 4452 540 4523 loquitur
587 4454 918 4509 nobilitatem
947 4496 961 4519 ,
1020 4455 1468 4523 generositatem,
1521 4456 1885 4523 magistratus.

294 4522 545 4579 Christus
571 4524 984 4593 simplicitatem,
1011 4522 1065 4579 et
1084 4533 1321 4579 sanctam
1353 4522 1718 4593 paupertatem
1752 4542 1765 4580 :
1789 4540 1891 4579 sac-

293 4594 477 4650 culum
530 4596 765 4652 divitias.
821 4596 1065 4651 Christus
1121 4596 1891 4664 benignitatcm,_misericor-

2001 3315 2167 3386 Aug.,
2199 3317 2292 3369 lib.
2329 3332 2401 3382 tv,
2426 3318 2558 3373 Fab.
2582 3320 2621 3374 5
2650 3332 2665 3371 :
2889 3373 2905 3383 ,

2086 3436 2117 3452 ,_,
2208 3387 2328 3437 Plus
2351 3400 2463 3438 esse
2485 3391 2535 3438 in
2556 3398 2653 3439 une
2670 3400 2823 3451 saepe,
2842 3403 2985 3452 quam
3007 3395 3056 3441 in
3081 3390 3239 3451 turba,
3259 3391 3390 3440 boui.

2074 3449 2186 3505 Hac
2249 3461 2426 3505 autem
2496 3449 2873 3507 instructione'
2904 3449 3323 3509 Commodiauus
3392 3470 3578 3511 eorum

1998 3522 2085 3594 qui
2136 3524 2275 3576 inter
2317 3524 2415 3594 aevi
2468 3525 2547 3576 sui
2599 3524 2921 3579 christianos
2966 3522 3283 3579 auctoritate
3309 3526 3580 3594 pollebant

1998 3593 2122 3646 vitia
2149 3595 2338 3664 carpit.
2369 3592 2477 3650 Sed
2505 3603 2559 3648 et
2584 3604 2790 3649 euuctts
2821 3598 3015 3662 passim
3046 3592 3486 3652 instructionibus
3513 3598 3581 3653 de

1999 3664 2240 3732 neglecta
2270 3666 2553 3738 disciplina
2583 3674 2730 3738 tante
2760 3666 3165 3738 cordisaﬂ’ectu
3193 3668 3417 3738 zeltupte
3464 3668 3577 3722 itis-

1997 3737 2155 3795 serit.
2190 3748 2244 3790 ut
2272 3738 2353 3790 sui
2385 3737 2566 3792 saeculi
2595 3737 2904 3793 chri~tianis
2931 3737 3363 3807 desperationem
3391 3738 3579 3794 salutis

1997 3806 2420 3880 incutiat.Sensit
2435 3809 2636 3863 oraculi
2656 3810 2935 3864 veritatem
2952 3806 3284 3871 Gennadius.
3298 3812 3580 3880 episcopus

1993 3877 2369 3939 massiliensis,
2412 3896 2509 3932 nec
2548 3879 2799 3950 amolitus
2838 3892 2923 3935 est
2958 3882 3165 3950 quidem
3191 3877 3429 3936 vaticinii
3469 3877 3581 3937 sive

1994 3950 2229 4022 querela:
2253 3951 2542 4022 triatitiam,
2568 3951 2661 4022 sed
2684 3949 3129 4007 Commodianmn
3153 3954 3329 4022 ipsum
3350 3955 3578 4019 posteris

1997 4019 2231 4093 tradens,
2257 4021 2360 4075 hoc
2383 4020 2691 4076 discrimine
2737 4023 2859 4076 fecit
2888 4019 3377 4093 insigncm.‘Neque
3401 4034 3576 4079 tamen

1996 4090 2093 4161 ista
2128 4090 2224 4146 fuit
2253 4094 2418 4155 solius
2456 4092 2828 4153 Commediani
2859 4090 3099 4161 querela.
3127 4094 3261 4149 Nam
3294 4090 3351 4150 et
3393 4104 3577 4161 pacem

1995 4159 2562 4237 Ecclesitcsnbdolam
2609 4167 2767 4234 paulo
2806 4159 2932 4221 ante
2967 4165 3267 4237 Cyprianus
3318 4159 3579 4237 opusculo

1994 4246 2095 4307 suo
2132 4233 2201 4288 de
2252 4235 2439 4307 Lapsis
2491 4245 2743 4303 arguerat
2780 4253 2791 4287 :
2835 4248 2889 4292 et
2938 4233 3279 4307 postmodum
3306 4233 3578 4306 sulpicius

1994 4300 2229 4361 Severus
2249 4300 2496 4361 Historia:
2523 4300 2689 4363 sacra!
2718 4308 2881 4362 libros
2907 4300 3036 4363 suos
3062 4310 3161 4362 hac
3188 4318 3334 4364 certe
3357 4300 3578 4363 misera-

1994 4372 2088 4428 bili
2124 4375 2499 4451 deploratione
2532 4378 2798 4434 conclusit
2825 4397 2838 4432 :
2879 4398 2899 4429 ι
2929 4380 2997 4434 Et
3022 4395 3191 4441 nunc,
3225 4381 3423 4451 inquit,
3454 4394 3576 4434 cum

1994 4446 2228 4521 maxime
2273 4448 2557 4504 discordiis
2581 4451 2957 4521 episc0porum
3001 4452 3201 4505 turbari
3244 4446 3335 4507 aut
3361 4451 3576 4506 misceri

1992 4519 2172 4592 omnia
2201 4532 2582 4586 cernerentur;
2614 4519 2912 4589 cunctaque
2941 4537 3036 4592 per
3061 4536 3158 4575 eos
3183 4521 3309 4576 odio
3328 4530 3420 4592 aut
3445 4534 3576 4589 gra-

1995 4588 2096 4651 tia,
2126 4599 2302 4655 metu,
2336 4592 2690 4645 inconstantia
2713 4632 2729 4654 ,
2762 4588 2958 4645 invidia
2978 4634 2993 4657 ,
3028 4592 3259 4647 factione
3280 4634 3294 4655 ,
3326 4588 3570 4656 libidine,

292 4666 461 4726 diam.
510 4668 758 4736 pietatem
791 4686 803 4719 :
838 4667 1065 4723 Satanas
1096 4661 1276 4735 regna,
1314 4661 1572 4726 ultiones,
1608 4667 1876 4734 pet-lidius,
1909 4664 1962 4725 Β
1987 4661 2230 4723 avaritia,
2254 4666 2810 4736 arrogantia,somno,
2834 4663 3037 4717 desidia
3056 4671 3237 4716 essent
3257 4664 3570 4736 depravata;

293 4738 530 4806 rapinas,
565 4739 832 4799 incendia.
875 4739 1193 4805 triumphos.
1223 4736 1376 4790 Plura
1406 4736 1473 4791 de
1500 4738 1615 4792 istis
1638 4740 1881 4795 ostendi-

293 4824 414 4881 mus
445 4811 668 4879 epistola
716 4808 927 4876 praeﬁxa
956 4808 1178 4863 editioni
1224 4817 1422 4863 nostra:
1448 4806 1734 4877 Cypriani,
1762 4827 1881 4881 qua:

292 4879 365 4933 ab
413 4881 612 4936 SlCCUlt)
658 4880 1029 4936 Commodiani
1074 4894 1340 4934 summum
1384 4884 1594 4949 cepisse
1632 4879 1881 4938 videntur

292 4950 709 5007 incrementum.
737 4951 858 5007 Rto.

365 5021 535 5089 Plebi,
560 5025 714 5078 dubia
735 5037 850 5089 quae
866 5027 1032 5089 fronte
1053 5022 1202 5076 vacil.
1221 5022 1309 5077 Ait
1327 5020 1744 5078 Comtnodianus
1760 5039 1880 5092 pas-

294 5103 439 5165 tores
460 5137 476 5156 ,
508 5096 789 5164 episeopos
815 5135 827 5155 ,
862 5095 1226 5165 presbyteros,
1276 5096 1506 5147 frontem
1548 5108 1670 5149 esse
1700 5096 1880 5164 papuli

292 5164 569 5219 christiani
605 5186 617 5221 :
652 5168 850 5235 itaque,
881 5175 937 5219 ut
984 5164 1036 5219 in
1065 5167 1179 5219 acie
1229 5165 1467 5226 militari,
1499 5165 1685 5236 primis
1730 5167 1877 5219 ordi-

293 5237 455 5291 nibus
492 5238 832 5291 collocandm
874 5252 996 5291 esse
1047 5236 1243 5290 milites
1285 5236 1626 5297 fortissimos,
1654 5239 1742 5305 qui
1772 5238 1880 5294 sint

292 5307 546 5377 exemplo
565 5310 794 5363 caeteris.
812 5307 1171 5362 Tertullianus
1197 5307 1289 5361 lib.
1310 5306 1377 5362 de
1405 5305 1545 5376 Fuga
1575 5306 1714 5364 :Sed
1726 5325 1878 5376 quum

292 5378 649 5452 ipsiductores
667 5421 682 5445 ,
712 5379 765 5452 id
793 5389 862 5432 est
890 5379 989 5447 ipsi
1017 5380 1217 5432 diaconi
1237 5421 1251 5438 ,
1278 5377 1554 5452 presbyteri
1586 5389 1630 5452 et
1655 5382 1877 5452 episcopi

294 5448 528 5521 fugiunt;
552 5450 662 5519 quis
688 5450 750 5502 de
775 5452 1006 5521 gregario
1026 5466 1233 5503 numero
1255 5448 1536 5515 sustinebit,
1562 5451 1631 5504 ad
1659 5448 1877 5521 gradum

293 5520 348 5572 in
378 5523 487 5589 acie
512 5521 765 5589 ﬁgendum
793 5520 1078 5583 suadentes.
1103 5529 1208 5576 etc.
1253 5521 1374 5576 illo.

365 5588 592 5644 Devotus
613 5603 798 5666 autem.
822 5591 1003 5666 [sonus
1020 5590 1109 5647 ille
1131 5603 1335 5663 pastor,
1362 5595 1449 5663 qui
1476 5593 1622 5666 ponit
1643 5594 1874 5650 animam

291 5678 445 5719 suam
474 5678 571 5731 pro
597 5663 802 5717 ovibus.
829 5662 949 5720 th.

366 5732 617 5860 (luminat.
646 5732 839 5787 Totum
859 5735 998 5791 ovile
1024 5738 1263 5792 continet
1285 5737 1335 5791 in
1359 5736 1582 5809 vestigio
1600 5736 1722 5793 fidei
1746 5751 1874 5791 cons

366 5815 510 5859 ittlts.
601 5820 667 5860 IG.

293 5805 510 5862 stantis.
550 5805 667 5860 litt}.

367 5874 629 5950 Examina
653 5876 851 5945 regibus
879 5880 1033 5949 aptis.
1068 5880 1278 5935 Etenim
1308 5879 1484 5950 apium
1521 5880 1765 5936 examina
1788 5895 1874 5935 re-

292 5964 437 6023 gem,
469 5951 581 6023 sive
602 5949 814 6023 ducem,
845 5965 1069 6021 quaeque
1096 5967 1251 6011 suum
1266 5949 1465 6008 habere
1486 5953 1753 6009 dicuntur.
1772 5950 1873 6023 Cy‘

295 6021 468 6090 prinn.
493 6021 590 6092 Ep.
614 6020 705 6079 U9.
726 6019 863 6099 Βισ.⁵

1990 4742 2260 4798 postremo
2288 4734 2468 4801 plures
2496 4735 2781 4790 adversum
2812 4748 3013 4803 paucos
3042 4736 3177 4788 bene
3223 4733 3573 4789 consulentes

1985 4804 2190 4858 insanis
2217 4805 2463 4858 consiliis
2497 4815 2551 4859 et
2582 4804 2947 4875 pertinacibus
2979 4804 3172 4861 studiis
3200 4803 3509 4928 ceti-{abun
3544 4822 3567 4859 ι

3322 4890 3393 4928 to.

3322 4890 3393 4931 IG-

2058 4943 2297 4999 Omnium
2325 4955 2705 5003 testatorem....
2752 4947 3027 5003 Satanam.
3075 4947 3205 5002 lleie
3234 4956 3381 5002 certe
3405 4946 3569 5002 Com-

1983 5015 2266 5072 modianus
2293 5018 2921 5089 incutitdespcrationem
2940 5021 3227 5089 episcopis.
3254 5019 3372 5075 [itc-

2057 5089 2205 5152 Quod
2235 5088 2419 5145 veritas
2456 5092 2577 5144 odia
2618 5090 2783 5146 tollat.
2814 5088 3011 5157 Pariat,
3042 5088 3296 5147 conciliet
3324 5089 3447 5145 sibi.
3481 5089 3569 5145 Sic

1981 5155 2099 5226 ipse
2133 5159 2259 5214 alibi
2290 5161 2447 5226 dixit,
2483 5159 2793 5232 Martyrium
2819 5155 3017 5231 tollere,
3044 5162 3187 5233 quod
3217 5172 3300 5217 est
3329 5170 3566 5230 patrare,

1981 5241 2261 5304 reportare
2299 5234 2538 5303 martyrii
2578 5234 2854 5289 christiani
2882 5236 3129 5304 gloriam.
3166 5233 3281 5289 [ἰεῦ.

2056 5299 2179 5427 Νοᾶ
2200 5307 2361 5372 gratis
2380 5299 2505 5375 agit.
2531 5299 2909 5361 Patrocinium
2926 5318 3162 5363 vestrum
3193 5301 3425 5360 venditis
3454 5317 3570 5357 ina-

2056 5387 2105 5425 ο.
2187 5390 2255 5427 IG.

1978 5385 2105 5441 gito.
2139 5385 2255 5432 HIG.

2058 5438 2357 5519 Petulantia
2395 5461 2577 5505 vestra.
2628 5447 2719 5504 Sic
2746 5450 2940 5519 legitur
2972 5450 3023 5503 in
3061 5444 3414 5519 apographo;
3445 5460 3566 5515 quas

1979 5515 2270 5592 scriptura,
2299 5520 2348 5592 si
2378 5537 2507 5577 vera
2545 5532 2649 5590 est,
2679 5514 2967 5592 peculatum
3009 5514 3206 5575 dixerit
3251 5514 3564 5587 peculatum,

1978 5582 2284 5663 acapnayr'ni.
2319 5590 2439 5648 ηις.

2076 5661 2116 5733 ζι
2147 5661 2362 5724 poscitis
2386 5666 2544 5733 ipsos.
2580 5665 2877 5720 Devoratis.
2911 5662 3029 5718 th.

2048 5730 2223 5787 Terra:
2268 5730 2620 5806 fundamenta.
2670 5735 2901 5806 inferos.
2924 5734 3098 5806 Locus
3132 5732 3325 5806 Esaia),
3358 5749 3407 5785 c.
3452 5748 3560 5806 xiv,
3602 5780 3608 5789 .

1979 5802 2070 5865 15.
2113 5802 2408 5880 secundum
2458 5808 2710 5880 Septuag.
2766 5805 2844 5859 sic
2893 5805 3088 5880 habet:
3135 5811 3235 5880 ne»
3262 5803 3413 5880 8i_ri‘;
3439 5804 3563 5880 ᾁδήν

1977 5878 2251 5951 κὴαταϐἡση
2274 5881 2358 5932 καὶ
2381 5880 2451 5951 εἰς
2471 5880 2537 5932 τὰ
2563 5879 2759 5951 θεμέλιᾳ
2778 5887 2868 5938 τῆς
2893 5886 2995 5951 γῆς
3024 5877 3213 5945 Aquila
3242 5876 3564 5951 ct‘Tltetitlo-

1980 5945 2057 6000 tio
2084 5949 2292 6020 dixere,
2324 5951 2393 6009 εἰς
2423 5945 2623 6005 Mazuca.
2654 5949 2836 6004 Latina
2864 5945 3039 6003 versio
3069 5957 3223 6020 vetus
3253 5967 3265 6001 :
3294 5948 3348 6003 in
3373 5952 3563 6020 {etma-

1982 6027 2153 6077 πωπω
2183 6017 2303 6078 laci.
2349 6020 2558 6080 Glossat
2583 6031 2841 6098 veteres»:
2873 6022 3095 6093 Δάκκος,
3126 6017 3561 6090 ιαειιηηίισαηι
