4060 6332
520 463 643 536 γεδδ
736 462 1049 536 '(v.tteo.)

534 580 714 637 Nolite
743 580 892 637 vacui
921 579 1080 635 talem
1120 578 1339 635 visitare
1363 578 1651 650 jacentem.

536 676 643 730 Fac
666 674 764 730 sub
793 674 902 730 Deo
928 671 1129 728 bonum
1148 715 1163 739 ,
1219 673 1476 744 obsequia
1510 672 1674 730 redde
1706 689 1801 745 per
1826 688 2123 729 nummum.

532 766 663 825 Inde
694 766 976 823 revalescit
996 811 1011 835 ,
1043 767 1151 831 vel,
1185 767 1229 822 si
1260 767 1559 824 conciderit
1589 769 1700 833 ille,

534 859 861 916 Refoveatur
890 858 1052 914 homo
1080 876 1302 931 pauper,
1327 861 1416 932 qui
1447 878 1550 915 non
1585 862 1744 917 habet
1773 861 1915 917 unde

538 949 839 1008 Mercedem
865 950 980 1019 tibi,
1016 966 1113 1021 pro
1144 952 1236 1007 illo
1266 953 1360 1007 sed
1387 952 1636 1009 conditor
1665 954 1811 1009 orbis
1837 965 1892 1009 et
1918 963 2124 1010 auctor.

536 1046 633 1101 Vel
661 1046 705 1101 si
734 1048 942 1118 pigeret
969 1046 1045 1101 ire
1072 1046 1138 1102 ad
1167 1062 1479 1118 pauperem,
1511 1063 1725 1119 semper
1749 1049 1996 1114 abosum,

537 1137 686 1193 Mitte
716 1151 987 1204 nummos,
1017 1146 1073 1193 et
1100 1138 1241 1194 unde
1270 1155 1329 1194 se
1358 1155 1635 1195 resumere
1655 1142 1843 1210 possit.

537 1228 900 1300 Similiterque
926 1245 1083 1286 soror
1107 1232 1151 1286 si
1171 1246 1403 1303 paupera
1430 1232 1572 1288 lecto
1595 1232 1889 1298 decumbit,

537 1323 796 1388 Incipiant
823 1332 1015 1378 vestrae
1041 1332 1300 1379 matrona:
1329 1324 1579 1380 victualia
1610 1324 1771 1381 ferre.

536 1416 749 1472 Clamat
777 1417 892 1487 ipse
921 1416 1060 1472 Deus
1094 1434 1108 1470 :
1140 1416 1350 1489 Frange
1379 1426 1527 1473 tuum
1560 1433 1751 1487 panem
1779 1433 1973 1490 egeno.

539 1508 737 1565 Verbis
765 1524 901 1580 opus
928 1525 1034 1564 non
1062 1520 1145 1565 est
1165 1510 1405 1576 visitare,
1433 1510 1525 1565 sed
1546 1504 1872 1570 benefactis.

537 1599 785 1672 Iniquum
809 1609 913 1669 est,
947 1601 1111 1657 frater
1133 1601 1310 1673 inopia
1335 1603 1511 1658 victus
1534 1611 1775 1675 a'grotet.

539 1696 813 1773 Satagite,
831 1710 934 1750 non
961 1696 1158 1761 verbis,
1185 1712 1334 1752 esum
1359 1708 1651 1771 potumque
1681 1700 1924 1771 requirit.

538 1786 790 1858 Inspicite
817 1788 971 1851 tales,
1005 1789 1101 1845 sed
1130 1778 1279 1846 certe
1305 1792 1631 1859 debilitatos,

536 1878 860 1952 Transigere
885 1895 1008 1938 sese
1027 1883 1118 1953 qui
1143 1899 1248 1939 non
1279 1894 1527 1955 possunt,
1556 1885 1679 1942 date
1702 1887 1951 1943 subinde.

539 1974 587 2031 Λ
626 1974 855 2031 Domino
876 1977 1029 2033 vobis
1057 1978 1301 2050 spondeo
1321 1978 1436 2035 dari
1464 1980 1845 2052 quadruplum.

526 2162 532 2175 .
921 2106 1084 2147 ικιιι.
1120 2118 1195 2134 *-
1223 2108 1547 2150 PAUPBRIBUS
1585 2111 1750 2151 ελκιε.

546 2201 839 2273 Pauperies
862 2217 992 2259 sana
1033 2205 1180 2275 quid,
1217 2207 1317 2261 nisi
1340 2206 1541 2263 divitia:
1569 2207 1780 2263 adsint?

539 2295 646 2351 Ars
675 2305 822 2352 certe
842 2298 887 2352 si
918 2297 1095 2365 fuerit,
1116 2301 1229 2369 jam
1255 2310 1311 2356 et
1339 2310 1393 2356 tu
1418 2303 1755 2358 communica
1777 2302 1951 2359 fratri.

549 2386 722 2443 Unum
746 2397 938 2459 praesta
965 2390 1081 2457 tibi,
1106 2408 1174 2448 ne
1202 2394 1468 2464 superbus
1489 2410 1611 2452 esse
1629 2395 1846 2451 dicaris.

540 2482 828 2550 Polliceor,
863 2486 1113 2557 quoniam
1155 2490 1397 2545 securior
1433 2489 1599 2546 divite
1627 2491 1759 2546 vivis
1790 2511 1803 2545 :

540 2575 749 2649 Excipe
769 2578 1068 2637 doctrinam
1101 2586 1276 2654 magni
1311 2583 1614 2641 Salomonis
1644 2586 1696 2640 io
1718 2602 1899 2643 aures.

539 2667 937 2740 Responsorem
969 2675 1021 2728 in
1054 2674 1165 2729 alto
1194 2674 1308 2731 odit
1335 2676 1476 2733 Deus
1503 2692 1792 2748 pauperem
1820 2694 1940 2736 esse
1969 2698 1982 2734 :

538 2758 743 2819 Idcirco
765 2772 817 2821 te
844 2764 1035 2834 subde,
1065 2777 1121 2824 et
1143 2766 1405 2825 honorem
1432 2770 1596 2827 redde
1614 2772 1837 2842 potenti.

1663 458 2087 520 COMMODIANI
2126 458 2665 520 INSTRUCTIONES

2141 577 2191 637 Λ
2223 576 2455 632 Blandus
2483 578 2627 633 enim
2656 590 2856 647 sermo,
2893 575 3232 648 proverbium
3266 578 3425 644 nosti,
3458 578 3695 649 derigct.

3286 463 3597 538 (v.1145g
3710 460 3823 520 εδδ

2232 671 2473 727 Vincitur
2500 672 2674 727 cilicio
2699 673 2797 727 etsi
2831 672 2989 728 fuerit
3018 673 3094 729 ira
3123 682 3357 737 vetusta.

2228 766 2288 829 Si
2316 765 2489 836 lingua
2520 775 2713 830 taceat,
2741 765 2811 819 nil
2833 765 3023 821 melius
3046 765 3317 821 invenisti.

2233 857 2374 912 Sane
2398 858 2441 910 si
2466 874 2570 911 non
2589 857 2748 912 fuerit
2774 873 2862 912 ars
2886 856 3030 913 unde
3054 858 3159 913 vita
3187 868 3423 930 regatur,

2236 948 2341 1004 Aut
2367 964 2581 1020 operam
2610 951 2812 1021 praebe,
2845 960 2934 1005 aut
2959 965 3195 1015 cursum,
3219 951 3372 1022 jussu
3404 953 3681 1022 potentis:

2304 1044 2420 1100 Non
2452 1046 2647 1117 pudeat
2675 1063 2849 1114 neque
2877 1047 3056 1118 pigeat
3083 1061 3403 1117 procurrere
3427 1062 3645 1105 sanum.

2234 1138 2291 1191 In
2315 1152 2447 1208 gazo
2467 1148 2725 1209 prteterea
2757 1140 2823 1195 de
2851 1139 3033 1194 labore
3058 1141 3274 1196 mittere
3299 1139 3500 1206 debes;

2236 1231 2385 1285 Sicut
2410 1231 2696 1303 singularis
2725 1232 2835 1300 illa,
2873 1247 3032 1304 quam
3063 1234 3295 1303 praetulit
3317 1243 3527 1289 unctus.

2550 1370 2736 1410 LXXIII.
2764 1385 2833 1394 -
2857 1371 3024 1411 FILIOS
3062 1370 3165 1411 NON
3205 1369 3498 1412 LUGENDOS.

2191 1541 2203 1546 _
2239 1471 2498 1525 Filiorum
2529 1485 2685 1525 casus
2715 1470 2840 1525 licet
2867 1482 2920 1525 et
2951 1471 3152 1526 dolium
3180 1469 3360 1527 cordis
3390 1468 3682 1541 relinquat,

2235 1564 2291 1619 In
2322 1564 2487 1633 nigris
2518 1562 2670 1619 exire
2697 1574 2872 1619 tamen
2902 1579 2998 1619 nec
3027 1562 3377 1634 plangerefas
3405 1570 3507 1617 est.

2235 1655 2346 1710 Lex
2383 1654 2674 1725 prudenter
2702 1655 2807 1723 ait,
2836 1655 3016 1710 animo
3046 1670 3143 1710 nec
3166 1669 3381 1726 pompa,
3411 1653 3619 1719 dolere,

2236 1750 2292 1804 In
2325 1749 2699 1805 Salomoniaco
2728 1750 2864 1806 libro
2886 1751 3181 1821 septimana
3207 1750 3376 1805 ﬁnita.

2237 1840 2415 1896 Oblita
2448 1842 2729 1897 Dominum
2762 1844 2829 1897 de
2856 1843 3255 1899 resurrectione
3287 1844 3571 1914 promissa,

2237 1933 2295 1989 Si
2327 1945 2590 2007 martyras
2613 1934 2806 1991 feceris
2834 1936 2995 2001 ﬁlios,
3021 1935 3097 1991 sic
3122 1951 3256 1992 voce
3280 1934 3543 1992 deﬂebis?

2168 2010 2215 2071 Β
2241 2024 2357 2082 Non
2383 2027 2544 2098 pudet
2571 2028 2834 2084 infrenem
2859 2027 3129 2099 gentiliter
3152 2028 3401 2099 plangere
3425 2028 3615 2084 natos?

2237 2120 2311 2175 Os
2335 2120 2560 2188 laceras,
2595 2121 2771 2175 tundis
2794 2130 3003 2191 pectus,
3037 2120 3356 2177 vestimenta
3386 2119 3627 2188 deducis,

2238 2213 2347 2269 Nec
2371 2214 2564 2269 metuis
2596 2214 2876 2269 Dominum
2902 2217 3056 2285 cujus
3074 2223 3229 2284 optas
3252 2230 3473 2286 regnum
3501 2212 3725 2269 videre?

2236 2308 2383 2379 Lege
2409 2308 2550 2379 quod
2578 2307 2658 2363 fas
2680 2318 2764 2364 est
2790 2329 2803 2363 :
2835 2309 2943 2364 noli
2985 2318 3163 2365 tamen
3188 2324 3373 2365 errare
3395 2324 3490 2380 pro
3520 2309 3644 2365 illis.

2236 2400 2346 2457 Vos
2375 2401 2496 2455 ideo
2522 2400 2677 2463 tales.
2710 2400 2850 2471 quod
2880 2401 3057 2456 minus
3076 2416 3235 2473 quam
3261 2410 3449 2472 gentes
3473 2401 3602 2456 estis
3631 2419 3644 2454 :

2234 2492 2488 2548 Germiue
2516 2493 2757 2549 zabolico
2786 2492 2962 2550 facitis
2984 2503 3045 2549 ut
3070 2496 3239 2549 turba:
3269 2503 3542 2565 pronatae;

2233 2585 2512 2641 Extinctos
2532 2587 2775 2641 clamatis
2807 2603 2947 2658 :qua
2971 2588 3177 2657 gratia?
3208 2587 3374 2656 false,
3407 2588 3611 2659 peristi.

2230 2677 2339 2732 Nec
2367 2677 2555 2732 dolore
2582 2678 2733 2732 duxit
2758 2689 2907 2749 pater
2933 2678 3099 2732 ﬁlium
3130 2678 3472 2733 mactandum
3497 2678 3564 2733 ad
3593 2692 3743 2733 aram
3775 2695 3789 2743 ;

2228 2772 2424 2828 Dolore
2451 2787 2551 2829 nec
2581 2783 2728 2829 vates
2752 2771 2917 2828 ﬁlium
2948 2773 3083 2829 lusit
3106 2771 3417 2829 defunctum
3450 2790 3464 2828 :

1902 2886 2465 2945 COMMENTARIUS.

538 3003 773 3059 cisterna.
810 3005 939 3062 Item
979 3026 994 3063 :
1031 3007 1224 3073 Lamte,
1254 3008 1502 3071 πηλώδεις
1538 3010 1706 3065 τόποι.
1759 3009 2122 3065 Tcrtullianus

538 3076 954 3151 dix_i_t,_stagnum
979 3079 1113 3151 ignis
1135 3091 1178 3135 et
1204 3080 1487 3149 sulphuris,
1512 3081 1605 3135 lib.
1634 3080 1702 3134 de
1730 3081 1864 3149 Fug.
1890 3081 2012 3137 th.

540 3216 586 3272 Β
614 3145 1018 3206 Ταιεηιύἱεὶιανὲ
1048 3145 1322 3223 jacenteni.
1368 3145 1654 3217 Clinicum,
1688 3145 2118 3209 Grabbatarium.

592 3234 640 3272 ια

592 3234 640 3275 lG

615 3290 932 3364 Pauperent,
963 3310 1158 3364 semper
1185 3295 1410 3349 obesum.
1443 3295 1738 3364 lmportuui
1769 3295 2047 3358 divitibus,
2076 3305 2131 3350 et

537 3360 706 3436 odiosi
732 3360 915 3419 solent
935 3360 1367 3435 esse'pauperes,
1390 3367 1482 3421 sed
1510 3360 1565 3422 et
1606 3368 1862 3436 proximis
1891 3367 2049 3421 etiam
2076 3378 2132 3421 et

537 3434 746 3490 amicis.
784 3434 1202 3511 φίᾈοιμισῆσουσι
1220 3439 1390 3511 φίλους
1407 3434 1679 3512 πτωχοὺς.
1704 3439 1891 3562 Prata,
1913 3454 2019 3504 xtv,
2036 3438 2129 3492 9.0.

1809 3524 1877 3562 ιϐ.

1809 3524 1877 3564 ια.

615 3577 764 3633 Unde
780 3596 834 3635 se
852 3596 1106 3635 resumere
1126 3581 1303 3648 possit.
1329 3580 1480 3636 Unde
1500 3580 1566 3634 ad
1600 3579 1987 3636 sublevandam
2012 3581 2130 3634 ino-

540 3649 680 3719 piam
711 3666 862 3706 suam
894 3666 1111 3707 sumere
1137 3651 1335 3720 aliquid
1354 3648 1541 3721 possit,
1560 3664 1614 3707 et
1641 3652 2022 3719 simipticulum
2056 3651 2135 3705 fa.

539 3734 667 3775 cere
699 3722 952 3789 parandis
980 3722 1080 3776 sibi
1125 3723 1465 3786 necessariis,
1508 3723 1703 3791 quibus
1731 3724 1912 3778 doleat
1944 3734 2131 3777 natura

547 3792 788 3858 negatis;
819 3808 881 3849 ac
908 3793 1121 3848 tandem
1148 3794 1287 3849 vires
1309 3803 1549 3850 resumet
1572 3810 1717 3849 suas.
1748 3797 1861 3850 lilG.
1886 3824 1959 3833 —
1986 3793 2133 3848 Unde

539 3878 594 3916 se
611 3878 878 3929 resumere,
912 3875 988 3919 etc
1022 3865 1171 3919 Vires
1188 3881 1312 3919 suas
1345 3881 1683 3931 recuperare.
1717 3866 1976 3921 Similiter
1993 3866 2132 3921 Galli

546 3933 733 3988 dicunt
759 3951 817 3990 se
842 3937 1137 4008 reprendrc.
1159 3935 1293 3992 Vide
1316 3937 1440 3992 Car.
1478 3937 1740 4064 DufresBii
1771 3936 2127 3993 Glossarium.

1703 4025 1840 4064 AVIS.

1703 4025 1840 4064 AVIS.

545 4148 584 4203 Γ
627 4076 880 4203 Vicltluolio
895 4078 1049 4149 ferre.
1074 4080 1365 4151 lpselnstr.
1382 4080 1478 4135 ult.
1495 4080 1704 4137 dicet...
1724 4091 1924 4153 portent
1940 4080 2134 4135 victuo-

567 4164 618 4202 to
640 4165 696 4202 co
743 4167 792 4203 ο.

567 4164 618 4202 ια
640 4164 792 4205 σοιιο.

616 4220 951 4293 Paurcntnus
991 4239 1155 4287 suis.
1208 4223 1567 4280 Instructione
1607 4224 1927 4293 prmcedenti
1974 4223 2130 4291 dixit,

543 4291 871 4364 dcinﬁrmis
896 4304 949 4350 et
972 4295 1277 4363 jacentihus
1306 4315 1317 4350 :
1343 4295 1452 4364 jam
1475 4299 1542 4351 tle
1566 4291 1862 4353 valentibus
1885 4304 1941 4350 et
1964 4295 2129 4359 sanis,

544 4363 639 4417 sed
668 4365 880 4433 egenis;
930 4368 1018 4437 qui
1045 4376 1221 4421 tamen
1254 4363 1388 4421 artis
1414 4383 1525 4421 suze
1556 4378 1763 4435 quaestu
1793 4383 1984 4437 parare
2030 4368 2132 4437 subi

548 4448 794 4503 pessum,
823 4436 964 4492 unde
990 4454 1048 4493 se
1074 4440 1385 4495 exaibeant.
1414 4440 1480 4493 Et
1500 4438 1598 4492 hos
1619 4438 1835 4505 quidem
1850 4438 2051 4504 aliquid
2066 4436 2135 4493 de

542 4507 784 4561 subsidio
799 4510 933 4565 artis
950 4525 1061 4564 sua:
1082 4511 1332 4567 conferre
1350 4512 1457 4565 vult
1476 4511 1726 4565 fratribus
1744 4509 1987 4564 inﬁrmis.
2010 4509 2126 4563 th.

618 4577 898 4655 Pauper-itas
945 4599 1091 4637 sano.
1126 4583 1297 4651 Ech.,
1350 4598 1476 4648 xxx,
1513 4582 1598 4636 M.
1632 4584 1849 4655 πτωχὸς
1875 4583 2019 4655 ὑγιής
2049 4585 2134 4635 καὶ

542 4652 748 4727 ἰσχρων
775 4662 837 4727 τῇ
864 4651 985 4720 ἕξει.
1042 4726 1045 4727 ν
1917 4651 1947 4663 ”

642 4723 988 4788 {esponsorem
1032 4726 1085 4779 in
1127 4727 1253 4781 alto.
1287 4727 1388 4793 Qui
1418 4726 1495 4781 sic
1534 4724 1815 4794 respondit
1855 4724 2007 4795 quasi
2036 4723 2134 4779 de-

544 4794 752 4863 spiciat.
785 4797 967 4862 Prov.,
1001 4814 1150 4864 svnt,
1175 4799 1248 4853 25
1272 4817 1285 4853 :
1313 4800 1442 4855 Cum
1469 4794 2136 4868 obsecrationibusyoquitur

546 4879 762 4934 pauper.

619 4883 650 4915 u
691 4883 762 4917 εν.

619 4883 853 4991 BPlandus
899 4940 1034 4992 enim
1074 4957 1257 4994 sermo.
1310 4940 1548 4995 Blandus
1590 4955 1769 4996 sermo
1799 4954 1944 5008 saepe
1989 4938 2133 5005 apud

545 5005 711 5083 iratos
737 5007 1019 5083 plurimum
1046 5012 1208 5083 valet.
1232 5021 1285 5066 et
1305 5013 1473 5083 gratia
1502 5028 1594 5065 sua
1626 5013 1751 5066 facit
1776 5022 1834 5065 ut
1855 5005 2135 5064 subsidant

545 5078 805 5133 iracundo
822 5081 1018 5143 CI‘iSltP,
1047 5091 1102 5134 ut
1120 5078 1617 5147 fervor'detnmeat;
1641 5085 1881 5136 conlutat
1896 5083 2131 5136 animmn

544 5149 789 5204 iracundi
828 5149 1109 5204 fervidum.
1156 5152 1241 5207 Sic
1287 5153 1521 5208 Lucilius
1560 5154 1736 5207 dixit:
1777 5152 1978 5222 (.‘oquus
2004 5154 2130 5207 ahe-

545 5236 667 5296 num
698 5237 815 5296 cum
842 5223 1008 5296 rguit,
1038 5223 1194 5289 paulu
1217 5229 1445 5296 confutet
1475 5224 1746 5296 trtm.‘th

618 5290 850 5363 Deriget.
874 5293 1121 5364 Rigorem
1150 5290 1329 5361 solvit,
1358 5295 1580 5356 emollit,
1614 5294 1803 5348 fundit.
1839 5294 2127 5362 liquefacit.

544 5362 764 5419 Plautus
807 5362 997 5420 eodem
1026 5380 1185 5435 sensu
1217 5366 1350 5421 dixit
1383 5383 1399 5419 :
1430 5367 1665 5434 dirigere.
1696 5367 1746 5419 in
1778 5364 1991 5421 Curcul.
2019 5367 2132 5422 Cli-

546 5448 723 5504 peatus
763 5436 1086 5505 elephantum
1129 5437 1214 5491 ubi
1240 5442 1495 5492 machara
1539 5438 1741 5507 dirigit,
1776 5436 1879 5491 hoc
1923 5448 2021 5495 est.
2058 5441 2131 5494 ita

545 5507 790 5560 discindit
817 5521 906 5562 aut
935 5512 1357 5576 transverberat,
1389 5520 1443 5563 ut
1466 5508 1636 5564 eﬁ'uso
1662 5509 1919 5578 sanguine
1948 5510 2131 5579 prteri-

544 5579 664 5646 gida
699 5579 886 5651 bellua:
914 5583 1081 5635 moles
1112 5582 1464 5646 dissolvatur,
1493 5591 1583 5634 aut
1607 5581 1777 5634 divisa
1825 5592 2130 5651 prosterna-

546 5660 647 5724 tur.
694 5650 901 5724 Glossa:
934 5671 945 5704 :
975 5656 1274 5721 ἀπευθύνω,
1342 5654 1549 5724 Derigo.
1616 5653 1729 5708 RIG.
1777 5650 1849 5691 -ὲ
1896 5651 2133 5722 Respicit

544 5717 963 5777 Commotliantts
990 5727 1054 5779 ad
1086 5724 1235 5779 Prov.
1264 5717 1359 5791 lxv,
1393 5726 1444 5779 ‘l.

618 5791 949 5918 Igt'overbium
973 5798 1125 5851 nosti.
1149 5797 1353 5852 Glussa:
1366 5808 1576 5854 veteres
1602 5814 1614 5851 :
1637 5796 1879 5871 θεολογία,
1902 5793 1993 5849 Dei
2010 5810 2134 5865 pro-

619 5881 628 5892 ·
664 5881 734 5917 ta.

543 5878 734 5917 veruta.

615 5932 683 5988 In
710 5947 1126 6009 gazopraeterea.
1158 5940 1622 6009 SupraJnstruct.
1649 5957 1699 5995 tv
1726 5958 1739 5994 :
1770 5939 1893 5995 Non
1928 5940 2133 5995 domum

543 6022 670 6076 gttzo
693 6007 1119 6077 pttrttlis.Glossa:
1138 6030 1150 6064 :
1169 6007 1329 6081 Gaza,
1351 6018 1623 6090 χρήματα,
1643 6012 1851 6089 «spanis
1871 6011 2133 6070 διαλέκτω.

2223 3007 2522 3077 Cyprianus
2543 3025 2556 3061 :
2583 3006 2644 3060 Et
2661 3007 2968 3060 dominicum
2989 3005 3242 3077 celebrare
3257 3016 3304 3059 te
3320 3005 3506 3067 credis,
3525 3011 3611 3075 qui
3630 3004 3832 3060 Corban

2228 3076 2329 3133 non
2356 3079 2594 3149 respicis?
2613 3078 2893 3133 Commod.
2917 3093 3003 3133 LXI
3030 3095 3042 3130 :
3064 3076 3142 3130 De
3158 3078 3239 3132 die
3260 3078 3516 3202 domitam
3530 3079 3650 3147 quia
3666 3079 3835 3131 dicis?

2232 3159 2338 3202 etc.
3468 3166 3537 3202 ιο.

2232 3159 2338 3205 etc.
3418 3159 3537 3204 tttc.

2154 3216 2199 3280 C
2306 3222 2601 3293 Singularis
2622 3223 2734 3277 illa.
2765 3220 2959 3284 Vidua,
2991 3221 3254 3276 solitaria.

2312 3292 2525 3347 Unctus.
2558 3294 2825 3347 Christus.
2861 3294 3245 3353 Tcrtullianus.
3277 3292 3535 3362 Apolog.,
3587 3307 3707 3363 cap.
3750 3294 3785 3348 '5
3815 3309 3833 3348 ε

2236 3363 2575 3427 Christianus,
2593 3375 2835 3435 quantum
2859 3366 3206 3434 interpretatio
3222 3374 3316 3428 est,
3338 3364 3400 3415 tle
3420 3364 3656 3418 unctione
3671 3365 3837 3417 dedu-

2235 3437 2387 3491 citur.
2411 3437 2613 3490 Nomen
2632 3437 2697 3490 dc
2713 3437 2976 3490 suavitate
3003 3436 3088 3490 vel
3108 3436 3429 3507 benignitate
3449 3437 3834 3560 cili‘mpositum.

3536 3523 3607 3560 IG.

3506 3508 3607 3562 lto.

2312 3579 2375 3633 In
2400 3580 2556 3650 nigris
2585 3580 2741 3633 exire.
2769 3577 2837 3634 Ut
2862 3593 2982 3632 mox
3008 3589 3123 3633 erat
3153 3579 3388 3648 gentium
3431 3579 3652 3633 minimc
3681 3578 3835 3633 chri-

2237 3652 2555 3705 suiauarum.
2601 3650 2774 3705 Julius
2813 3650 3028 3713 Paulus,
3061 3652 3462 3705 Sententiarum
3512 3650 3605 3704 lib.
3655 3667 3691 3713 ι,
3746 3653 3835 3704 ti:.

2236 3723 2303 3777 de
2330 3723 2606 3790 Sepulcris
2630 3733 2684 3777 et
2719 3722 3021 3785 Lugeudis:
3055 3723 3153 3787 Qui
3182 3721 3340 3790 luget,
3364 3722 3613 3775 abstinere
3635 3724 3776 3776 debet
3800 3740 3836 3775 α

2236 3795 2493 3857 conviriis,
2521 3794 2847 3855 ornamentis,
2874 3810 3102 3863 purpura
3121 3804 3169 3847 et
3196 3795 3313 3846 alba
3334 3803 3484 3847 veste.
3508 3796 3636 3847 Atra
3665 3795 3836 3847 vestis

2236 3868 2565 3920 conveniens
2588 3866 2748 3919 lui-tui
2782 3866 2951 3929 color,
2987 3865 3188 3918 tristior
3211 3864 3446 3929 habitus;
3467 3879 3617 3932 Spem
3648 3880 3834 3919 resur-

2237 3937 2492 3991 rectionis
2522 3952 2628 3990 tmn
2663 3937 2960 4002 habebant,
3009 3948 3252 3989 mortuos
3298 3951 3425 3990 suos
3471 3935 3728 4006 lugebant
3773 3945 3831 3989 ut

2237 4010 2477 4077 perditos
2502 4049 2517 4072 ,
2566 4018 2622 4062 ιιι
2687 4008 2797 4078 jam
2857 4014 3051 4061 nullos.
3096 4008 3165 4062 At
3201 4008 3501 4071 christiani,
3531 4008 3618 4076 qui
3648 4006 3835 4063 ﬁdeles

2236 4078 2539 4149 fratresque
2588 4096 2715 4134 suos
2738 4079 2803 4133 ad
2828 4080 2989 4133 vitam
3010 4092 3266 4133 azternam
3298 4078 3575 4147 migrasse,
3606 4079 3829 4140 abiisse,

2239 4155 2581 4226 princessisse
2608 4153 2889 4226 dicebant,
2926 4168 3029 4203 non
3072 4150 3291 4226 exibant
3331 4150 3382 4204 in
3416 4150 3601 4226 nigris,
3643 4151 3700 4226 τὸ
3728 4153 3831 4226 γὰρ

2239 4224 2390 4294 μέλαν
2402 4222 2896 4289 θανατῶδεςλῑειιμιθ
2908 4224 3295 4276 aversabantur
3308 4224 3485 4275 omnia
3501 4221 3834 4294 mortisprac-

2240 4291 2405 4363 Sagra.
2431 4295 2562 4349 Nam
2596 4306 2649 4347 et
2665 4294 2874 4362 nigrum
2901 4294 3028 4347 illud
3051 4304 3103 4346 et
3133 4295 3296 4349 ferale
3329 4294 3378 4346 in
3405 4291 3827 4354 tumulis'l‘heta,

2238 4376 2293 4420 et
2321 4368 2466 4433 nigra
2511 4368 2561 4418 in
2593 4374 2741 4419 veste
2770 4379 3051 4418 senescere
3072 4406 3087 4425 ,
3118 4366 3183 4418 ad
3212 4364 3536 4419 christianos
3563 4363 3828 4432 pertinere

2240 4440 2525 4506 negabant,
2558 4437 2627 4492 tle
2656 4438 2757 4489 vita
2790 4447 2910 4503 post
2944 4452 3224 4490 excessum
3258 4445 3457 4489 :eterna
3485 4445 3682 4506 certos.
3708 4435 3825 4487 th.

2318 4504 2383 4562 In
2416 4508 2774 4562 Salamoniaco
2803 4508 2951 4562 libro.
2982 4507 3140 4562 Liber
3170 4507 3477 4560 inscribitur
3503 4504 3826 4560 Ecclesiasti-

2244 4596 2352 4644 cus,
2384 4579 2650 4645 Sapientia
2676 4578 2799 4631 Jesu
2829 4579 2920 4631 lilii
2938 4581 3145 4633 Strach.
3173 4580 3603 4632 Salomoniacum
3630 4577 3824 4630 librum

2159 4655 2215 4715 D
2244 4661 2402 4706 vocat
2431 4650 2853 4705 Commodianus
2878 4693 2891 4714 ,
2939 4652 3060 4720 quia
3101 4667 3325 4719 guomas
3369 4650 3487 4703 sive
3528 4650 3828 4704 sententias

2241 4723 2480 4778 Contiuet
2500 4722 2565 4775 ad
2588 4722 2891 4786 exemplum
2920 4722 3247 4775 Salomonis.
3281 4721 3397 4777 RIG.

2315 4796 2615 4862 Septimana
2662 4794 2826 4859 ﬁnita.
2882 4793 3267 4853 Ecclesiastici,
3312 4809 3437 4859 χχιι,
3499 4792 3828 4845 15zLuctus

2240 4868 2427 4920 mortui
2448 4875 2635 4934 septem
2652 4865 2779 4917 dies.
2801 4865 2996 4919 Morem
3027 4863 3190 4919 fuisse
3210 4864 3641 4931 antiquissimum
3665 4862 3828 4916 disci-

2240 4955 2358 4992 tnus
2397 4954 2460 4992 ex
2495 4938 2710 4991 historia
2755 4936 2959 5001 Jacobi,
3011 4935 3234 4994 Genes..
3270 4951 3283 4989 l
3318 4937 3404 4999 ll),
3435 4945 3492 4989 et
3519 4950 3580 4988 ex
3615 4934 3678 4988 iis
3707 4942 3825 5002 qum.

2237 5020 2363 5063 sunt
2401 5011 2465 5063 ad
2512 5025 2633 5063 eum
2670 5008 2864 5071 locum,
2893 5016 2948 5060 et
2983 5008 3047 5060 atl
3079 5007 3371 5061 Siracideiu
3400 5007 3467 5059 ab
3494 5006 3667 5060 doctis
3697 5005 3827 5058 viris

2238 5092 2418 5135 notata
2440 5097 2503 5135 cx
2536 5080 2761 5133 Philone
2788 5089 2839 5132 et
2861 5078 3147 5132 Ammiano
3166 5080 3490 5133 illarccilino.
3522 5077 3642 5131 th.

2309 5151 2572 5207 Gentiliter
2599 5150 2855 5221 plangere.
2890 5149 3036 5203 More
3055 5154 3316 5219 gentium.
3341 5149 3541 5204 Paulus
3561 5148 3626 5201 ad
3651 5146 3825 5221 Thcs-

2234 5224 2361 5290 sal.,
2388 5227 2583 5284 mea;
2610 5227 2697 5277 καὶ
2716 5225 2760 5276 οἱ
2786 5224 2969 5294 λοιπαὶ,
2998 5223 3043 5275 οἱ
3063 5228 3131 5294 μὴ
3157 5224 3349 5287 ἕξοντες
3366 5221 3563 5277 ἐλπίδα.
3605 5220 3826 5275 Scilicet

2235 5294 2816 5351 rcSurrectiottis.liIG.
2910 5293 2917 5300 ’

2310 5367 2461 5431 Quod
2510 5367 2679 5419 minus
2705 5383 2856 5430 quam
2901 5373 3073 5436 gentes
3112 5366 3247 5419 estis.
3285 5363 3594 5435 chendum
3636 5381 3650 5418 :
3683 5362 3823 5430 Quid

2234 5439 2401 5491 ntinus
2416 5455 2565 5509 quam
2591 5448 2759 5509 gentes
2782 5438 2921 5509 estis.
2959 5441 3136 5491 luvrs.

2308 5507 2573 5564 Extinctos
2595 5507 2847 5562 clamatis.
2882 5508 2946 5563 Ut
2973 5523 3133 5579 supra
3163 5509 3319 5562 lustr.
3366 5524 3492 5570 xxx,
3535 5507 3691 5579 Vixit,
3737 5517 3817 5572 et,

2236 5580 2468 5645 Extinxi,
2505 5581 2783 5636 Extinctos
2810 5580 3009 5634 ethnici
3033 5578 3280 5633 dicebant
3306 5578 3588 5633 defunctos
3620 5597 3633 5632 :
3662 5578 3819 5634 Chri-

2234 5654 2413 5718 stiani,
2449 5654 2789 5723 μνευηιὶδεοδ,
2824 5652 2889 5705 ad
2925 5652 3088 5704 Deum
3137 5652 3457 5717 translatos,
3488 5661 3739 5707 evocatos
3788 5666 3820 5705 a

2237 5724 2483 5779 Domino.
2513 5725 2631 5780 RIG.

2310 5795 2423 5849 Nec
2461 5798 2635 5849 dolore
2676 5793 2821 5846 duxit
2852 5803 3013 5861 pater.
3045 5792 3171 5847 ll:rc
3201 5793 3489 5849 Abrahami
3522 5803 3575 5847 et
3607 5793 3823 5848 Davidis

2237 5867 2481 5938 exempla
2522 5868 2588 5920 ad
2618 5879 2956 5938 continunem
2989 5866 3128 5917 hunc
3161 5866 3228 5920 de
3270 5867 3393 5938 ﬁliis
3433 5863 3825 5938 nmrlugendis

2242 5935 2414 5993 Iocuni
2442 5939 2629 5992 citavit
2671 5935 2944 5990 Euuodius
2973 5938 3257 6006 episcopus
3302 5936 3601 5990 Ticinensis
3646 5938 3821 6006 Epist.

2239 6013 2265 6067 1
2300 6010 2392 6065 lib.
2419 6025 2475 6075 ιι,
2501 6010 2587 6064 ubi
2623 6007 2941 6064 Sirmondus
2960 6012 3121 6064 hosce
3141 6008 3509 6063 Commodiani
3529 6009 3826 6064 versiculos
