4060 6316
262 455 375 512 273
481 454 559 529 (ν.
590 456 746 529 111.)

262 569 406 641 Quid
430 570 574 643 quod
603 578 660 627 et
683 568 941 626 invictum
971 567 1166 641 spelaea
1194 570 1295 626 sub
1318 578 1433 625 atra
1462 569 1783 633 recondunt,

1570 452 1939 512 ADVERSUS
1978 454 2277 513 GENTES.

3081 455 3153 528 (ν.
3188 454 3340 525 m.)
3448 454 3553 509 27/.

1878 581 1932 644 Α
1958 568 2151 626 Nescio
2174 569 2301 641 quid
2326 580 2474 626 certe
2498 578 2777 641 quaerunt,
2800 569 3140 641 gaudentque
3166 577 3472 640 repertum;

263 663 506 736 Quaeque
532 671 712 734 tegunt
739 662 974 718 tenebris
993 704 1008 728 ,
1036 662 1236 718 audent
1264 661 1406 718 hunc
1436 661 1618 719 dicere
1642 660 1851 719 solem?
1955 660 2160 717 Rursus
2181 671 2236 718 et
2261 663 2534 728 amittunt,
2562 662 2704 735 quod
2731 676 2919 717 rursus
2934 676 3180 732 quaerere
3211 661 3437 731 possint.

263 758 399 828 Quis
425 759 568 815 colat
591 758 798 813 occulte
816 758 1011 819 lucem,
1035 756 1295 828 sidusque
1322 772 1637 827 supernum,
1739 791 1750 801 -

263 850 420 909 Celet
448 852 502 907 in
525 850 749 906 infernis
776 850 878 906 nisi
907 865 1089 906 rerum
1108 864 1268 906 causa
1293 850 1595 906 malarum?

1952 756 2085 825 Quis
2114 757 2245 812 ferat
2271 756 2373 812 hoc
2398 756 2637 826 sapiens,
2670 755 2791 811 illos
2819 756 2970 826 quasi
3001 753 3252 810 claudere
3277 753 3445 807 solem
3467 794 3482 817 ,

1957 851 2068 907 llns
2092 850 2335 921 proferre
2368 850 2541 921 palam
2574 849 2913 921 propriorum
2942 858 3178 904 monstra
3208 847 3476 903 deorum?

260 941 402 1013 Quid
429 941 571 1015 quod
597 950 653 997 et
680 940 905 997 Isiacum
934 941 1279 1012 sistrumque,
1311 951 1579 1013 caputque
1603 940 1851 996 caninum
1954 942 2094 1012 Quid
2117 942 2335 1014 Serapis
2363 944 2581 1011 meruit,
2606 942 2696 1013 qui
2723 942 2802 998 sic
2826 941 3091 997 laceratur
3110 940 3178 996 ab
3203 939 3333 1010 ipsis

259 1034 378 1093 Non
396 1036 566 1109 magis
590 1034 948 1105 abscondunt,
967 1036 1060 1092 sed
1085 1050 1180 1106 per
1199 1036 1316 1092 loca
1339 1035 1548 1107 publica
1566 1035 1805 1108 ponunt?

1617 1150 2189 1209 COMMENTARIUS.

258 1299 392 1354 lunt.
422 1298 603 1370 Itaque
631 1313 793 1370 quum
820 1313 929 1354 non
954 1299 1123 1355 solem
1154 1306 1381 1364 tantum,
1411 1296 1507 1353 sed
1536 1295 1664 1366 quid
1694 1294 1841 1370 aliud

257 1386 358 1441 per
379 1367 624 1425 Mithram
645 1367 929 1439 significari
949 1372 1178 1437 videam,
1199 1369 1353 1425 facile
1378 1370 1737 1441 gruterainam
1755 1367 1844 1441 in-

255 1438 603 1513 scriptionem
630 1484 646 1507 ,
681 1438 732 1511 p.
758 1441 851 1503 22.
884 1458 1031 1498 num.
1066 1441 1152 1510 1‘2,
1177 1441 1478 1512 explicabo.
1508 1440 1586 1495 lta
1602 1455 1660 1495 se
1684 1438 1844 1493 habet

254 1513 351 1567 illa
382 1533 395 1567 :
427 1530 480 1567 ι).
509 1530 546 1567 ι.
576 1529 636 1567 ιι.
669 1529 760 1567 ετ.
789 1528 926 1567 sou.
958 1528 1126 1567 socro.
1160 1528 1278 1567 ssc.
1311 1513 1411 1567 hoc
1449 1522 1563 1567 est.
1599 1510 1707 1565 Deo
1742 1508 1841 1563 ln-

254 1526 351 1569 tua
382 1533 395 1567 ἶ
427 1530 480 1569 D.
509 1530 546 1569 1.
576 1529 636 1569 Ι.
669 1529 760 1569 ΕΤ.
789 1528 926 1569 εθιι.
958 1528 1126 1569 SOCIO.
1160 1528 1278 1568 ΒΑΕ.
1311 1526 1411 1568 uoc
1449 1526 1563 1573 εει.
1599 1526 1707 1565 ueo
1742 1526 1841 1563 m-

250 1586 390 1640 victo
438 1583 672 1651 Mithrae,
702 1594 750 1638 et
782 1583 896 1640 Soli
931 1584 1084 1640 Socio
1120 1600 1343 1639 sacrum.
1374 1580 1477 1638 Pro
1515 1582 1707 1637 Mithra
1757 1581 1843 1636 hic

252 1656 403 1711 aliud
429 1655 637 1711 Numen
664 1656 1067 1727 intelligendum
1103 1667 1187 1711 est
1215 1671 1246 1710 a
1274 1655 1391 1710 sole
1413 1655 1709 1716 diversum,
1736 1669 1843 1727 non

251 1727 487 1799 ipsemet
509 1728 587 1783 sul
616 1724 874 1799 tamquam
900 1728 1207 1799 alienigena,
1232 1728 1307 1799 uti
1339 1741 1527 1799 parum
1556 1735 1704 1780 recte
1729 1724 1843 1793 opi-

252 1797 417 1854 natur
437 1797 811 1854 Reinesins‘ad
833 1797 1081 1869 Inscripti
1112 1798 1198 1854 48.
1231 1797 1310 1853 Cl.
1337 1813 1376 1853 ι.
1400 1797 1617 1863 Legitur
1634 1810 1846 1866 quoque

252 1870 312 1923 in
353 1870 544 1940 prisi-is
591 1869 1034 1939 lnscriptionibus
1076 1885 1289 1925 nanum.
1335 1882 1554 1924 SEBECIO
1604 1881 1728 1923 nuo.
1761 1882 1846 1940 ιιι-

252 1938 415 1996 τιιιίεε
468 1958 587 2009 qua!
608 1938 775 1996 verba
799 1941 979 1995 omnia
1002 1940 1068 1996 ad
1093 1942 1262 1996 solem
1296 1940 1540 1995 Mithram
1564 1938 1845 1994 referenda

246 2023 441 2068 censet
470 2011 510 2066 l.
538 2010 677 2067 Cius.
711 2012 1042 2083 Bulengerus
1067 2028 1118 2066 c.
1145 2012 1202 2077 4,
1235 2011 1329 2067 lib.
1359 2028 1395 2079 t,
1424 2010 1492 2065 de
1522 2012 1609 2065 lic.
1648 2021 1702 2064 et
1732 2019 1841 2064 vet.

248 2083 445 2153 Magia.
477 2084 589 2154 ligo
619 2094 795 2138 tamen
829 2086 999 2154 tritius
1029 2083 1138 2138 Diis
1161 2083 1398 2137 dicatum
1428 2093 1840 2154 marmorputo,

247 2164 316 2209 ut
342 2152 626 2211 suum
655 2154 839 2209 Diana:
876 2153 1122 2209 Nnnmece
1150 2168 1367 2214 nomen,
1394 2154 1463 2209 de
1491 2169 1593 2223 qua
1622 2152 1783 2207 Liber
1803 2167 1840 2217 ι,

245 2241 304 2281 c.
337 2226 390 2287 6,
421 2237 475 2280 et
501 2227 663 2282 Liber
696 2244 753 2290 ιι,
783 2242 832 2281 c.
867 2242 903 2288 ι,
939 2225 1182 2282 Machab.
1210 2225 1584 2297 Hieronymus,
1611 2236 1663 2278 et
1684 2223 1842 2297 .luse-

244 2297 393 2367 phus
423 2298 717 2355 meminere
741 2317 755 2353 :
779 2312 1026 2367 sanemus
1053 2312 1149 2363 pro
1174 2297 1301 2351 Jove
1330 2294 1561 2367 Sabazia
1580 2294 1844 2366 intelliga—

245 2366 363 2435 tur,
394 2368 462 2424 de
489 2384 595 2440 quo
617 2368 886 2440 Orpheus,
916 2366 1009 2423 seu
1037 2368 1413 2423 Onomacritus
1438 2370 1492 2423 in
1525 2366 1736 2438 Hymno

376 2496 492 2536 meo.
510 2496 640 2548 ςάτιρ.
661 2497 801 2546 Κρόνου
822 2496 891 2543 υἷι,
910 2493 1216 2549 Σιϐάζιιΰιιὺδῳιι
1230 2491 1373 2545 δᾶμον.

348 2587 475 2639 Audi
501 2595 657 2654 pater,
680 2587 878 2639 Saturni
899 2588 967 2639 illi
984 2623 1001 2649 ,
1023 2589 1229 2639 Sabacie
1254 2588 1433 2651 inclyte
1455 2587 1679 2637 deorum.

236 2715 434 2783 Neque
478 2716 624 2772 enim
669 2716 815 2782 scio,
853 2731 955 2787 qua
997 2715 1315 2787 auctoritate
1358 2714 1629 2787 Bacchum
1675 2712 1839 2787 etiam

241 2788 531 2845 Sabasium
568 2789 765 2842 dixerit
804 2783 1056 2843 Heinsius
1100 2788 1152 2842 in
1201 2786 1366 2841 Arist.
1405 2786 1558 2842 Sacr.
1590 2783 1696 2841 Sed
1725 2785 1840 2840 haec

230 2862 382 2933 satis
405 2874 692 2933 superque.
730 2858 875 2915 Mun.

323 2925 529 3000 Speleb.
562 2925 810 2986 Graecum
835 2938 920 2985 est
948 2927 1168 2985 verbum
1198 2929 1467 2991 σπηλαῖον.
1490 2925 1633 2997 quod
1656 2926 1842 2981 Latine

242 3003 505 3071 spelunca
525 3002 754 3058 dicitur:
783 3005 876 3055 sed
900 3001 1148 3057 Graecum
1177 3014 1374 3054 nomen
1399 3012 1453 3055 et
1482 3014 1642 3054 aures
1668 3001 1841 3053 Auso-

244 3075 354 3129 niae
380 3074 695 3129 toleravere.
724 3072 995 3143 Virgilius,
1030 3074 1201 3143 eclog.
1227 3071 1296 3128 10
1325 3088 1340 3124 τ

341 3189 539 3241 Certum
563 3194 643 3241 est
664 3192 713 3239 in
734 3189 871 3240 silvis
893 3190 1022 3239 inter
1043 3186 1225 3252 spelaea
1243 3186 1476 3250 ferarum,
1500 3195 1597 3236 etc.

244 3296 571 3354 Claudianus
591 3297 662 3354 de
683 3297 825 3355 bello
849 3297 972 3354 Get.
1000 3315 1015 3351 :

863 3411 1126 3464 Metuenda
1148 3410 1359 3462 ferarum

342 3474 612 3542 Spelzea....

246 3606 457 3664 Mithrae
492 3605 762 3663 Sacrificia
789 3607 1167 3663 secretissimis
1194 3609 1246 3661 in
1272 3605 1441 3660 antris
1473 3615 1706 3674 peracta.
1735 3604 1837 3661 Re-

247 3679 441 3749 ligioso
474 3678 692 3734 silentio
721 3680 861 3749 apud
889 3680 1006 3748 ejus
1034 3677 1409 3749 cultorcsillir.
1436 3686 1651 3749 accepta
1694 3691 1838 3749 mys-

247 3748 379 3806 teria
410 3748 779 3805 servabantur.
810 3751 947 3819 Quin
977 3766 1041 3804 ex
1066 3751 1131 3805 iis
1155 3748 1324 3803 sacris
1349 3749 1543 3803 initiari
1570 3748 1833 3819 volentes,

247 3822 433 3877 muhis
453 3821 777 3892 cruciatibus
801 3818 1166 3892 prohatiuucm
1188 3820 1457 3875 suhihaul.
1487 3819 1620 3892 lliuc
1646 3818 1836 3874 Suidas

244 3893 302 3949 in
323 3894 473 3947 verb.
498 3890 691 3946 Mil/ira
718 3887 833 3948 ait‘:
865 3895 969 3947 Οὐκ
1009 3888 1067 3947 ἂν
1116 3887 1201 3946 οὖν
1248 3895 1318 3953 εἰς
1368 3893 1519 3946 αὐτὸν
1559 3888 1835 3950 δυνήσαιτό

243 3987 326 4037 τις
360 3964 676 4037 τελεσθεῖναι,
709 3967 753 4037 si
790 3969 859 4036 μὴ
908 3962 992 4037 ᾃιά
1021 3986 1167 4020 τινων
1212 3962 1417 4035 βαθμῶν
1441 3962 1701 4037 παρελθών
1734 3969 1835 4018 τῶν

244 4036 501 4091 κολασέων
526 4033 675 4100 δείξει
701 4031 882 4091 ictu-rev
912 4032 1050 4091 ὅσιον
1089 4038 1175 4088 καὶ
1431 4031 1623 4085 Νυῖιιιε
1666 4044 1835 4086 autem

190 4156 193 4159 λ
244 4116 412 4178 potest
438 4107 663 4165 initiari.
691 4107 791 4160 nisi
821 4122 909 4172 per
929 4106 1195 4178 quosdam
1229 4104 1604 4178 suppliciorum
1645 4104 1835 4178 gradus

243 4173 300 4233 se
341 4188 607 4241 sanctum,
648 4187 693 4231 et
744 4173 1177 4245 perturbationum
1220 4177 1494 4228 immunem
1537 4173 1829 4245 ostenderit.

243 4248 361 4304 Hoc
390 4249 530 4304 idem
569 4244 890 4303 confirmant
927 4248 1176 4302 Naziauz.
1204 4246 1354 4301 Orat.
1386 4246 1439 4299 5.
1473 4244 1743 4312 Lamprid.
1778 4244 1831 4299 in

243 4318 575 4382 Cnmmndo,
599 4335 660 4374 ac
685 4318 911 4375 Tertull.
941 4322 988 4373 'c.
1025 4319 1111 4383 15,
1139 4319 1204 4372 de
1229 4317 1357 4371 Cor.
1384 4315 1489 4370 Mil.
1517 4315 1653 4370 Sunt
1674 4315 1832 4384 hujus

243 4391 407 4447 verba
438 4409 451 4445 :
484 4410 503 4443 ι
540 4390 854 4446 Eruliescitc
878 4389 1104 4445 Romani
1136 4387 1527 4444 commilitones
1567 4386 1683 4457 ejus
1726 4401 1830 4442 non

238 4461 351 4533 jam
379 4462 447 4516 alt
474 4462 590 4532 ipso
612 4461 908 4531 judicandi,
937 4460 1029 4516 sed
1068 4462 1136 4517 ab
1170 4460 1352 4533 aliqui}
1389 4457 1597 4533 Mithrae
1624 4457 1827 4533 utilite,

166 4536 191 4543 “
239 4528 507 4613 Emit-cum
538 4528 777 4613 initiatur
812 4534 864 4613 in
901 4534 1235 4613 Speliunctc.
1266 4528 1293 4582 ἰ
1321 4530 1378 4586 S.
1406 4528 1605 4612 1051i“:
1632 4528 1833 4613 μανψ·

1942 1292 2253 1362 intelligam.
2278 1289 2334 1347 Si
2356 1290 2439 1345 cui
2474 1288 2708 1360 placeret
2729 1288 3050 1356 emendare,
3081 1288 3351 1359 legerem:

2033 1406 2175 1458 Celei.
2198 1408 2248 1456 iu
2267 1405 2471 1457 infernis
2492 1406 2542 1455 ni
2565 1417 2621 1454 se
2646 1405 2820 1454 horum
2844 1414 3017 1453 caussa
3040 1401 3293 1453 malorum.

1943 1512 2087 1569 Sane
2133 1512 2185 1567 in
2233 1510 2370 1566 Cod.
2412 1510 2512 1565 Ms.
2563 1525 2669 1564 non
2716 1510 3005 1568 malarum.
3038 1506 3135 1563 sed
3176 1508 3431 1563 malorum
3461 1517 3545 1562 cst

1943 1585 2226 1652 scriptum.
2271 1582 2416 1638 Mun.
2449 1610 2522 1624 -—
2552 1580 2876 1636 Mnratorius
2941 1580 3029 1636 hic
3090 1581 3368 1649 ingeniose
3413 1594 3544 1652 pro—

1943 1649 2086 1711 fecto
2109 1698 2124 1715 .
2152 1653 2246 1710 sed
2274 1655 2418 1708 omni
2449 1652 2827 1708 emendatione
2857 1652 3015 1707 facile
3042 1652 3348 1706 carebimus
3369 1692 3384 1713 ,
3415 1649 3543 1704 dum
3602 1692 3607 1701 .

1950 1728 2030 1783 sic
2060 1728 2239 1782 locum
2269 1728 2371 1781 rite
2397 1724 2789 1795 distinguamus
2816 1742 2827 1776 :

1873 1842 1922 1904 Β
2042 1861 2162 1921 Quis
2182 1861 2311 1910 colat
2330 1859 2523 1910 occulte
2548 1859 2727 1918 lucem,
2752 1859 2989 1923 sidusque
3012 1871 3281 1923 supernum

2039 1924 2182 1975 Celet
2196 1924 2220 1972 ?
2244 1926 2292 1973 in
2314 1923 2521 1973 infernis
2547 1923 2639 1971 nisi
2662 1935 2826 1971 rerum
2848 1921 3021 1972 caussa
3041 1921 3299 1971 malarum.

1944 2052 2098 2121 Quis,
2123 2050 2310 2121 inquit,
2344 2058 2451 2105 tam
2481 2048 2728 2119 stupidus
2752 2057 2867 2111 est,
2897 2056 2955 2103 ut
2985 2048 3159 2121 lucem
3199 2046 3409 2121 occulte
3442 2062 3543 2103 co—

1948 2116 2041 2191 lat,
2074 2116 2130 2176 et
2157 2116 2308 2177 sidus
2336 2116 2668 2193 supernum,
2695 2120 2865 2193 solem
2897 2131 3053 2190 puta,
3082 2120 3135 2193 in
3167 2116 3544 2193 spela3is_at_r_is

1945 2189 2280 2250 abScoudal?
2308 2189 2471 2262 quum
2504 2192 2558 2247 in
2587 2191 2813 2262 infernis
2838 2189 2987 2247 solus
3016 2192 3139 2245 mali
3169 2200 3359 2245 anetor
3386 2189 3542 2245 habi-

1946 2275 2044 2321 tet.
2077 2265 2204 2320 Pust
2244 2261 2500 2319 malarum
2544 2261 2974 2318 subaudiendum
3015 2272 3120 2328 est,
3153 2271 3213 2316 ut
3243 2275 3403 2315 nemo
3432 2276 3542 2316 non

1946 2336 2110 2392 videt.
2158 2337 2348 2391 Posset
2383 2332 2698 2403 ceteraquin
2740 2336 2924 2395 locus.
2956 2342 3166 2388 servata
3204 2331 3408 2403 vulgari
3455 2331 3541 2386 in-

1946 2408 2350 2476 terpunctione,
2381 2408 2488 2461 alio
2514 2417 2567 2461 et
2593 2402 2883 2460 eummodn
2912 2404 3042 2459 satis
3071 2417 3232 2476 sensu
3254 2402 3540 2476 explicari,

1945 2480 1994 2535 si
2018 2472 2201 2534 violati
2232 2480 2389 2533 metri
2420 2479 2594 2534 dicam
2623 2478 2861 2532 Antonio
2888 2477 3009 2546 quis
3046 2473 3346 2546 scriberet;
3386 2472 3542 2544 cujus

1945 2551 2093 2621 leges
2126 2565 2291 2621 quum
2320 2560 2397 2604 tot
2424 2549 2759 2619 antiquiores
2789 2545 2961 2621 poeta:
2990 2561 3143 2621 sa~pe
3180 2545 3539 2621 negleget-int,

1946 2614 2089 2679 idem
2122 2614 2220 2676 cur
2260 2635 2289 2674 a
2333 2631 2520 2675 nostro
2559 2614 2801 2675 alienum
2844 2614 3215 2674 existimemus
3236 2614 3420 2680 [nihil
3458 2626 3544 2673 est

1944 2693 2085 2763 quod
2109 2694 2304 2762 exigat.
2340 2690 2397 2748 Si
2420 2695 2541 2760 quis
2561 2705 2691 2757 ergo
2718 2690 2994 2763 maluerit.
3016 2690 3084 2763 ita
3102 2689 3539 2763 interpretetur:

1944 2758 2000 2819 et
2027 2766 2179 2819 sidus
2203 2758 2499 2833 supernum
2530 2763 2672 2818 celet
2706 2762 2756 2815 in
2791 2761 2921 2833 locis
2951 2761 3145 2816 abditis
3170 2769 3260 2833 aut
3289 2758 3539 2833 infernis,

1945 2836 2048 2889 nisi
2072 2851 2250 2890 rerum
2274 2828 2544 2888 'malarutu
2590 2833 2788 2889 causa?
2831 2832 2898 2888 Ut
2920 2834 2990 2887 ita
3022 2833 3073 2885 in
3105 2828 3384 2886 auferendi
3410 2843 3538 2885 casu

1943 2918 2188 2962 sumatur
2206 2922 2387 2969 causa,
2417 2920 2522 2960 non
2553 2905 2886 2959 nominandi.
2922 2904 3124 2958 Voxcn.

2014 2977 2263 3031 lsiacum.
2307 2976 2361 3031 lu
2403 2977 2572 3029 sacris
2617 2976 2771 3030 Isidis
2820 2976 2977 3028 sistra
3027 2972 3442 3045 quatiebantur,
3482 2980 3539 3026 et

1943 3048 2207 3104 Anubidis
2236 3048 2662 3114 caputcaninum
2680 3043 3065 3114 exponebatur.
3088 3044 3287 3101 Lucan.
3308 3043 3403 3099 lib.
3420 3057 3536 3111 vni,

1941 3135 2059 3176 rem
2087 3119 2464 3189 complectitur
2492 3126 2774 3188 utramque
2806 3135 2819 3169 :

2033 3233 2388 3298 Semidcosque
2410 3246 2578 3293 canes,
2606 3237 2658 3282 et
2678 3234 2819 3283 sistra
2840 3232 3061 3295 iubentia
3083 3232 3285 3281 luctum.

1942 3340 2209 3395 Ausonius
2235 3338 2302 3393 ad
2335 3330 2615 3393 Paulinum
2646 3346 2887 3394 nostrum
2928 3339 3190 3405 scribens,
3230 3337 3402 3410 Epist.
3436 3337 3529 3393 25.

2033 3451 2215 3501 Isiacos
2237 3451 2425 3513 agitant
2447 3450 2710 3501 Mareotica
2733 3452 2878 3502 sistra
2902 3452 3153 3502 tumultus.

1939 3556 2147 3629 Anubis
2176 3572 2334 3627 porro
2359 3556 2771 3629 Cynocephalus
2797 3557 2959 3629 etiam
2987 3556 3283 3617 dicebatur.
3309 3556 3528 3611 nomine

1939 3630 2059 3695 ejus
2108 3626 2337 3683 formam
2383 3626 2740 3695 exprimente.
2793 3626 3115 3682 Athanasius
3157 3636 3295 3682 orat.
3344 3638 3528 3682 contra

1939 3698 2114 3776 (ξεῖνε.
2148 3700 2174 3776 ᾇ
2216 3700 2669 3776 παρίΛίγγπτίοις
2715 3700 3049 3776 ιςιινοκξφᾳλος
3068 3697 3528 3776 ξρνούϐιςκβρΜ

1940 3769 2219 3842 A'Igyptios
2247 3768 2589 3844 canina'fact'e
2614 3771 2821 3826 Anubis.
2859 3768 3040 3836 O'vid.,
3066 3770 3308 3838 Metam.,
3332 3769 3424 3825 lib.
3453 3784 3528 3824 Ix.

2492 3882 2610 3934 Cum
2633 3896 2731 3947 qua
2748 3883 2951 3947 latrator
2972 3882 3157 3933 Anubis

2032 3945 2287 4010 Sistraque
2311 3950 2470 4007 erant,
2494 3943 2841 4009 nunquamque
2862 3946 2981 3995 satis
3003 3947 3241 4008 quaesitus
3259 3943 3430 3995 Osiris.

1940 4052 2016 4107 De
2050 4052 2226 4107 sistris
2255 4050 2477 4107 consule
2505 4050 2761 4105 Laurent.
2795 4050 3012 4122 Pignor.
3046 4052 3099 4105 in
3144 4050 3325 4122 Mensa
3368 4050 3522 4105 Isiac.

1937 4133 1987 4178 et
2009 4122 2276 4193 egregiam
2304 4122 2742 4178 dissertationem
2770 4121 3043 4178 Benedicti
3064 4121 3319 4178 Bacchini
3348 4122 3528 4177 erudi-

1938 4194 2055 4249 tiss.
2084 4204 2139 4247 et
2166 4194 2375 4248 clariss.
2403 4193 2526 4248 viri.
2555 4194 2695 4249 Mun.

2010 4263 2199 4320 Nescio
2248 4267 2389 4330 quid.
2436 4265 2635 4320 Locum
2680 4263 2895 4320 Minucii
2938 4265 3206 4336 expressit
3250 4264 3525 4320 Paulinus.

1938 4337 2114 4397 Inuuit
2151 4336 2283 4391 ille:
2322 4354 2340 4387 ι
2377 4335 2496 4392 Mox
2531 4338 2749 4392 invento
2779 4335 3222 4406 parvulo’gaudet
3262 4336 3394 4397 lsis‘.
3428 4351 3524 4391 ex-

1934 4409 2139 4463 sultant
2166 4406 2506 4476 sacerdotes,
2535 4407 2946 4479 Cynocephalus
2972 4408 3221 4479 inventor
3243 4407 3523 4479 gloriatur,

1936 4494 2036 4534 nec
2062 4479 2317 4533 desinunt
2358 4479 2515 4533 annis
2552 4477 2803 4533 omnibus
2829 4478 2909 4531 vel
2943 4478 3166 4544 perdere
3192 4477 3331 4543 quod
3371 4478 3522 4532 inve-

1935 4550 2120 4613 niunt,
2148 4550 2229 4606 vel
2271 4550 2515 4605 invenire
2552 4550 2694 4619 quod
2740 4548 2988 4617 perdant.
3028 4567 3047 4600 ι
3078 4548 3184 4602 Jul.
3222 4547 3524 4611 Firmicus,

245 4600 299 4691 in
324 4603 535 4695 Dialog:
555 4619 684 4695 cum
702 4603 991 4693 Try'pltone
1017 4602 1223 4695 Mithrtc
1249 4615 1415 4695 sacra‘
1429 4600 1606 4691 peragi
1634 4601 1715 4695 bis
1733 4600 1828 4667 ait,

1941 4600 2134 4677 3:52".
2161 4600 2325 4695 una
2344 4600 2717 4695 Haustus.
2740 4600 2857 4695 ait;
2875 4600 3015 4695 qua
3043 4600 3245 4673 nam
3264 4600 3525 4688 inqua:

243 4678 296 4731 ἐν
324 4671 891 4749 ξτόττῳίέπικαλουιὶἐξνῳ
931 4675 1057 4749 παρ’
1083 4676 1257 4736 αὐτοῖς
1286 4673 1549 4746 σπηλαίῳ,
1569 4671 1633 4725 in
1679 4671 1792 4749 (ﬁcu
1809 4712 1826 4738 ,

243 4747 334 4830 qui
377 4741 676 4830 apudjllos
720 4741 1128 4816 spelaéumfseu
1188 4760 1368 4828 specus
1413 4741 1640 4797 vocatur.
1694 4741 1829 4799 Vide

249 4819 496 4884 llternu.,
530 4834 582 4872 tn
614 4817 715 4887 Ep.
751 4818 817 4872 ad
850 4818 1078 4879 Lanam;
1108 4817 1327 4887 Reines.
1357 4814 1439 4870 Cl.
1467 4829 1504 4879 ι,
1530 4830 1585 4867 ιι.
1613 4814 1703 4887 ιβ’.
1738 4812 1827 4868 Ιη-

244 4891 471 4958 srript.;
510 4885 791 4958 Bnlcnger.
822 4890 916 4945 lib.
947 4903 995 4953 t,
1023 4903 1072 4942 c.
1114 4889 1147 4941 4
1167 4929 1181 4949 ,
1213 4886 1281 4941 de
1310 4886 1398 4958 lic.
1428 4891 1617 4958 eluet.
1649 4885 1825 4958 Mag.;

184 4964 187 4969 '
244 4955 489 5021 Selden,
531 4960 599 5016 de
638 4955 746 5015 Diis
780 4959 1151 5030 Syris,ASynt.
1181 4974 1229 5022 ι,
1268 4971 1319 5013 c.
1351 4956 1416 5022 6;
1462 4955 1715 5020 Salmas.,
1760 4956 1828 5011 ad

244 5030 384 5087 Hist.
418 5040 577 5102 Aug,
612 5033 701 5086 fol.
733 5022 860 5092 549.
892 5028 1017 5091 582.
1041 5022 1151 5085 etc.

320 5097 544 5174 Quaque
567 5111 756 5174 tegunt.
777 5102 1129 5174 Scribendum
1157 5100 1334 5174 potius
1356 5097 1566 5174 videtur
1577 5113 1831 5174 quemque

244 5184 419 5246 tegunt
445 5168 677 5246 tenebris.
711 5172 889 5246 Nihilo
917 5168 1293 5246 secius‘placet
1317 5184 1524 5246 sensus.
1548 5168 1687 5246 Muri.

317 5246 479 5300 Celet.
509 5244 627 5300 Cela
671 5259 768 5315 pro
810 5244 942 5298 lateo
981 5238 1288 5315 inusitatum
1319 5241 1561 5315 verbum.
1593 5238 1829 5309 'l‘egendi

245 5326 485 5380 tantum,
527 5308 687 5386 atque
730 5315 1036 5371 occultandi
1086 5308 1472 5386 significatione
1517 5308 1829 5386 usurpatum

243 5387 481 5443 invenin.
515 5381 800 5442 Me'tamen
841 5386 1050 5441 monuit
1086 5385 1481 5440 eruditissimus
1504 5383 1587 5437 vir
1608 5381 1831 5437 Michael

242 5459 488 5516 Maddius
515 5459 678 5514 claris
707 5458 800 5513 imi
827 5458 926 5512 viri
951 5455 1074 5512 Car.
1117 5456 1185 5512 Μ.
1226 5456 1419 5511 Maddii
1459 5453 1832 5525 dignissimum

243 5546 489 5659 agimen,
517 5528 660 5601 apud
690 5528 932 5585 Plautum
977 5529 1031 5584 in
1074 5527 1289 5594 Bacch.,
1323 5525 1444 5582 Act.
1473 5527 1527 5591 5,
1567 5539 1744 5592 scen.,
1772 5524 1830 5589 2,

268 5618 349 5674 egi
380 5621 395 5658 :

344 5719 409 5771 Ut
429 5723 485 5769 ut
508 5720 627 5781 eris,
651 5729 847 5778 moneo,
867 5727 964 5767 non
986 5727 1045 5767 ce
1064 5728 1185 5766 ams.

246 5822 321 5880 Et
339 5838 369 5877 a
391 5821 694 5880 Scholiaste
718 5819 979 5903 Lambino
1004 5817 1072 5874 ita
1096 5819 1346 5891 explicari
1374 5838 1388 5874 :
1412 5835 1512 5873 non
1543 5818 1711 5943 utiles,
1735 5831 1838 5870 non

250 5896 451 5943 latebis-
486 5894 646 5943 Certe
689 5907 734 5943 SI
777 5904 1072 5943 pronomen
1104 5901 1150 5943 te
1189 5892 1309 5943 heic
1337 5890 1547 5943 subinte
1572 5888 1835 5943 linendum

250 5896 451 5951 latebis.
486 5894 646 5951 Certe
689 5893 734 5947 si
777 5904 1072 5963 pronomen
1104 5901 1150 5945 te
1168 5888 1309 5947 'heic
1337 5888 1835 5963 subintelligendutn

250 5965 565 6033 contendis,
593 5972 647 6018 et
686 5960 793 6031 ego
814 5964 866 6017 in
896 5961 1101 6016 Paulini
1132 5976 1287 6018 versu
1318 5976 1612 6033 pronomen
1641 5960 1839 6018 sesuh-

1934 4708 2021 4750 ras
2042 4734 2059 4762 ,
2088 4703 2180 4748 aut
2206 4694 2412 4764 lugeas.
2448 4710 2468 4744 ι
2503 4691 2624 4763 Ipse
2653 4688 2905 4746 Paulinus
2931 4688 3078 4757 Nat.,
3109 4705 3163 4743 ιι
3193 4708 3208 4745 :

2422 4802 2540 4853 Nam
2565 4802 2698 4866 quid,
2724 4813 2862 4863 rogo,
2895 4801 3071 4850 euectus
3094 4799 3212 4862 illis;

2021 4870 2118 4981 yui
2142 4879 2236 4941 non
2261 4868 2487 4977 tutissimi
2506 4870 2751 4928 quaerunt,
2778 4875 3114 4927 nusquamque
3136 4871 3420 4915 manentem

2048 4942 2261 4980 nvemun

2006 5033 2143 5100 Quid
2177 5032 2388 5101 Serapis
2427 5032 2626 5087 meruit.
2659 5031 2756 5086 Hic
2808 5044 3000 5099 aquam
3044 5030 3249 5088 hmrere
3275 5032 3403 5087 mihi
3434 5032 3519 5088 lu-

1933 5105 2125 5187 benter
2149 5105 2341 5184 fateor.
2377 5102 2618 5187 Alicujns
2663 5102 2784 5187 festi
2827 5102 2932 5158 diei
2965 5102 3209 5187 meminit
3242 5103 3518 5187 Paulinus,

1933 5192 2038 5246 qun
2051 5175 2271 5244 Serapis
2292 5175 2485 5229 multas
2506 5173 2731 5230 induere
2745 5174 2944 5246 figuras
2959 5176 3252 5245 cogebatur
3268 5193 3281 5228 :
3296 5185 3350 5228 at
3366 5174 3524 5243 hujus

1934 5248 2155 5318 vestigia
2186 5261 2446 5318 nusquam
2477 5245 3226 5318 reperio.CertcMacrobius,
3251 5245 3519 5318 etPlutar-

1935 5387 2249 5454 Serapidem
2290 5387 2491 5443 faciunt
2520 5403 2679 5454 quam
2713 5387 2940 5441 humana
2976 5404 2989 5439 :
3020 5392 3294 5458 πανταχοῦ
3325 5389 3519 5463 ἀνθρω-

1935 5461 2197 5542 πςρμτιρφον
2225 5458 2479 5542 Ὀσίριδσις
2508 5457 2713 5542 ἆγαλιξᾳ
2732 5502 2746 5524 ,
2774 5460 2953 5542 ubique
2982 5458 3306 5542 simulac-nunt
3340 5458 3520 5542 9mi-

1937 5527 2018 5585 dis
2052 5527 2275 5611 liu'mnnu
2305 5527 2472 5611 specie
2490 5527 2792 5611 cs'teuglitur.
2823 5527 3310 5611 Ali'erudilinrib-us
3339 5529 3518 5611 itaque

1936 5603 2298 5671 exspectanda
2334 5597 2560 5656 solutio.
2604 5601 2747 5656 Muu.
2786 5598 3084 5671 -ίΝοιυιιι
3124 5612 3191 5651 ex
3228 5597 3515 5671 historiis,

1938 5667 2073 5756 quid
2095 5672 2334 5756 @gyptii
2362 5673 2429 5728 de
2456 5672 2667 5729 Osiride
2697 5671 2715 5743 (
2732 5672 2825 5756 qui
2854 5670 3032 5756 idem.
3055 5683 3183 5756 cum
3221 5667 3517 5756 Serapide)

1939 5745 2275 5829 tradiderint.
2302 5760 2424 5799 eum
2454 5759 2645 5829 nempe
2673 5758 2710 5829 al
2732 5745 2991 5829 Typhune
3019 5745 3399 5829 iutcremptum
3417 5782 3432 5804 ,
3462 5754 3518 5797 et

1940 5817 1996 5873 in
2029 5827 2207 5887 partes
2238 5809 2637 5887 quattmrder‘itn
2678 5809 3006 5887 discerptum
3037 5809 3218 5865 fuisse.
3250 5810 3307 5865 ld
3336 5821 3516 5887 autem

1941 5887 1995 5970 iu
2024 5884 2196 5970 sacris
2224 5884 2335 5970 suis
2360 5884 3123 5970 ιιΕιεγριζί,ι’θρι-ῳξεξιιιτιιιίιιιιε
3153 5897 3325 5970 coque
3349 5884 3523 5970 respi-

1941 5960 2015 6014 cit
2056 5957 2372 6013 Plutarchus
2402 5954 2479 6009 de’
2504 5954 2646 6010 Iside
2678 5967 2726 6009 et
2772 5954 3010 6023 Osiride,
3046 5954 3261 6026 quando
3296 5954 3519 6022 scribit,
