3942 6288
189 372 262 428 2n
353 366 593 443 p.139.)

1415 365 1780 425 ADVERSUS
1816 364 2113 425 GENTES.

2937 369 3014 442 (ν.
3039 366 3192 442 459.)
3304 366 3409 424 27s

185 490 375 546 Stercora
416 496 540 542 tunc
578 486 794 543 mittunt
814 526 828 551 ,
860 484 1036 557 ipsum
1085 500 1181 557 pro
1212 492 1453 541 stercOre
1479 483 1706 554 jactant.
1740 485 1789 546 Α
1815 481 2015 537 Rector
2035 481 2179 538 enim
2222 491 2409 537 noster
2437 482 2519 537 sic
2546 481 2783 553 undique
2814 489 3008 537 cuncta
3035 482 3337 553 gubernat;
3412 540 3415 543 _

182 582 320 641 Omnia
345 578 384 635 si
409 588 635 652 quaeras,
654 580 824 649 magis
845 588 899 635 et
924 579 1145 635 ridenda
1161 578 1431 634 vitientur.

180 674 351 731 Additur
368 671 484 727 beic
510 670 652 726 aliud
691 689 704 724 :
742 672 917 726 Vesta:
945 678 1079 742 quas
1096 664 1343 742 Virgines
1378 672 1529 726 aiunt

179 768 498 835 Quinquennes
522 764 712 835 epulas
732 764 885 819 audis
920 756 1136 834 portare
1165 764 1418 831 Draconi,

177 860 246 928 Qui
270 868 425 913 tamen
450 865 544 912 aut
570 870 678 912 non
703 860 805 925 est;
837 864 928 912 aut
950 859 993 912 si
1026 862 1129 921 εει,
1162 857 1410 913 diabolus
1433 859 1547 929 ipse
1578 867 1659 913 est
1684 899 1700 925 ,

174 950 345 1007 Humani
364 950 572 1019 generis
598 950 901 1005 contrarius
932 959 1089 1005 antea
1112 962 1320 1005 suasor.

174 1045 220 1101 Et
236 1052 526 1099 venerantur
554 1058 701 1109 eum,
731 1046 820 1115 qui
855 1046 1077 1099 nuncin
1112 1047 1327 1100 nomine
1349 1043 1546 1099 Christi

172 1138 216 1192 Et
234 1134 399 1201 tremit,
429 1145 481 1189 et
509 1135 729 1206 pendet,
762 1148 965 1209 suaque
989 1138 1166 1191 omnia
1196 1135 1331 1191 facta
1364 1137 1579 1192 fatetur.

169 1228 259 1297 Qua:
280 1236 415 1283 utens
445 1213 525 1282 est
547 1214 847 1293 hominum,
882 1238 937 1282 nt
957 1236 1052 1298 pro
1079 1228 1218 1283 veris
1237 1228 1367 1283 falsa
1393 1230 1696 1299 loquantur,

166 1323 235 1390 Qui
252 1320 510 1392 linquenda
541 1323 748 1385 colunt,
772 1328 1071 1393 contraque
1098 1323 1324 1377 colenda
1348 1322 1700 1394 relinquunt?

165 1411 245 1468 iam
270 1414 341 1469 sat
366 1415 465 1470 erit
488 1415 647 1471 nobis
672 1426 843 1470 vanos
871 1424 1090 1470 narrare
1125 1415 1368 1471 timores.

162 1506 251 1563 Hac
270 1523 356 1578 ego
382 1517 572 1564 cuncta
602 1510 751 1579 prliis
776 1550 790 1571 ,
819 1508 1024 1565 clarum
1056 1520 1180 1564 cum
1209 1510 1390 1564 lumen
1423 1507 1650 1579 adeptus
1678 1547 1694 1573 ,

161 1602 295 1674 Neque
315 1602 398 1657 diu
420 1603 711 1671 incertum,
746 1612 799 1658 et
829 1612 907 1658 tot
936 1604 1344 1674 tempestatibus
1369 1611 1547 1657 actum

160 1696 303 1752 Sancta
322 1697 536 1752 salutari
567 1700 805 1769 suscepit
822 1698 1063 1753 Ecclesia
1095 1708 1250 1768 portu
1271 1740 1285 1765 ,

158 1789 339 1861 Postque
365 1805 530 1863 vagos
560 1791 757 1848 ﬂuctus
785 1793 1069 1864 tranquilla
1099 1784 1229 1850 sede
1258 1778 1458 1850 locavit
1489 1814 1505 1849 :

158 1881 204 1936 Ut
226 1882 332 1937 mihi
354 1883 459 1955 jam
491 1884 671 1953 liceat,
703 1884 916 1941 detersa
941 1886 1081 1941 nube
1105 1885 1370 1941 malorum

157 1972 368 2045 Tempore
394 1976 661 2046 promisso
684 1977 856 2032 lucem
890 1994 1111 2050 sperare
1133 1992 1400 2034 serenam.

154 2065 236 2121 lani
253 2068 379 2136 prior
406 2069 490 2124 illa
522 2070 694 2133 salus,
724 2086 883 2140 quam
918 2068 1150 2141 perdidit
1182 2071 1468 2128 immemor
1493 2050 1687 2139 Adam,

154 2155 260 2212 'l'unc
278 2172 393 2214 vero
416 2160 683 2216 suadente
708 2162 871 2228 malo,
904 2174 1048 2217 nunc
1077 2163 1282 2233 remige
1309 2163 1553 2229 Christo,

153 2246 270 2306 Bruta
290 2251 349 2308 de
377 2256 616 2325 scepuiis
645 2270 862 2326 semper
891 2268 1142 2312 mansura
1169 2264 1435 2329 resurget.

1813 576 1879 631 Ut
1909 577 2069 630 modo
2098 577 2189 648 qui
2221 577 2373 631 nobis
2401 592 2641 632 errorem
2675 576 2869 632 mentis
2898 576 3105 632 ademit
3129 619 3144 644 ,

1810 668 1908 723 llic
1932 670 2154 724 meliore
2190 670 2271 723 via
2304 670 2536 738 paradisi
2564 670 2765 724 lumina
2793 668 3012 739 pandat.

1810 760 1958 816 Felix
1987 772 2166 815 nostra
2194 761 2353 817 Fides
2384 764 2770 830 uni,ecr10que
2801 763 2997 818 dicata.

1808 853 1958 910 Unus
1984 854 2125 908 enim
2152 855 2292 909 Deus
2319 864 2421 919 est,
2450 855 2747 909 substantia
2779 854 2945 910 Filius
2977 871 3079 910 una
3100 896 3115 922 ,

1811 944 1958 1001 Unus
1990 947 2042 1000 in
2064 955 2289 1016 utroque
2314 956 2395 1001 est
2427 964 2565 1002 unus
2581 948 2754 1017 vigor,
2784 963 2887 1001 una
2918 957 3181 1019 potestas.

1807 1038 2052 1111 Namque
2084 1042 2175 1095 Dei
2205 1042 2442 1096 Verbum
2472 1042 2645 1112 patrio
2673 1042 2741 1097 de
2771 1051 2988 1111 pectore
3016 1041 3262 1099 Christus

1805 1135 2072 1202 Emicuit,
2107 1151 2427 1207 semperque
2457 1137 2572 1200 fuit,
2603 1137 2692 1207 qui
2715 1151 2820 1191 non
2848 1138 3000 1208 quasi
3027 1148 3184 1192 natus
3208 1180 3223 1206 ,

1805 1229 1913 1285 Ore
1940 1230 2036 1286 sed
2064 1247 2336 1299 egressus,
2371 1232 2535 1285 chaos
2563 1231 2691 1286 illud
2721 1230 2881 1285 inane
2908 1232 3135 1286 removit
3160 1272 3176 1299 ,

1802 1322 1871 1377 Et
1897 1324 2017 1376 tnlit
2044 1324 2325 1379 informem
2354 1332 2618 1378 contexta:
2650 1324 2824 1378 noctis
2847 1323 3046 1379 hiatum
3082 1342 3095 1379 :

1801 1416 2188 1486 Distribuitque
2215 1417 2350 1472 locis
2378 1433 2548 1481 mare,
2578 1427 2772 1483 terras,
2806 1432 2954 1483 aera,
2986 1417 3203 1473 omium.

1800 1508 2003 1577 Hisque
2033 1509 2183 1564 dedit
2210 1511 2480 1580 geminam
2509 1510 2660 1580 pulsa
2689 1510 2920 1580 caligine
2951 1510 3147 1565 lucem.

1800 1606 1899 1659 Ast
1925 1603 2014 1658 tibi
2044 1613 2234 1659 cuncta
2265 1618 2462 1658 novum
2491 1613 2817 1672 stupuerunt
2833 1618 3056 1673 surgere
3083 1601 3251 1658 solem
3278 1644 3293 1665 .

1799 1698 2039 1767 Quatuor
2069 1698 2181 1753 bmc
2201 1696 2376 1752 hausit
2404 1698 2565 1751 variis
2588 1696 2807 1752 exordia
2840 1696 3023 1753 rebus.

1800 1788 1933 1846 Sunt
1956 1789 2200 1845 homines
2230 1791 2408 1857 terris,
2430 1799 2556 1845 sunt
2586 1788 2771 1845 addita
2796 1789 2973 1845 sidera
3002 1790 3163 1857 calo,

1795 1883 1939 1937 Aere
1965 1881 2167 1952 pendet
2194 1883 2328 1947 avis,
2359 1880 2564 1953 liquido
2588 1890 2736 1937 natat
2766 1896 2984 1952 aequore
3010 1883 3192 1952 piscis.

1799 1974 1886 2031 Sic
1907 1976 2173 2031 elementa
2204 1977 2317 2032 suis
2344 1976 2625 2031 decoravit
2651 1976 2857 2045 singula
2882 1976 3070 2031 formis
3095 2017 3110 2039 ,

1796 2071 1991 2127 chuit
2019 2071 2135 2126 hace
2162 2071 2376 2125 diversa
2409 2066 2552 2135 licet,
2580 2070 2922 2141 discretaque
2949 2072 3144 2141 jnnxit,

1797 2164 2100 2235 Junctaque
2128 2165 2406 2230 discrevit,
2438 2180 2560 2234 qua:
2576 2179 2720 2220 nunc
2751 2164 2921 2219 divisa
2951 2164 3249 2220 cohaerent.

1798 2256 2011 2313 Claudii
2042 2256 2186 2314 enim
2221 2270 2457 2314 oceanus
2489 2269 2687 2313 terram
2714 2299 2729 2323 ,
2753 2272 2905 2315 mare
2931 2257 3217 2326 clauditur,
3248 2256 3365 2331 ipse

1402 2348 1964 2409 COMMENTARIUS.

151 2444 380 2513 peregrinos
430 2445 509 2498 vel
554 2446 874 2508 stercoreoi;
907 2444 1012 2501 Sed
1056 2461 1154 2501 cur
1190 2446 1395 2501 Adonis
1445 2457 1684 2502 stercora

148 2514 429 2582 patiebatur?
475 2514 711 2570 Causam
738 2518 1008 2573 invenisse
1032 2519 1160 2572 mihi
1189 2518 1398 2572 videor.
1430 2518 1685 2573 Nonnulli

148 2584 385 2640 Adonidetn
421 2602 611 2642 semen
644 2588 803 2643 tritici
834 2604 956 2643 esse
999 2599 1339 2649 statuerunt.
1390 2591 1529 2645 inter
1554 2604 1689 2653 quos

146 2654 357 2735 ‘l‘heocriti
404 2658 837 2735 Scholiastesita
879 2663 1085 2715 locutus
1117 2671 1221 2715 est.
1273 2660 1506 2723 Ἄδωνις.
1532 2662 1687 2735 ἤγουν

145 2726 308 2808 ὁσῑτξς,
333 2729 358 2784 ὁ
382 2732 989 2808 σπειρόμενος-ᾆξ-μῆνας
1025 2736 1074 2787 ἐν
1113 2742 1175 2808 τῇ
1201 2742 1264 2805 γῇ
1306 2742 1444 2789 ποιεῖ
1469 2726 1688 2795 ὁπότ-ῆς

144 2804 315 2875 σπορᾶς,
331 2812 432 2856 etc.
448 2804 672 2875 Adonis,
687 2804 914 2875 videlicet
930 2804 1238 2875 frumentum
1255 2816 1420 2858 solum
1436 2821 1525 2858 sea:
1541 2821 1687 2858 men-

142 2884 194 2923 ses
221 2872 339 2923 ἰηιηή
375 2874 466 2927 sub
512 2873 711 2927 satione
749 2874 905 2942 degit.
930 2872 1067 2928 Tam
1100 2876 1236 2929 bene
1276 2876 1437 2942 igitur
1456 2876 1684 2930 Adonidi

142 2892 194 2923 κε
221 2892 338 2923 uuuu
375 2892 466 2927 suo
512 2892 711 2927 σαιιοηε
749 2892 813 2927 ae
850 2892 905 2929 ιι.
952 2892 1067 2928 iam
1100 2892 1236 2929 nene
1276 2892 1437 2942 igitur
1456 2892 1679 2930 suomet

142 2950 327 2995 stemma
343 2955 617 3013 aptantur,
635 2960 793 3012 quam
813 2892 1009 3000 attice.
1030 2946 1159 3013 Quia
1180 2962 1308 3001 vero
1334 2948 1471 3001 inter
1491 2946 1679 3001 Vulcao

140 3022 247 3085 litim,
273 3013 595 3085 Venerisque
632 3019 864 3072 amasios
901 3019 1191 3071 inimicitia:
1230 3017 1672 3082 interbedebant;

138 3080 225 3158 hinc
241 3082 427 3141 Adonis
458 3080 605 3141 male
632 3087 865 3153 habitus,
899 3104 1062 3158 quum
1095 3088 1316 3143 Vulcani
1349 3106 1498 3143 sacra
1519 3080 1673 3158 peraé

135 3155 360 3228 gebantur.
401 3158 515 3213 llas
562 3173 692 3228 ergo
736 3155 1011 3227 propiores
1052 3176 1243 3214 causas
1270 3155 1546 3225 arbitror,
1580 3176 1675 3215 cur
1701 3159 1745 3222 C

135 3223 233 3281 adeo
266 3231 426 3300 turpia
468 3231 565 3285 ille
590 3223 650 3285 iii
675 3223 1056 3287 Vtileanalibns
1085 3232 1268 3287 subire
1295 3223 1600 3303 cogeretur.

311 3320 315 3325 ·
1351 3306 1495 3360 Mua.

183 3368 334 3446 ipsum
374 3388 465 3441 pro
488 3382 733 3446 _gtereore
755 3374 972 3446 iactant.
1018 3374 1149 3445 Leg.
1177 3377 1344 3446 ipsum
1372 3393 1464 3446 pro
1492 3377 1512 3430 Ι
1539 3386 1674 3431 ster-

133 3454 222 3519 core
242 3441 448 3512 jactant.
485 3443 619 3500 lleic
644 3446 769 3519 enin
792 3445 902 3519 loci
929 3461 1022 3515 pro
1045 3441 1120 3502 rei
1146 3441 1669 3519 indignationemin-

132 3510 268 3592 dicat,
298 3532 400 3592 nec
426 3517 832 3587 praepositionis
856 3510 973 3573 vice
1005 3510 1389 3590 fungiturfsed
1421 3517 1673 3589 interjec-

133 3587 270 3641 tionis.
298 3587 497 3644 νομαί.

182 3654 514 3728 Quinquennes
539 3660 736 3730 epulas.
767 3660 939 3729 Quum
976 3663 1105 3717 mihi
1155 3664 1342 3718 horum
1370 3663 1667 3718 carminum

130 3739 331 3801 gennana
359 3733 648 3801 explicatio
680 3733 887 3797 lateret,
914 3737 1220 3789 tnnnnitme
1239 3735 1474 3791 Joannes
1488 3732 1666 3788 Ciam-

131 3800 245 3864 pinus
269 3803 343 3856 vir
364 3800 545 3858 clarus
568 3811 623 3857 et
649 3807 936 3858 maximum
961 3805 1117 3861 Urbis
1133 3806 1319 3867 decus.
1343 3806 1668 3861 solutionem

128 3882 149 3920 a
182 3868 333 3943 Lipsiu
374 3874 658 3942 petendam
698 3890 816 3943 cap.
849 3892 879 3929 κ
907 3876 975 3931 de
1002 3877 1182 3941 Vesta,
1202 3891 1254 3933 ct
1284 3879 1484 3933 Vestal.
1513 3877 1667 3933 Hunc

128 3944 326 4006 equidem
350 3956 625 4002 auctorem
649 3957 770 4000 ante
810 3950 1183 4002 constitueram
1218 3989 1231 4008 .
1277 3950 1370 4004 scd
1395 3952 1665 4004 incurioso

126 4010 335 4089 ellugerat
359 4017 473 4071 hate
500 4017 752 4072 eruditio.
784 4018 958 4086 inquit
986 4031 1163 4073 autem
1192 4021 1236 4074 is
1272 4061 1282 4072 .
1319 4039 1337 4072 ι
1370 4021 1426 4074 1η
1442 4021 1664 4089 ambage

126 4084 186 4161 vel
228 4087 354 4161 nube
376 4097 481 4157 est,
529 4090 671 4157 quod
701 4090 751 4143 in
793 4084 1038 4144 Slivestri
1065 4094 1211 4145 Actis
1229 4091 1547 4161 quibusdam
1582 4084 1661 4146 le-

126 4155 280 4232 giturA:
314 4155 572 4214 Dracenis
596 4162 718 4214 enni
760 4176 850 4214 ora
895 4164 1175 4228 clausisse,
1205 4155 1259 4217 et
1292 4173 1550 4232 perpetuo
1576 4180 1660 4218 cr-

125 4229 289 4303 gastulo
315 4236 670 4300 mancipasse,
702 4232 786 4286 cui
830 4232 1085 4289 Kalendis
1117 4229 1342 4303 singulis
1370 4229 1403 4288 a
1435 4234 1661 4300 Virgini-

125 4295 197 4351 hus
221 4299 381 4355 Vesta:
398 4295 732 4375 suppeditari
757 4305 909 4358 Solita
928 4317 1049 4359 sunt
1074 4295 1345 4360 alimEnta.
1395 4295 1660 4375 Namtjuis

123 4379 319 4451 veterum
344 4374 445 4429 tale
470 4377 671 4451 aliquid
691 4380 712 4451 'l
735 4391 914 4451 cuque
940 4379 1116 4444 sperni
1158 4389 1248 4431 aut
1286 4379 1441 4445 ahjici
1486 4374 1661 4451 apia-

123 4445 210 4511 gnis
234 4445 351 4498 viris
380 4456 435 4499 ut
462 4447 595 4500 ialSa
616 4490 630 4511 ,
662 4447 836 4499 video.
869 4447 950 4502 Me
980 4459 1265 4503 cunctante
1292 4465 1357 4502 an
1392 4465 1494 4504 non
1526 4445 1659 4504 Ter-

123 4510 328 4591 tulliapus
358 4515 458 4571 huc
483 4510 793 4591 adspexerit
831 4519 896 4591 ad
939 4514 1101 4574 Uxor.
1131 4534 1249 4590 cap.
1286 4516 1338 4575 6.
1369 4520 1513 4575 hisce
1540 4532 1657 4574 vet--

121 4579 403 4667 bis:iinma:
446 4579 667 4658 quidem
708 4590 1012 4667 qu:_c_ig'nis
1062 4579 1210 4645 illius
1238 4592 1657 4667 inextinguibilis

122 4662 354 4725 Imaginem
375 4662 901 4731 tractant,_att<piria
923 4679 981 4730 ρει
1006 4678 1085 4715 nm
1107 4679 1216 4717 sum
1233 4681 1352 4718 cum
1378 4665 1494 4731 ipso
1528 4665 1657 4718 Dra-

121 4736 220 4803 cone
240 4742 479 4805 curantes
522 4734 602 4805 de
632 4726 946 4801 Virginitatc
974 4740 1279 4789 censentur.
1324 4726 1655 4805 illmLip—

121 4798 316 4875 sius.__Tu
355 4808 482 4875 Vero
510 4803 667 4875 sudes
710 4798 916 4858 intuere
943 4810 1197 4874 quantum
1228 4798 1479 4875 ponderis
1511 4798 1655 4861 lllSi‘e

121 4870 319 4927 omnibus
353 4889 382 4928 a
426 4873 658 4949 Paulino
720 4870 973 4949 accedatf
1014 4870 1293 4949 Quomodo
1341 4876 1470 4931 vero
1508 4879 1654 4949 quin-

120 4952 292 5021 ςηιςηηεε
318 4946 521 5021 ρρηιζιβΙ
540 4955 714 5021 vocet,
762 4942 931 5021 fateor
956 4942 1296 5021 me'tiondmn
1328 4942 1649 5018 percepisse.

122 5004 311 5089 iiahelur
344 5004 569 5083 'quide'nt
615 5017 664 5069 in
706 5004 902 5072 'cndice
950 5030 1132 5072 thIro
1188 5004 1652 5089 scrip'tumqqucn—

119 5086 380 5160 quennispat
409 5103 581 5160 neque
605 5102 857 5153 metrum,
889 5094 1059 5160 neque
1085 5106 1276 5147 sensus
1298 5086 1439 5145 lianc
1460 5086 1650 5144 Iecliu-

119 5163 207 5233 περιρ
234 5156 511 5233 patiuntur,
545 5161 908 5233 scrjptunique
927 5156 1023 5233 pro
1054 5164 1433 5233 quinquermeis.
1457 5158 1596 5233 Iliun.

142 5225 568 5300 “Quilinqueudo.
612 5225 837 5285 Similis
867 5225 1013 5286 locus
1067 5225 1382 5287 Minuciano
1413 5251 1430 5288 :
1465 5232 1651 5289 Nonne

117 5293 343 5353 ridiculum
364 5293 457 5356 Vest
490 5342 505 5367 ,
562 5302 639 5356 uel
668 5303 839 5374 lugere
864 5304 1002 5373 quod
1035 5304 1195 5370 colas,
1231 5307 1304 5360 vel
1332 5305 1493 5359 colere
1512 5310 1649 5377 quod

117 5360 282 5427 lugeas?
307 5372 441 5427 Mue.

132 5378 282 5434 agens?
307 5378 441 5429 uiua.

170 5436 260 5509 Ego
299 5444 683 5519 cunctaﬁprius.
722 5432 850 5500 Heic
897 5462 1114 5501 versum
1168 5458 1351 5519 unum,
1401 5448 1648 5519 pluresve

116 5500 266 5592 {less-se
294 5531 445 5570 nemo
470 5500 819 5592 di'ititebitttr;
851 5500 1645 5592 quippenvierbaSpri'or'avi'n‘in:

114 5589 231 5662 fictio
252 5598 467 5662 manent
511 5587 851 5657 similemque
881 5587 1096 5644 SCIlSlilil
1116 5634 1130 5650 .
1155 5604 1211 5646 ut
1238 5587 1609 5662 compleantur
1628 5637 1642 5658 ,

116 5654 347 5731 requirunt
374 5676 385 5709 :
423 5652 547 5713 Ilwc
600 5675 689 5729 ego
734 5652 913 5715 cuncta
941 5662 1083 5731 prius
1113 5662 1267 5717 dubia
1297 5652 1459 5717 ménle
1482 5652 1647 5718 volve;

116 5717 218 5805 llum,
246 5736 289 5780 et
309 5732 514 5805 probare
539 5717 837 5805 nesciebant,
870 5717 1066 5786 clm-um
1096 5748 1209 5787 cum
1240 5738 1407 5788 lumen
1435 5717 1646 5805 adeptus

116 5803 238 5874 ﬁmi.
261 5796 353 5874 cie.
394 5800 529 5856 Msa.
564 5831 645 5874 ς-
678 5796 1031 5874 Existimabat
1050 5805 1115 5859 cl.
1144 5805 1485 5874 Muratorins,
1526 5796 1644 5863 ltelc

114 5859 275 5935 aliquid
314 5870 516 5935 deesse.
562 5870 820 5935 Eruditus
872 5873 1143 5937 Vonckius
1188 5859 1419 5950 legebat,
1473 5859 1643 5957 tota;

1682 4555 1737 4617 D

1790 2461 1917 2532 sicut.
1935 2447 2105 2499 lumen
2130 2446 2347 2529 adeptus
2366 2487 2380 2511 ,
2410 2454 2502 2532 aut
2522 2445 2720 2532 clarum
2750 2447 3079 2532 eum'lunten
3124 2446 3389 2532 adeptum.

1792 2515 1919 2588 Mihi
1953 2527 2129 2572 tanien
2172 2519 2337 2586 magis
2366 2519 2626 2585 probatur
2652 2518 2925 2586 lipsiensis
2967 2515 3235 2588 Anonymi
3264 2536 3393 2575 con-

1784 2587 2017 2656 jectura.
2050 2608 2068 2640 ι
2104 2588 2263 2656 Quid.
2295 2589 2485 2656 inquit,
2516 2587 2557 2643 si
2580 2589 2788 2658 legeres
2819 2590 3021 2643 clarum
3049 2587 3193 2654 Quint
3222 2591 3390 2646 lumen

1790 2660 2005 2729 adeptus
2030 2660 2055 2711 ?
2099 2658 2187 2714 Sic
2227 2661 2403 2713 omnia
2436 2658 2574 2713 bene
2598 2658 2846 2714 ﬂuerent.
2890 2659 3026 2715 Dicit
3072 2663 3339 2716 Antonius
3370 2681 3384 2717 :

1788 2728 1915 2784 llaec
1938 2746 2036 2800 ego
2066 2736 2256 2785 cuncta
2292 2731 2440 2798 prius
2479 2731 2706 2800 cogitavi
2735 2774 2748 2795 ,
2791 2746 2950 2799 quam
2981 2733 3183 2787 clarum
3206 2734 3386 2789 lumen

1787 2801 2015 2871 adeptus
2040 2819 2210 2868 cram,
2239 2811 2535 2872 sanctaque
2565 2802 2806 2857 Ecclesia
2833 2818 2919 2858 me
2946 2805 3254 2930 recipiebat.
3289 2824 3307 2856 ι

3082 2882 3204 2929 ALL.

3082 2882 3204 2929 ALL.

1856 2942 2109 2999 Ecclesia.
2137 2942 2211 2998 lta
2237 2943 2390 2999 eiTert
2421 2942 2552 2999 alibi
2581 2943 2838 3001 Paulinus
2866 2945 2967 3001 hoc
2998 2961 3196 3001 nomen
3224 2946 3384 3001 metri

1780 3017 1972 3085 gratia.
2009 3013 2069 3069 In
2102 3015 2339 3085 Epithal.

1875 3126 2071 3191 ﬁrendc
2098 3134 2475 3183 sacramentum,
2499 3141 2597 3191 quo
2622 3128 2762 3176 nubit
2797 3127 3021 3191 Ecclesia
3045 3128 3255 3179 Christo.

1842 3214 1847 3217 -
1872 3184 1962 3238 Hic
1988 3203 2073 3238 vos
2089 3194 2257 3239 nectat
2278 3203 2432 3250 amor,
2460 3184 2557 3253 qu'o
2578 3192 2776 3253 stringit
2794 3189 3014 3239 Ecclesia
3036 3191 3297 3242 Christum.

1778 3295 1835 3351 In
1885 3296 2004 3351 Nat.
2037 3313 2090 3352 ιν
2137 3313 2349 3368 quoque
2374 3298 2598 3368 etalibi.
2634 3297 2707 3351 lta
2735 3298 2893 3351 etiam
2931 3296 3204 3367 usurpavit
3233 3302 3380 3353 Ano-

1779 3384 1993 3441 nymns,
2027 3368 2117 3423 lib.
2144 3366 2193 3441 t.
2215 3366 2401 3423 contra
2424 3366 2771 3432 Marcionem,
2801 3368 2865 3423 iis
2885 3366 3233 3435 carminibus,
3254 3378 3375 3441 qua

1778 3438 1820 3493 Τ
1826 3440 2107 3495 ertulliano
2134 3440 2514 3495 adscribuntur
2547 3457 2561 3494 :

1869 3554 1950 3605 Sic
1975 3560 2026 3605 et
2045 3555 2322 3618 At'ostolico
2345 3554 2567 3606 decurrit
2585 3553 2807 3605 Ecclesia
2826 3554 3000 3605 verbo.
3026 3554 3157 3607 Mea.

1850 3660 1919 3733 Ut
1941 3662 2111 3716 modo.
2135 3661 2369 3727 Tempus
2392 3661 2665 3725 designat,
2696 3676 2804 3733 quo
2830 3660 2946 3733 inec
2975 3663 3187 3733 scriptis
3216 3679 3373 3719 man-

1774 3728 1956 3794 dabat,
2000 3748 2193 3801 nempe
2219 3732 2418 3786 annum
2451 3732 2575 3792 595.
2598 3746 2657 3786 se
2679 3728 2818 3785 enim
2842 3731 3029 3787 Nolam
3051 3728 3223 3801 nuper
3243 3750 3373 3790 con-

1772 3802 1967 3857 tulerat
1996 3800 2277 3873 Paulinus,
2310 3812 2361 3857 ill
2389 3802 2461 3856 ibi
2494 3802 2745 3872 religioso
2779 3803 2977 3873 pioque
3015 3800 3228 3873 vivendi
3257 3806 3369 3863 ins-

1772 3874 1927 3945 tituto
1973 3870 2125 3945 dat-et
2170 3890 2412 3945 operam.
2450 3870 2735 3945 Vide—qus:
2778 3870 3008 3930 disserui
3060 3875 3112 3931 in
3161 3870 3365 3933 Prtel'a-

1772 3942 1914 3998 lianc
1942 3944 2009 3999 ad
2039 3940 2138 3999 ltoc
2168 3940 2385 3999 Piiema.
2417 3940 2557 3999 MUR.

1842 4014 1943 4070 Hic
1981 4016 2189 4070 meliore
2224 4017 2324 4075 via.
2359 4026 2466 4071 etc.
2495 4016 2817 4072 Mnratorius
2845 4017 2924 4073 sic
2955 4016 3319 4091 distinguebat
3351 4040 3364 4077 :

1861 4128 1954 4193 [lic
1975 4128 2183 4179 meliore
2208 4131 2285 4179 via
2309 4130 2518 4193 paradisi
2538 4130 2707 4179 limina
2725 4132 2903 4192 pandat

1860 4190 2022 4242 Felix.
2048 4193 2224 4243 Nostra
2247 4190 2371 4243 ﬁdes
2394 4196 2479 4243 uni
2505 4190 2747 4257 certoque
2769 4194 2946 4244 dicata.

1765 4294 1871 4351 Sed
1902 4314 2021 4352 cum
2062 4299 2190 4353 viris
2221 4290 2448 4354 eruditis
2480 4298 2547 4353 ita
2597 4296 3005 4369 distinguendus
3049 4299 3136 4358 hic
3169 4302 3317 4358 locus
3345 4320 3360 4365 ;

1766 4386 1871 4439 non
1892 4379 1949 4423 ut
1978 4373 2335 4439 interpunctio
2357 4370 2427 4426 sit
2452 4378 2569 4439 post
2599 4376 2792 4424 nomen
2826 4369 2996 4432 Felix.
3029 4389 3092 4427 ac
3116 4375 3360 4429 illiusve—

1766 4436 2366 4516 lutillarjyris'Paulino
2399 4436 2652 4497 celebrati
2679 4456 2874 4496 nomen
2907 4442 2973 4497 ad
3007 4445 3190 4516 priora
3216 4444 3357 4501 refe-

1765 4524 1930 4566 ratur.
1966 4513 2171 4569 Voaca.

1834 4568 2206 4658 Distrilntitque
2240 4583 2376 4658 locis
2410 4580 2609 4658 uelum.
2649 4578 2757 4638 Res
2786 4581 3158 4653 disquisitione
3196 4585 3357 4658 digna

1760 4655 1974 4710 videtur
2000 4654 2309 4717 Muraturio,
2331 4654 2472 4723 quod
2506 4668 2676 4715 mare,
2712 4663 2902 4715 terras.
2930 4669 3055 4707 aera
3083 4660 3137 4709 et
3157 4654 3349 4712 caelum

1762 4727 2154 4782 elementorum
2181 4728 2398 4795 nomine
2420 4724 2707 4795 distinguat
2735 4734 2942 4795 auctor,
2981 4740 3155 4795 neque
3183 4728 3354 4785 hilum

1759 4797 1827 4851 de
1855 4799 1972 4867 igne
1999 4799 2217 4867 cogitet.
2282 4794 2353 4850 At
2393 4794 2770 4867 philosOphnm
2820 4794 2939 4849 beie
2969 4794 3145 4864 egisse
3186 4802 3357 4855 Amo-

1760 4866 1905 4921 nitnii
1968 4866 2083 4921 non
2131 4878 2313 4935 putem
2369 4884 2380 4918 :
2430 4866 2670 4921 imitatus
2716 4866 2950 4922 fortasse
3004 4870 3171 4925 verba
3216 4873 3355 4927 sacri

1756 4940 2035 5007 scriptoris
2084 4936 2213 4992 Gen.
2262 4940 2285 4991 l
2346 4935 2433 4991 ubi
2480 4952 2580 4991 nec
2638 4938 2746 4991 nlla
2791 4939 2923 5007 ignis
2950 4942 3171 4996 mentio.
3213 4942 3351 4998 Pru-

1756 5009 1971 5063 dentius
1999 5010 2157 5064 etiam
2187 5008 2354 5083 ignem
2388 5023 2495 5063 non
2527 5013 2772 5083 agnoscit
2804 5018 3074 5083 tamquam
3114 5014 3354 5069 elemen-

1757 5090 1867 5155 tum
1903 5096 1995 5155 per
2021 5096 2079 5134 se
2106 5082 2445 5155 θυηείιτνιεξηξἈ
2463 5080 2558 5155 sed
2588 5080 2732 5152 quod
2757 5097 2822 5138 ex
2846 5080 2951 5137 alio
2982 5083 3344 5155 progignitur,

1753 5150 1847 5207 lib.
1875 5169 1910 5206 ι.
1942 5151 2271 5224 Symmach.,
2303 5168 2355 5208 ν.
2385 5151 2512 5209 595.

1847 5285 2091 5352 Quidquid
2107 5286 2301 5349 humus,
2327 5287 2551 5352 pelagus,
2573 5287 2751 5339 omium
2776 5286 2999 5352 mirabile
3020 5289 3199 5352 gignit,

1845 5347 1899 5397 1d
1921 5347 2116 5399 duxere
2135 5347 2467 5413 deos.'colles;
2492 5347 2637 5414 freta,
2665 5351 2883 5411 ﬂumina,
2907 5347 3139 5401 ﬂammas.

1824 5453 2058 5520 Quatuor
2097 5456 2203 5511 haec
2231 5456 2419 5512 (inrisit.
2445 5472 2534 5510 var
2567 5472 2651 5511 es.
2698 5454 2805 5509 reb.
2828 5453 2959 5525 [ϐε.
2998 5455 3145 5510 auxit
3176 5474 3191 5512 :
3217 5471 3332 5515 nan

1752 5525 1922 5581 hausit
1942 5541 2160 5597 prorsus
2177 5528 2347 5583 nihili.
2376 5527 2581 5584 νομαί.

1827 5598 1916 5653 Sic
1943 5596 2209 5653 elementa.
2230 5600 2327 5653 Vix
2357 5601 2461 5653 erit
2480 5602 2765 5668 quisquam
2787 5637 2802 5658 ,
2850 5596 2936 5651 cui
2963 5611 3103 5653 nova
3125 5614 3234 5656 non
3258 5603 3343 5658 vi-

1750 5669 1944 5725 deatur
1974 5671 2183 5726 Paulini
2214 5671 2498 5741 sententia.
2536 5669 2824 5741 Enaperte
2847 5684 3009 5741 mare,
3040 5680 3223 5741 terras,
3253 5690 3341 5729 ae-

1751 5758 1811 5794 ra
1841 5743 2021 5796 caelum
2050 5744 2435 5813 elementorum
2444 5736 2682 5813 ponunt».
2704 5736 3015 5813 distinguit,
3049 5736 3220 5813 neque
3255 5744 3339 5799 bi-

1754 5813 1864 5886 lum
1912 5815 1979 5869 de
2023 5816 2144 5885 igne
2193 5811 2409 5881 cogitat.
2441 5807 2550 5867 Res
2583 5807 2825 5883 pulchra,
2875 5807 2931 5869 et
2966 5807 3341 5886 disquisitione

1754 5878 1933 5955 digna.
