4060 6314
254 388 352 446 281
456 390 531 462 (v.
562 388 713 461 205.)

249 507 327 560 Ac
354 506 486 560 satis
501 521 622 561 esse
655 513 825 575 putat,
852 506 991 574 quod
1023 503 1240 558 numine
1271 501 1458 558 credat
1484 501 1536 556 in
1565 515 1692 557 uno.

247 598 383 666 Quid
416 601 561 656 colet
589 601 680 656 ille
720 599 912 665 Deum,
937 599 1026 670 qui
1053 598 1286 652 Verbum
1315 613 1419 653 non
1448 597 1576 652 colit
1603 596 1761 666 ejus?

246 690 347 759 Qui
382 709 486 746 non
512 693 772 747 Virtutem
803 691 962 747 simili
993 701 1284 747 veneratur
1310 690 1551 744 honore?

245 784 458 855 Quique
487 785 806 839 iuvisibilem
829 782 1538 853 incomprehensibilemque
1569 779 1763 834 fatetur

244 877 382 932 Esse
413 878 600 942 Deum,
635 876 718 930 hic
739 876 900 930 etiam
927 875 1201 930 Christum
1230 874 1276 930 si
1302 875 1520 944 cogitet,
1548 873 1688 926 idem

241 968 506 1024 Inveniet.
535 969 786 1038 quoniam
820 967 1053 1023 Verbum
1073 966 1534 1037 comprehendere
1563 979 1721 1019 nemo
1740 1003 1756 1029 ,

235 1060 409 1116 Nemo
436 1059 620 1115 videre
643 1068 817 1130 potest
841 1076 855 1120 ;
891 1074 1052 1129 opera
1075 1063 1190 1128 ejus
1217 1059 1327 1112 sola
1350 1056 1613 1112 videntur.

237 1153 297 1208 In
330 1152 486 1207 Patre
511 1151 680 1206 Natus
695 1151 860 1215 enim,
893 1151 944 1204 iu
968 1155 1103 1204 Nato
1132 1150 1289 1204 Pater
1315 1149 1494 1204 omnia
1525 1146 1668 1211 fecit,

237 1242 309 1299 Et
335 1243 589 1314 quidquid
613 1244 806 1296 virtute
837 1241 1003 1307 dedit,
1031 1243 1226 1312 pietate
1250 1250 1446 1295 tuetur.
1614 1309 1620 1316 χ

245 1333 334 1388 Sic
352 1333 471 1398 fuit,
504 1344 559 1388 et
585 1335 793 1388 steterit
820 1349 1010 1388 versus
1036 1333 1280 1390 Salvator
1301 1334 1353 1387 in
1384 1347 1585 1396 mvum,

231 1427 336 1494 Qui
361 1428 472 1482 tulit
501 1442 748 1494 errores,
777 1428 867 1498 qui
893 1426 1019 1481 fecit
1039 1442 1163 1482 vera
1187 1426 1354 1481 videri
1381 1467 1396 1489 ,

233 1518 558 1590 Placatoque
582 1519 724 1572 Patri
755 1527 1065 1588 pereuntem
1093 1517 1327 1574 reddidit
1356 1517 1564 1572 orbem.

229 1609 346 1665 Nec
373 1612 587 1676 mirum,
609 1611 655 1665 si
678 1621 866 1666 cuncta
898 1613 1056 1683 regit,
1081 1613 1170 1681 qui
1198 1620 1390 1666 cuncta
1417 1611 1641 1677 creavit,

227 1705 335 1774 Qui
356 1707 501 1761 dedit
528 1723 590 1761 ev
617 1707 785 1762 nihilo
813 1716 1004 1771 totum,
1035 1708 1315 1778 lucemque
1343 1707 1577 1762 tenebris

225 1799 495 1866 Prmtulit,
526 1811 688 1872 atque
709 1801 852 1857 diem
879 1802 1043 1869 jussit
1069 1802 1362 1857 succedere
1391 1803 1531 1856 nocti
1557 1819 1571 1866 ;

223 1892 489 1964 Quodque
518 1895 568 1947 in
597 1909 757 1950 carne
781 1895 900 1956 fuit,
928 1895 1107 1948 carnis
1137 1903 1351 1964 peccata
1381 1895 1616 1950 remittit.

220 1985 410 2040 Cernit
433 1986 576 2040 enim
602 2028 614 2049 ,
643 1985 883 2057 fragilem
908 1986 1093 2041 faciles
1123 1987 1396 2042 incurrere
1426 1986 1604 2056 lapsus
1623 2029 1636 2050 ,

219 2078 650 2149 Corripiensque
675 2089 852 2135 tamen
879 2079 1089 2134 veniam
1120 2079 1270 2133 dabit
1299 2079 1546 2133 oumibus
1570 2095 1728 2134 uuam
1751 2123 1765 2145 ,

219 2171 493 2242 (ﬂetuque
515 2188 706 2226 novam
736 2173 909 2228 dicam
936 2216 950 2237 ,
977 2190 1074 2228 nec
1096 2190 1180 2227 me
1206 2173 1408 2228 dixisse
1430 2172 1652 2243 pigebit)

215 2262 457 2334 Plusque
484 2267 602 2334 pius
622 2281 781 2335 quam
806 2266 984 2335 justus
1009 2267 1130 2321 erit.
1157 2265 1210 2320 Si
1241 2266 1471 2335 denique
1492 2267 1668 2335 justus

215 2355 361 2414 Esse
388 2360 533 2426 velit,
566 2360 738 2414 nullus
769 2359 932 2431 fugiet
956 2361 1074 2415 sine
1095 2361 1321 2415 crimine
1345 2377 1557 2431 pinnam
1591 2381 1602 2414 :

214 2450 408 2506 Justus
432 2456 572 2507 enim
591 2454 728 2507 mala
758 2453 1112 2520 condemnat,
1145 2455 1262 2524 pius
1286 2453 1460 2508 otunia
1487 2453 1669 2508 donat.

214 2544 338 2600 Hoc
361 2544 504 2610 facit,
537 2557 594 2600 ut
616 2554 726 2599 rata
755 2546 860 2600 siut
892 2555 1130 2601 venturae
1159 2562 1379 2602 munera
1403 2547 1522 2602 vitae
1550 2590 1564 2611 ,

215 2636 293 2692 Et
324 2637 467 2708 quod
497 2637 648 2706 culpa
683 2637 823 2703 tulit,
856 2638 1417 2708 rursumindulgentia
1445 2639 1632 2694 reddat
1667 2658 1679 2694 :

215 2729 354 2798 Qua:
376 2729 420 2784 si
459 2744 566 2785 non
600 2730 797 2784 fuerint
825 2729 964 2800 plebi
995 2744 1250 2786 concessa
1282 2732 1490 2801 roganti
1518 2776 1532 2796 ,

1235 385 1319 441 DE
1349 380 1616 440 SANCTO
1648 377 2014 437 VIC'I‘ORINO
2043 378 2574 438 PROLEGOMENA.

1863 505 1913 566 Α
1939 495 2089 552 Tune
2112 511 2277 567 prope
2303 497 2479 552 nullus
2509 495 2612 552 erit
2637 494 2838 553 delicto
2869 493 3006 550 liber
3021 493 3089 548 ab
3107 493 3274 549 omni.

3057 374 3132 452 (ν.
3162 374 3314 446 aes.)
3421 373 3532 432 ese

1939 588 2036 654 Qui
2079 589 2247 659 possit
2272 591 2490 644 meritus
2521 589 2778 660 promissa
2803 587 2920 642 luce
2946 585 3145 656 potiri?

1938 681 2176 751 Tangere
2195 693 2316 736 tunc
2345 683 2754 738 lmtiscmlorum
2778 694 2937 750 regna
2962 675 3174 738 libebit;

1937 775 2087 830 Tunc
2115 777 2308 846 poterit
2336 791 2480 830 mors
2509 776 2620 845 ipsa
2644 773 2801 838 mori,
2820 787 2979 842 quum
3013 781 3252 840 tempore
3273 776 3385 823 toto

1936 868 2054 924 Vita
2090 871 2342 939 perennis
2362 871 2465 923 erit
2485 912 2501 936 ,
2531 869 2653 940 quia
2676 878 2801 921 tunc
2835 868 2886 921 in
2915 865 3044 920 sede
3067 865 3218 920 beata

1935 963 2123 1018 Nullus
2153 964 2411 1035 peccandi
2437 964 2587 1018 locus
2615 972 2717 1026 est,
2739 961 2826 1017 ubi
2852 961 2995 1016 nulla
3019 959 3212 1029 cupido
3240 968 3343 1014 est.

1935 1055 2114 1112 Gloria
2143 1067 2285 1112 tanta
2309 1067 2489 1112 nianet
2521 1057 2716 1127 populo
2733 1067 2944 1111 servata
2972 1055 3137 1112 fideli.

1936 1149 2178 1218 Amplius
2204 1149 2306 1204 hoc
2340 1150 2544 1216 tribuit,
2574 1150 2745 1219 majus
2765 1149 2914 1204 dedit
2945 1147 3046 1204 hoc
3072 1161 3282 1218 quoque
3306 1150 3517 1210 munus,

1931 1239 2083 1308 Quod
2117 1252 2454 1310 peccatorem
2482 1258 2640 1313 quem
2667 1241 2892 1312 pcenitet
2911 1284 2924 1305 ,
2949 1249 3103 1296 antea
3131 1239 3334 1310 lapsum
3358 1279 3375 1306 ,

1929 1334 2046 1390 Non
2077 1333 2205 1390 facis
2223 1336 2273 1389 in
2307 1351 2532 1390 numero
2550 1337 2718 1390 turba:
2739 1335 3011 1407 peccantis
3043 1332 3264 1388 haberi:

1930 1432 2138 1502 Quippe
2166 1432 2298 1486 satis
2325 1448 2483 1502 poma
2504 1442 2584 1486 est
2602 1475 2617 1498 ,
2643 1448 2762 1486 cum
2793 1431 2863 1486 sit
2891 1445 2986 1484 sua
3015 1428 3172 1499 culpa
3201 1425 3408 1492 dolori;

1932 1524 2261 1594 Supplicium
2290 1526 2562 1596 proprium
2595 1525 2757 1579 timor
2785 1533 2899 1589 est;
2932 1529 3198 1576 tormenta
3221 1531 3404 1574 reatus

1929 1615 2063 1670 Tum
2095 1615 2256 1671 veluti
2289 1618 2485 1686 patitur
2505 1616 2593 1686 qui
2617 1633 2674 1671 se
2706 1614 2966 1671 meruisse
2987 1612 3206 1668 fatetur.

1927 1706 2062 1773 Quid
2090 1708 2288 1777 poterit
2317 1707 2528 1768 melius.
2560 1706 2641 1760 vel
2669 1705 2794 1776 quid
2822 1703 3146 1760 moderatius
3172 1703 3340 1759 esse?

1926 1803 2159 1869 Judicat,
2186 1803 2424 1873 inquirit,
2455 1803 2704 1873 castigat,
2738 1801 2926 1872 parcit,
2965 1803 3234 1864 honorat,

1850 1935 1899 1994 Β
1927 1896 2117 1952 Omnia
2134 1899 2426 1968 quivincit,
2457 1913 2556 1952 nec
2582 1898 2648 1952 ab
2668 1898 2780 1966 ipsa
2813 1896 3157 1951 vinciturira.

1927 1988 2078 2056 Quod
2108 1989 2176 2044 de
2201 1991 2448 2060 pra‘senti
2476 1989 2586 2059 jam
2618 1990 2892 2043 cernimus
2911 2002 3032 2042 esse
3066 1986 3334 2051 futurum;

1921 2081 2056 2137 Nam
2088 2097 2207 2137 cum
2237 2097 2382 2152 smpe
2414 2081 2593 2135 minax
2625 2080 2898 2136 horrentia
2932 2078 3112 2132 nubila
3144 2077 3318 2149 cogit,

1924 2177 1990 2230 Et
2015 2187 2219 2230 terrore
2253 2181 2338 2244 plo
2356 2176 2517 2229 rutilo
2547 2176 2707 2232 nimis
2733 2175 2853 2244 igne
2875 2181 3158 2236 coruscat,

1923 2266 2187 2321 Tristibus
2209 2277 2260 2320 et
2300 2266 2494 2338 pluviis
2517 2307 2532 2331 ,
2563 2277 2616 2320 et
2641 2265 2873 2320 nubibus
2905 2265 3115 2319 intonat
3139 2262 3269 2316 atris
3296 2304 3310 2322 .

1921 2359 2092 2414 Omne
2112 2374 2281 2428 genus
2312 2359 2462 2413 timet
2493 2359 2804 2422 interitum;
2838 2357 2932 2412 sed
2964 2357 3072 2412 vita
3096 2365 3332 2425 potestas

1921 2451 2160 2518 Desinet,
2190 2461 2244 2506 et
2269 2453 2468 2520 pariter
2489 2451 2685 2507 cretum
2717 2461 3031 2520 mentesque
3061 2455 3299 2504 serenat.

1924 2545 2035 2599 lloe
2063 2561 2277 2616 quoque
2309 2558 2434 2600 tunc
2475 2559 2694 2615 sperare
2719 2545 2892 2614 jubet,
2921 2542 3014 2614 qui
3039 2557 3097 2596 se
3127 2540 3288 2596 modo
3317 2547 3509 2596 cuncta

1923 2638 2153 2694 Perdere
2177 2653 2334 2707 posse
2353 2637 2564 2708 probat,
2605 2639 2650 2692 si
2685 2637 2910 2707 perdere
2942 2636 3080 2690 velle
3112 2643 3344 2690 recusat.

1925 2733 2014 2787 Sic
2040 2731 2282 2787 iterauda
2307 2732 2450 2786 salus
2465 2740 2694 2787 venturo
2714 2730 3018 2786 ostenditur
3039 2744 3158 2785 aevo
3187 2771 3201 2793 ,

1923 2823 2242 2895 Aiternique
2270 2824 2365 2878 Dei
2390 2824 2557 2894 pietas
2578 2833 2778 2879 :eterna
2800 2822 3056 2877 manebit.

1641 2959 2211 3018 COMMENTARIUS.

211 3108 409 3171 quarto
427 3113 622 3154 nomen
645 3097 747 3171 hoc
765 3096 1063 3171 Gentilibus
1075 3098 1440 3171 aptaricaepit,
1462 3113 1622 3167 quum
1647 3097 1807 3171 iidem
1837 3103 1881 3164 C
1923 3102 2150 3156 ratorius
2180 3115 2416 3156 errorem
2439 3101 2556 3155 aliis
2577 3100 2872 3156 tollendum
2893 3099 3164 3171 relinquit
3194 3117 3207 3171 ς
3230 3097 3510 3154 Fabricius

214 3167 288 3227 ab
329 3171 545 3226 urbibus
573 3170 711 3241 pulsi
763 3170 814 3222 in
848 3167 1004 3238 Pagis
1027 3171 1274 3240 agrisque
1317 3167 1592 3239 profanam
1635 3169 1812 3224 adhuc

213 3244 530 3311 religionem
550 3251 886 3296 exercerent.
910 3241 1049 3294 Mun.

293 3309 352 3367 Si
377 3315 517 3366 vitat.
549 3313 604 3367 In
633 3311 729 3366 Ms.
766 3313 1040 3383 legebatur
1072 3331 1084 3366 :
1117 3309 1274 3381 Siqui
1295 3311 1432 3366 idola
1451 3314 1592 3366 vitat.
1613 3311 1811 3367 Emen-

214 3385 364 3440 davi.
399 3385 535 3438 Mue.

295 3455 537 3510 Numine.
589 3455 664 3509 Ita
711 3455 947 3511 scribere
989 3455 1183 3526 placuit
1221 3468 1318 3525 pro
1355 3456 1573 3520 nomine,
1616 3469 1807 3527 quem-

218 3527 510 3582 admodum
542 3527 701 3581 habet
731 3527 825 3580 Ms.
857 3529 992 3581 Mlllt.

305 3598 485 3652 Versus
534 3597 790 3653 Salvator.
826 3597 962 3652 Illud
993 3615 1162 3652 versus
1196 3598 1325 3652 mihi
1367 3613 1552 3668 parum
1585 3597 1808 3654 arridet.

211 3669 473 3725 Fortasse
505 3687 648 3722 verus
676 3669 1019 3724 seribeudum
1049 3679 1151 3724 est.
1188 3670 1330 3724 MlT-R.

303 3739 414 3794 Vita
444 3751 681 3810 potestas.
729 3740 977 3794 Errorem
1019 3741 1138 3794 aliis
1184 3741 1474 3796 tollendum
1525 3742 1790 3811 relinquo.

208 3812 357 3868 Muri.
398 3842 469 3853 —-
497 3811 628 3866 Illud
654 3812 755 3864 vita
785 3821 1004 3880 potestas
1037 3813 1155 3868 heic
1187 3812 1342 3882 plane
1374 3826 1666 3868 mortuum.
1699 3813 1813 3868 Mu—

1916 3175 2046 3227 victa
2065 3173 2402 3242 conjiciebat.
2428 3171 2694 3237 Geuuina,
2739 3172 2789 3224 ni
2839 3170 2994 3224 fallor
3022 3210 3038 3234 ,
3086 3169 3263 3242 lectio.
3290 3180 3372 3223 est
3403 3171 3510 3242 visa

1917 3239 2179 3314 potestas:
2196 3245 2444 3312 Quando,
2475 3244 2664 3311 inquit,
2694 3243 2844 3312 signa
2875 3239 3167 3314 majestatis
3197 3255 3309 3294 sua:
3334 3241 3510 3314 prodit

1916 3312 2226 3385 Sttpretnuni
2253 3316 2480 3374 Numen.
2512 3330 2671 3369 omne
2697 3327 2869 3383 genus
2892 3312 3163 3385 interitum
3182 3315 3338 3385 timet
3367 3328 3381 3385 _:
3413 3312 3508 3366 sed

1914 3381 2134 3456 potestas
2162 3388 2276 3455 ejus
2305 3386 2463 3440 simul
2489 3401 2552 3440 ac
2575 3387 2679 3438 visa
2699 3381 2774 3439 est
2797 3426 2812 3447 ,
2859 3384 2940 3437 vel
2973 3383 3240 3456 apparuit,
3266 3381 3507 3446 desinet;

1915 3454 2076 3526 atque
2106 3460 2174 3512 ita
2195 3454 2426 3522 'emlum,
2459 3468 2615 3511 antea
2638 3456 2866 3510 nubilms
2892 3454 3021 3508 atris
3051 3454 3372 3526 incinctum,
3396 3469 3508 3526 _se-

1915 3523 2089 3594 venat,
2119 3539 2172 3583 et
2198 3541 2417 3584 mteSIas
2441 3529 2715 3582 hominum
2738 3538 2946 3581 mentes
2969 3525 3207 3580 redivivo
3222 3523 3509 3594 splendore

1915 3603 2242 3656 eousolatur.
2275 3600 2406 3667 Quae
2436 3599 2760 3653 antecedunt
2803 3607 2857 3651 et
2907 3605 3204 3665 sequuntur
3234 3596 3350 3650 lnec
3375 3596 3505 3650 satis

1915 3673 2198 3739 adjuvant,
2254 3683 2310 3725 ut
2345 3672 2492 3738 plura
2534 3670 2734 3724 addere
2777 3683 2998 3723 necesse
3036 3681 3140 3720 non
3189 3667 3507 3722 habeamus.

1915 3743 2120 3798 Voxcx.
2171 3772 2242 3785 -—
2274 3744 2406 3797 lluic
2441 3740 2661 3796 Vouckii
2690 3739 3051 3796 emendationi
3093 3739 3362 3792 calculum
3408 3739 3506 3791 ad-

1912 3815 2028 3883 jicit
2055 3817 2368 3885 Anonymus
2400 3813 2688 3883 lipsiensis.

275 4050 314 4055 --λ
360 4051 366 4054 -
487 4050 493 4054 ·
1204 4048 1220 4054 δ
1299 4058 1303 4062 ,
1445 4054 1449 4055 ν
1605 4053 1630 4058 -ο
1705 4053 2150 4062 --Μ-.-μ--η
2171 4055 2186 4059 -.
2203 4053 2360 4060 κα-ῤ-
2386 4054 2490 4061 ----,
2504 4054 2560 4059 ..-
2575 4051 3217 4060 —.__.—————-———-————

263 4090 271 4094 ·
365 4089 417 4094 ·”“
452 4089 458 4094 “
545 4086 551 4091 ¹
655 4087 658 4089 ’
786 4088 788 4090 '
1149 4089 1190 4095 -·-
1243 4088 1311 4094 -·-·-
1347 4088 1463 4096 --ο-
1549 4092 1557 4097 ο
1709 4091 2077 4100 ο---.---
2105 4049 3501 4127 -ᾐ-ᾟ-κ--Μ-Ἢ-ῌΨΞ

201 4254 345 4385 DE
411 4252 781 4382 sum
840 4165 1384 4385 autaut
1448 4253 1923 4384 unum
2000 4253 2743 4382 PETAVIONENSI
2821 4256 2952 4383 ET
3020 4254 3508 4385 MARTYBE

1138 4548 2580 4681 PROLEGOMENA.

1629 4807 2104 4864 aeramnae»

823 4970 1117 5012 Αιιτιεῦωε
1159 4973 1194 5010 Ι.

735 5072 863 5142 Ejus
893 5073 1009 5127 vitae
1035 5071 1304 5143 Synapsis.

283 5188 401 5256 Quo
443 5197 668 5258 tempore
708 5188 920 5242 clarus?
975 5187 1128 5242 Varia
1167 5189 1230 5242 de
1265 5204 1322 5242 eo
1367 5187 1668 5258 Hieronymi
1717 5199 1808 5242 tes-

202 5281 442 5334 timonia.
480 5280 618 5346 Quid
641 5290 758 5333 ante
793 5279 1159 5350 Hieronymum
1191 5279 1409 5350 Optatus
1445 5279 1808 5334 Milevitauus’

200 5405 275 5415 —
307 5373 635 5428 Victorinum
667 5389 855 5442 gratete
878 5375 1099 5441 originis
1123 5385 1215 5428 aut
1245 5375 1295 5429 in
1325 5372 1557 5429 confinio
1583 5373 1804 5428 Graeciae

201 5467 400 5522 saltem
442 5467 725 5520 oriundum
775 5466 971 5531 fuisse,
1017 5484 1082 5522 ex
1131 5470 1222 5534 iis,
1269 5484 1391 5538 qua:
1445 5468 1803 5541 Hieronymus

199 5561 406 5625 attulit,
435 5571 553 5614 tuto
593 5562 722 5615 satis
764 5561 1050 5630 collegisse
1098 5561 1308 5616 videtur
1335 5561 1666 5629 Caveus(t).
1702 5561 1801 5617 Pe-

202 5654 644 5725 tavioneusis(“2)
694 5656 745 5710 in
793 5655 1064 5711 Pannonia
1117 5657 1394 5727 superiore
1451 5657 1517 5710 ad
1571 5656 1798 5710 Dravum

283 5798 362 5865 (I)
393 5793 579 5850 Cavc..
601 5791 744 5865 Hist.
771 5795 947 5865 tittcr._,
980 5803 1108 5848 tom.
1145 5810 1179 5850 ι.
1213 5809 1330 5864 pag.
1365 5794 1484 5849 H7.

281 5863 360 5935 ("-2)
388 5869 462 5932 tta
487 5863 700 5932 quidem
743 5863 1022 5934 legendum
1053 5863 1264 5926 docuit.
1305 5881 1492 5920 errore
1521 5866 1796 5927 obsoleto.

206 5952 319 6009 quo
361 5936 690 5990 Pictavieueia
735 5935 1032 6008 Aquitaniae
1082 5937 1132 5990 in
1171 5936 1338 5990 Gallia
1379 5951 1408 5990 a
1461 5937 1690 5992 liaronio
1733 5939 1798 5992 ad

1833 4957 1886 5016 D
1913 4953 2132 5009 fluvium
2174 4962 2292 5008 erat
2331 4968 2394 5008 ex
2422 4962 2637 5010 oratore
2675 4953 2978 5025 episcopus,
3014 4964 3070 5010 ut
3115 4969 3222 5012 non
3256 4973 3362 5014 uno
3392 4959 3511 5018 loco

1911 5103 2110 5142 annum
2137 5086 2276 5163 .30"),
2297 5103 2442 5142 num.
2479 5088 2563 5163 16.
2597 5088 2822 5163 aliisque
2853 5090 3033 5145 multis
3061 5091 3332 5147 ferebatur
3359 5096 3504 5163 epis-

1910 5173 2100 5228 copus.
2131 5157 2368 5214 fuitditus
2413 5157 3036 5230 exstirpalo,'Launoius
3079 5163 3285 5218 France
3313 5157 3500 5220 Gallus

1913 5230 2162 5298 peculiari
2189 5230 2452 5300 doctaque
2469 5231 2866 5300 dissertatione,
2893 5234 3132 5298 Parisiis,
3160 5235 3318 5297 1655.
3343 5236 3497 5300 iit-8°,

1909 5310 1964 5376 et
1990 5301 2042 5376 in
2073 5299 2480 5376 οιηιηϐυηᾴριη
2516 5313 2644 5357 tom.
2679 5299 2839 5376 u,7'P.
2873 5321 2906 5365 ι.
2948 5321 3065 5375 pag.
3110 5306 3235 5369 656,
3267 5315 3322 5360 et
3349 5299 3500 5376 seqq.

1909 5372 1964 5448 in
1997 5373 2094 5448 hac
2133 5375 2282 5448 enim
2311 5375 2689 5448 _t_lemoustrat,
2738 5375 2789 5429 in
2821 5372 3057 5448 quin—que
3103 5378 3160 5448 tt.
3190 5372 3498 5448 Hieronymi

1911 5443 2065 5508 locis,
2097 5444 2181 5498 ubi
2211 5444 2278 5498 de
2311 5444 2587 5499 Victorino
2614 5463 2793 5500 sermo
2827 5443 3074 5511 habetur,
3103 5446 3183 5500 bis
3211 5443 3413 5503 scilicet
3444 5450 3496 5504 iu

1907 5513 2182 5586 Calalogo,
2208 5531 2327 5581 cap.
2351 5516 2418 5570 74
2441 5528 2494 5570 et
2518 5520 2637 5576 iOl.
2657 5519 2825 5573 semel
2851 5517 3110 5572 adversus
3135 5518 3495 5586 \‘igilantium,

1905 5585 2072 5642 semel
2111 5587 2368 5640 adversus
2412 5589 2709 5642 Helvidium
2731 5631 2745 5649 .
2785 5605 2846 5642 ac
2876 5589 3084 5642 tandem
3114 5585 3278 5643 semel
3319 5591 3369 5644 iu
3400 5585 3498 5645 tris

1903 5658 2123 5731 gesimo
2157 5669 2310 5713 sexto
2354 5659 2650 5713 Ezechielis
2692 5661 2866 5727 capite
2911 5659 3132 5726 repet-iri
3166 5661 3217 5713 in
3261 5663 3498 5731 antiquis

1905 5728 2230 5800 editionibus
2259 5731 2664 5800 petabioneusis,
2699 5733 2778 5784 vel
2822 5731 3212 5798 petauiouensis,
3262 5733 3341 5786 vel
3375 5728 3492 5800 pic-

1904 5799 2161 5870 tabiensis,
2189 5799 2271 5855 vel
2305 5800 2725 5867 pictubiounnsis,’
2755 5800 2912 5870 idque
2943 5800 3177 5856 nominis
3206 5799 3404 5858 habere
3433 5805 3488 5860 in

1907 5867 2157 5944 Usuardi,
2187 5870 2389 5944 Adonis
2415 5881 2467 5924 et
2496 5870 2614 5944 aliis
2651 5867 2873 5926 vetustis
2901 5872 3319 5944 martyrologiis.
3355 5884 3410 5927 ut
3435 5885 3493 5931 et

1905 5941 1958 5996 in
1991 5943 2149 6010 priori
2188 5943 2389 5998 Merlini
2420 5942 2767 5999 conciliorum
2805 5941 3067 6008 editione,
3097 5941 3257 6015 atque
3284 5945 3334 6002 in
3366 5947 3484 6002 edi-
