4060 6284
585 335 698 395 295

1202 450 1498 494 ARTICULUS
1525 450 1598 490 IV.

593 584 974 644 Observationes
1002 575 1296 647 theologica:
1318 575 1369 628 in
1397 573 1616 644 genuina
1646 569 1708 626 S.
1751 567 1996 623 Victorini
2023 582 2178 637 apus-

998 670 1113 726 cula
1142 679 1192 724 et
1215 667 1493 723 editionum
1518 663 1762 718 recensio.

659 809 907 868 Doctrina
935 806 996 862 S.
1039 800 1289 857 Victorini
1315 800 1379 854 de
1411 808 1629 868 quatuor
1652 793 1967 866 Evangeliis,
1990 805 2084 846 etc.
2107 820 2178 830 -—

585 909 644 965 ln
663 905 988 976 Fragmeuto
1015 895 1079 952 de
1126 893 1352 949 Fabrica
1395 890 1606 955 mundi,
1655 888 1707 942 in
1749 903 1856 958 quo
1900 884 1968 940 de
2013 899 2179 954 opere

584 999 798 1072 septimi
819 995 925 1052 diei
952 991 1192 1056 disserit,
1215 988 1471 1044 observat
1497 986 1552 1040 S.
1587 981 1890 1037 Victorinus
1921 977 2180 1072 intergalia

587 1070 838 1165 tanquam
872 1095 1055 1144 notatu
1077 1084 1321 1155 dignum,
1349 1087 1579 1151 quatuor
1599 1073 1850 1131 animalia
1878 1070 2178 1165 antethro—

587 1161 713 1242 num
745 1182 858 1249 Dei,
895 1187 1123 1250 quatuor
1144 1171 1455 1243 Evangelia,
1498 1179 1552 1225 et
1599 1177 1828 1238 quatuor
1875 1163 2092 1217 ﬂuinina
2124 1161 2178 1214 in

586 1279 834 1354 paradiso
863 1272 1132 1345 ﬂuentia(l
1148 1271 1189 1342 ),
1214 1266 1562 1337 Evangelium
1585 1264 1644 1318 S.
1669 1259 1893 1354 Joannis
1915 1259 1966 1312 in
1986 1255 2177 1354 eodem

587 1349 817 1434 tractatu
841 1373 945 1428 hoc
970 1367 1132 1424 modo
1151 1358 1552 1430 adducitnrﬁt),
1592 1356 1820 1411 Joannes
1851 1349 2179 1422 Evangelista

585 1474 657 1528 sic
679 1470 836 1524 dicit:
868 1465 938 1520 In
969 1461 1221 1534 principio
1262 1463 1371 1510 erat
1420 1451 1657 1514 Verbum,
1707 1461 1753 1503 et
1815 1445 2033 1499 Verbum
2071 1451 2180 1496 erat

584 1562 726 1635 apud
750 1559 935 1623 Deum,
959 1564 1004 1610 et
1037 1551 1174 1606 Deus
1195 1557 1303 1603 erat
1335 1543 1574 1599 Verbum.
1607 1539 1667 1595 In
1695 1538 1914 1594 scholiis
1958 1534 2074 1635 Sil—is
2125 1535 2176 1587 in

581 1629 943 1728 Apocalypsin
985 1647 1125 1704 beati
1145 1641 1366 1700 Joannis
1409 1638 1476 1694 de
1524 1635 1714 1692 iisdem
1743 1641 1976 1703 quatuor
2005 1629 2179 1683 Evan-

581 1751 732 1823 geliis
763 1749 834 1803 ita
863 1744 1086 1801 discurit
1109 1738 1187 1812 (5)
1213 1756 1227 1792 :
1260 1735 1491 1803 Quatuor
1521 1729 1768 1785 animalia
1811 1735 2032 1797 quatuor
2061 1731 2179 1776 sunt

1666 319 1756 378 DE
1787 321 1845 378 S.
1893 311 2259 374 VIC1‘0RINO
2299 313 2406 370 EP.
2445 313 2537 369 ET
2576 314 2787 372 MART.

2209 435 2260 494 Α
2287 427 2366 483 dit
2387 428 2437 482 in
2461 429 2626 484 caelos
2653 427 2946 485 extendens
2966 429 3078 484 alas
3099 441 3248 496 suas,
3273 437 3328 484 et
3351 435 3642 500 protegens
3663 427 3893 499 plebem

3775 311 3898 367 296

2281 536 2454 588 suam,
2479 523 2652 593 aquila
2684 522 2871 577 volans
2901 522 3210 578 nominatus
3241 531 3347 577 est.
3395 520 3490 576 Hae
3519 536 3652 592 ergo
3684 521 3893 590 praedi-

2280 618 2538 684 cationes,
2588 618 2830 688 quamvis
2857 628 3090 687 quatuor
3135 618 3262 681 sint,
3309 631 3413 671 una
3441 624 3524 671 est
3552 626 3754 682 tamen,
3788 618 3889 687 qui

2281 707 2348 764 de
2377 725 2482 764 uno
2505 724 2600 764 ore
2628 711 2908 776 processit.
2963 709 3161 766 Oculos
3213 717 3392 764 autem
3443 706 3590 762 intus
3633 717 3689 762 et
3743 705 3887 762 foris

2280 800 2478 857 habere
2504 818 2565 857 ea
2587 803 2835 857 animalia
2864 803 2915 856 in
2947 802 3329 871 praedicatione
3350 800 3477 856 novi
3513 802 3556 857 Τ
3559 802 3879 868 estamenti,

2281 895 2671 964 providentiam
2719 895 3050 965 spiritualem
3093 895 3352 962 ostendit,
3402 911 3524 965 quae
3570 905 3627 951 et
3663 908 3882 954 secreta

2280 987 2458 1042 cordis
2497 987 2732 1056 inspicit,
2783 996 2838 1041 et
2878 988 3313 1057 supervenientia
3362 987 3527 1054 videt,
3577 1004 3696 1058 quae
3749 1000 3883 1046 sunt

2281 1079 2424 1136 intus
2453 1090 2507 1136 et
2535 1081 2684 1134 foris.
2709 1099 2728 1132 ι
2765 1080 2821 1135 ln
2856 1081 2958 1136 hoc
2985 1081 3042 1136 S.
3073 1080 3329 1136 Victorini
3370 1081 3493 1137 loco
3516 1081 3696 1137 omnia
3742 1099 3883 1153 qua-

2282 1181 2406 1229 tuor
2447 1172 2760 1244 Evangelia,
2795 1173 3232 1244 singulorumque
3289 1172 3520 1239 initium,
3568 1173 3651 1230 vel
3679 1175 3880 1231 saltem

2281 1265 2350 1320 ab
2397 1266 2548 1321 initio
2578 1267 2760 1322 statim
2818 1266 3172 1322 obvenientes
3200 1280 3288 1321 res
3313 1267 3370 1322 in
3421 1266 3484 1322 iis
3509 1265 3880 1337 deprehendi-

2281 1374 2400 1414 mus
2419 1377 2433 1423 ;
2451 1359 2591 1414 unde
2621 1359 2707 1415 hic
2727 1360 2876 1416 locus
2895 1377 2924 1416 a
2952 1359 3108 1416 nobis
3135 1360 3368 1416 tnaximo
3389 1361 3444 1417 in
3473 1362 3645 1432 pretio
3667 1363 3880 1418 haben-

2280 1451 2380 1508 dus
2409 1462 2511 1508 est.

2354 1543 2689 1617 Evangelium
2708 1545 2929 1602 Joannis
2958 1563 3058 1617 quo
3104 1557 3351 1617 tempore,
3378 1565 3439 1602 ac
3474 1547 3587 1618 ’qua
3614 1551 3887 1606 occasione

2279 1639 2530 1707 scriptum
2551 1639 2636 1692 ?-
2649 1639 2766 1694 Non
2791 1641 2966 1696 solum
2997 1643 3056 1696 S.
3082 1639 3387 1697 Victorinus
3401 1643 3623 1698 adnotat
3644 1653 3882 1714 tempus,

2281 1751 2388 1806 quo
2414 1736 2471 1792 S.
2500 1735 2738 1791 Joannes
2766 1752 2922 1792 suum
2955 1735 3307 1808 Evangelium
3342 1739 3748 1809 conscripserit,
3785 1739 3888 1794 sed

583 1819 881 1914 linangelia.
919 1855 937 1888 ¢
966 1835 1202 1891 Pl'lllllllll
1236 1826 1434 1883 animal
1464 1824 1638 1880 simile
1685 1819 1849 1884 lCOlll,
1902 1827 1956 1872 Cl.
1985 1831 2177 1914 SCC-llll‘
2208 1837 2254 1897 Β
2283 1845 2385 1897 qua
2413 1829 2576 1884 etiam
2617 1831 2906 1886 occasione
2929 1839 3210 1901 pel-"polus
3231 1829 3414 1885 fuerit.
3433 1831 3751 1902 Composuit
3775 1831 3888 1888 sci-

583 1938 711 1995 dum
730 1908 915 1990 simile
941 1929 1125 1992 vitulo,
1147 1933 1203 1980 et
1225 1923 1436 1978 tertium
1467 1917 1670 1972 habens
1711 1914 1900 1968 faciem
1947 1908 2179 1965 similem

584 2029 811 2093 homini,
844 2036 896 2082 et
936 2031 1184 2094 quartum
1224 2014 1402 2072 simile
1439 2010 1634 2082 aquila:
1684 2005 1885 2062 volanti
1917 2043 1932 2060 .
1976 2041 1991 2056 .
2037 2041 2054 2056 .
2087 2040 2111 2094 γ.
2161 2037 2177 2054 .

581 2123 843 2183 Animalia
875 2119 1033 2190 igitur
1059 2112 1201 2186 quod
1229 2107 1532 2164 dilfercntia
1564 2109 1691 2157 sunt
1707 2099 1881 2163 vultu,
1912 2095 2052 2190 hanc
2085 2093 2179 2146 ha-

583 2220 713 2276 bent
733 2189 994 2270 rationetn
1017 2226 1032 2273 ;
1065 2205 1242 2261 simile
1269 2201 1406 2258 Iconi
1429 2195 1629 2252 animal
1654 2194 1888 2248 Marcum
1909 2189 2173 2258 designat,

580 2312 633 2368 in
665 2324 770 2381 quo
801 2321 902 2361 vox
933 2300 1106 2358 leonis
1138 2299 1189 2353 in
1211 2310 1394 2351 eremo
1422 2289 1681 2360 rugientis
1725 2284 1962 2339 auditur.
1995 2279 2178 2381 Homi-

578 2406 661 2461 nis
683 2373 886 2457 -autem
937 2397 1101 2467 figura
1129 2387 1351 2447 enititur
1381 2384 1664 2440 Matthaaus
1701 2377 1982 2434 enuntiare
2023 2373 2179 2428 nobis

577 2513 748 2572 genus
773 2496 950 2552 Mariae
981 2489 1083 2562 (4),
1112 2485 1254 2542 unde
1273 2496 1488 2538 carnem
1507 2477 1714 2547 accepit
1738 2474 2003 2572 Christus.
2038 2471 2178 2541 Ergo

578 2567 706 2648 dum
730 2595 1010 2647 enumerat
1034 2584 1100 2638 ab
1127 2577 1398 2636 Abraham
1420 2588 1588 2644 usque
1609 2570 1677 2626 ad
1715 2567 1902 2631 David,
1933 2578 1985 2622 et
2008 2580 2178 2636 usque

577 2686 645 2742 ad
662 2680 885 2753 Joseph,
911 2689 1181 2747 tamquam
1200 2672 1268 2726 de
1293 2667 1510 2723 homine
1534 2665 1742 2718 locutus
1769 2668 1869 2717 est.
1897 2658 2025 2714 ldeo
2042 2673 2177 2728 prte-

581 2777 781 2835 dicatio
806 2773 923 2845 ejus
971 2765 1206 2824 hominis
1235 2762 1470 2832 effigiem
1499 2755 1761 2812 ostendit.
1794 2753 1970 2807 Lucas
1993 2765 2176 2805 sacer—

574 2872 778 2930 dmium
807 2864 1083 2922 Zacharias
1106 2854 1387 2915 offerentis
1434 2851 1662 2908 hosuam
1704 2864 1802 2920 pro
1848 2845 2064 2916 populo,
2121 2853 2173 2898 et

570 2974 917 3040 apparentem
935 2958 1037 3016 sibi
1058 2953 1303 3026 angelum
1325 2950 1450 3004 dum
1479 2953 1725 3040 entirrat,
1739 2950 1956 3040 propter
1977 2940 2173 3040 Sacer-

569 3033 776 3119 dolium
820 3065 874 3113 et
905 3052 1094 3109 hostia:
1146 3041 1626 3114 conscriptionem,
1677 3036 1829 3091 vituli
1882 3033 2170 3104 imaginem

569 3157 706 3213 tulit.
737 3153 971 3210 Joannes
999 3142 1341 3214 Evangelista
1389 3135 1582 3207 aquila:
1625 3131 1838 3197 similis,
1879 3127 2173 3198 assumptis

2284 1921 2410 1976 licet
2433 1922 2586 1988 illud,
2609 1931 2890 1994 postquam
2914 1923 2966 1977 iu
3009 1922 3228 1979 Patmos
3252 1923 3482 1980 insulam
3531 1926 3771 1982 Joannes
3798 1941 3887 1982 re-

2281 2013 2487 2084 legatus
2513 2015 2628 2083 fuit,
2659 2032 2724 2071 eo
2748 2017 2994 2084 consilio,
3031 2026 3090 2073 ut
3112 2033 3180 2074 eo
3219 2027 3464 2089 tempore
3507 2029 3728 2075 exortus
3757 2021 3879 2076 hie-

2281 2121 2432 2161 reses
2455 2105 2711 2162 refutaret
2738 2117 2898 2179 atque
2927 2108 3230 2165 destrueret
3251 2108 3352 2182 (l).
3377 2128 3395 2162 ι
3416 2110 3642 2166 Ostensa
3673 2113 3888 2168 arundo

2282 2197 2474 2252 similis
2503 2198 2667 2268 virga:
2695 2199 2882 2268 (verba
2909 2209 3036 2254 sunt
3060 2201 3118 2256 S.
3166 2201 3450 2273 Victorini)
3496 2203 3612 2259 haec
3656 2204 3772 2274 ipsa
3801 2215 3890 2261 est

2283 2282 2655 2355 Apocalypsis,
2678 2301 2837 2356 quam
2867 2297 3051 2357 postea
3081 2288 3322 2344 exhibuit
3345 2289 3638 2347 Ecclesiis:
3673 2308 3798 2348 niani
3830 2302 3891 2350 et

2281 2374 2634 2448 Evangelium
2674 2379 2926 2449 perfecta:
2966 2380 3088 2436 fidei
3112 2392 3313 2437 nostrae
3341 2383 3529 2438 salutis
3559 2400 3722 2441 causa
3755 2402 3883 2456 pos.

2283 2478 2366 2523 tea
2397 2469 2634 2539 scripsit.
2657 2471 2790 2525 Cum
2816 2472 2960 2527 enim
2992 2482 3138 2528 esset
3162 2473 3472 2530 Valentinus
3492 2485 3549 2531 et
3573 2474 3884 2546 Corinthus,

2278 2570 2332 2616 et
2355 2561 2545 2627 Ehion,
2575 2574 2628 2619 et
2651 2565 2829 2622 caeteri
2860 2567 3060 2623 scholae
3081 2568 3294 2625 Satanze
3329 2570 3506 2626 dilfusi
3535 2587 3632 2642 per
3659 2575 3882 2641 orbem,

2278 2667 2650 2713 convenerunt
2671 2659 2736 2714 ad
2765 2660 2913 2715 illum
2943 2661 3011 2716 de
3075 2662 3318 2718 finitimis
3371 2665 3660 2735 provinciis
3689 2683 3884 2726 omnes

2279 2752 2538 2824 episcopi.
2567 2762 2622 2809 et
2643 2756 3022 2824 compulerunt
3047 2773 3192 2823 etim,
3225 2766 3356 2813 utet
3383 2759 3497 2828 ipse
3513 2760 3883 2818 teSIimonium

2277 2845 2661 2902 Conscriberet.
2690 2867 2709 2900 ι
2743 2847 2894 2904 Hand
2929 2848 3195 2904 absimilia
3219 2850 3485 2908 habentur
3510 2853 3562 2909 in
3593 2870 3879 2912 commen-

2277 2939 2413 2995 tario
2437 2940 2691 2996 Victorini
2715 2942 2767 2997 in
2799 2944 3156 3015 Apocalypsin
3188 2944 3286 3015 (2).

2347 3035 2502 3088 nctus
2525 3036 2887 3106 Apostolorum
2915 3053 2949 3090 a
2979 3036 3040 3093 S.
3112 3036 3370 3095 Victorino
3413 3042 3630 3098 laudati.
3655 3072 3724 3084 —-
3767 3045 3878 3100 Ac-

2276 3137 2424 3182 tuum
2457 3128 2822 3199 apostolorum
2871 3130 3116 3185 meminit
3157 3142 3378 3188 sanctus
3418 3133 3722 3191 Victorinus
3753 3137 3878 3192 bina

569 3249 759 3322 pcnnis
784 3245 851 3301 ad
896 3243 1088 3298 altiora
1118 3236 1399 3297 festinans,
1430 3230 1499 3285 de
1551 3227 1728 3322 Verbo
1762 3224 1854 3279 Dei
1903 3223 2170 3322 disputat.
2197 3234 2242 3298 ρ
2275 3222 2394 3322 vice
2673 3222 2897 3322 scis-oliis
2929 3225 2978 3322 in
3009 3225 3371 3322 Apocalypsin
3392 3243 3407 3285 :
3431 3236 3485 3282 et
3508 3229 3723 3298 quidem
3745 3230 3874 3285 dum

563 3318 772 3402 lllat‘cm
803 3336 1142 3408 Evangelista
1180 3331 1257 3387 sic
1302 3326 1598 3395 incipiens:
1644 3320 1863 3374 Initium
1895 3318 2170 3387 Evangelii

567 3440 693 3495 Jesu
721 3434 935 3500 Christi,
965 3431 1098 3485 sicut
1127 3424 1378 3493 scriptum
1400 3429 1474 3475 est
1501 3418 1555 3471 in
1583 3413 1728 3469 Isaia
1752 3410 2038 3482 PrOplteta,
2071 3426 2170 3463 νοω

564 3529 832 3586 clamantis
857 3526 910 3580 in
939 3523 1158 3583 deserto,
1187 3512 1358 3570 leonis
1389 3511 1554 3566 habet
1593 3506 1850 3577 effigiem.
1885 3501 2169 3556 Malthaaus

564 3636 778 3681 autem:
835 3617 984 3673 Liber
1030 3609 1370 3686 generationis
1398 3608 1526 3660 Jesu
1570 3600 1760 3658 Christi
1808 3597 1933 3652 Filii
1975 3596 2162 3662 David,

569 3715 698 3772 Filii
725 3711 1018 3772 Abraham;
1047 3707 1162 3760 haec
1191 3710 1276 3760 est
1308 3697 1473 3754 facies
1504 3693 1757 3750 hominis.
1813 3689 1987 3745 Lucas
2039 3705 2166 3744 vero

567 3812 735 3869 dixit:
771 3806 896 3862 Fuit
927 3800 1181 3860 Sacerdos
1221 3796 1423 3852 nomine
1444 3788 1742 3854 Zacharias,
1773 3785 1835 3839 de
1878 3785 1985 3838 vice
2014 3782 2160 3851 Abia,

566 3914 614 3960 et
635 3901 817 3959 mulier
839 3899 884 3953 ei
911 3897 974 3952 de
1004 3891 1210 3963 ﬁliabus
1237 3889 1449 3950 Aaron;
1479 3883 1594 3939 lucc
1644 3888 1731 3936 est
1768 3879 1942 3948 imago
1985 3873 2159 3929 vituli.

567 4003 638 4055 At
683 3995 918 4053 Joannes
961 3985 1326 4053 cumincipit:
1369 3978 1438 4033 In
1465 3975 1718 4051 principio
1750 3981 1862 4026 erat
1920 3967 2158 4034 Verbum,

566 4092 614 4147 ei
637 4087 854 4144 Verbum
874 4092 981 4138 erat
1003 4079 1142 4151 apud
1165 4076 1350 4139 Deum,
1373 4085 1421 4126 et
1443 4069 1581 4125 Deus
1611 4076 1716 4123 erat
1745 4063 1962 4118 Verbum
1983 4061 2160 4123 :simi-

567 4182 848 4240 litudinem
895 4175 1088 4243 aquila:
1120 4167 1348 4227 volantis
1385 4160 1624 4220 ostendit
1654 4156 1753 4231 (5).
1815 4155 1929 4210 Non
1984 4153 2157 4208 solum

567 4288 748 4332 autem
776 4267 1126 4340 Evangelisue
1156 4260 1250 4318 sed
1275 4269 1330 4315 et
1356 4257 1528 4328 ipsum
1579 4249 1815 4306 Verbum
1848 4247 1945 4340 Dei
1986 4244 2159 4340 Patris

566 4337 968 4437 omnipotentis,
987 4355 1178 4429 quiest
1198 4351 1362 4408 Filius
1388 4347 1505 4418 ejus
1531 4345 1591 4399 D.
1616 4341 1681 4416 Ν.
1711 4340 1870 4396 Jesus
1888 4337 2153 4437 Christus,

565 4429 900 4520 fcrteasdem
932 4452 1190 4524 imagines
1214 4448 1269 4504 in
1296 4455 1538 4515 tempore
1563 4433 1969 4533 adventus-sui:
2021 4429 2154 4533 Cum

566 4555 722 4612 nobis
744 4549 1019 4624 praedicat,
1051 4552 1136 4600 est
1165 4552 1416 4610 tanquam
1445 4535 1552 4597 leo,
1606 4540 1660 4586 et
1711 4525 1923 4624 catulus
1952 4524 2150 4578 leonis:

2273 3313 2345 3369 ita
2365 3315 2550 3371 scribit
2572 3314 2649 3389 (5)
2675 3334 2688 3369 :
2715 3335 2732 3365 ε
2750 3316 2812 3371 Et
2834 3331 2931 3371 nos
2957 3317 3184 3388 legimus
3211 3319 3262 3373 in
3291 3322 3442 3376 Actis
3467 3323 3870 3392 Apostolorum,

2271 3407 2723 3476 quemadmodum
2752 3407 2980 3478 loquens
3005 3409 3288 3480 discipulis
3313 3413 3448 3478 suis,
3483 3426 3667 3484 raptus
3696 3427 3779 3472 cst
3815 3417 3874 3472 in

2271 3501 2458 3556 caelos.
2487 3520 2506 3552 ι
2543 3500 2720 3572 Atque
2771 3501 2898 3557 alibi
2948 3501 3062 3573 (4):
3102 3523 3118 3554 ι
3143 3504 3294 3560 Sicut
3321 3506 3512 3563 Petrus
3546 3509 3613 3564 ad
3657 3509 3875 3567 .ludzeos

2270 3593 2619 3647 exclamavit:
2645 3593 2872 3650 Dextera
2910 3595 3003 3650 Dei
3034 3597 3299 3652 esaltatus
3332 3609 3610 3670 acceptum
3635 3617 3666 3656 a
3712 3602 3876 3660 Patre

2271 3685 2528 3754 Spiritum
2551 3684 2760 3751 eﬂ'udit,
2786 3689 2928 3742 hunc
2952 3704 3112 3760 quem
3143 3689 3356 3746 videtis.
3385 3714 3404 3744 ι

2341 3776 2419 3833 De
2446 3776 2565 3832 Divi
2591 3778 2742 3833 Pauli
2773 3778 3043 3851 Epistolis.
3094 3813 3168 3824 —
3214 3785 3269 3838 ln
3323 3783 3628 3857 fragmento
3671 3790 3740 3848 de
3779 3792 3861 3848 fa-

2265 3869 2413 3926 brica
2438 3872 2644 3938 mundi,
2668 3873 2811 3944 quod
2856 3873 3064 3930 Caveas
3093 3877 3298 3947 primus
3322 3879 3514 3946 edidit,
3545 3885 3784 3940 occurrit
3815 3887 3870 3943 in

2265 3964 2704 4021 meditationibus
2727 3966 2986 4022 Victorini
3015 3969 3066 4023 in
3096 3971 3382 4041 septimum
3408 3973 3571 4040 diem,
3599 3993 3708 4047 quo
3728 3977 3870 4035 Deus

2263 4059 2330 4114 ab
2360 4061 2504 4115 omni
2534 4060 2715 4116 labore
2760 4061 3052 4131 requievit,
3096 4063 3239 4119 inter
3263 4065 3369 4138 alia,
3417 4067 3484 4122 de
3536 4069 3638 4125 hoc
3681 4082 3867 4129 uolatu

2263 4151 2436 4223 digno)
2454 4169 2678 4209 numero
2717 4155 2962 4226 exempla
3006 4165 3061 4212 et
3107 4172 3340 4229 sequens
3387 4178 3401 4214 :
3435 4159 3504 4216 Et
3537 4175 3728 4236 septem
3761 4165 3867 4221 Ec-

2261 4245 2427 4299 clesite
2467 4245 2607 4316 apud
2657 4243 2880 4300 Paulum
2910 4246 3009 4318 (5).
3061 4247 3160 4304 Ubi
3197 4266 3382 4322 margo
3413 4253 3666 4312 editionis
3701 4257 3869 4315 Cavei

2261 4337 2422 4394 habet
2450 4355 2547 4410 pro
2586 4338 2807 4394 Paulum
2828 4381 2842 4403 ,
2891 4340 3274 4414 Apocalypsin,
3304 4345 3399 4401 sed
3431 4348 3592 4415 male,
3649 4360 3706 4406 et
3736 4363 3870 4408 recte

2260 4429 2484 4487 Paulum
2502 4451 2522 4498 ;
2554 4449 2676 4488 nam
2705 4433 3030 4505 Cyprianus,
3060 4434 3130 4491 de
3173 4436 3549 4497 exhortatione
3598 4447 3864 4516 martyrii,

2259 4538 2380 4596 pag.
2407 4524 2532 4591 l25,
2560 4525 2695 4581 edit.
2721 4525 2950 4582 Amstel.
2995 4537 3050 4583 et
3093 4527 3418 4595 Bremensis,
3456 4549 3574 4606 pag.
3605 4536 3725 4605 179,
3753 4538 3864 4594 ait:

562 4662 618 4709 ει
643 4617 764 4706 οι,πῆ
806 4653 1023 4718 propter
1052 4639 1280 4696 salutem
1318 4631 1596 4688 hominum
1642 4631 1802 4718 homo
1854 4619 2025 4718 factus
2075 4625 2156 4671 est
2183 4634 2236 4694 ι)
2268 4634 2286 4667 ι
2324 4618 2616 4718 Apostolus
2646 4617 2882 4718 -Paulus,
2937 4619 3028 4691 qui
3075 4619 3233 4718 hujus
3269 4623 3509 4718 legitimi
3553 4629 3762 4684 numeri
3811 4640 3868 4688 et

560 4747 626 4802 ad
654 4711 882 4801 mortem
907 4711 1323 4796 devincendam,
1351 4736 1407 4782 et
1427 4723 1710 4779 universos
1742 4711 2072 4776 liberandos,
2103 4719 2159 4763 et

558 4838 698 4913 quod
728 4835 962 4906 seipsum
991 4826 1251 4885 obtulerit
1297 4819 1527 4877 hostiam
1575 4813 1711 4913 patri
1741 4824 1837 4912 pro
1866 4806 2041 4870 nobis,
2073 4802 2159 4855 vi—

559 4906 704 4993 tulus
728 4929 906 4986 dictus
933 4931 1036 4980 est.
1067 4919 1137 4976 Et
1155 4915 1299 4989 quod
1327 4921 1558 4969 mortem
1581 4906 1841 4963 devicerit
1865 4909 1921 4955 et
1966 4910 2156 4950 ascen-

628 5093 712 5166 (ι)
741 5080 1120 5166 Victorii-uec
1148 5074 1370 5166 Wi‘fﬁ
1393 5066 2154 5166 .tis.':t‘;°ar;i".aprd.‘is':

555 5140 727 5233 laridl,
758 5140 983 5233 ti'iv,__p.
1013 5140 1127 5233 '59;-
1151 5157 1205 5203 et
1231 5140 1657 5233 apudgaveum,
1697 5149 1828 5194 tom.
1851 5157 1891 5203 ι,
1923 5156 1976 5211 p.
2014 5141 2146 5205 M8;

846 5214 975 5286 edit.
1013 5222 1208 5282 Paris,
1242 5216 1345 5270 hoc
1371 5214 1599 5297 voltum,
1630 5227 1683 5280 p.

624 5281 837 5382 (sui.
853 5281 1018 5382 ἶυὲάιν
1046 5308 1179 5382 catt:
1195 5284 1564 5382 Vir-£92.?
1586 5281 1911 5382 θὶιωέἔίίίνῖτ
1936 5298 1999 5382 ι’.
2018 5282 2145 5382 ’ἑὲο

737 5354 1019 5456 “Eu—min;
1063 5354 1228 5421 scltol.
1257 5354 1320 5415 in
1341 5354 1579 5429 Apocal.,
1609 5368 1676 5409 ex
1703 5370 1819 5425 cap.
1857 5370 1932 5422 IV,
1966 5369 2016 5424 p.
2053 5355 2146 5420 55,

555 5444 697 5527 apud
725 5444 993 5527 (Ξεξιὲθυάο.

628 5496 707 5596 ii")
729 5496 1019 5596 ἷῖῖἆεῖῗιὶέ.
1052 5508 1233 5592 uad“
1260 5499 1566 5596 “cii”???
1604 5496 1916 5596 Βέἕὲἶέῗῗὲἔῗ
1945 5511 2146 5596 εἳῖἶῗῗζ

550 5568 1305 5670 log‘ialmvn‘obisMarianum]
1349 5571 1548 5630 Christi
1602 5568 1936 5670 describere,
1990 5584 2148 5623 secus

549 5641 939 5738 Ξιῖῧὶἵεῖηὶἐιίὃῖ
953 5655 1113 5738 haec
1135 5641 2145 5738 theo'PKOIE'IEPi’Ii‘IPJ'3‘“:

732 5709 1236 5812 Similia-habento!
1274 5709 1850 5812 inlcommentarions.
1871 5709 2146 5812 l\(ic't'orini

551 5813 602 5867 in
626 5780 1041 5879 ‘X’pEélii'y'béjij,
1078 5780 1218 5867 apud
1274 5790 1529 5846 Biblioth.
1591 5795 1822 5856 patrum.
1870 5780 2142 5852 Lugduu.,

555 5871 716 5944 Tom:
747 5893 823 5941 ιιι,
857 5871 910 5946 p.
939 5871 1064 5927 M6.

2259 4710 2393 4767 certi
2441 4711 2703 4779 meminit,
2748 4712 2818 4766 ad
2858 4722 3049 4783 septem
3071 4713 3332 4771 Ecclesias
3357 4718 3548 4774 scribit.
3591 4739 3609 4771 ι
3647 4721 3778 4779 Vide
3809 4735 3866 4781 ct.

2333 4923 2410 5050 (l1
2451 4921 2739 4990 Victorin.,
2771 4923 2824 4977 in
2847 4924 3023 4984 schol.
3048 4927 3102 4982 in
3123 4942 3245 4998 cap.
3270 4944 3346 4996 xx,
3374 4930 3627 5000 Apocal.,
3680 4948 3736 5003 p.
3766 4935 3860 5001 59,

2333 5011 2360 5049 η
2429 4993 2681 5050 Galland.

2256 4993 2397 5066 apud
2429 4993 2681 5066 Gjtlland.

2253 5065 2410 5210 ΜΞ)
2443 5065 2731 5132 Victo.in.,
2760 5066 2816 5122 in
2839 5067 3034 5138 Apoc.,
3069 5085 3122 5140 p.
3158 5071 3282 5135 418.
3312 5087 3364 5127 c.
3406 5075 3456 5128 in
3482 5074 3619 5130 Bibl.
3645 5089 3859 5147 patrum

2323 5208 2402 5282 (5)
2434 5208 2535 5273 ld.,
2567 5210 2619 5293 in
2650 5209 2823 5265 schol.
2857 5211 2910 5266 in
2933 5227 3177 5300 cap.‘xn.
3209 5215 3408 5284 Apoc.,
3456 5234 3507 5288 p.
3560 5219 3649 5285 60,
3707 5223 3856 5292 apud

2251 5279 2502 5347 Gallaml,
2525 5291 2579 5336 et
2598 5299 2651 5336 ιη
2683 5282 2784 5338 hoc
2807 5285 3008 5338 volum.
3040 5285 3239 5341 lsadetn
3273 5287 3536 5344 habentur
3558 5305 3855 5350 comment.

2251 5353 2304 5407 in
2349 5352 2608 5434 qucaln
2638 5369 2691 5424 p.
2726 5353 2850 5422 419,
2906 5372 2958 5410 Α.
3010 5357 3147 5412 Bibl.
3202 5367 3432 5427 patrum.
3489 5362 3661 5434 Lugd.
3712 5365 3852 5422 Coll.

2251 5436 2336 5479 act
2367 5423 2410 5478 ι.
2442 5422 2650 5479 9-11.
3203 5422 3218 5427 ’
3571 5422 3601 5434 ν

2266 5567 2281 5580 Δ
2322 5492 2406 5580 (4)
2446 5495 2854 5580 ld._,_ibﬂid.,___in
2914 5515 3033 5570 cap,
3075 5515 3114 5565 l,
3161 5517 3216 5580 ρ.
3257 5503 3348 5569 55,
3394 5503 3641 5580 Galland.
3686 5509 3850 5574 Coll.,

2252 5567 2489 5693 Aemula,
2513 5568 2604 5624 33.
2629 5569 2834 5625 Similia
2859 5567 3222 5627 occurruntin
3246 5567 3538 5632 comment.
3568 5579 3622 5632 in
3655 5567 3848 5650 Apoc,

2252 5654 2308 5694 ι).
2407 5659 2460 5694 o.

2252 5654 2687 5792 p.(?)o_\lictorin.
2722 5712 3278 5792 Fragm.dc__Fabrica
3326 5718 3507 5774 Mundi
3560 5723 3700 5792 apud
3748 5724 3850 5779 Ca~

2248 5782 3076 5860 y_etttn_l_i_ist_._litterarfp.Alii).
3102 5806 3154 5860 ᾼ.
3183 5799 3238 5844 et
3263 5793 3401 5860 apud
3431 5782 3680 5850 Galland.
3715 5804 3844 5851 tom.

2245 5853 2334 5908 IV.
2373 5853 2509 5913 Bibl.
2540 5854 2650 5909 vv.
2675 5855 2776 5912 rp.
2799 5853 2973 5927 piso.
2997 5857 3059 5912 Β.
3092 5859 3119 5931 g
3147 5861 3199 5915 5.
