4060 6280
181 341 287 401 9.97

1516 321 2040 386 PROLEGOMENA.

3246 319 3450 385 '298

186 459 285 514 alia
308 453 504 512 ibidem
533 452 671 507 hunc
690 451 863 504 locum
883 443 1220 501 illustrantia.
1252 441 1404 512 Quod
1430 441 1760 498 veroVicto-
1788 444 1838 503 Α
1866 439 1948 491 sin
1982 453 1996 490 :
2025 444 2077 490 et
2116 448 2238 490 cum
2295 435 2475 490 senior
2516 431 2624 504 jam
2679 439 2892 502 putaret
2918 447 2976 488 se
3020 446 3116 504 per
3141 435 3445 506 passionem

187 550 336 606 riuus
364 545 686 602 intellexerit
710 550 912 610 septem
959 537 1247 604 Erclesias,
1271 535 1336 590 ad
1375 550 1507 605 quas
1531 543 1608 588 tot
1635 532 1758 602 Epi-

185 643 336 698 stula:
375 640 429 697 in
473 636 787 694 collectione
828 632 1039 704 paulina
1066 630 1281 684 directae.
1306 637 1448 692 sunt,
1478 643 1544 681 ex
1569 624 1759 696 duplici

187 734 416 791 auctoris
438 727 604 786 nostri
641 728 779 791 loco,
809 740 916 780 uno
945 723 998 778 in
1035 721 1255 778 scholiis
1297 720 1350 774 in
1380 716 1758 789 Apocalypsin,

187 823 371 883 altero
401 823 642 893 ejusdem
691 820 744 874 in
779 815 1166 873 commentario
1192 813 1244 868 in
1274 808 1623 882 Apocalypsin:
1651 822 1762 862 ma-

187 921 377 978 nifeste
399 923 642 981 constat;
674 913 727 968 in
755 921 981 980 utroque
1009 908 1123 963 haec
1149 907 1413 962 habentur
1437 901 1520 975 (Ι)
1549 921 1562 957 :
1597 919 1616 952 ‹
1647 900 1762 956 lstre

186 1023 389 1084 septem
428 1008 598 1064 stella:
645 1012 771 1060 sunt
797 1013 1001 1074 septem
1055 998 1334 1059 Ecclesiae.
1362 996 1427 1051 ad
1471 1009 1603 1065 quas
1641 993 1765 1048 fecit

187 1103 486 1177 Epistolas;
545 1113 650 1154 non
692 1097 816 1168 quia
867 1099 994 1166 ipsae
1022 1093 1153 1148 solae
1199 1101 1323 1147 sunt
1367 1089 1642 1152 Ecclesiae,
1674 1094 1766 1140 aut

185 1196 472 1270 principes,
496 1191 590 1247 sed
617 1189 759 1262 quod
792 1188 880 1243 uni
907 1187 1061 1252 dicit,
1083 1183 1334 1240 omnibus
1358 1181 1508 1236 dicit.
1535 1179 1685 1237 Unde
1712 1189 1766 1234 et

184 1291 237 1346 in
268 1298 378 1342 toto
417 1286 550 1341 orbe
601 1282 957 1354 septennatim
1013 1278 1282 1335 Ecclesias
1308 1291 1516 1341 omnes,
1563 1285 1766 1345 septem

182 1397 301 1439 esse
327 1379 652 1442 nominatas,
680 1385 736 1431 et
758 1389 918 1430 unam
945 1385 1066 1427 esse
1083 1369 1434 1435 Catholicam,
1461 1366 1653 1422 Paulus
1673 1365 1768 1421 do-

181 1476 312 1538 cuit,
335 1473 579 1530 scribens
606 1469 671 1524 ad
701 1477 904 1540 septem
937 1463 1229 1530 Ecclesias,
1272 1461 1345 1516 uti
1371 1462 1436 1516 ad
1471 1460 1765 1526 Romanos,

179 1567 244 1622 ad
275 1562 604 1627 Corinthios,
637 1563 702 1614 ad
744 1558 981 1620 Galatas,
1034 1554 1100 1611 ad
1148 1554 1432 1622 Ephesios,
1464 1553 1530 1608 ad
1578 1551 1770 1622 Philip-

178 1672 398 1731 penses,
429 1657 495 1712 ad
523 1654 893 1718 Colossenses,
921 1650 987 1707 ad
1019 1648 1549 1704 Thessalonicenses.
1576 1645 1768 1701 Postea

179 1749 543 1823 singularibus
581 1746 830 1818 personis
859 1742 1096 1815 scripsit,
1136 1756 1205 1797 ne
1239 1741 1526 1796 excederet
1551 1739 1768 1794 modum

177 1854 385 1916 septem
414 1841 803 1899 Ecclesiarum.
837 1838 906 1894 Et
947 1838 999 1893 in
1052 1836 1202 1892 brevi
1233 1835 1557 1890 contrahens
1580 1834 1774 1904 praedi-
1805 1841 1848 1900 Β
1875 1840 2036 1895 super
2085 1823 2366 1880 tribunalia
2417 1824 2690 1881 sedentes.
2773 1865 2788 1880 .

178 1937 446 1994 calionem
489 1949 639 1989 suam
669 1933 734 1987 ad
762 1931 1098 1986 Timotheum
1131 1930 1205 1982 ait
1232 1945 1244 1980 :
1269 1936 1328 1982 ut
1351 1927 1510 1993 scias,
1541 1927 1768 1998 qualiter

181 2029 379 2087 debeas
407 2025 716 2083 conversari
737 2024 790 2080 in
831 2022 1069 2078 Ecclesia
1105 2020 1197 2076 Dei
1227 2018 1350 2074 vivi.
1391 2037 1410 2070 ι

257 2121 434 2177 Prima
467 2119 604 2176 Petri
633 2117 863 2189 Apostoli
894 2113 1127 2186 Epistula
1171 2130 1203 2166 a
1242 2109 1500 2166 Victorino
1537 2111 1769 2166 laudata.

182 2244 254 2260 η·
275 2215 532 2272 Sanctum
567 2211 898 2268 Victorinum
926 2208 1036 2264 divi
1067 2208 1209 2263 Petri
1235 2205 1528 2276 Epistolaiu
1550 2206 1772 2275 primam

185 2309 466 2382 agnovisse
487 2315 631 2378 patet
649 2315 703 2360 et
729 2319 798 2360 ex
825 2301 1066 2369 scholiis,
1094 2299 1552 2357 etcommentario
1581 2298 1698 2369 ejus
1722 2298 1774 2352 in

185 2398 544 2469 Apocalysin;
572 2396 646 2450 ait
685 2395 827 2450 enim
857 2393 925 2448 ad
954 2393 1114 2448 verba
1149 2393 1265 2448 haec
1292 2393 1708 2463 Apocalypseos,
1737 2406 1773 2455 ι,

189 2491 223 2547 6
250 2511 263 2546 :
291 2489 358 2544 Et
391 2491 506 2561 fecit
536 2505 626 2543 nos
651 2504 861 2558 regnum
888 2497 932 2540 et
966 2486 1268 2542 Sacerdotes
1293 2484 1397 2558 (2).
1427 2503 1446 2537 ι
1479 2484 1532 2539 Id
1559 2495 1641 2539 est
1667 2497 1782 2537 om-

189 2587 338 2644 nium
366 2583 607 2639 ﬁdelium
658 2582 975 2647 Ecclesiam,
1009 2583 1147 2637 sicut
1181 2582 1372 2637 Petrus
1399 2595 1609 2652 quoque
1639 2579 1783 2650 Apo-

189 2681 359 2736 stolus
388 2678 515 2734 dicit
539 2677 620 2748 (3)
651 2695 666 2730 :
691 2675 824 2732 Gens
845 2686 1042 2740 sancta,
1071 2676 1239 2747 regale
1265 2675 1652 2731 Sacerdotium.
1687 2693 1704 2727 ι

264 2774 599 2845 Apocalypsis
614 2771 808 2826 Joanni
828 2771 1165 2841 E’vangelistte
1180 2770 1366 2825 diserte
1385 2769 1694 2823 attribuitur.
1715 2798 1787 2810 —

193 2869 250 2926 In
274 2866 441 2922 libelli
469 2868 770 2936 fragmento
811 2863 870 2921 S.
905 2864 1184 2930 Victorini,
1208 2863 1276 2918 de
1321 2862 1545 2918 Fabrica
1578 2863 1784 2929 mundi,

193 2965 354 3021 etiam
404 2963 758 3036 Apocalypsis
798 2961 1051 3018 Joaunea:
1080 2975 1341 3030 eXpressa
1386 2959 1588 3014 mentio
1628 2957 1789 3013 babe—

196 3067 302 3114 tur.
353 3057 484 3113 Nam
536 3057 784 3126 leguntur
845 3055 897 3109 in
944 3055 1051 3109 fine
1099 3054 1266 3108 istius,
1303 3051 1582 3122 fragmenti
1630 3049 1789 3106 verba

198 3153 312 3206 haec
339 3151 420 3224 (6)
457 3171 469 3206 :
506 3168 525 3202 ι
565 3149 746 3221 Itaque
771 3148 888 3204 sine
915 3147 1076 3202 dubio
1105 3157 1282 3201 autem
1314 3144 1424 3200 diei
1452 3143 1630 3215 angeli
1660 3142 1793 3197 duo-

1863 539 2209 598 accepturum
2269 531 2652 597 receptionem,
2686 527 2966 581 interfecto
3001 527 3299 586 Domitiano
3329 549 3445 588 om-

1864 619 1947 676 nia
1976 621 2090 691 ejus
2112 620 2310 691 judicia
2358 622 2530 674 soluta
2578 629 2723 683 sunt,
2751 633 2799 676 et
2831 619 3084 689 Joannes,
3119 623 3186 678 de
3232 627 3447 682 metallo

1864 713 2137 779 dimissus,
2160 713 2237 768 sic
2261 723 2445 781 postea
2468 712 2684 767 tradidit
2726 714 2859 768 hanc
2885 715 3149 780 eamdem,
3174 733 3332 787 quam
3358 733 3448 774 ac-

1864 817 2079 876 ceperat
2098 822 2127 862 a
2154 808 2260 864 Deo
2286 808 2644 879 Apocalypsin
2703 826 2722 859 ι
2752 805 2955 862 Confer
2983 807 3445 866 Coninientarium

1871 901 2123 958 Victorini
2175 903 2226 957 in
2285 901 2664 973 Apocalypsin,
2723 910 2854 956 tom.
2913 917 2991 957 ιιι.
3044 902 3178 959 Bibl.
3235 905 3451 962 Patrum

1865 991 2135 1063 Lugdun.,
2159 1007 2281 1062 pag.
2314 992 2486 1058 ηοω
2518 1003 2645 1048 etc.

1939 1083 2196 1139 Numerus
2223 1085 2465 1139 librorum
2499 1083 2686 1141 Veteris
2714 1085 3034 1142 Testamenti.
3062 1117 3133 1128 —-
3165 1089 3236 1142 De
3271 1089 3453 1146 Veteri

1867 1177 2213 1233 Testamento
2238 1181 2513 1244 sequentia
2546 1178 2778 1232 notanda
2801 1181 3019 1234 veniunt
3046 1180 3184 1250 apud
3212 1191 3454 1237 sanctum

1869 1269 2201 1325 Victorinum
2237 1277 2500 1326 nostrum.
2531 1266 2815 1341 Computat
2841 1273 3024 1343 viginti
3045 1283 3275 1342 quatuor
3297 1275 3461 1332 Vete-

1867 1363 1940 1417 ris
1959 1361 2285 1418 Testamenti
2311 1362 2478 1417 libros
2510 1362 2638 1417 dum
2687 1365 2761 1417 ait
2791 1365 2914 1436 (i):
2953 1383 2970 1415 ι
3012 1364 3461 1436 Vigintiquatuor

1868 1454 2108 1510 seniores
2156 1453 2339 1524 viginti
2384 1462 2615 1524 quatuor
2646 1453 2764 1509 libri
2796 1467 2920 1510 sunt
2963 1457 3368 1527 prephetaruiu,
3410 1469 3466 1514 et.

1871 1545 2003 1616 legis
2031 1544 2330 1624 referentes
2353 1545 2882 1615 teStimoniajudirii.
2965 1587 2978 1602 .
3060 1587 3073 1601 .
3152 1567 3281 1606 aras
3305 1567 3466 1607 senss

1873 1637 2177 1691 testimonia
2227 1645 2352 1691 sunt
2381 1635 2592 1691 Veteris
2617 1636 2952 1693 Tcstamenti
3001 1639 3280 1696 librorum.
3343 1643 3470 1698 ldeo

1871 1728 2060 1800 viginti
2085 1737 2386 1798 etquatuor
2422 1729 2640 1783 touidem
2672 1728 2894 1798 faciunt,
2923 1742 3052 1801 quot
3079 1745 3204 1788 sunt
3225 1736 3470 1794 seniores

2869 1865 2885 1882 .
2969 1826 3105 1884 Sunt
3145 1839 3321 1885 autem
3350 1831 3472 1886 libri

1871 1918 2090 1975 Veteris
2112 1918 2468 1985 Testamenti,
2499 1919 2587 1982 qui
2636 1919 2968 1988 accipiuntur
2999 1921 3182 1990 viginti
3220 1934 3470 1992 quatuor,

1872 2028 2007 2084 quos
2053 2012 2106 2068 in
2156 2011 2420 2082 Epitomis
2448 2011 2720 2068 Theodori
2775 2012 3020 2070 invenies
3048 2015 3153 2089 (*2).
3187 2035 3206 2069 ι
3270 2017 3473 2074 Eadem

1876 2106 1993 2162 fere
2027 2106 2186 2160 verba
2232 2115 2521 2160 occurrunt
2571 2105 2622 2158 in
2670 2104 3069 2160 Commentario
3101 2107 3380 2174 Victorini,
3420 2111 3474 2165 in

1880 2198 2260 2270 Apocalypsin,
2290 2198 2341 2252 in
2367 2197 2503 2252 Bihl.
2530 2198 2768 2264 Patrum,
2790 2197 2986 2269 Lugd..
3010 2211 3141 2256 tom.
3167 2217 3244 2266 ιιι,
3267 2217 3320 2271 p.
3343 2202 3404 2256 ιι
3420 2203 3474 2257 7.

1965 2292 2155 2347 Veteris
2189 2291 2497 2347 Testumenti
2538 2308 2654 2346 cum
2711 2309 2837 2347 novo
2891 2295 3159 2348 connexio.
3187 2325 3255 2334 —
3287 2293 3477 2350 Tradit

1885 2397 2140 2458 praeterea
2169 2395 2386 2442 sanctus
2412 2395 2616 2457 martyr
2663 2396 2714 2441 et
2755 2385 3061 2456 episcopus,
3104 2388 3242 2459 quod
3278 2404 3477 2446 novum

1887 2480 2060 2538 [tedas
2103 2481 2260 2535 fidem
2299 2492 2459 2550 atque
2500 2478 2906 2534 fundamentum
2954 2479 3151 2536 habere
3207 2480 3400 2536 debeat
3427 2481 3482 2538 in

1888 2576 2054 2630 veteri
2086 2573 2307 2637 foedere,
2355 2574 2438 2627 cui
2487 2573 2751 2638 innititur,
2778 2588 2840 2626 ac
2870 2573 3022 2643 quasi
3058 2576 3483 2644 superstruitur;

1888 2668 2076 2724 scribit
2101 2668 2243 2724 enim
2274 2666 2355 2739 (3)
2391 2689 2402 2724 :
2440 2685 2459 2719 ι
2488 2666 2596 2723 Nec
2628 2667 2940 2738 prmdicatio
2983 2684 3102 2724 cum
3141 2685 3280 2724 novo
3313 2686 3483 2742 popu-

1891 2761 1996 2816 lum
2033 2759 2395 2816 Christianum
2439 2759 2703 2826 signiﬁcat
2750 2769 3054 2816 cantantem
3087 2763 3354 2817 canticum
3388 2778 3486 2818 no-

1891 2870 2037 2918 vum,
2066 2853 2119 2908 id
2147 2863 2228 2908 est
2250 2853 2642 2908 coniectionem
2672 2868 2822 2906 suam
2856 2853 3067 2922 publice
3095 2854 3484 2911 conferentem.

1891 2945 2096 3000 Novum
2142 2954 2243 3008 est,
2279 2943 2470 2998 Filium
2518 2943 2609 3000 Dei
2654 2943 2924 2999 hominem
2959 2946 3074 3000 fieri
3110 2963 3122 3000 :
3154 2963 3350 3002 novum
3383 2957 3486 3014 est,

1894 3053 2016 3094 cum
2053 3050 2279 3107 corpore
2331 3035 2380 3089 in
2426 3035 2622 3090 cmlum
2654 3036 2948 3091 ascendere
2979 3053 2994 3090 :
3027 3053 3221 3092 novum
3269 3051 3371 3102 est,
3403 3055 3490 3096 rc-

1897 3131 2202 3186 niissionem
2272 3138 2610 3196 peccatorum
2661 3127 2966 3182 hominibus
3013 3129 3142 3184 dare
3195 3147 3208 3183 :
3263 3147 3486 3199 novum,

203 3243 401 3311 decim,
435 3244 608 3298 ncittis
643 3218 820 3312 angeli
865 3239 1148 3296 duodecim
1193 3253 1290 3307 pro
1322 3253 1545 3292 numero
1593 3235 1782 3291 scilicet

1899 3231 2086 3279 sancto
2112 3220 2312 3290 Spiritu
2341 3219 2554 3291 signare
2577 3218 2824 3275 homines
2846 3237 2859 3274 :
2881 3236 3075 3276 novum
3107 3231 3209 3286 est,
3240 3223 3492 3278 sacerdo-

198 3338 491 3401 borarum;
525 3335 579 3390 hi
602 3343 728 3390 sunt
749 3349 979 3404 namque
998 3340 1229 3402 quatuor
1249 3329 1436 3402 viginti
1483 3337 1650 3384 testes
1679 3327 1793 3383 die-

200 3446 318 3488 rum
349 3437 404 3485 et
430 3429 686 3491 noctium,
726 3428 816 3499 qui
844 3427 1035 3483 sedent
1063 3437 1188 3480 ante
1213 3425 1466 3479 thronum
1511 3421 1604 3476 Dei
1643 3435 1800 3475 coro-

204 3539 304 3582 nas
333 3540 526 3581 aureas
568 3525 622 3579 in
651 3523 917 3590 capitibus
946 3521 1056 3576 suis
1103 3518 1395 3579 habentes,
1423 3531 1550 3587 quos
1593 3514 1800 3573 Apoca-

205 3619 366 3691 lypsis
393 3617 428 3672 ¹1
435 3619 618 3672 cannis
643 3617 863 3685 apostoli
909 3623 957 3668 et
986 3613 1305 3686 euangelista:
1329 3611 1553 3665 seniores
1579 3617 1744 3663 uocat.
1773 3629 1792 3662 ι

276 3711 500 3782 Tempus
533 3713 736 3782 scripta:
765 3707 1098 3780 Apocalypsis
1119 3716 1163 3761 et
1187 3705 1346 3760 locus.
1380 3734 1450 3744 -
1475 3702 1711 3758 Adnotat
1735 3701 1795 3757 S.

204 3804 534 3870 Victorinus,
553 3805 834 3874 episcopus
855 3809 910 3856 et
935 3811 1159 3870 martyr,
1185 3797 1333 3853 hisce
1354 3798 1406 3852 in
1423 3795 1647 3852 scholiis
1664 3805 1797 3850 tem-

205 3914 328 3970 pus,
359 3913 468 3969 quo
498 3895 852 3967 Apocalypsis
892 3909 924 3948 a
967 3894 1025 3950 S.
1055 3892 1266 3948 Joanne
1295 3891 1541 3966 apostolo
1579 3897 1796 3945 exarata

203 3993 324 4060 fuit,
368 3991 494 4048 dum
540 3991 615 4046 ait
671 3991 722 4044 in
761 4003 880 4058 cap.
930 4003 1046 4052 xui,
1092 3987 1160 4042 10
1213 4002 1227 4039 :
1285 4004 1304 4037 ι
1336 3983 1558 4054 lntelligi
1587 3991 1800 4051 Oportet

207 4093 442 4156 tempus,
477 4099 585 4156 quo
615 4082 816 4152 scripta
856 4080 1205 4152 Apocalypsis
1227 4078 1368 4133 edita
1397 4089 1480 4133 est
1504 4094 1518 4130 :
1543 4076 1796 4147 quoniam

210 4188 336 4234 tunc
363 4186 484 4233 erat
507 4177 689 4233 C:esar
714 4176 1079 4238 Domitianus;
1103 4181 1229 4227 ante
1251 4171 1399 4226 illum
1422 4181 1600 4224 autem
1625 4168 1800 4223 fuerat

211 4269 361 4326 Titus
393 4271 557 4326 frater
578 4268 750 4330 illius;
804 4276 860 4323 et
884 4265 1263 4336 Vespasianus,
1285 4263 1446 4328 Otho,
1475 4260 1719 4317 Vitellius
1744 4268 1799 4315 et

214 4363 403 4420 Galba.
425 4365 516 4420 lsti
538 4373 664 4420 sunt
685 4364 940 4434 quinque,
959 4361 1046 4432 qui
1064 4361 1390 4425 ceciderunt;
1414 4370 1544 4414 usus
1565 4369 1794 4419 sxsrar,

215 4459 312 4513 sub
345 4474 454 4530 quo
497 4459 694 4530 scripta
740 4467 823 4511 est
868 4455 1220 4527 Apocalypsis
1271 4452 1601 4506 Domitianus
1654 4446 1797 4503 scili-

216 4563 300 4608 cet
346 4554 449 4628 (5).
485 4573 504 4606 ι
557 4552 624 4608 Et
675 4552 833 4623 paulo
875 4550 1122 4620 superius
1163 4550 1216 4604 in
1261 4564 1380 4620 cap.
1413 4545 1483 4611 X,
1532 4545 1616 4611 ii,
1665 4542 1798 4598 srri-

1903 3317 2031 3371 tiuin
2075 3314 2318 3383 accipere
2345 3327 2510 3367 sacrae
2540 3311 2948 3372 observationis.
2977 3322 3268 3384 etregnum
3296 3330 3494 3386 expec-

1905 3418 2019 3464 tare
2050 3408 2329 3462 immensae
2358 3405 2815 3473 repromissionis.
2847 3403 3086 3472 Cithara,
3121 3419 3171 3462 et
3204 3407 3403 3462 chorda
3436 3409 3490 3464 in

1904 3501 2050 3574 ligno
2065 3513 2312 3560 extensa.
2333 3497 2596 3568 signiﬁcat
2621 3513 2837 3552 carnem
2859 3497 3057 3553 Christi
3076 3500 3334 3568 pas.~ionis
3349 3501 3492 3572 ligno

1901 3595 2243 3667 conjunctam
2276 3611 2289 3648 :
2316 3592 2500 3648 Phiala
2515 3591 2932 3657 confessionem,
2965 3603 3016 3646 et
3044 3608 3164 3647 novi
3193 3591 3494 3650 Sacerdotii

1902 3691 2248 3762 prOpaginem
2285 3706 2298 3743 :
2329 3688 2640 3759 angelorum
2670 3693 2846 3740 autem
2877 3686 3186 3752 multorum,
3227 3687 3338 3742 imo
3377 3703 3494 3743 om-

1900 3785 2047 3840 nium
2107 3785 2243 3850 laus,
2293 3781 2532 3837 omnium
2564 3779 2710 3834 salus
2747 3788 2845 3839 est,
2882 3788 2935 3833 et
2979 3778 3336 3834 testimonium
3378 3780 3494 3835 uui-

1846 3870 1852 3878 ’
1901 3891 2073 3933 versa:
2096 3874 2386 3930 creationis
2414 3874 2640 3928 Domino
2673 3881 2858 3926 nostro
2885 3871 3231 3928 referentiuin
3262 3873 3497 3944 gratula-

1900 3970 2100 4026 tionem
2149 3965 2482 4023 liberationis
2535 3965 2807 4020 hominum
2830 3965 2896 4020 de
2924 3964 3075 4020 clade
3107 3965 3495 4023 mortis.Resi-

1899 4063 2080 4136 gnatio
2101 4061 2398 4136 sigillorum
2444 4060 2652 4128 apertio
2681 4066 2764 4114 est
2804 4057 3014 4112 Veteris
3057 4057 3409 4127 Testaincuti,
3441 4069 3500 4115 et

1903 4156 2309 4229 praedicatorum
2337 4152 2715 4225 prainuntiatio
2747 4152 2798 4206 in
2829 4151 3120 4209 novissimo
3143 4166 3383 4227 tempore
3412 4156 3494 4210 [ιι-ο

1901 4263 2142 4308 turorum
2174 4247 2274 4322 (4).
2319 4267 2336 4300 i

1972 4347 2049 4403 De
2077 4346 2204 4401 Jesu
2242 4343 2459 4398 Christo
2489 4341 2715 4396 Domino
2764 4349 2949 4397 nostro
2994 4341 3153 4397 docet
3182 4341 3236 4396 S.
3272 4342 3499 4399 Victori-

1902 4456 2000 4496 nus
2037 4440 2138 4509 (5),
2184 4435 2327 4508 quod
2381 4437 2444 4490 sil
2491 4435 2658 4490 Filius
2712 4434 2799 4488 Dei
2845 4445 2968 4488 ante
3017 4434 3277 4505 originem
3312 4435 3496 4490 s:rculi

1900 4531 2037 4602 apud
2072 4531 2291 4586 Patrem
2317 4529 2551 4600 genitus,
2585 4528 2745 4582 homo
2793 4525 2963 4581 factus
2990 4527 3038 4579 in
3071 4527 3244 4582 anima
3274 4545 3395 4582 veru
3443 4542 3501 4584 et

218 4645 291 4701 bit
315 4615 420 4718 (ti),
449 4666 463 4701 :
517 4666 536 4701 ι
575 4615 688 4702 Iloc
733 4647 862 4702 dicit
919 4615 1216 4716 propterea,
1249 4615 1412 4714 quod.
1440 4639 1655 4711 quando
1682 4636 1798 4692 haec
1826 4659 1876 4719 Ι)
1901 4640 2093 4719 Came:
2136 4639 2237 4719 Ρνο
2268 4623 2440 4719 Silium
2480 4630 2660 4675 πιθειτα
2694 4618 3075 4719 ¹¹οηιοηίξ¹είι¹5
3115 4616 3198 4719 (5)
3236 4636 3261 4719 ε.
3283 4615 3494 4674 Pa'rt‘m

217 4736 448 4798 Joannes
465 4741 615 4806 vidit,
637 4740 825 4796 eratin
847 4739 1016 4794 insqu
1039 4739 1313 4799 Pathmos,
1343 4738 1394 4789 in
1421 4707 1870 4788 metallodam-y
1905 4718 2148 4776 conﬁteri
2193 4715 2616 4785 omnipotentem
2661 4724 2782 4766 esse
2836 4707 3064 4764 dicimus
3117 4708 3310 4780 (verba
3371 4721 3499 4768 sunt

227 4843 382 4890 natus
402 4849 433 4889 a
465 4833 770 4888 Domitiano
795 4830 1011 4887 Caesare
1041 4848 1054 4883 :
1090 4829 1157 4884 ibi
1185 4841 1315 4897 ergo
1343 4823 1476 4880 vidit
1500 4820 1806 4893 Apocalyp-

291 4987 368 5057 (Ι)
399 4989 754 5057 Victorin.,in
785 4988 1025 5045 schoi.in
1055 4985 1400 5057 Apocalyps.,
1423 4997 1543 5057 cap.
1570 4996 1627 5046 ιι,
1649 4977 1810 5057 p.55.

225 5053 360 5128 apud
412 5053 684 5128 Galland.,
739 5072 789 5115 et
844 5061 896 5116 in
935 5053 1302 5128 Commentar.
1360 5056 1414 5110 in
1465 5053 1811 5124 Apocalyps.,

225 5127 278 5197 p.
310 5132 436 5195 415,
467 5149 520 5198 n,
557 5149 610 5197 ιε,
650 5127 701 5187 in
730 5132 867 5188 Bihl.
893 5131 1107 5186 Patrum
1129 5127 1376 5200 Lugdnn.

2012 4903 2063 4972 ι)
2089 4901 2191 4962 Μ..
2223 4895 2380 4972 ibid,
2405 4895 2524 4964 pag.
2560 4891 2648 4972 ss“.

2012 4905 2063 4972 1)
2089 4905 2191 4962 ld..
2223 4905 2380 4960 ibid.,
2405 4908 2524 4964 pag.
2560 4905 2648 4947 :35.

1985 4905 2071 5047 i2)
2094 4972 2149 5028 id
2182 5012 2198 5035 ,
2222 4967 2388 5047 _ihi-d.,
2423 4980 2551 5047 pag.
2582 4961 2761 5047 ᾷϐηΑ.
2798 4961 3195 5047 Intercitlerunt
3231 4965 3370 5020 sicut
3396 4966 3500 5047 alia

1916 5035 2174 5122 pisi-5......»
2222 5040 2383 5122 hujus
2422 5035 2689 5122 Theodori
2723 5035 3054 5122 nio-nimenta
3080 5035 3191 5122 ide
3213 5053 3344 5118 quo,
3376 5038 3498 5104 quid

1924 5104 2018 5174 iihi
2047 5104 2142 5185 pro
2171 5104 2322 5168 certo
2371 5109 2624 5168 referam,
2657 5105 2821 5185 inquit
2868 5104 3181 5185 Gallandjiis
3213 5109 3271 5185 iu_
3295 5119 3413 5162 nota
3461 5125 3502 5172 ι,

1129 5176 1501 5272 736.16,}.
1523 5195 1622 5272 βε.
1667 5209 1716 5258 Β,
1765 5201 1821 5246 et
1922 5176 2275 5272 non'haheo‘:
2319 5196 2438 5235 nam
2469 5177 2783 5272 qt'taniAnns
2809 5176 3054 5272 cumidem
3088 5176 3508 5260 licraizliensem,

227 5247 518 5346 ςοῖιῖιςιέῇίξ
656 5247 1167 5346 ”Ᾰ’ῥῖ,ξ,,“’ρ,ν”ιξῖιξ
1206 5247 1817 5338 ιξξΓίῖιΊΒῖιιιί-ρειιίύιιι
1921 5274 2008 5316 aut
2044 5253 2433 5346 Antiochenuui
2473 5247 2622 5305 illum
2662 5264 2783 5303 esse
2819 5247 3099 5315 affirmem,
3137 5251 3272 5303 ratio
3305 5261 3511 5321 tempo-

229 5339 394 5399 Lugd.

299 5360 430 5558 fg)!
459 5418 629 5484 Petr.,
659 5435 718 5477 ιι.
744 5419 800 5474 9.

325 5488 377 5556 4)
410 5489 696 5556 Victoriti.,
719 5489 800 5544 Fr:

325 5477 377 5556 4)
410 5477 696 5556 Victorin.,
719 5489 932 5559 Fragm.
952 5490 1020 5546 de
1041 5489 1266 5546 Fabrica
1291 5484 1496 5548 mundi.
1517 5482 1656 5559 apud
1676 5477 1818 5559 Cave

233 5569 285 5624 P-
305 5553 443 5632 :149,
483 5573 538 5616 et
563 5553 702 5630 apud
730 5553 1001 5627 Gallaiid.,
1026 5579 1082 5617 ιι.
1113 5578 1186 5622 γι.
1229 5576 1283 5632 p.
1315 5559 1405 5622 51,
1433 5567 1489 5614 et
1518 5553 1692 5611 nenin
1719 5553 1819 5608 hoc

235 5627 526 5687 volumine.

301 5699 382 5778 (ἐξ)
408 5703 693 5778 Victoria,
723 5705 896 5760 schol.
936 5705 988 5761 in
1020 5708 1210 5778 Apoc,
1240 5719 1294 5775 p.
1333 5703 1420 5770 6|,
1449 5717 1500 5768 c,
1531 5698 1671 5772 apud
1695 5695 1820 5752 Gal—

237 5766 380 5848 latid'.
396 5786 491 5848 ,‘et
517 5777 566 5848 in
581 5766 704 5848 hoc
725 5785 891 5841 torno,
925 5793 1045 5848 pag.

237 5871 256 5913 ι
309 5843 388 5916 ('5)
418 5845 521 5914 ld.,
554 5846 715 5915 ibid.,
749 5863 868 5919 pag.
897 5848 989 5904 59.

803 5942 1077 6006 Ρλτκοι.
1110 5942 1188 6004 ν.

1925 5347 2042 5388 rum
2074 5327 2397 5397 refragatur.

1996 5401 2076 5475 (5)
2109 5390 2396 5475 Victorinq
2422 5395 2475 5448 in
2503 5392 2675 5475 schol.
2703 5390 2755 5446 in
2789 5391 3130 5475 Apocmpag.
3159 5393 3245 5452 iiii,
3280 5408 3332 5475 νς
3354 5392 3514 5475 Conf.

1924 5460 2227 5532 Comment.
2276 5467 2484 5523 Victor.
2534 5464 2588 5518 in
2645 5466 2837 5533 Apoc.,
2864 5478 2916 5532 p.
2947 5460 3075 5527 4l7,
3104 5479 3154 5520 Α.
3185 5465 3326 5532 apud
3377 5464 3513 5522 Bibl.

1926 5546 2043 5602 Pal.
2068 5542 2261 5612 Lugii.,
2300 5540 2404 5612 loc.
2431 5538 2522 5612 cit.

1993 5617 2074 5688 (4)
2103 5602 2427 5688 IiE,ibid.,p
2465 5607 2553 5669 36.
2580 5621 2709 5688 [χιε.
2745 5605 2795 5657 in
2819 5603 2920 5658 hoc
2947 5602 3079 5670 vo|.,
3116 5618 3236 5674 pag.
3268 5615 3323 5662 ct
3350 5605 3514 5663 Com.

1925 5676 2153 5748 meniar.
2188 5676 2241 5738 in
2271 5676 2464 5748 Apoc..
2501 5676 2709 5749 ιλιι-ι,
2747 5691 2800 5730 ι’.

2000 5760 2078 5828 (3)
2114 5758 2215 5822 Id.,
2247 5747 2401 5828 una,
2432 5747 2606 5828 p559,
2641 5764 2692 5800 Α.

2001 5821 2078 5905 (6)
2107 5821 2210 5900 1.1.,
2246 5824 2398 5888 ibid,
2431 5839 2482 5894 ι).
2515 5821 2606 5889 55,
2637 5834 2688 5873 ς.

2882 5911 2954 5976 10
