4060 6290
585 253 692 310 299

1389 257 1479 315 DE
1516 259 1573 317 S.
1614 256 1979 320 VICTORINO
2016 254 2504 323 EPIET‘MART.
2532 263 3076 330 PROLEGOMENA.‘

3752 278 3869 338 300

579 369 640 426 S.
666 343 950 442 Victo—lini)
979 370 1307 446 (l)etbujus
1333 373 1805 436 FiliumChristnm
1827 388 1988 436 (ante
2004 381 2166 453 origi-
2190 383 2246 446 Α
2344 383 2605 442 Editiones
2655 406 2865 459 operum
2910 391 2971 448 S.
3039 389 3292 446 Victorini
3350 389 3748 451 Petavioncnsis.
3790 428 3872 438 —

583 477 709 517 nem
741 459 920 519 sceculi
959 463 1098 534 apud
1126 463 1338 521 Patrem
1375 469 1634 538 genitum,
1667 471 1934 528 hominem
1967 472 2163 529 factum

582 555 638 608 in
660 557 836 610 anima
865 569 984 610 vera
1015 564 1067 612 et
1089 571 1269 624 carne,
1305 569 1532 632 utraque
1557 563 1771 620 miseria
1801 575 1856 621 et
1878 577 2052 622 morte
2071 565 2166 622 de-

580 648 738 706 victa.
760 653 814 703 et
834 648 885 701 in
913 648 1100 716 caelos,
1128 664 1248 706 cum
1279 666 1504 725 corpore
1528 671 1556 709 a
1581 655 1737 713 Patre
1757 667 2053 729 receptum,
2081 653 2164 716 cf-

577 739 778 795 fudisse
810 741 1066 812 Spiritum
1094 753 1354 813 sanctum,
1405 747 1604 805 donum
1631 760 1686 807 et
1716 750 1905 824 pignus
1946 753 2165 810 immor-

577 833 808 889 talitatis.
837 855 857 888 ι

649 923 860 998 Septem
906 931 1042 987 dona
1083 927 1312 1005 Spiritus
1351 937 1537 993 sancti.
1560 967 1632 980 —
1660 933 1718 996 In
1749 937 2048 1013 fragmento
2096 941 2165 998 de

574 1018 797 1077 Fabrica
829 1025 1034 1089 mundi,
1075 1026 1144 1082 de
1188 1037 1393 1100 septem
1441 1029 1598 1086 donis
1639 1031 1869 1103 Spiritus
1913 1034 2082 1090 sancti
2108 1035 2163 1092 in

573 1114 717 1171 hunc
744 1116 964 1174 modum
995 1119 1212 1176 disserit
1243 1123 1321 1194 ('2)
1357 1140 1372 1178 :
1413 1142 1432 1176 ι
1469 1119 1534 1179 Hi
1564 1135 1769 1197 septem
1801 1126 2033 1198 Spiritus
2059 1144 2160 1184 no-

574 1208 716 1262 mina
747 1219 872 1265 sunt
897 1225 1083 1267 eorum
1135 1212 1386 1284 Spiritus,
1431 1215 1523 1286 qui
1565 1232 1725 1289 supra
1768 1214 2038 1312 Christum
2067 1220 2162 1276 Dei

572 1300 951 1372 requieverunt
978 1303 1183 1373 (Isaia,
1216 1306 1311 1375 ιι).
1346 1305 1626 1364 Summum
1675 1325 1804 1381 ergo
1854 1300 2047 1368 cielum
2077 1326 2162 1366 sa-

571 1393 827 1464 pientiae,
881 1398 1174 1454 secundum
1229 1399 1574 1466 intellectus,
1639 1402 1853 1458 tertium
1911 1401 2158 1472 consilii,

569 1497 819 1557 quartum
849 1491 1082 1555 virtutis,
1115 1491 1356 1561 quintum
1386 1493 1650 1559 scientia),
1683 1503 1893 1550 sextum
1921 1491 2157 1567 pietatis,

568 1581 856 1650 septimum
887 1582 1094 1638 timoris
1119 1583 1231 1638 Dei.
1257 1583 1368 1639 [Ioc
1391 1585 1551 1656 igitur
1578 1588 1803 1644 verbum
1829 1603 1953 1643 cum
1985 1588 2158 1644 lucem

567 1671 714 1740 fecit,
742 1674 1001 1744 sapientia
1037 1685 1292 1742 vocatur;
1335 1693 1456 1734 cum
1503 1681 1726 1749 caelum,
1779 1682 2088 1738 intellectus
2140 1701 2154 1737 :

2268 474 2577 534 Tractatum
2591 483 2761 537 sancti
2780 481 3065 552 Victorini,
3089 482 3156 540 de
3170 483 3393 541 Fabrica
3424 486 3630 555 mundi,
3652 489 3871 559 primus

2267 570 2435 628 edidit
2459 573 2688 640 Caveus,
2708 585 2839 630 tom.
2861 595 2875 632 I
2895 575 3028 633 Hist.
3054 577 3219 635 Iitter.
3244 579 3312 636 de
3333 580 3593 652 Scriptor.
3621 581 3869 654 Eccles.,

2266 678 2386 736 pag.
2420 664 2546 733 103,
2579 667 2829 737 Londioi,
2862 670 3068 733 infol.,
3104 671 3263 740 1689,
3291 690 3541 732 recusum
3571 693 3694 733 cum
3721 694 3869 734 non-

2265 757 2429 812 nullis
2457 759 2599 816 notis
2625 759 2828 817 criticis
2852 763 2923 818 cl.
2954 759 3217 832 Walkeri,
3250 767 3463 836 Oxonii,
3488 769 3651 836 1740,
3673 780 3729 827 et
3760 771 3869 828 Ba-

2265 849 2430 918 sileze,
2481 851 2642 921 1741,
2674 870 2705 911 a
2751 870 2870 928 pag.
2919 858 3224 926 148-151,
3259 861 3308 916 in
3339 861 3570 920 Historia
3601 865 3867 922 litteraria

2263 939 2448 999 Cavei.
2495 945 2668 1016 Atque
2697 947 2832 1004 hanc
2863 960 3190 1019 postremam
3225 954 3275 1008 in
3305 957 3613 1014 recudendo
3640 958 3741 1015 hoc
3772 959 3869 1014 Vi-

2263 1035 2458 1091 ctorini
2491 1035 2788 1109 fragmento
2816 1052 3035 1100 secutus
3079 1057 3162 1102 est
3209 1046 3497 1106 editionem
3545 1050 3868 1108 Gallandius

2263 1127 2316 1182 in
2339 1128 2674 1189 Bibliotheca
2702 1145 2944 1192 veterum
2973 1138 3210 1206 Patrum,
3246 1150 3376 1197 tom.
3426 1159 3498 1209 tv,
3535 1161 3584 1214 p.
3617 1145 3863 1213 40—52,

2263 1237 2422 1290 quam
2456 1240 2605 1280 more
2634 1241 2732 1282 suo
2759 1229 2811 1284 in
2843 1229 3050 1302 aliquot
3073 1234 3339 1292 sectiones
3370 1237 3570 1306 divisit,
3602 1242 3864 1312 auxitque

2266 1316 2535 1373 nonnullis
2560 1318 3050 1380 observationibus.

2335 1406 2546 1464 Scholia
2597 1407 2658 1468 S.
2705 1411 2952 1472 Victorini
2988 1417 3371 1479 Pctavionensis
3398 1426 3451 1481 in
3481 1426 3862 1502 Apocalypsin,

2262 1503 2538 1575 Bononiae,
2596 1508 2736 1577 in-8,
2783 1528 2814 1568 a
2862 1514 3057 1574 Basilio
3104 1519 3360 1587 Millanio,
3419 1526 3580 1591 1558,
3626 1531 3861 1599 primum

2260 1601 2423 1668 edita,
2473 1613 2528 1658 et
2573 1619 2602 1660 a
2633 1604 2913 1665 Gallandio
2955 1612 3010 1666 in
3057 1612 3444 1674 Bibliothecam
3478 1631 3720 1678 veterum
3755 1625 3863 1681 Pa-

2261 1700 2400 1748 trum
2447 1708 2660 1768 recepta
2705 1697 2880 1768 fuere,
2926 1705 3032 1759 vol.
3063 1722 3134 1774 IV,
3169 1723 3288 1781 pag.
3319 1711 3554 1772 52—64.
3601 1717 3865 1789 Analysin

565 1779 686 1820 cum
715 1774 912 1821 terram
952 1775 1008 1824 et
1050 1783 1215 1837 mare,
1269 1770 1550 1826 consilium
1585 1791 1598 1827 :
1628 1788 1750 1828 cum
1798 1774 1966 1830 solem
1995 1783 2049 1829 et
2083 1774 2160 1828 lu-
2188 1791 2236 1852 Β
2265 1783 2457 1843 horum
2519 1789 2747 1849 duorum
2818 1799 3202 1867 ορυεοιιιοιουιη
3269 1805 3491 1863 exhibe;
3555 1770 3865 1868 “magis”,
3959 1805 3964 1810 '

566 1874 711 1927 nam,
737 1869 1059 1934 caeteraque,
1089 1864 1237 1919 clara
1261 1865 1432 1921 virtus
1457 1883 1473 1933 ;
1499 1877 1657 1924 terra:
1679 1883 1744 1925 ac
1769 1871 1935 1926 maris
1961 1871 2166 1927 excitat

563 1951 820 2022 scientia;
870 1971 994 2012 cum
1035 1957 1304 2014 hominem
1347 1961 1518 2025 tinxit,
1567 1962 1741 2032 pietas
1780 1981 1796 2017 :
1838 1978 1959 2019 cum
1991 1963 2162 2020 homi-

564 2059 688 2102 nem
709 2047 1070 2113 benedixitjtc
1082 2051 1404 2119 sanctificat,
1426 2054 1586 2108 timor
1611 2057 1704 2111 Dei
1728 2071 1921 2112 nomen
1943 2058 2156 2114 habet.»

633 2141 899 2213 Jejunium
943 2145 995 2198 in
1041 2141 1345 2202 Parasceve.
1393 2148 1512 2205 Diei
1564 2149 1846 2208 Dominico;-
1890 2155 2162 2210 celebratio

564 2233 946 2310 Sabbatumqne
1005 2240 1057 2294 in
1115 2239 1437 2297 Dominicam
1487 2255 1761 2302 mutatum.
1811 2278 1881 2289 —
1923 2245 2162 2305 Meminit

561 2331 722 2386 etiam
755 2328 974 2387 sanctus
1007 2330 1314 2390 Victorinus
1343 2337 1726 2396 celebrationis
1770 2341 2075 2408 dominicae,
2106 2355 2162 2399 et

559 2425 751 2478 mutati
778 2423 985 2480 sabbati
1013 2425 1067 2481 in
1101 2426 1461 2499 dominicam,
1493 2431 1617 2488 dum
1655 2436 1726 2489 ita
1769 2434 2003 2505 loquitur
2031 2435 2109 2509 (3)
2142 2454 2156 2490 :

569 2535 590 2568 ι
628 2517 691 2571 Ει
719 2525 775 2570 ιιι
799 2532 865 2572 ex
887 2533 948 2573 ea
979 2533 1036 2574 re
1063 2519 1277 2591 longius
1307 2537 1556 2580 enarrem
1589 2543 1601 2577 :
1631 2523 1773 2581 Ecce
1793 2537 2022 2598 quatuor
2046 2526 2162 2583 ani-

561 2609 722 2664 malia
743 2620 868 2664 ante
898 2612 1147 2666 thronum
1181 2614 1298 2681 Dei,
1327 2626 1561 2686 quatuor
1591 2617 1906 2690 Evangelia,
1933 2632 2161 2693 quatuor

561 2703 781 2760 ﬂumina
822 2705 875 2759 in
923 2705 1172 2776 paradiso
1215 2705 1459 2777 ﬂuentia,
1509 2724 1737 2782 quatuor
1779 2703 2160 2785 generationes

559 2799 880 2870 populorum
910 2801 979 2856 ab
1021 2800 1193 2857 Adam
1241 2818 1412 2875 usque
1435 2805 1502 2860 ad
1528 2804 1662 2873 Noe,
1696 2823 1724 2861 a
1755 2807 1868 2865 Noe
1898 2824 2067 2880 usque
2091 2809 2160 2866 ad

559 2891 855 2962 Abraham,
907 2894 974 2950 ab
1022 2895 1290 2952 Abraham
1320 2913 1489 2968 usque
1519 2900 1584 2954 ad
1614 2898 1856 2973 Moysen,
1901 2917 1932 2958 a
1976 2903 2164 2976 Moyse

558 2998 733 3057 usque
753 2987 820 3042 ad
846 2985 1122 3043 Christum
1143 2987 1429 3046 Dominum
1454 2985 1646 3050 Filium
1680 2995 1771 3050 Dei
1799 3013 1812 3049 :
1845 2995 1940 3052 Die
1970 2997 2159 3067 quinto

559 3085 702 3133 terra
726 3088 780 3135 et
799 3095 934 3150 aqua
967 3080 1129 3138 fastus
1160 3098 1288 3139 suos
1317 3084 1626 3143 ediderunt.
1662 3087 1758 3144 Die
1788 3099 1949 3146 sexto
1973 3105 2157 3148 creata

2263 1879 2325 1934 P.
2377 1881 2685 1944 Dominicus
2737 1889 3128 1962 Schrammius,
3177 1904 3310 1954 tom.
3363 1917 3485 1971 ναι,

2266 1974 2437 2030 --56.⁴

2333 2068 2737 2133 Commentarius
2778 2078 2844 2137 S'.
2902 2080 3145 2140 Victorini
3185 2086 3241 2142 in
3285 2088 3652 2163 Apocalypsin,
3707 2095 3865 2166 cujus

2263 2164 2556 2225 editionem
2598 2174 2828 2242 primam
2878 2175 3156 2251 hucusque
3210 2183 3531 2258 ignoro(ita
3561 2190 3747 2244 scribit
3774 2164 3860 2247 cl.

2264 2259 2386 2314 Alb.
2416 2261 2718 2332 Fabricius,
2748 2265 2883 2323 Bibl.
2919 2272 3051 2326 med.
3087 2285 3133 2328 et
3162 2275 3353 2344 inﬁnite
3397 2278 3686 2346 iatinitatis,
3721 2292 3862 2340 tom.

2265 2369 2340 2446 vt,
2371 2355 2471 2412 lib.
2512 2358 2604 2428 30,
2654 2377 2773 2434 pag.
2817 2364 2946 2429 295.
2990 2367 3121 2424 edit.
3170 2369 3360 2435 Mansi.
3413 2373 3576 2443 1754,
3631 2375 3863 2446 Patavii,

2263 2445 2418 2518 in-t)
2447 2451 2622 2507 illatus
2667 2465 2753 2512 est
2791 2468 2975 2527 postea
3008 2460 3062 2514 in
3092 2461 3450 2522 Bibliothecas
3477 2478 3710 2537 patrum,
3758 2445 3867 2525 Pa;-

2263 2543 2578 2614 risiensem,
2635 2548 2704 2605 de
2759 2565 2902 2608 anno
2931 2552 3088 2620 1644,
3137 2572 3168 2612 a
3198 2573 3316 2629 pag.
3345 2559 3450 2616 507
3473 2602 3489 2628 ,
3518 2569 3650 2618 tom.
3678 2563 3865 2637 ειυς-

2262 2635 2584 2707 dunensem,
2608 2656 2729 2714 pag.
2763 2645 2872 2701 414
2901 2677 2972 2688 —-
3001 2647 3130 2713 421,
3177 2660 3310 2706 tom.
3342 2665 3420 2708 nt.

2332 2729 2582 2788 Carmina
2607 2732 2735 2799 duo,
2761 2737 2825 2792 de
2849 2738 2976 2794 Jesu
2998 2740 3220 2809 Christo,
3247 2743 3352 2800 Deo
3373 2758 3422 2802 et
3444 2749 3647 2805 homine
3667 2766 3861 2818 unum,

2261 2822 2486 2878 alterum
2533 2825 2602 2881 de
2645 2826 2870 2896 Pascha,
2917 2847 3009 2889 seu
3054 2834 3258 2906 lignum
3281 2839 3406 2895 vitm
3433 2841 3771 2914 inscriptum,
3803 2845 3872 2902 in'

2261 2907 2500 2988 Gregorii
2529 2918 2757 2978 Fabricii
2787 2935 3063 2994 poetarum
3087 2941 3331 2987 veterum
3371 2935 3864 2995 ecclesiasticarum

2261 3012 2513 3079 operibus
2538 3012 2868 3080 christianis,
2905 3036 3023 3093 pag.
3052 3023 3180 3091 76l,
3209 3026 3470 3095 impressa
3497 3029 3785 3089 habentur.

2332 3103 2412 3158 Ad
2440 3105 2556 3161 haec
2582 3106 2712 3164 falsa
2740 3109 3019 3171 Victorino
3045 3117 3314 3189 adscripta
3345 3116 3602 3192 opuscula
3628 3128 3863 3196 pertinet

555 3180 701 3240 sunt,
732 3187 852 3243 qua:
882 3173 1139 3240 deerant,
1170 3191 1233 3231 ac
1281 3176 1362 3233 sic
1407 3177 1550 3234 Deus
1594 3179 1868 3236 hominem
1897 3182 1965 3239 de
1991 3183 2156 3240 humo
2184 3190 2228 3254 C
2261 3194 2428 3251 editio
2459 3198 2599 3255 fama
2629 3200 2820 3259 suum
2850 3207 2950 3261 sub
2978 3210 3128 3278 prelo
3177 3173 3858 3288 ηὲγὴέτῗςῗῖοῗῇίέιῐ

558 3262 812 3288 1..-._-__=.
874 3265 1151 3288 n_c-_:__-_-
1196 3284 1270 3288 μ,
1323 3271 1351 3288 .ν
1394 3287 1420 3288 η
2269 3285 2291 3288 Α
2339 3286 2347 3288 μ

558 3262 836 3333 instruxit,
871 3265 1158 3323 Dominum
1189 3271 1429 3325 omnium
1473 3287 1677 3338 rerum,
1711 3291 1832 3345 qua:
1857 3291 2020 3348 super
2046 3289 2157 3334 ter-

557 3370 696 3422 ram,
747 3367 801 3414 et
844 3375 1006 3430 super
1048 3376 1240 3431 aquam
1271 3364 1473 3418 creavit
1507 3379 1520 3417 :
1554 3365 1699 3435 prius
1730 3355 1904 3424 tamen
1936 3371 2160 3441 angelos

557 3456 717 3522 atque
742 3451 1096 3522 archangelos
1122 3454 1346 3509 creavit.
1383 3454 1482 3510 Hic
1505 3455 1622 3513 dies
1662 3471 1848 3516 sextus
1876 3460 2160 3521 Parasceve

555 3542 878 3613 appellatur,
929 3547 1252 3616 praeparatio
1301 3549 1509 3606 scilicet
1536 3551 1708 3624 regni.
1742 3549 1945 3613 Idcirco
1975 3571 2154 3616 autem

557 3633 708 3703 prius
733 3649 894 3704 opera
927 3650 1022 3690 sua
1046 3641 1459 3708 consummavit,
1487 3659 1649 3712 quam
1677 3649 1895 3718 angelos
1924 3663 2161 3721 crearet,

555 3735 612 3782 et
640 3726 912 3783 hominem
943 3727 1243 3799 fabricavit,
1285 3748 1354 3789 ne
1392 3733 1531 3793 forte
1579 3738 1852 3808 adjutores
1891 3759 1954 3801 se
1989 3745 2158 3804 fuisse

563 3816 696 3873 falsa
727 3817 965 3877 dictione
997 3835 1400 3881 asseverarent.
1430 3827 1548 3886 Hoc
1575 3848 1790 3905 quoque
1820 3836 1906 3894 die
1935 3840 1997 3895 ob
2024 3840 2157 3900 Pas-

563 3911 760 3966 sionem
779 3911 992 3968 Domini
1016 3913 1090 3970 N.
1121 3914 1246 3972 Jesu
1273 3916 1483 3988 Christi,
1499 3934 1587 3977 aut
1615 3928 1886 3985 stationem
1907 3931 2037 4000 Deo,
2064 3947 2162 3994 aut

550 4006 806 4076 jejunium
840 4007 1078 4079 facimus.
1131 4009 1226 4066 Die
1254 4013 1482 4083 septimo
1512 4020 1782 4088 requievit
1807 4023 1876 4078 ab
1903 4026 2156 4084 omnibus

558 4097 814 4168 operibus
841 4099 972 4168 suis,
1001 4110 1055 4156 et
1081 4101 1354 4159 benedixit
1399 4123 1544 4176 eum,
1575 4117 1630 4166 et
1654 4115 2040 4186 sanetificavit;
2067 4121 2152 4176 id-

559 4192 724 4261 circo,
757 4203 814 4249 ut
838 4195 926 4250 die
948 4194 1229 4253 Dominico
1252 4213 1372 4255 cum
1404 4203 1695 4272 gratiarum
1727 4211 1940 4268 actione
1961 4214 2027 4270 ad
2060 4231 2152 4286 pa-

561 4303 684 4343 nem
710 4303 986 4358 exeamus,
1034 4300 1089 4346 et
1129 4306 1238 4348 non
1262 4308 1382 4359 cum
1409 4295 1609 4354 Iudaeis
1649 4302 1932 4362 sabbatum
1959 4309 2150 4368 obser-

556 4393 686 4437 vare
723 4382 1019 4452 videamur,
1066 4385 1190 4457 quia
1236 4387 1350 4458 ipse
1394 4389 1654 4450 Dominus
1683 4408 1768 4453 est
1794 4400 2022 4473 sabbati,
2055 4406 2154 4462 Pa-

556 4489 779 4532 rasceve
823 4478 1060 4534 solemus
1109 4494 1418 4552 supponere
1459 4497 1514 4542 et
1553 4489 1860 4550 sabbatum.
1905 4496 2154 4557 Christus

2263 3285 2580 3361 Schallium,
2614 3294 2776 3362 1652,
2807 3298 2942 3355 in-8.
2973 3301 3180 3360 Sancta:
3211 3285 3639 3378 reliquiae—duum
3673 3312 3861 3370 Victo-

2261 3383 2528 3454 rinorum,
2558 3386 2904 3456 pictaviensis
2933 3410 3071 3452 unus
3097 3398 3334 3471 episeopi
3358 3405 3629 3476 martyris.
3659 3407 3755 3460 afri
3779 3407 3862 3462 aI-

2263 3475 2430 3531 terius
2455 3478 2566 3533 Caii
2594 3479 2766 3543 Marii.
2801 3483 3037 3545 rhetoris
3068 3493 3297 3560 primum
3327 3475 3532 3551 romani
3581 3507 3636 3553 et
3661 3513 3858 3556 consu-

2262 3566 2393 3625 laris
2440 3570 2537 3624 viri
2583 3572 2869 3632 clarissimi
2919 3585 3203 3652 conversi,
3257 3586 3450 3644 deinde
3500 3589 3856 3661 disputatoris

2261 3661 2620 3733 subtilissimi,
2652 3665 2755 3724 hoc
2783 3681 2866 3726 est
2909 3673 3200 3732 christiana
3231 3682 3547 3739 eorumdem
3578 3685 3630 3740 in
3667 3701 3856 3756 prorsa

2262 3754 2358 3826 (sit
2404 3757 2534 3814 vitio
2584 3771 2697 3832 typ.
2744 3765 3029 3840 excusum)
3061 3782 3116 3826 et
3142 3788 3294 3828 versa
3325 3777 3574 3834 oratione
3616 3754 3857 3851 scripta:

2221 3867 2227 3873 ·
2259 3845 2411 3905 Illius
2439 3851 2657 3921 quidem
2686 3864 3109 3920 commentarius
3140 3865 3190 3920 in
3217 3866 3582 3941 Apocalypsin
3609 3845 3858 3942 Joannis,
3956 3947 3962 3952 ξ

2259 3950 2315 3997 et
2342 3943 2440 3997 tria
2463 3946 2863 4017 elegantissima
2896 3954 2964 4010 de
2989 3955 3118 4013 Jesu
3151 3958 3366 4018 Christo
3395 3963 3506 4019 Deo
3530 3974 3585 4021 et
3615 3965 3858 4036 homine,

2261 4033 2483 4106 ejusque
2516 4038 2720 4097 Pascha
2751 4057 2844 4100 seu
2873 4061 3053 4112 cruce,
3081 4065 3180 4106 nec
3209 4068 3315 4107 non
3338 4054 3406 4110 de
3423 4067 3626 4125 septem
3649 4070 3858 4132 marty-

2259 4128 2408 4186 ribus
2453 4132 2707 4192 fratribus
2751 4138 3130 4211 Macchabzeis,
3187 4149 3423 4204 carmina
3458 4167 3472 4204 :
3505 4145 3708 4222 hujus,

2258 4224 2450 4280 Omnia
2494 4237 2548 4282 et
2599 4231 2802 4300 singula
2850 4249 2972 4290 cum
3001 4239 3143 4293 notis
3195 4249 3252 4295 et
3299 4242 3608 4311 praefatione
3645 4246 3709 4301 Β.
3743 4247 3862 4304 Λη-

2259 4315 2405 4408 dreae
2426 4317 2605 4376 Rivini
2633 4320 2808 4395 (Prol.
2838 4325 3038 4401 Lips.),
3071 4333 3162 4401 qui
3189 4333 3303 4389 suis
3333 4337 3646 4408 sumptibus
3661 4339 3860 4397 excudi

2259 4407 2408 4467 fecit.

2331 4503 2410 4559 De
2432 4506 2552 4560 viris
2585 4508 2876 4569 Victorinis.
2900 4546 2970 4557 —
2991 4517 3098 4573 Pro
3111 4519 3384 4580 Coron-ide
3409 4524 3498 4581 hic
3511 4527 3859 4588 animadver-

2836 4567 2848 4569 _
2865 4567 2874 4569 ,
2991 4567 3014 4573 -
3038 4567 3050 4572 -
3069 4567 3092 4573 -τ
3120 4567 3208 4576 ...νι
3223 4567 3384 4580 ιιι-ιιιν
3409 4567 3497 4581 Juv
3511 4567 3858 4588 ull-IIIIIUVUI-

556 4567 717 4637 igitur
744 4568 1024 4625 sabbatum
1057 4586 1289 4642 corpore
1317 4589 1416 4632 suo
1455 4580 1698 4638 resolvit.
1752 4584 1910 4663 J‘esus
1938 4605 2158 4663 quoque
2183 4590 2236 4654 D
2265 4597 2508 4667 tendum,
2564 4602 2618 4656 1°
2652 4606 2792 4672 quod
2823 4609 3222 4670 eruditissimus
3267 4616 3541 4675 Launoius
3585 4621 3638 4676 in
3687 4625 3858 4682 altera

553 4659 700 4717 Nave
739 4673 792 4718 et
821 4664 934 4734 ipse
979 4664 1262 4721 sabbatum
1315 4670 1573 4739 resolvit;
1626 4675 1717 4734 die
1758 4659 1900 4736 enim
1947 4659 2156 4743 sabbati

554 4756 814 4825 praecepit
838 4758 962 4813 liliis
984 4757 1168 4827 Israel,
1205 4770 1262 4816 ut
1288 4778 1473 4820 muros
1499 4767 1738 4826 civitatis
1767 4772 1984 4831 Iericho
2017 4781 2150 4837 tubi-

555 4847 769 4902 cinibus
793 4849 1158 4919 circumirent,
1189 4863 1243 4910 et
1271 4853 1469 4914 bellum
1513 4862 1800 4932 Allophilis
1831 4869 2152 4930 indicarent.

557 4939 879 4998 Malhathias
925 4957 1102 5001 autem
1134 4949 1381 5021 princeps
1407 4951 1543 5009 .Inda
1571 4957 1853 5019 sabbatum
1896 4967 2152 5036 resolvit;

554 5049 678 5088 nam
712 5035 1022 5104 praefectum
1049 5041 1254 5112 antiqui
1287 5044 1430 5116 regis
1456 5047 1630 5119 Syriae
1676 5053 1904 5112 sabbato
1930 5061 2151 5132 occidit,

553 5137 606 5183 et
637 5129 940 5202 Allophilos
971 5149 1064 5188 sua
1099 5141 1474 5204 persecutione
1502 5143 1749 5214 subjecit.
1813 5129 2158 5228 Quapropter

553 5235 739 5278 verum
787 5225 916 5281 illud
959 5228 1239 5286 sabbatum
1284 5243 1494 5305 septem
1538 5237 1710 5297 millia
1753 5249 1904 5314 anni,
1949 5249 2002 5306 in
2032 5225 2158 5324 quo

535 5315 796 5374 Christus
813 5334 933 5376 cum
953 5321 1137 5380 electis
1159 5325 1269 5382 suis
1291 5338 1609 5399 regnaturus
1630 5343 1732 5390 est".
1766 5357 1784 5390 ι

624 5497 704 5572 (-l)
727 5499 1030 5586 Victoriam
1055 5503 1318 5586 in§chol.
1353 5507 1406 5563 in
1451 5510 1618 5586 hpoc.
1642 5554 1658 5579 ,
1687 5531 1737 5586 p.
1773 5518 1863 5583 55',
1899 5523 1958 5579 D.
1988 5525 2150 5585 Conf.

549 5568 862 5668 Colitg'tn;1..p.
897 5575 1000 5657 {17
1033 5585 1097 5668 et1
1113 5575 1420 5668 comment.
1450 5568 1512 5637 in.
1532 5568 1736 5668 Apoc:
1754 5568 1958 5668 p139“;

648 5641 703 5742 I2)
738 5641 1134 5742 XiCloril‘l‘.,A9(}
1164 5646 1388 5742 Flabrica
1420 5641 1626 5725 mundi,
1664 5641 1734 5717 in:
1754 5641 1812 5718 ’Β
1838 5641 2148 5742 ἑῐόζὶὶωα

549 5711 791 5768 Galland.
826 5731 879 5785 p.
910 5717 997 5781 50,
1033 5726 1087 5772 ct
1115 5719 1168 5772 in
1199 5720 1301 5776 hoc
1319 5731 1486 5780 tomo.

621 5784 700 5856 (3)
729 5784 833 5853 Id.,
863 5787 1016 5856 ibid.,
1042 5804 1097 5856 p.
1123 5790 1216 5856 49,
1249 5809 1300 5848 n.
1325 5795 1361 5848 2
1383 5806 1438 5854 et
1465 5798 1500 5854 5

795 5825 833 5853 .,
863 5804 1016 5856 1010.,
1042 5804 1097 5858 p.
1123 5804 1216 5858 ὢν,
1249 5809 1300 5848 n.
1325 5804 1361 5848 2
1383 5806 1438 5854 et
1465 5804 1517 5854 5.

2263 4689 2474 4746 minore
2504 4691 2881 4756 dissertatione
2918 4709 3322 4764 annotetetiam
3356 4710 3472 4785 (I);
3521 4714 3621 4777 sub
3663 4717 3858 4774 eodem

2261 4783 2480 4840 nomine
2500 4785 2734 4861 (scilicet
2764 4792 3050 4870 Victorini)
3077 4803 3314 4874 quinque
3332 4783 3582 4866 diversos
3605 4823 3860 4870 auctores

2257 4875 2540 4948 insignitus
2600 4882 2798 4953 fuisse;
2867 4907 3091 4961 quorum
3153 4897 3360 4966 primus
3410 4911 3532 4970 est,
3585 4904 3859 4972 Opinionis

2259 4964 2478 5027 Praxeae
2505 4986 2763 5044 assertor,
2793 4983 2947 5053 cujus
2966 4964 3212 5044 meminit
3237 4964 3602 5053 Tertullianus
3624 4964 3738 5072 l2);
3764 5014 3856 5056 se-

2258 5066 2464 5122 cundus
2495 5083 2624 5127 vero
2653 5074 2773 5138 iste,
2808 5076 2875 5133 de
2904 5091 3012 5151 quo
3044 5083 3320 5154 hucusque
3344 5097 3520 5144 actum
3553 5110 3566 5146 :
3599 5099 3859 5148 romanus

2257 5159 2704 5234 quidam-rhetor,
2728 5169 2796 5226 de
2820 5187 2927 5242 quo
2955 5177 3282 5246 Augustinus
3310 5181 3410 5254 (3),
3448 5184 3638 5239 tertius
3667 5202 3858 5243 nume-

2255 5261 2673 5326 raturzquartus
2688 5273 2866 5318 autem
2899 5266 2997 5322 fuit
3019 5267 3108 5324 ille
3136 5272 3505 5342 massiliensis,
3531 5277 3686 5347 cujus
3706 5294 3860 5334 men-

2259 5343 2459 5401 tionem
2511 5350 2638 5407 facit
2691 5354 2997 5415 Gennadius
3055 5361 3153 5434 (4).
3203 5363 3436 5424 Ultimus
3473 5343 3705 5444 tandem,
3741 5373 3859 5429 sive

2339 5459 2416 5557 l1?
2441 5465 2670 5557 ,ετεδξξηεείὲ
2699 5483 3012 5557 "PP-24‘!“-
3045 5495 3101 5538 ιιι
3121 5497 3188 5557 ,υ-
3218 5481 3343 5557 955.
3374 5496 3427 5538 ει
3453 5500 3568 5557 εεφ

2441 5533 2786 5630 Tertulliani...
2814 5533 2877 5600 de
2913 5533 3656 5630 Praescri'pt.vilairet'icrcap.
3689 5561 3780 5618 55.

2332 5607 2686 5696 thz‘iugust‘q
2720 5616 2811 5696 lib.
2837 5634 2949 5696 vni,
2983 5607 3201 5696 confes,
3234 5607 3354 5696 cap.
3378 5607 3434 5681 ἒξ

2331 5676 2699 5768 (afen-uad,
2723 5687 2788 5768 tle
2802 5676 3351 5768 s_c_rip£._ecc'l_es,:cap.'
3485 5701 3641 5759 Conf.
3659 5702 3848 5762 Sidon.

2256 5740 2779 5847 ΞΡξῙξδοχιξῖηῗξεξ
2805 5740 2873 5820 Ξί
2886 5740 3852 5847 Tini-Hi?iiiﬁﬁsé's‘iiié'n'éiéﬁiiﬁzé

2242 5817 2457 5892 _(‘.aiveo,
2493 5817 2632 5882 anno
2651 5817 2784 5889 3154.

3740 6042 3744 6045 .
3823 6020 3842 6048 J
3857 6027 3877 6036 ⁶
