4060 6320
284 361 390 418 515

1276 362 1751 423 ΕἩΑΟΜΕΝΤυΜ
1792 365 1879 423 οε
1917 366 2207 424 FABRICA
2252 367 2488 425 unum.

3441 372 3548 432 δη

280 476 533 553 angelum
569 479 747 539 Maria:
782 482 971 554 virgini
1008 484 1426 556 evangelisasse,
1457 500 1562 552 qua
1586 483 1675 541 die
1698 484 1861 541 draco
1887 493 1940 555 Α
1964 486 2084 556 quia
2139 484 2384 541 seniores
2431 493 2558 542 sunt
2595 495 2650 543 et
2694 485 2816 543 aliis
2861 487 3070 559 angelis
3117 446 3174 544 et
3219 486 3546 548 hominibus.

280 571 451 629 Evam
480 575 725 641 seduxit;
752 591 815 633 ea
840 576 928 633 die
954 578 1211 648 Spiritum
1242 588 1484 635 sanctum
1513 579 1729 634 Mariam
1758 581 1863 635 vir-

281 666 462 738 ginem
511 667 819 733 iunndasse,
846 684 948 739 qua
980 671 1153 726 lucem
1201 671 1357 734 fecit;
1387 687 1449 726 ea
1496 670 1585 726 die
1608 672 1661 726 in
1700 686 1864 728 carne

282 773 409 814 esse
433 774 770 826 conversum,
807 776 911 832 qua
959 772 1156 819 terrain
1200 775 1254 820 et
1283 779 1472 836 aquam
1505 764 1656 831 fecit;
1688 780 1747 819 ea
1778 764 1864 821 die

283 850 340 907 in
371 851 510 907 lacte
537 866 657 908 esse
679 867 1031 918 conversum,
1071 872 1174 927 qua
1215 856 1398 911 stellas
1434 857 1578 918 fecit;
1608 872 1670 911 ea
1700 857 1784 911 die
1809 857 1860 913 in

283 944 563 1016 sanguine.
586 959 689 1015 qua
713 955 854 1002 terra
880 956 935 1003 et
957 962 1091 1019 aqua
1122 947 1280 1004 fmtns
1304 962 1433 1003 suos
1457 947 1772 1014 ediderunt;
1799 963 1861 1006 ea

281 1034 373 1091 die
412 1036 465 1090 in
507 1051 669 1093 carne
704 1051 826 1094 esse
864 1053 1203 1105 conversum,
1241 1055 1341 1111 qua
1372 1040 1458 1093 die
1501 1040 1766 1095 hominem
1795 1042 1862 1096 de

282 1126 450 1183 humo
475 1128 759 1195 instruxit;
782 1144 843 1183 ea
875 1128 960 1184 die
982 1141 1164 1187 natum
1188 1145 1307 1187 esste
1330 1129 1625 1198 Christum,
1649 1147 1750 1202 qua
1775 1131 1863 1187 ho~

282 1222 482 1277 minem
511 1220 683 1288 ﬁnxit;
708 1222 894 1279 eadem
925 1231 951 1261 α
979 1224 1068 1280 die
1091 1238 1213 1280 esse
1242 1238 1480 1294 passum,
1500 1238 1607 1294 quo
1635 1223 1661 1262 ι)
1693 1222 1858 1279 Adam

278 1313 506 1378 cecidit;
531 1328 592 1370 ea
616 1314 705 1370 die
720 1315 1012 1371 resurrexit
1035 1325 1058 1354 ο
1082 1332 1110 1370 a
1131 1317 1378 1382 mortuis,
1399 1331 1499 1387 qua
1518 1316 1689 1371 lucem
1713 1316 1839 1371 fecit

280 1402 681 1460 Humanitatem
710 1420 925 1477 quoque
952 1421 1103 1461 suam
1140 1409 1444 1477 septenario
1475 1422 1698 1462 numero
1732 1422 1860 1462 con-

279 1509 535 1567 summat,
567 1501 881 1568 nativitatis,
906 1502 1162 1566 infantia.
1183 1504 1443 1574 pueritia),
1464 1504 1858 1573 adolescentia},

274 1591 594 1663 iuventutis,
613 1593 864 1664 perfectae
879 1597 1072 1660 aetatis,
1091 1610 1342 1653 occasum
1357 1593 1408 1652 ἀ.
1430 1597 1629 1654 ludatis
1650 1614 1862 1671 quoque

278 1684 667 1744 humanitatem
686 1703 837 1745 suam
859 1690 1019 1746 etiam
1041 1692 1123 1746 his
1142 1691 1317 1747 modis
1342 1692 1571 1759 ostendi,
1601 1708 1721 1748 cum
1738 1708 1862 1748 esu-

276 1779 372 1846 rit,
413 1781 544 1848 sitit,
574 1782 752 1837 cibum
785 1792 1075 1855 potumque
1116 1783 1294 1843 dedit.
1323 1799 1444 1841 cum
1473 1786 1735 1849 ambulat,
1767 1800 1860 1843 eas

2037 627 2280 667 EXPLICIT
2308 626 2621 668 TRAC'I'A’I'US
2648 625 2914 668 VICTORINI
2944 627 3010 667 DE
3040 626 3264 667 FABRICA
3292 627 3475 669 IUNDI.

1964 747 2174 805 Primus
2202 766 2265 804 ea:
2302 749 2473 802 codice
2499 748 2846 804 Lambethano
2890 748 3047 804 edidit
3090 747 3213 805 Gul.
3259 746 3456 807 Cavitts
3492 749 3547 807 in

2243 841 2499 914 (Historia
2531 842 2732 908 Litter.,
2763 852 2886 896 tom.
2918 857 2962 905 t,
2995 858 3048 909 ρ.
3082 840 3232 909 148.)

1964 958 2440 1025 Interpretationem
2468 972 2580 1027 qua:
2609 956 2852 1021 sequitur,
2884 954 3070 1018 Esaia,
3093 970 3144 1009 c.
3166 969 3242 1020 VI,
3269 968 3466 1010 comm.
3485 953 3543 1022 2,

2009 1062 2391 1107 .commemorat
2436 1051 2497 1106 S.
2542 1050 2903 1121 Hieronymus,
2938 1049 3082 1120 epist.
3125 1046 3194 1102 ad
3240 1046 3545 1115 Damasum,

2039 1155 2079 1200 t.
2114 1162 2192 1213 ttt,
2231 1161 2283 1215 p.
2312 1145 2440 1208 5l8,
2475 1144 2558 1199 ed.
2594 1142 2907 1197 Martianwi.

1964 1261 2069 1318 Sea:
2085 1262 2182 1315 alte
2196 1261 2284 1315 uni
2306 1258 2391 1332 (ex
2410 1257 2736 1325 Seraphim),
2762 1267 2808 1312 et
2830 1256 3027 1311 seualle
3046 1256 3196 1311 alteri
3212 1254 3347 1329 (lsa.
3361 1271 3437 1318 vr,
3458 1253 3543 1325 2),

2034 1352 2339 1409 Victorinus
2390 1359 2573 1405 noster
2625 1348 2907 1404 duodecim
2956 1347 3228 1419 apostolus
3276 1347 3546 1419 interpre-

2033 1454 2173 1501 tatus
2202 1454 2303 1500 est.

1963 1558 2041 1614 De
2088 1558 2149 1614 S.
2188 1557 2435 1613 Victorini
2482 1556 2912 1627 Interpretatione
2956 1553 3283 1611 Ecclesiastis
3308 1597 3323 1622 ,
3367 1571 3412 1610 c.
3466 1570 3543 1624 tv,

2032 1667 2211 1705 comm.
2240 1652 2326 1717 15,
2356 1652 2426 1705 ita
2454 1649 2517 1705 S.
2558 1647 2800 1716 Hieron.,
2831 1647 3028 1705 Comm.
3065 1649 3117 1703 in
3152 1647 3451 1705 Ecclesiast.
3479 1647 3547 1705 ad

2033 1745 2155 1807 loc.,
2188 1754 2224 1798 t.
2248 1760 2305 1812 tt,
2338 1762 2391 1814 p.
2410 1744 2536 1800 741.

276 1885 399 1927 esse
423 1873 525 1928 scit
548 1882 592 1938 ε’,
623 1888 745 1929 cum
774 1888 936 1945 super
962 1875 1281 1932 cervicalem
1314 1876 1333 1915 ί
1363 1877 1614 1933 dormivit
1638 1877 1853 1951 (Mam,
1887 1894 1933 1956 Β
2031 1877 2286 1950 Origenes
2314 1888 2369 1933 et
2410 1877 2719 1933 Victorinus
2767 1891 2873 1932 non
2927 1876 3155 1932 multum
3204 1876 3347 1932 inter
3372 1890 3432 1932 se
3458 1875 3542 1932 di-

277 1966 356 2029 iv.
385 1969 478 2042 38)
500 1986 520 2033 ;
541 1984 661 2026 cum
706 1983 886 2029 autem
914 1973 1047 2030 freta
1076 1983 1171 2030 aut
1206 1976 1436 2045 procella
1462 1986 1488 2025 ε
1513 1977 1737 2049 pedibus
1779 1979 1861 2033 in—

273 2063 539 2135 greditur,
588 2068 765 2121 ventis
813 2068 1058 2138 imperat.
1107 2084 1281 2141 :egros
1326 2078 1511 2138 curat,
1551 2082 1603 2125 et
1644 2071 1860 2128 claudos

276 2156 556 2221 reformat,
575 2173 750 2215 caecos
769 2159 1074 2231 eloquentia
1091 2161 1319 2217 instituit
1338 2159 1365 2199 ιι
1385 2163 1558 2218 videte
1578 2163 1858 2223 Dominum

273 2263 337 2306 se
361 2264 480 2306 esse
513 2252 745 2307 nuntiari
772 2253 1014 2324 ejusdem
1053 2253 1097 2311 ί.

348 2341 692 2399 Duodeuario
719 2359 944 2401 numero
989 2346 1215 2404 diceret
1255 2356 1313 2403 ut
1340 2363 1501 2418 supra
1546 2349 1862 2417 memoravi,

273 2451 375 2508 per
396 2436 672 2494 duodenas
698 2437 860 2494 horas
881 2439 1068 2497 bifarle
1094 2440 1294 2497 divisus
1319 2451 1403 2498 est
1429 2442 1558 2498 lucis
1587 2452 1641 2497 et
1667 2443 1858 2512 noctis,

270 2542 374 2599 per
391 2528 489 2584 has
514 2544 745 2600 namque
766 2530 946 2598 horas,
980 2547 1194 2590 menses
1221 2543 1276 2590 et
1301 2536 1427 2589 anni
1458 2544 1514 2589 et
1535 2543 1776 2607 tempora
1808 2543 1861 2590 et

270 2621 468 2678 sarcula
511 2631 905 2693 computantur.
937 2622 1240 2682 Constituta
1271 2624 1299 2664 ¹ι
1332 2635 1457 2682 sunt
1510 2627 1691 2698 itaque
1740 2629 1859 2683 sine

269 2711 440 2769 dubio
480 2721 659 2771 autem
702 2722 722 2762 ι
752 2714 859 2771 diei
906 2715 1079 2785 angeli
1120 2714 1426 2782 duodecim,
1465 2720 1641 2773 noctis
1683 2718 1857 2788 angeli

267 2804 590 2869 duodecim,
640 2821 738 2875 pro
781 2822 1006 2864 numero
1050 2808 1253 2864 scilicet
1301 2808 1573 2865 horarum.
1625 2810 1685 2865 lli
1731 2819 1857 2866 sunt

268 2912 503 2969 namque
515 2913 665 2954 xxtnt
694 2907 857 2956 teSIes
878 2900 1085 2955 dierum
1106 2911 1161 2957 et
1184 2901 1420 2956 noctium
1446 2901 1654 2975 (Apoc.,
1676 2918 1748 2970 tv,
1771 2901 1851 2975 4),

268 2990 362 3063 qui
392 2989 583 3047 sedent
612 3000 739 3048 ante
768 2991 1017 3048 thronum
1049 2993 1164 3059 Dei,
1200 3007 1427 3049 coronas
1456 3008 1651 3050 aureas
1679 2994 1732 3049 in
1761 3009 1856 3049 ca-

267 3082 466 3155 pitibus
491 3083 603 3138 suis
632 3084 921 3146 habentes.
972 3099 1108 3155 quos
1154 3085 1207 3140 in
1238 3094 1277 3123 ιιι
1315 3088 1663 3158 Apocalypsis
1696 3086 1860 3142 Joan-

267 3178 357 3234 nis
406 3178 630 3251 apostoli
657 3189 712 3235 et
748 3178 1091 3252 evangelista
1144 3179 1384 3235 seniores
1428 3189 1612 3248 vocat,
1659 3180 1860 3237 idcirco

1962 1988 2117 2030 versa
2160 1982 2460 2028 senserunt.
2490 1972 2617 2025 Post
2641 1970 2946 2041 generalem
2976 1969 3118 2023 enim
3150 1968 3296 2024 illam
3326 1978 3545 2032 senten-

1963 2066 2112 2134 tiam,
2144 2080 2264 2137 qua:
2290 2065 2540 2121 omnibus
2561 2072 2724 2135 patet,
2754 2062 2895 2133 quod
2918 2063 3112 2117 melior
3140 2063 3211 2117 sit
3234 2061 3547 2118 adolescen-

1963 2159 2106 2215 tulus
2125 2173 2328 2230 pauper
2355 2167 2410 2214 et
2426 2157 2662 2227 sapiens.
2690 2171 2850 2225 quam
2878 2170 2972 2211 rex
2998 2170 3163 2212 senex
3191 2163 3244 2210 et
3268 2154 3545 2225 insipiens,

1962 2262 2018 2311 et
2046 2253 2188 2324 quod
2238 2254 2545 2323 frequenter
2582 2250 2793 2313 evenit,
2844 2258 2904 2305 ut
2944 2248 3033 2306 ille
3083 2265 3178 2319 per
3224 2248 3542 2315 sapientiam

1965 2360 2116 2402 suam
2147 2346 2306 2401 etiam
2334 2344 2401 2399 de
2429 2358 2647 2400 carcere
2687 2342 2830 2413 regis
2867 2340 3152 2413 egrediens
3194 2342 3424 2409 imperet
3445 2354 3543 2408 pro

1965 2439 2303 2495 dominatore
2334 2451 2592 2506 perverso
2619 2452 2634 2502 ;
2666 2444 2721 2490 et
2748 2450 2839 2490 res
2871 2433 3132 2501 insipiens
3159 2432 3346 2503 perdat
3377 2433 3547 2502 impe-

1967 2533 2128 2599 rium,
2158 2530 2299 2601 quod
2346 2529 2599 2585 tenebat:
2629 2542 2789 2599 super
2834 2524 3051 2582 Christo
3072 2536 3128 2581 et
3161 2527 3379 2582 Diabolu
3407 2525 3548 2583 hunc

1960 2625 2135 2681 locum
2188 2623 2520 2691 interpretati
2552 2631 2694 2688 sunt,
2727 2621 2870 2691 quod
2904 2637 3129 2690 puerum
3180 2635 3467 2691 pauperem
3493 2630 3549 2678 et

1960 2722 2279 2789 sapientem,
2303 2716 2576 2773 Christum
2592 2716 2759 2771 velint
2787 2731 3032 2785 puerum,
3048 2716 3196 2784 juxta
3223 2713 3375 2778 illud,
3401 2729 3549 2785 mag-

1960 2826 2085 2864 num
2109 2809 2202 2864 tibi
2232 2817 2315 2865 est
2344 2809 2522 2864 vocari
2555 2818 2605 2864 te
2633 2823 2851 2879 puerum
2879 2822 3055 2861 meum
3079 2807 3239 2878 (lsa.,
3276 2822 3422 2872 xm,
3448 2806 3542 2878 6);

1960 2918 2248 2975 pauperem
2288 2917 2437 2963 vero,
2478 2904 2601 2971 quia
2635 2915 2835 2971 panper
2865 2899 3035 2955 lactus
3069 2908 3170 2966 est,
3199 2915 3362 2970 quum
3388 2897 3541 2954 dives

1959 3005 2106 3054 esset
2137 2996 2201 3065 (ll
2232 2996 2375 3056 Cor.
2394 3011 2487 3050 vttt
2507 3037 2523 3061 ,
2547 2993 2635 3065 9);
2660 3004 2711 3048 et
2740 2995 3055 3063 sapientem,
3074 2995 3197 3063 quia
3230 2991 3542 3061 proﬁciebat

1961 3100 2119 3146 {etate
2147 3098 2204 3145 et
2245 3089 2503 3157 sapientia
2535 3097 2587 3142 et
2615 3085 2783 3157 gratia
2827 3086 2967 3156 apud
2998 3084 3167 3140 Deum
3206 3092 3262 3139 ct
3301 3084 3545 3139 homines

1962 3181 2141 3257 (Luc.,
2160 3199 2219 3249 ιι,
2235 3198 2417 3237 comm.
2438 3181 2579 3252 ult.).
2596 3179 2700 3235 Iste
2719 3186 2968 3263 natusest
2990 3178 3042 3233 in
3066 3192 3232 3249 regno
3248 3177 3412 3241 senis,
3436 3187 3541 3235 etc.

1468 3296 1843 3356 LECTIONES
1880 3300 1969 3358 VA
1979 3300 2295 3356 RIANTES.

333 3396 362 3428 ⁸
394 3395 543 3447 Forte
562 3395 632 3447 Ea
664 3396 880 3448 Walker.

329 3457 360 3499 b
394 3460 540 3510 Fovte
560 3460 664 3518 Qua
696 3460 913 3511 νεικεῖ.

333 3523 356 3551 ε
393 3522 538 3573 Forte
556 3516 911 3572 Resnrrexisse
934 3516 1153 3571 Walker.

327 3580 356 3623 ἀ
390 3586 536 3636 Forte
556 3583 766 3635 Occasus
798 3582 1012 3634 Walker.

334 3650 360 3679 ο
395 3653 533 3697 Forte
553 3647 615 3699 Et
631 3648 840 3697 secessit
861 3643 1033 3698 Routlt.

335 3708 357 3749 ι
395 3710 538 3761 Forte
554 3707 769 3761 Cervical
789 3707 954 3762 Bautis.

331 3775 358 3814 8
392 3773 535 3825 Forte
551 3770 828 3823 Procellosa
847 3770 1015 3823 Deleta
1038 3774 1122 3821 aut
1143 3771 1318 3825 Boutlt.

1877 3395 1922 3461 C
2017 3395 2048 3436 h
2084 3397 2227 3461 Forte
2250 3392 2432 3448 excidit
2477 3392 2660 3445 Sardos
2704 3390 2818 3441 facit
2863 3391 3050 3452 audire,
3077 3394 3129 3443 et
3150 3397 3368 3442 mortuos
3389 3391 3542 3442 resti-

1955 3462 2047 3513 tuit
2072 3460 2237 3511 Ro'rth.

2022 3522 2040 3562 ί
2086 3523 2228 3573 Forte
2252 3521 2488 3571 Nuntiare
2509 3519 2693 3569 eisdem
2718 3516 2891 3570 Roulh.

2023 3585 2038 3636 i
2084 3587 2229 3635 Forte
2250 3583 2372 3633 Dies
2396 3580 2561 3634 Routlt.

2018 3650 2047 3688 ιε
2082 3649 2226 3697 Forte
2242 3646 2497 3698 Constituti
2534 3642 2749 3694 Wallter.

2024 3710 2039 3749 ι
2084 3710 2285 3760 Delettd.
2312 3711 2489 3758 Ante-nt
2514 3704 2580 3757 ait
2616 3704 2832 3758 Wallter.

2014 3773 2056 3802 π’
2081 3773 2097 3823 Ι
2102 3787 2134 3822 ιι
2151 3772 2326 3823 delend
2347 3776 2503 3823 monet
2532 3768 2750 3821 Walker.

1612 3854 2175 3912 COMMENTARIUS.

259 3971 489 4046 perinde
512 3979 670 4043 atque
703 3970 798 4046 alii
837 3979 1048 4027 veteres
1074 3978 1473 4046 tractatoreset
1497 3972 1804 4046 citronologi
1822 4015 1838 4039 ,

258 4042 356 4100 iris
381 4058 558 4112 operte
584 4042 809 4113 pretium
833 4052 915 4098 est
936 4084 952 4107 ,
982 4051 1037 4095 ut
1061 4042 1179 4112 quis
1220 4042 1482 4113 ostendat.
1514 4042 1683 4097 Paulo
1724 4053 1842 4110 post

259 4117 331 4173 in
349 4114 497 4173 Cavii
525 4112 831 4184 apngraphu
858 4114 1086 4184 positum
1135 4122 1220 4170 est
1262 4112 1533 4170 mandasse
1561 4130 1655 4181 pro
1695 4117 1847 4168 inun-

258 4187 431 4244 dasse.
507 4185 713 4243 Roma.

340 4256 420 4312 Ea
445 4258 526 4311 die
546 4259 598 4312 in
619 4274 768 4311 carne
787 4273 893 4312 esse
915 4273 1224 4313 conversum.
1248 4273 1346 4325 qua
1368 4264 1570 4316 terram.
1602 4264 1708 4312 etc.
1730 4254 1843 4311 Non

257 4329 572 4388 conveniret
599 4328 701 4382 ltuc
721 4345 840 4383 cum
867 4329 959 4382 illo
984 4329 1047 4380 ad
1071 4329 1163 4383 lin.
1191 4328 1275 4386 l3.
1306 4345 1363 4382 ea
1388 4327 1469 4379 die
1493 4328 1542 4380 in
1566 4345 1716 4381 carne
1742 4346 1847 4383 esse

261 4417 581 4467 conversum,
611 4417 711 4468 qua
741 4401 822 4453 die
846 4400 1096 4454 hominem
1124 4399 1188 4468 de
1215 4399 1369 4453 humo
1398 4407 1668 4463 instruant,
1699 4400 1840 4468 quod

260 4473 463 4529 faetttm
491 4467 632 4526 esse
652 4471 947 4526 ostenditur
976 4470 1109 4524 libro
1149 4467 1356 4525 Genesis
1382 4470 1468 4524 die
1494 4480 1652 4524 sexto
1672 4512 1684 4528 .
1714 4467 1839 4525 dum

259 4554 409 4601 terra
433 4553 487 4597 et
509 4558 642 4612 aqua
669 4544 754 4597 die
786 4542 940 4596 tertio
968 4542 1279 4612 apparuisse
1308 4542 1573 4607 dienntur,
1605 4542 1702 4596 nisi
1731 4545 1841 4597 aias

257 4614 461 4671 Christi
482 4610 897 4683 incarnationem
918 4615 970 4667 in
994 4610 1219 4666 ult-ruB.
1237 4610 1471 4683 Virginis
1490 4612 1603 4667 haec
1625 4612 1839 4679 quidem

256 4685 484 4755 intelligi
511 4684 728 4741 debere.
757 4682 956 4755 Confer
981 4686 1141 4738 verba
1184 4682 1351 4751 paulo
1366 4698 1523 4753 supra
1568 4684 1632 4738 ad
1663 4684 1756 4737 litt.
1785 4685 1838 4749 9,

258 4766 320 4812 et
342 4754 455 4812 net;
484 4757 535 4810 in
569 4756 875 4827 Fragment.
904 4754 922 4809 Ι
951 4756 1183 4809 Cltronici
1211 4755 1472 4825 Africani,
1500 4755 1605 4811 vol.
1637 4770 1694 4819 tt,
1720 4770 1839 4827 pag.

257 4828 390 4886 239.
465 4828 671 4884 Βουτιι.

340 4900 453 4968 Qua
478 4912 610 4954 terra
634 4909 680 4954 et
701 4913 833 4968 aqua
862 4898 1012 4965 {atus
1034 4913 1151 4968 suos
1175 4896 1459 4968 ediderunt.
1492 4895 1606 4951 Hoc
1644 4896 1839 4953 factum

258 4966 565 5042 dieiquinto
590 4986 710 5027 esse
734 4966 927 5024 dicitur
950 4970 1091 5042 adp.
1127 4966 1253 5042 256,
1293 4967 1350 5042 l._
1368 4966 1457 5021 28.
1490 4970 1556 5021 At
1594 4983 1722 5022 vero
1745 4982 1836 5022 sua

257 5038 495 5099 edidisse
519 5057 653 5113 aqua
675 5042 888 5112 quidem
912 5040 1137 5096 traditur
1157 5038 1246 5093 die
1265 5038 1471 5109 quinto,
1499 5046 1637 5094 terra
1660 5049 1839 5094 autem

258 5113 354 5171 die
377 5126 549 5169 seno.
627 5113 834 5169 llourn.

342 5183 417 5238 Ea
443 5186 524 5240 die
547 5202 653 5240 esse
676 5201 903 5255 passum,
931 5200 1031 5254 qua
1057 5181 1221 5237 Adam
1242 5183 1438 5237 recidit.
1465 5183 1692 5245 Lapsnm
1720 5194 1839 5235 esse

258 5256 433 5314 Adam
459 5272 523 5309 eo
549 5258 665 5325 ipso
690 5256 794 5315 die.
826 5272 932 5325 quo
956 5256 1100 5311 illum
1131 5256 1419 5310 creavisset
1448 5255 1586 5310 Deus
1606 5295 1622 5320 ,
1652 5267 1839 5308 omnes

259 5331 376 5384 fere
405 5336 659 5382 statuunt.
737 5327 943 5382 Rouru.

339 5397 574 5453 Occasus.
604 5398 681 5453 De
703 5408 873 5452 morte
893 5414 995 5453 vox
1019 5399 1281 5456 interdum
1300 5397 1597 5452 adhibetur.
1623 5396 1835 5453 ῐὶοιττιι.

335 5468 443 5524 Eas
467 5486 574 5524 esse
613 5470 724 5523 scit.
777 5469 896 5523 For.
948 5472 1287 5525 scribendum
1313 5513 1327 5536 ,
1381 5480 1427 5523 et
1463 5470 1681 5523 secessit.
1724 5468 1834 5523 Vos

258 5545 406 5598 enim
455 5542 653 5594 secessit
698 5548 802 5594 vet.
854 5542 1015 5595 latino
1061 5542 1334 5611 interpreti
1382 5542 1639 5596 solennis.
1676 5539 1833 5595 Verbi

257 5627 444 5674 causa,
474 5612 599 5665 Cum
624 5621 789 5664 autem
814 5612 1033 5666 audisset
1074 5612 1243 5678 Iesus,
1275 5613 1409 5678 quod
1435 5611 1658 5665 Joannes
1682 5613 1814 5664 tradi

260 5695 349 5761 t_u_s_
375 5692 520 5761 esset,
547 5681 771 5761 secessit
794 5683 1167 5761 (ἀναχώρησιν)
1194 5686 1246 5737 in
1270 5681 1534 5761 (falalwam
1561 5684 1577 5745 (
1592 5681 1836 5761 Mutum,

262 5755 379 5826 1'2).
407 5752 513 5808 Sed
535 5752 599 5807 ad
623 5752 771 5826 Cavii
795 5752 1083 5820 titaris'in'em
1113 5752 1392 5823 legendum
1420 5770 1538 5808 esse
1557 5752 1838 5823 cenjiritut'

262 5823 430 5895 spicas
447 5842 539 5897 pro
554 5840 659 5877 eas.
690 5823 811 5897 Mox,
825 5826 1039 5897 cervical
1064 5826 1339 5897 legendum
1358 5835 1484 5896 puto
1501 5841 1597 5897 pro
1622 5827 1837 5878 cervicu-

264 5900 388 5966 lem,
417 5907 468 5954 et
492 5896 621 5968 freta
644 5896 943 5967 procelloso,
972 5911 1068 5968 pro
1093 5902 1223 5969 freta
1247 5908 1334 5952 aut
1360 5896 1600 5967 procella.
1625 5897 1832 5955 Rooru.

2019 3970 2191 4026 Ctecos
2213 3972 2493 4037 eloquentia
2516 3970 2733 4024 instituit
2778 3967 3133 4040 Eloquentiam
3154 3968 3275 4037 Ms.,
3300 3979 3354 4026 et
3370 3972 3542 4027 clodos

1947 4044 2164 4099 antique
2194 4060 2286 4109 pro
2310 4042 2541 4098 claudos.
2572 4044 2804 4106 Dixerat,
2834 4042 3045 4095 claudos
3064 4042 3327 4109 reformat.
3358 4048 3539 4099 statim

1952 4127 2077 4169 ante
2102 4114 2263 4174 istud,
2284 4130 2441 4168 cteros
2466 4114 2754 4182 eloquentia
2780 4114 3017 4168 instituit.
3048 4113 3141 4167 llic
3168 4129 3292 4167 vero
3318 4126 3540 4182 propter

1951 4187 2310 4255 septenariuin
2340 4201 2641 4246 numerum,
2672 4186 2738 4240 de
2763 4200 2868 4256 quo
2910 4194 2983 4238 tot
3013 4183 3319 4256 Victorinus
3358 4186 3536 4254 habet,

1951 4253 2035 4312 vis
2069 4258 2253 4310 dubito
2291 4257 2413 4323 quin
2455 4256 2755 4327 Itujttsmudi
2781 4253 3038 4325 'qttanlatn
3082 4253 3169 4327 ille
3208 4253 3535 4327 addidisset,

1949 4330 2129 4382 surdos
2152 4330 2273 4397 facit
2290 4328 2489 4393 audire,
2511 4325 2559 4383 et
2582 4341 2806 4383 mortuos
2827 4328 3063 4382 restituit.
3085 4325 3236 4381 Conf.
3266 4326 3414 4389 Luc.,
3438 4344 3534 4391 γη.

1947 4399 2018 4454 22
2068 4399 2268 4454 Interea
2318 4400 2490 4454 Μριειυ
2532 4400 2805 4456 sardensis
2849 4400 2898 4454 iit
2947 4398 3245 4469 fragmento
3291 4398 3427 4451 Libri
3474 4399 3537 4453 de

1951 4469 2309 4558 lttca’rnalione
2334 4470 2519 4558 Cltt'tslt'
2551 4472 2617 4558 i'ta
2650 4471 2827 4558 scribit
2904 4467 3047 4558 Osos
3072 4473 3182 4558 702p-
3218 4467 3283 4557 ὢγ
3314 4470 3442 4558 duo?
3476 4491 3531 4526 τε

1944 4548 2023 4598 καὶ
2051 4541 2307 4619 ἅνθρωπος
2337 4543 2519 4602 τέλειος
2552 4541 2578 4597 ὁ
2610 4544 2784 4619 αὐτρς,
2808 4544 2901 4601 τὰς
2917 4539 3008 4619 δύο
3028 4539 3185 4619 «tiret?
3216 4539 3394 4601 οὖα-ἑὰς
3420 4543 3529 4619 irri-

1949 4610 2190 4671 στώσαῖτο
2221 4617 2334 4686 ἡμῖν
2354 4628 2366 4640 ⁸
2401 4618 2486 4671 τήν
2511 4616 2600 4683 μὲν
2625 4613 2849 4698 egeram
2888 4614 3045 4666 αὐτοῦ
3074 4610 3157 4698 dats?
3181 4618 3279 4698 γῆν
3311 4614 3534 4698 σημείων

1944 4688 2077 4761 iuri;
2104 4680 2296 4761 τριετίᾳ
2323 4694 2384 4757 τῇ
2409 4680 2538 4761 μεῖᾶ
2566 4686 2624 4739 τὸ
2651 4684 2945 4761 βάπτισμα,
2975 4687 3063 4761 τήν
3090 4680 3143 4761 δξ
3171 4680 3535 4761 ἁνᾷράξπότητα

1943 4752 2882 4831 «decidisset;'rptézovra'xpévotc
2907 4760 3013 4813 τοῖς
3042 4756 3144 4830 πρό
3172 4752 3268 4807 τοῦ
3300 4752 3531 4825 βαπτίσ-

1942 4851 2125 4901 μαῖρς.
2208 4827 2417 4901 ROU'I'H.

2020 4898 2258 4953 Nuntiari
2288 4898 2529 4967 ejusdem.
2580 4894 2903 4949 Duodenario
2945 4912 3152 4967 numero
3192 4894 3379 4949 dicere.
3412 4896 3519 4952 ιο·
3598 4932 3604 4939 -

1945 4986 2065 5024 eum
2098 4965 2559 5022 tuendoéissinntm
2609 4968 2675 5019 ita
2710 4967 2999 5022 emendes:
3028 4965 3283 5021 Nuntiare
3315 4971 3525 5026 eisdem.

1942 5039 2270 5095 Duodenario
2298 5055 2503 5094 numero
2546 5038 2670 5092 dies.
2706 5038 2983 5093 Lectorem
3034 5039 3176 5093 enim
3221 5039 3285 5092 ad
3322 5042 3522 5096 initium

1884 5120 1887 5125 ‘
1942 5112 2363 5167 Commentariun
2394 5114 2474 5165 sui
2504 5110 2569 5163 ad
2610 5127 2660 5179 p.
2690 5110 2815 5177 505.
2851 5110 2889 5165 l.
2923 5111 2978 5177 5,
3010 5111 3170 5165 mittit
3201 5121 3407 5165 auctor.

3239 5181 3450 5238 Ruunt.

2012 5253 2389 5321 Computantur.
2428 5262 2528 5307 etc.
2565 5252 2660 5307 Ms.
2703 5262 3058 5316 computantur
3083 5255 3354 5307 constituta
3381 5263 3520 5311 suttt.

1941 5324 2122 5395 Itaque
2150 5327 2256 5379 sine
2278 5326 2427 5379 dubio
2448 5335 2612 5379 autem
2638 5325 2754 5379 diei.
2782 5324 3093 5381 Wilkerutn
3119 5324 3274 5379 verba
3304 5325 3441 5379 inter
3463 5341 3522 5382 se

1940 5398 2096 5451 aliter
2124 5396 2557 5462 distinguentem,
2591 5407 2640 5448 ιιι
2668 5397 2929 5450 constituti
2957 5396 3297 5458 scribentem,
3332 5397 3508 5450 dt-leto

1940 5479 2130 5535 autem,
2152 5469 2317 5534 magis
2338 5468 2665 5537 sequendum
2688 5483 2807 5523 esse
2836 5470 2990 5530 duco,
3020 5481 3175 5535 quam
3202 5467 3342 5519 viros
3369 5466 3515 5523 doct.

1939 5541 2005 5595 ad
2036 5538 2184 5611 Cavii
2219 5554 2384 5607 marg.
2416 5542 2503 5609 qui
2532 5540 2722 5611 partio.
2755 5550 2799 5594 et
2844 5539 3046 5592 addunt
3074 5548 3197 5591 ante
3244 5538 3518 5594 constituta

1938 5621 2069 5667 sunt.
2155 5610 2365 5665 Bourn.

2010 5682 2148 5750 Quos
2175 5680 2292 5753 [in].
2329 5681 2614 5737 Deleullutn
2642 5681 2712 5733 ait
2753 5681 2804 5734 in
2835 5679 3136 5735 Walkerus.
3175 5678 3343 5753 Minus
3371 5692 3515 5739 recte

1937 5752 2236 5825 uporulgpsi
2254 5752 2312 5808 in
2343 5753 2644 5825 apograplto
2671 5753 2901 5805 (Joviano
2926 5762 3118 5825 captat.
3200 5752 3411 5807 Ιὶουτιι.

2014 5821 2262 5890 δυεῖίιιιε,
2288 5834 2389 5877 etc.
2416 5824 2763 5889 Victorinum,
2791 5839 2945 5893 quem
2972 5821 3071 5877 Itot:
3098 5822 3215 5878 loco
3240 5834 3515 5892 propterea

1936 5897 2170 5969 appellat
2214 5906 2439 5951 nostrum
2483 5894 2857 5967 Hieronymus,
2887 5894 3029 5965 quod
3075 5910 3107 5951 e
3155 5896 3507 5967 scriptoribus
