4060 6328
212 422 330 480 517

953 416 1009 474 S.
1054 411 1396 471 VICTORINI
1432 407 1721 471 SCIIOLIA
1751 407 1820 468 IN
1848 403 2315 468 APOCALYPSIN
2351 404 2415 462 B.
2455 402 2750 462 JOANNIS.

3285 414 3295 427 ’
3393 402 3497 461 518

227 558 3473 605 _______________..._____———————————————

930 699 1641 853 SANCTI
1747 695 2711 852 VICTORIN
2721 699 2789 841 Ι

1157 954 1462 1014 EPISCOPI
1500 948 2039 1011 PETAVIONENSIS
2074 948 2166 1009 ΕΤ
2204 946 2556 1007 IAR'I‘YRIS

528 1152 1033 1243 SCHOLIA
1085 1092 1212 1234 ΙΝ
1283 1141 2076 1235 APOCALYPSIN
2131 1141 2470 1225 BEATI
2523 1138 3014 1227 JOANNIS
3067 1132 3173 1216 (ι),

1649 1350 2088 1375 ﬁ

761 1696 836 1740 εἰ
873 1695 1067 1743 ΩΑΡΙΤΕ
1096 1693 1282 1745 βψω.

302 1887 357 1942 1.
388 1882 726 1958 Apocalypsis
747 1881 875 1939 Iesu
894 1879 1107 1947 Christi,
1134 1895 1287 1951 quam
1314 1878 1455 1935 dedit
1476 1877 1560 1935 illi
1596 1877 1737 1935 Deus
1765 1885 1814 1933 et

218 1979 451 2036 ostendit
477 1977 633 2033 seruis
672 1975 778 2032 suis
814 1990 929 2046 qua!
952 1982 1147 2045 oportet
1176 1973 1286 2042 ﬁeri
1312 1972 1433 2039 cito,
1465 1983 1512 2028 et
1537 1972 1806 2043 signiﬁca-

218 2073 322 2127 nit.
356 2069 500 2125 Beati
523 2069 609 2141 qui
635 2068 802 2137 legunt
819 2077 865 2120 et
892 2066 981 2136 qui
1006 2065 1222 2127 audiunt
1245 2079 1503 2123 sermones
1525 2065 1678 2129 huius
1695 2079 1815 2133 pro-

222 2163 442 2237 phetici,
471 2169 521 2218 et
544 2171 744 2217 seruant
793 2174 906 2229 quis
949 2158 1140 2229 scripta
1167 2166 1307 2217 sunt.
1335 2156 1660 2226 Pritmipium
1692 2156 1814 2221 libri

153 2311 158 2315 .
221 2257 621 2317 beatitudinem
674 2253 893 2325 legenti,
945 2264 1105 2324 atque
1158 2251 1419 2318 audienti,
1476 2261 1527 2306 et
1582 2250 1816 2309 servanti

223 2352 521 2426 promittit,
541 2360 600 2405 ut
626 2350 842 2406 lectioni
868 2347 1093 2409 studens
1136 2346 1332 2409 exinde
1353 2360 1518 2417 opera
1543 2345 1735 2415 discat,
1762 2354 1819 2405 et

225 2460 504 2523 pracepta
530 2446 818 2503 custodiat.

306 2543 364 2600 4.
386 2541 564 2597 Gratia
590 2540 727 2596 vobis
747 2549 794 2595 et
821 2555 925 2605 pax
942 2538 1005 2594 ab
1032 2554 1091 2595 eo
1130 2538 1219 2608 qui
1254 2546 1351 2603 est,
1396 2545 1447 2591 et
1489 2536 1578 2607 qui
1604 2545 1733 2605 erat,
1770 2546 1819 2595 et

223 2637 324 2709 qui
352 2644 591 2690 venturus
620 2642 715 2687 est.
745 2630 861 2696 Est,
888 2632 1011 2703 quia
1047 2641 1344 2702 permanet.
1372 2630 1522 2697 Erat,
1545 2631 1665 2701 quia
1694 2645 1817 2689 cum

228 2729 396 2786 Patre
413 2726 589 2783 omnia
609 2726 754 2790 fecit,
780 2735 837 2781 et
862 2740 1003 2781 nunc
1021 2740 1085 2780 ex
1117 2725 1322 2794 virgine
1342 2724 1550 2781 initium
1567 2725 1814 2796 sumpsit.

239 2822 499 2878 Ventum
518 2830 611 2881 est.
640 2821 821 2891 utique
842 2820 910 2874 ad
930 2819 1298 2888 iudicandum.

310 2916 378 2971 Et
394 2933 425 2970 a
439 2925 630 2985 septem
643 2914 903 2984 spiritibus
914 2914 1001 2982 qui
1014 2914 1067 2966 in
1086 2920 1355 2981 conspectu
1368 2912 1538 2965 throni
1552 2911 1664 2977 eius
1679 2922 1816 2967 sunt.

230 3008 616 3079 Septitormem
643 3004 967 3077 Spiritumin
989 3004 1145 3060 Esaia
1170 3004 1394 3071 legimus
1428 3001 1600 3074 (Esa.,
1627 3019 1704 3069 xt,
1737 3001 1815 3073 2),

1524 1511 1770 1573 INCIPIT
1806 1498 2191 1571 EXPOSI'I‘ID.

1839 1675 1895 1737 Α
1917 1694 2156 1753 homims.
2199 1693 2443 1755 Similem
2466 1694 2602 1751 dicit
2630 1703 2751 1766 post
2788 1703 3019 1755 mortem
3058 1693 3350 1762 devictam,
3378 1708 3501 1755 cum

1916 1789 2253 1849 ascendisset
2280 1791 2337 1847 in
2367 1789 2556 1855 cmlos.
2598 1789 2885 1857 adimatam
2916 1791 2971 1847 in
2994 1805 3097 1857 suo
3118 1804 3351 1860 corpore
3377 1806 3502 1849 cum

1916 1884 2108 1956 spiritu
2131 1884 2317 1955 gloriae
2342 1898 2476 1949 sua,
2500 1899 2661 1955 quam
2689 1884 2894 1954 recepit
2915 1898 2944 1938 a
2977 1884 3134 1939 Patre
3152 1892 3493 1954 potestatem.

1988 1978 2078 2035 13.
2113 1979 2275 2043 Quasi
2303 1979 2469 2048 ﬁlium
2506 1979 2726 2039 [seminis
2750 1977 3091 2035 ambulantem
3121 1979 3254 2034 inter
3286 1979 3507 2035 medium

1918 2069 2337 2127 candelabroth
2365 2087 2654 2126 aureorum.
2696 2069 2843 2127 Inter
2890 2070 3124 2127 medium
3157 2070 3287 2125 dicit
3332 2071 3508 2126 eccle-s
3564 2071 3575 2077 ’
3678 2065 3685 2073 ’

1917 2166 2141 2231 siarum,
2164 2166 2304 2221 sicut
2328 2166 2380 2220 in
2408 2166 2699 2221 Salomone
2715 2165 2940 2221 dicitur:
2958 2163 3100 2220 Inter
3119 2164 3323 2229 semitas
3340 2165 3508 2234 justo-

1916 2274 2034 2313 rum
2056 2257 2324 2317 ambulatio
2352 2255 2534 2331 (Prop.
2580 2272 2691 2322 vni,
2734 2257 2851 2327 20).
2874 2256 3032 2330 cuius
3076 2254 3366 2327 antiquitas
3423 2263 3510 2314 est

1917 2352 2313 2418 immortalitas,
2341 2364 2396 2408 et
2421 2352 2716 2422 maiestatis
2743 2353 2918 2422 origo.

2003 2445 2246 2504 Vestitum
2287 2444 2462 2503 talari.
2485 2446 2544 2502 In
2569 2455 2718 2503 veste
2744 2447 2921 2514 talari,
2964 2445 3018 2502 id
3046 2455 3131 2504 est
3165 2445 3507 2516 sacerdotali,

1919 2554 2137 2596 carnem
2168 2556 2288 2610 quae
2331 2547 2583 2608 corrupta
2608 2548 2692 2595 est
2714 2538 2795 2611 (2)
2844 2539 2911 2595 ad
2954 2548 3207 2605 mortem,
3249 2547 3306 2593 et
3348 2537 3512 2596 habet

1920 2650 2018 2707 per
2048 2635 2352 2704 passionem
2382 2633 2768 2699 sacerdotium,
2796 2632 3139 2703 apertissime
3159 2631 3433 2695 traditum.

1994 2727 2062 2783 Et
2090 2729 2389 2798 preciuctus
2415 2736 2521 2783 erat
2540 2728 2608 2782 ad
2636 2726 2890 2785 mamillas
2912 2741 3040 2781 zona
3064 2740 3239 2783 aurea.
3263 2722 3511 2783 Mamilia

1922 2823 2040 2893 ejus
2063 2822 2174 2879 duo
2195 2832 2323 2878 sunt
2345 2822 2712 2887 Testamenta,
2726 2829 2782 2877 et
2800 2835 2935 2876 nona
2957 2834 3121 2881 aurea
3138 2817 3337 2873 chorus
3352 2831 3508 2872 sanc-

1923 2923 2098 2971 torum
2127 2923 2231 2981 est,
2279 2926 2335 2971 ut
2384 2930 2573 2971 aurum
2616 2930 2712 2985 per
2761 2915 2936 2984 ignem
2979 2912 3282 2978 probatum.
3318 2910 3508 2977 Aliter,

1924 3020 2058 3065 zona
2082 3021 2244 3063 aurea
2272 3007 2509 3063 accincta
2550 3008 2751 3075 pectori
2795 3004 3079 3063 conﬂatam
3099 3003 3507 3068 conscientiam,

228 3074 473 3171 spiritum
512 3074 760 3153 videlicet
801 3096 1063 3166 sapientior
1105 3104 1150 3148 et
1186 3094 1464 3149 intellectus
1482 3135 1499 3161 ,
1549 3094 1745 3150 consilii
1775 3103 1822 3149 et
1850 3074 1898 3143 Β
1925 3110 2186 3172 “parum
2214 3099 2651 3170 spifiwalgmque
2679 3098 2879 3155 indic“
2902 3110 3144 3164 “nsum,
3167 3097 3257 3167 qui
3285 3094 3510 3157 manu;

231 3190 577 3264 fortitudinis,
593 3188 814 3243 scientiis
824 3198 871 3243 et
885 3187 1104 3258 pietatis,
1123 3186 1357 3255 spiritum
1373 3186 1567 3241 timoris
1591 3185 1816 3241 Domini.

308 3284 362 3339 5.
397 3281 464 3339 Et
492 3282 553 3336 ab
584 3282 709 3337 Jesu
733 3279 934 3337 Christo
961 3281 1047 3349 qui
1094 3289 1165 3332 est
1195 3281 1328 3332 testis
1354 3278 1541 3348 ﬁdelis,
1571 3281 1821 3350 primoge-

230 3379 374 3433 nitus
403 3384 735 3431 mortuorum.
760 3373 816 3428 In
835 3372 1052 3429 homine
1081 3382 1333 3440 suscepto
1359 3370 1626 3440 perhibuit
1668 3371 1817 3426 testi»

232 3474 478 3530 monium
532 3472 584 3527 in
635 3470 855 3535 mundo,
912 3471 966 3524 in
993 3483 1099 3540 quo
1148 3467 1307 3527 etiam
1337 3482 1547 3538 passus,
1579 3482 1677 3522 suo
1723 3482 1821 3531 nos

231 3566 499 3638 sanguine
548 3564 707 3621 solvit
735 3578 765 3617 a
794 3574 1038 3634 peccato,
1065 3577 1129 3617 ac
1158 3562 1427 3617 debellato
1447 3562 1673 3625 interno,
1710 3560 1819 3629 pri,-

232 3678 329 3718 mo
358 3659 658 3719 resurrexit
678 3673 707 3713 a
729 3658 975 3723 mortuis,
1002 3667 1057 3712 et
1096 3672 1231 3713 mors
1259 3655 1396 3710 ultra
1441 3656 1485 3708 ei
1530 3672 1632 3710 non
1656 3655 1820 3710 donti-

231 3754 439 3813 nabitur
482 3751 657 3825 (Rom.
709 3766 783 3815 vn,
813 3749 912 3821 9):
943 3749 1060 3818 ipso
1102 3759 1282 3805 autem
1327 3758 1584 3819 regnante
1635 3748 1820 3809 mundi

230 3862 460 3917 regnum
484 3845 814 3903 destructum
835 3851 936 3898 est.

310 3940 365 3997 6.
395 3940 460 3995 Et
484 3939 601 4009 fecit
628 3953 720 3994 nos
739 3953 949 4007 regnum
966 3945 1014 3990 et
1033 3935 1317 3993 sacerdotes
1339 3935 1445 3991 Deo
1462 3945 1509 3989 et
1538 3935 1683 3992 Patri
1704 3953 1813 3993 suo.

234 4035 296 4093 Id
327 4044 411 4091 est
441 4032 683 4087 omnium
711 4030 945 4086 ﬁdelium
970 4028 1289 4092 Ecclesium.
1315 4029 1453 4085 sicut
1480 4029 1667 4086 Petrus
1688 4045 1822 4100 quo-

230 4146 341 4203 que
379 4126 654 4199 apostolus
686 4124 815 4181 dicit
838 4142 850 4179 :
877 4122 1010 4179 Gens
1037 4132 1214 4178 sancta
1241 4163 1258 4191 ,
1286 4123 1456 4194 regale
1484 4124 1821 4191 sacerdotium

232 4222 281 4294 (l
303 4221 470 4288 Pctr.,
502 4233 559 4286 II,
581 4217 661 4288 9).

307 4315 362 4370 7.
390 4312 523 4368 Ecce
552 4312 708 4367 veniet
735 4327 848 4366 cum
890 4310 1123 4379 nubibus,
1174 4320 1220 4365 et
1263 4310 1446 4367 videbit
1496 4328 1612 4367 eum
1657 4314 1820 4369 omnis

1922 3203 2004 3253 est
2026 3194 2289 3253 ect'lesiis.

2000 3288 2082 3344 η.
2110 3286 2277 3358 Caput
2302 3295 2472 3343 autem
2496 3288 2604 3358 ejus
2633 3294 2680 3339 et
2721 3284 2899 3355 capilli
2937 3290 3080 3341 erant
3122 3280 3226 3341 allii
3253 3289 3509 3349 tamquam

1924 3382 2045 3437 lana
2064 3382 2180 3437 alba
2204 3391 2250 3435 et
2277 3390 2516 3451 tanquam
2544 3382 2649 3437 nia.
2676 3379 2733 3437 In
2756 3380 2932 3448 capite
2956 3376 3159 3435 cavillor
3186 3375 3508 3441 ostenditur.

1925 3472 2087 3540 caput
2116 3484 2284 3531 autem
2341 3472 2547 3537 Christi,
2598 3470 2737 3531 Deus
2767 3480 2841 3527 est
2865 3470 2923 3541 (ι
2954 3469 3096 3535 l.‘.or.,
3126 3483 3199 3535 xl,
3227 3468 3306 3537 5).
3337 3465 3393 3521 In
3421 3479 3511 3521 ea,

1923 3566 2068 3637 pillis
2112 3566 2249 3623 albis
2277 3566 2527 3623 abbatum
2554 3573 2635 3621 est
2660 3564 2943 3622 multitudo
2980 3560 3059 3636 (5)
3082 3604 3098 3627 ,
3148 3561 3282 3621 lanae
3307 3560 3510 3621 similes

1924 3670 2146 3729 propter
2164 3674 2292 3719 oves
2335 3658 2626 3728 simplices,
2655 3657 2784 3722 nivi,
2815 3665 3036 3727 propter
3066 3652 3511 3715 innumerabilem

1923 3750 2132 3811 turbam
2156 3750 2559 3815 candidatorum
2586 3750 2653 3804 de
2681 3748 2820 3809 omlo
2843 3747 3143 3805 doctorum.

1999 3842 2151 3903 Oculi
2196 3844 2304 3914 ejus
2353 3843 2483 3899 sicut
2529 3843 2739 3913 ﬂamma
2788 3841 2939 3911 ignis.
2971 3838 3241 3907 Prwcepta
3267 3837 3357 3893 Dci
3388 3845 3514 3901 sunt

1922 3953 2041 4008 qua
2064 3935 2409 3995 credentibus
2447 3936 2754 3994 ministrant
2780 3934 2985 4001 lumen,
3010 3931 3300 3993 incredulis
3329 3940 3509 3995 autem

1922 4031 2247 4089 incendium.

1996 4126 2083 4182 16.
2118 4125 2183 4182 1η
2206 4126 2337 4198 [acie
2373 4135 2542 4181 autem
2562 4126 2672 4195 eius
2692 4124 2901 4181 claritas
2917 4132 2971 4177 ut
2999 4122 3096 4178 sol.
3123 4120 3344 4177 Claritas
3372 4118 3516 4187 quod

1922 4219 2077 4289 dixit,
2128 4220 2391 4291 apparitio
2424 4219 2571 4275 illius
2619 4218 2752 4285 luit,
2797 4233 2903 4289 qua
2933 4217 3144 4272 locutus
3172 4223 3257 4270 est
3284 4212 3515 4273 homini-

1925 4313 2023 4367 bus
2049 4312 2185 4368 facie
2213 4313 2278 4367 ad
2334 4311 2547 4367 faciem.
2582 4311 2723 4366 Solis
2778 4318 2956 4365 autem
2986 4308 3157 4378 gloria
3205 4306 3381 4362 minor
3407 4313 3514 4371 est,

234 4413 419 4468 oculus
464 4409 567 4476 Qui
586 4408 728 4464 enim
756 4407 927 4477 primo
946 4408 998 4461 in
1028 4418 1280 4477 suscepto
1301 4409 1518 4465 homine
1542 4411 1690 4464 venit
1718 4424 1816 4463 oc-
1855 4434 1891 4480 h-
1924 4424 2084 4480 quam
2109 4407 2278 4477 gloria
2316 4406 2564 4473 Domini;
2612 4404 2819 4461 scilicet
2873 4411 3095 4473 propter
3124 4407 3299 4456 ortum
3332 4405 3387 4452 et
3417 4411 3514 4452 oc.

234 4506 434 4570 cultus,
465 4513 584 4573 post
616 4499 884 4571 paululum
932 4499 986 4554 in
1012 4503 1288 4570 majestate
1312 4512 1364 4557 et
1390 4504 1560 4573 gloria
1581 4501 1650 4558 ad
1675 4502 1821 4573 judi-
1848 4468 1893 4543 Ω
1927 4468 2132 4568 casum,
2163 4512 2219 4558 et
2239 4517 2450 4558 rursum
2479 4512 2676 4565 ortum,
2706 4496 2849 4568 quod
2875 4468 3037 4552 natus
3070 4494 3140 4549 sit
3165 4502 3222 4548 et
3248 4503 3438 4562 passus
3461 4497 3518 4549 et

232 4595 470 4652 candum
495 4595 673 4651 veniet
700 4594 1031 4649 manifestus.
1064 4594 1202 4662 Quid
1243 4605 1419 4650 autem
1449 4595 1612 4650 dicit?

310 4688 399 4745 12.
431 4687 495 4742 Et
520 4702 787 4742 conversus
811 4686 917 4740 uidi
936 4698 1125 4757 septem
1152 4688 1460 4742 candelabra
1488 4705 1666 4756 aurea,
1695 4701 1744 4746 et
1769 4692 1825 4747 in

233 4781 401 4838 medio
450 4790 640 4848 septem
691 4779 1111 4835 candelabrorum
1155 4795 1423 4834 aureorum
1470 4781 1686 4838 similem
1717 4784 1824 4853 ﬁlio

1924 4598 2238 4654 resurrexit.
2272 4596 2399 4651 Ideo
2424 4593 2574 4649 dedit
2617 4590 3025 4649 similitudinem
3051 4587 3339 4656 scriptura,
3370 4582 3504 4639 assi-

1927 4694 2122 4749 milans
2146 4690 2339 4747 faciem
2361 4690 2477 4760 ejus
2501 4687 2687 4758 gloria:
2712 4684 2865 4742 solis.

1999 4788 2087 4843 15.
2123 4784 2289 4840 Pedes
2339 4784 2448 4850 eius
2499 4778 2689 4836 similes
2726 4776 3018 4837 aurichalco
3058 4783 3301 4846 tanquam
3323 4773 3379 4828 in
3408 4775 3516 4846 [ον’

1580 4897 2138 4960 COMMENTARIUS.

311 5017 391 5093 (l)
418 5016 859 5093 Ηωᾳδριιριίδμξ.
877 5009 1164 5093 Victorini,
1186 5012 1459 5093 Bononize,
1484 5030 1626 5093 anno
1642 5016 1803 5089 1558,

237 5084 441 5163 ρτίὶιίυδ
471 5090 639 5163 edidit
674 5088 901 5163 Basilius
938 5085 1202 5163 Millanius
1246 5084 1538 5163 monachus
1577 5084 1800 5163 Casinas

236 5156 301 5220 ex
330 5179 433 5218 ms.
461 5161 645 5217 codice
674 5160 1012 5215 bibliotheca:
1041 5156 1377 5223 Casinensis,
1418 5158 1507 5228 qui
1536 5166 1591 5212 et
1633 5157 1804 5213 adno-

239 5238 468 5291 tationes
513 5233 728 5301 adjecit.
776 5230 924 5287 Hanc
967 5232 1204 5285 omnium
1250 5228 1473 5299 primum
1510 5228 1810 5301 editionem

239 5309 381 5378 typis
409 5299 784 5378 excudendatn
803 5302 1115 5378 curavimus
1136 5318 1149 5353 :
1182 5303 1317 5356 mire
1347 5299 1611 5370 siquidem
1646 5302 1813 5357 inter-

241 5371 454 5448 polatae.
486 5392 605 5449 quae
634 5376 686 5431 in
715 5372 1052 5430 bibliothecis
1081 5371 1297 5428 Patrum
1326 5380 1634 5427 occurrunt.

1186 5442 1458 5499 GALLAND.

1233 5460 1458 5500 ALLAND.

312 5519 391 5593 (2)
443 5519 660 5593 Carnem
692 5534 806 5593 qut:
841 5526 1084 5593 corrupta
1122 5516 1410 5593 est._llunc
1452 5517 1627 5571 locum
1651 5557 1667 5581 ,
1713 5514 1814 5573 nisi

280 5586 382 5647 uid'
417 5592 678 5661 quispiam
705 5586 906 5644 'aﬂ‘crat
951 5590 1140 5643 melius
1166 5631 1181 5654 ,
1226 5586 1296 5661 ita
1337 5602 1589 5657 cuperem
1628 5602 1814 5661 emen-

281 5664 356 5720 ari
382 5682 395 5718 :
421 5658 636 5718 Carnem
658 5678 768 5731 qua:
795 5671 1032 5729 corrupta
1062 5676 1161 5715 non
1190 5668 1261 5714 est
1283 5660 1335 5713 in
1363 5668 1520 5713 morte
1543 5699 1559 5724 ,
1592 5667 1637 5712 et
1665 5658 1812 5712 habet

245 5750 332 5803 per
360 5735 644 5805 passionem
664 5732 1023 5805 sacerdotium,
1042 5731 1354 5805 apertissime
1383 5732 1610 5789 tradunt.

1913 5019 2019 5075 Sed
2067 5017 2261 5074 alicubi
2303 5016 2374 5071 ita
2416 5013 2571 5086 friget
2590 5056 2615 5087 ,7
2661 5022 2732 5087 ut
2760 5012 2847 5087 vix
2894 5011 3024 5069 illud
3076 5011 3301 5070 homine
3343 5013 3511 5069 docto

1914 5091 2133 5169 dignum
2186 5101 2456 5169 censeas,
2482 5097 2555 5169 _et
2605 5086 2660 5141 in
2704 5086 2925 5167 dubium
2973 5094 3265 5168 auctorem
3308 5101 3512 5169 voces,

1915 5157 2057 5231 quod
2102 5161 2371 5215 interdum
2410 5158 2654 5231 videatur
2686 5158 3014 5231 recentioris
3055 5157 3355 5227 cujuspiam
3415 5159 3513 5231 lio-

1915 5228 2077 5295 miois
2104 5246 2210 5293 non
2250 5230 2539 5289 admodum
2569 5228 2765 5286 eruditi
2795 5231 3310 5286 commentationem
3344 5228 3510 5282 redo-

1917 5303 2078 5359 lere:
2120 5312 2177 5359 ut
2224 5302 2343 5372 beic
2391 5304 2443 5357 in
2490 5301 2730 5365 abbatum
2779 5300 3162 5372 appellatione.
3218 5298 3350 5354 Nam
3379 5314 3511 5372 quo

1921 5383 2164 5442 tempore
2196 5371 2504 5430 Victorinus
2531 5372 2745 5438 ﬂoruit,
2791 5369 3056 5428 Atitonius
3088 5373 3292 5442 primus
3341 5369 3512 5437 abbas

1920 5441 2077 5517 paulo
2093 5448 2329 5505 anterior
2358 5444 2551 5510 fuerat,
2582 5447 2679 5503 nisi
2708 5444 2828 5515 quis
2847 5442 3049 5517 dixerit
3070 5441 3504 5501 monachismutn

1920 5515 2091 5588 usque
2118 5533 2185 5575 eo
2219 5518 2474 5575 ardenter
2517 5517 2764 5575 homines
2802 5515 3113 5588 complexos
3148 5528 3218 5588 eo
3262 5521 3474 5588 temper

1921 5583 2122 5661 fuisse,
2172 5600 2229 5645 ut
2270 5591 2511 5661 plerique
2555 5589 2779 5661 abbates
2819 5583 3155 5661 exstiterin_t._
3183 5583 3323 5661 Quid
3363 5600 3469 5661 quo

1920 5655 2220 5715 abbatorum
2268 5655 2436 5715 etiam
2482 5660 2737 5727 scriptum
2788 5655 3012 5726 reperi?
3054 5656 3157 5710 nisi
3198 5657 3324 5725 quis
3370 5658 3508 5715 forte

1840 5729 2122 5803 Djudicet
2162 5731 2451 5803 albatorum
2493 5729 2775 5803 legendum
2814 5742 2936 5783 csse
2978 5746 2991 5781 :
3034 5742 3194 5803 quam
3236 5727 3503 5794 διιενὶοἰο-

316 5796 396 5877 ('5)
416 5805 665 5861 Abbatum
690 5811 760 5877 est
786 5796 1425 5877 multitudoftlpuscnlun}
1449 5816 1577 5857 sane
1598 5802 1813 5858 doctum
1914 5796 2041 5877 item
2076 5804 2207 5863 mihi
2241 5806 2371 5877 satis
2401 5796 2880 5877 fueritindicasse,
2905 5814 3031 5877 cum
3065 5796 3267 5877 nullam
3296 5810 3502 5877 certam

248 5872 447 5932 ctutile
470 5918 485 5941 ,
530 5877 576 5931 si
616 5875 926 5929 universum
961 5874 1205 5931 attendas
1231 5914 1247 5937 ,
1292 5883 1347 5928 et
1386 5872 1452 5943 de
1486 5888 1592 5943 quo
1632 5887 1817 5930 amare

248 5957 520 6008 auctorem
546 5988 562 6019 ,
593 5948 721 6005 etei
748 5944 949 6005 debere
974 5951 1027 6004 te
1055 5945 1344 6016 plurimum
1372 5942 1561 6003 lubens
1589 5943 1812 6005 fateare.

1919 5873 1975 5931 in
2004 5885 2150 5933 tanta
2163 5875 2253 5957 _rei
2280 5884 2334 5933 et
2360 5872 2598 5941 corrupti
2625 5869 2951 5945 exemplaris
2981 5870 3316 5943 ignoratione
3339 5870 3504 5929 ratio-

1919 5959 2044 6003 nem
2067 5960 2346 6017 assugnare
2364 5957 2577 6017 queam.
