4060 6326
551 357 655 415 519

1683 379 1694 396 ο
1755 351 1813 407 S.
1859 344 2203 406 VICTORINI
2238 343 2529 405 SCHOLIA

3739 345 3848 405 590

549 489 677 529 nace
694 473 937 547 conﬂato.
968 470 1140 529 Pedes
1164 456 1448 540 apostolos
1468 468 1621 532 dicit,
1643 468 1755 540 qui,
1789 481 1882 536 per
1934 465 2138 538 passio-
2163 463 2218 526 Α
2241 473 2353 520 tera
2383 465 2502 534 eius
2520 463 2710 521 stellas
2753 473 2960 536 septem
2989 464 3121 522 dixit
3147 480 3162 518 :
3186 462 3311 536 quia
3336 461 3571 535 Spiritus
3613 472 3848 519 sanctus

550 582 676 626 nem
704 565 941 629 conﬂati,
973 564 1027 621 in
1051 564 1307 620 universo
1327 563 1458 619 orbe
1486 563 1711 620 verbum
1738 562 1855 633 ejus
1886 560 2145 632 praedica-

550 668 770 725 verunt;
806 672 901 728 per
924 672 1060 727 quos
1087 658 1230 712 enim
1261 654 1558 712 ambulavit
1587 653 1916 725 praedicatio,
1950 654 2145 709 merito

548 750 715 827 pedes
745 747 1062 803 nominavit.
1104 746 1256 803 Unde
1303 759 1357 802 et
1405 746 1666 818 propheta
1707 746 2019 816 anticipavit
2061 745 2146 801 di-

545 837 719 894 cendo
765 857 779 891 :
826 839 1166 894 Adorabimus
1206 840 1262 893 in
1300 838 1411 894 loco
1440 838 1525 893 ubi
1564 847 1804 893 steterunt
1829 840 1981 910 pedes
2006 840 2137 912 ejus.

546 928 774 1006 (Psalm.
793 946 977 997 cxxxt,
999 930 1076 1003 7).
1094 930 1355 1000 Quoniam
1380 931 1469 986 ubi
1494 931 1566 987 illi
1601 931 1829 1000 primum
1852 939 2139 997 steterunt,

547 1035 603 1081 et
625 1025 927 1081 Ecclesium
957 1025 1440 1088 conlirmaverunt,
1473 1024 1526 1079 id
1573 1034 1655 1080 est
1709 1026 1761 1080 in
1814 1023 2021 1091 Juda-a,
2068 1025 2139 1081 ibi

544 1130 736 1174 omnes
789 1118 963 1175 sancti
1015 1117 1503 1184 conventurisunt,
1550 1126 1605 1172 et
1652 1116 1936 1174 Dominum
1983 1131 2138 1175 suum

549 1210 845 1270 adoraturi.
977 1284 985 1292 _

617 1306 708 1363 16.
736 1305 801 1361 Et
831 1322 895 1362 ea:
915 1322 1003 1362 ore
1027 1307 1168 1363 illius
1191 1306 1397 1380 gladius
1436 1321 1499 1361 ea:
1524 1314 1741 1378 utraque
1780 1314 1928 1377 parte
1954 1315 2139 1361 acutus

548 1398 845 1471 procedens.
874 1398 976 1455 Per
1030 1399 1263 1472 gladium
1315 1398 1399 1455 bis
1436 1408 1649 1455 acutum
1708 1398 1777 1455 de
1825 1414 1921 1455 ore
1972 1398 2140 1471 ipsius

543 1493 862 1548 emicantem
896 1491 1218 1556 ostenditur,
1243 1494 1417 1562 ipsum
1441 1505 1583 1556 esse,
1613 1491 1704 1562 qui
1723 1498 1781 1546 et
1801 1505 1944 1546 nunc
1973 1505 2139 1547 evan-

544 1585 675 1657 gelii
707 1586 952 1653 verbum,
996 1594 1052 1641 et
1081 1586 1349 1659 priuslper
1373 1583 1554 1640 Mosen
1596 1584 1728 1656 legis
1754 1587 1994 1641 notitiam
2023 1585 2142 1640 uni—

543 1694 707 1736 verso
732 1680 850 1737 orbi
869 1679 1106 1750 protulit.
1124 1679 1230 1736 Sed
1251 1680 1372 1750 quia
1401 1694 1470 1735 ex
1493 1678 1682 1736 eodem
1713 1680 1878 1734 verbo
1901 1680 1955 1734 in
1981 1693 2141 1735 omne

2245 560 2572 629 septilormis
2595 561 2805 614 virtutis
2832 558 2993 614 datus
3020 569 3104 615 est
3130 559 3183 614 in
3222 566 3488 630 potestate
3524 556 3649 629 ejus
3676 571 3708 611 a
3736 556 3844 613 Pa-

2245 662 2345 708 tre.
2376 651 2523 708 Sicnt
2544 651 2739 708 Petrus
2764 652 2830 708 ad
2860 651 3060 709 ludeos
3086 652 3403 709 exclamavit
3436 669 3451 707 :
3486 650 3714 707 Dextera
3750 650 3849 705 Dei

2242 747 2496 799 exaltatus
2524 753 2787 816 acceptum
2812 762 2842 798 a
2873 743 3031 799 Patre
3052 731 3302 817 Spiritum
3327 744 3513 817 effudit
3539 744 3679 799 hunc
3691 759 3847 817 quem

2243 840 2423 894 videtis
2451 849 2497 893 et
2520 840 2710 894 auditis
2740 839 2903 913 (Art,
2929 855 2987 909 ιι,
3040 840 3164 909 35).
3219 838 3326 896 Sed
3356 848 3411 895 et
3437 837 3676 895 Joannes
3705 839 3847 910 Bap-

2244 930 2363 986 tista
2386 932 2789 1003 anticipaverat,
2817 931 3096 1001 discipulis
3125 930 3237 986 suis
3265 930 3491 988 dicendo
3517 949 3533 987 :
3557 929 3683 987 Non
3706 932 3844 987 enim

2242 1028 2311 1081 ad
2336 1044 2623 1082 mensuram
2650 1028 2740 1081 dat
2770 1027 3025 1098 Spiritum
3050 1026 3201 1081 Deus.
3241 1025 3413 1092 Pater,
3458 1026 3650 1098 inquit,
3702 1034 3845 1081 amat

2244 1119 2456 1186 Filium,
2491 1130 2538 1175 et
2566 1121 2739 1176 ontnia
2782 1120 2920 1176 dedit
2961 1121 3014 1174 in
3062 1136 3216 1176 manu
3261 1121 3372 1192 ejus
3398 1118 3601 1189 (Joun.,
3635 1134 3716 1187 ιιι,
3747 1120 3837 1188 51,

2241 1213 2354 1285 55).
2398 1213 2518 1268 Ista:
2558 1223 2766 1285 septem
2810 1213 2983 1270 stellae
3022 1225 3145 1268 sunt
3189 1223 3397 1284 septem
3428 1213 3675 1270 ecclesiae
3700 1228 3844 1284 quas

2241 1306 2480 1361 nominat
2510 1305 2563 1361 in
2592 1305 2868 1363 vocabulis
2896 1306 3029 1374 suis,
3058 1315 3111 1361 et
3136 1317 3288 1362 vocat
3313 1320 3407 1361 eas
3431 1308 3498 1360 ad
3532 1320 3669 1377 quas
3709 1305 3844 1363 fecit

2240 1399 2514 1469 epistolas.
2563 1397 2679 1454 Non
2738 1399 2859 1470 quia
2901 1399 3031 1466 ipsa:
3060 1398 3190 1453 sola:
3240 1406 3369 1453 sunt
3423 1397 3704 1465 Ecclesia,
3748 1407 3844 1454 aut

2241 1492 2543 1565 principes;
2604 1491 2698 1548 sed
2725 1490 2868 1559 quod
2915 1492 3006 1547 uni
3035 1490 3183 1557 dicit,
3217 1490 3469 1547 omnibus
3516 1490 3672 1547 dicit.
3694 1490 3842 1548 Nihil

2242 1587 2383 1643 enim
2417 1583 2696 1652 differunt,
2728 1592 2788 1640 ut
2810 1600 2879 1640 ex
2909 1582 2997 1638 illa
3027 1586 3235 1639 ratione
3273 1583 3396 1655 quis
3438 1597 3736 1654 paucorum
3768 1583 3843 1640 si-

2243 1678 2450 1734 milium
2477 1676 2665 1748 majori
2689 1690 2913 1732 numero
2950 1685 3262 1747 anteponat.
3291 1674 3351 1731 In
3393 1685 3507 1731 toto
3553 1674 3689 1731 orbe
3712 1691 3843 1747 sep-

543 1788 716 1847 genus
745 1774 1062 1842 humanum,
1091 1782 1198 1828 tam
1220 1772 1355 1829 Novi
1379 1787 1540 1844 quam
1565 1770 1778 1828 Veteris
1796 1771 2127 1828 Testameuti
2156 1782 2206 1844 Β
2235 1772 2493 1834 tennatim
2522 1768 2781 1827 ecclesias
2823 1784 3042 1836 omnes,
3098 1779 3304 1841 septem
3348 1782 3469 1824 esse
3505 1768 3839 1836 nominatas,

542 1866 908 1926 vindicaturus
928 1874 1043 1931 est;
1072 1865 1194 1921 ideo
1223 1864 1306 1921 bis
1334 1875 1523 1921 acutus
1547 1872 2004 1921 commemoratus
2026 1876 2133 1921 est.

544 1958 767 2017 Gladius
797 1958 941 2014 enim
970 1958 1197 2014 militem
1225 1968 1420 2023 armat,
1450 1958 1660 2030 gladius
1689 1958 1899 2015 hostem
1925 1958 2133 2015 interli-

542 2052 635 2119 cit,
657 2050 870 2124 gladius
912 2050 1244 2107 desertorem
1290 2051 1457 2121 punit.
1492 2050 1561 2105 Et
1587 2058 1645 2106 ut
1671 2052 1983 2107 ostenderet
2000 2064 2132 2122 apo-

542 2145 701 2201 stolis
736 2142 878 2214 quod
900 2143 1161 2215 judicium
1205 2144 1580 2205 annuntiabat.
1608 2146 1684 2199 ait
1713 2162 1727 2198 :
1762 2144 1885 2199 Non
1912 2146 2025 2199 ueni
2044 2161 2136 2215 pa-

542 2254 651 2296 cem
690 2238 906 2301 mittere,
936 2238 1026 2293 sed
1078 2238 1309 2310 gladium
1333 2236 1572 2308 (Matth.,
1602 2235 1679 2310 κ).
1735 2237 1802 2293 Et
1851 2247 2132 2309 postquam

540 2340 1011 2390 consummaverat
1027 2331 1312 2403 parabolas
1326 2335 1403 2386 ait
1416 2331 1483 2386 ad
1502 2331 1623 2387 illos
1644 2350 1656 2385 :
1679 2331 1704 2385 l
1714 2334 2014 2388 ntellexistis
2026 2334 2135 2388 haec

542 2428 753 2486 omnia?
778 2426 845 2483 Et
871 2427 1134 2493 dixerunt,
1161 2427 1253 2483 ita.
1291 2424 1359 2482 Et
1379 2427 1570 2497 adjecit
1594 2445 1613 2482 :
1645 2438 1917 2498 propterea
1970 2431 2135 2485 omnis

541 2521 708 2577 scriba
728 2520 910 2577 doctus
936 2522 991 2575 in
1010 2537 1171 2593 regno
1196 2520 1292 2575 Dei
1326 2520 1509 2576 similis
1529 2530 1602 2576 est
1629 2522 1822 2576 homini
1846 2523 2135 2593 patrifami-

543 2615 641 2672 lias
667 2617 948 2687 profereuti
971 2613 1037 2669 de
1063 2615 1303 2670 thesauro
1324 2631 1417 2670 suo
1444 2631 1576 2670 nova
1603 2626 1652 2670 et
1674 2626 1839 2671 vetera
1889 2615 2132 2686 (Matth.,

542 2725 657 2773 xm,
687 2710 776 2777 51,
807 2709 901 2779 52)
934 2727 947 2764 :
975 2723 1114 2765 nova
1165 2710 1468 2781 evangelica
1525 2710 1684 2766 verba
1735 2710 2133 2781 apostolorum;

545 2812 750 2861 vetera.
776 2803 909 2873 legis
935 2814 989 2859 et
1009 2802 1391 2874 prophetarum
1416 2814 1711 2875 praecepta:
1737 2815 1791 2859 et
1815 2804 1930 2859 haec
1950 2804 2018 2859 de
2043 2820 2138 2860 ore

542 2910 642 2953 suo
670 2897 998 2967 processisse
1027 2906 1252 2955 testatus
1276 2909 1378 2953 est.
1411 2897 1520 2954 Sed
1570 2906 1625 2952 et
1652 2896 1811 2954 Petro
1842 2898 1918 2952 ait
1944 2916 1957 2952 :
1998 2896 2139 2954 Vade

542 2990 612 3045 ad
638 3007 782 3047 mare
809 3001 857 3046 et
882 2993 1024 3047 mitte
1043 2993 1272 3057 hamum,
1300 3002 1346 3046 et
1373 2993 1557 3060 piscem
1584 2995 1672 3064 qui
1701 2994 1919 3064 primunt
1960 3010 2136 3050 ascen-

2238 1875 2294 1923 et
2324 1880 2486 1920 unam
2532 1878 2656 1920 ease
2697 1861 3016 1918 catholicam
3045 1860 3240 1916 Paulus
3284 1858 3488 1915 docuit.
3516 1857 3586 1914 Et
3606 1859 3842 1930 primum

2241 1961 2456 2031 quidem
2506 1967 2564 2012 ut
2616 1966 2861 2013 servaret
2883 1964 2939 2011 et
2964 1956 3080 2025 ipse
3107 1964 3295 2027 typum
3326 1965 3533 2025 septem
3567 1953 3842 2011 Ecclesia-

2237 2069 2376 2121 rum,
2410 2067 2520 2108 non
2552 2050 2783 2107 excessit
2806 2063 3108 2105 numerum.
3159 2048 3266 2106 Sed
3296 2048 3513 2119 scripsit
3550 2048 3616 2103 ad
3641 2048 3845 2106 Roma-

2236 2160 2358 2209 nos,
2382 2145 2447 2201 ad
2475 2143 2807 2211 Corinthios,
2822 2142 2890 2200 ad
2913 2142 3151 2211 Galatas,
3170 2142 3239 2198 ad
3265 2141 3552 2213 Ephesios,
3579 2144 3647 2200 ad
3667 2143 3844 2201 Thes-

2237 2242 2626 2306 salonicenses,
2657 2238 2722 2293 ad
2745 2237 3140 2309 Pbilippenses,
3158 2236 3226 2293 ad
3255 2236 3606 2293 Colossenses
3645 2236 3845 2294 Postea

2237 2334 2593 2407 singularibus
2624 2332 2864 2403 personis
2888 2332 3125 2403 scripsit,
3146 2345 3213 2387 ne
3239 2329 3533 2387 excederet
3549 2345 3844 2388 numerum

2236 2440 2441 2501 septem
2476 2427 2845 2484 ecclesiarum.
2881 2425 2969 2490 Et,
3003 2427 3054 2480 in
3088 2426 3234 2481 brevi
3277 2429 3607 2482 conti-aliens
3637 2427 3842 2499 pradi-

2237 2526 2502 2582 cationem
2533 2538 2706 2587 suam,
2734 2521 2801 2577 ad
2829 2519 3173 2577 Timotheum
3195 2521 3272 2576 sic
3300 2521 3375 2577 ait
3403 2539 3419 2577 :
3454 2519 3522 2576 Ut
3541 2521 3673 2576 scias
3707 2537 3843 2591 qua-

2239 2623 2352 2677 liter
2374 2621 2554 2676 debeas
2576 2618 2861 2674 conversari
2886 2618 2941 2671 in
2969 2614 3201 2671 Ecclesia
3223 2614 3319 2671 Dei
3347 2615 3445 2670 vivi
3466 2613 3534 2688 (1,
3571 2613 3735 2684 Tim.,
3759 2631 3838 2683 ιιι,

2241 2714 2355 2786 15).
2390 2715 2539 2771 Hunc
2585 2724 2766 2786 typum
2796 2722 2853 2767 et
2896 2711 2965 2765 ab
2994 2711 3195 2782 Spiritu
3233 2720 3420 2767 sancto
3464 2725 3560 2781 per
3608 2709 3828 2767 Esttiam

2238 2807 2528 2880 praedicare
2578 2807 2803 2876 legimus
2828 2823 2842 2860 :
2869 2802 2945 2859 De
2967 2815 3157 2875 septem
3184 2803 3477 2860 mulieribus
3495 2820 3607 2875 qua
3634 2821 3829 2870 appre-

2240 2901 2521 2956 henderunt
2561 2899 2816 2954 hominem
2841 2914 2997 2951 unum
3024 2894 3202 2962 (Esm,
3228 2912 3303 2962 tv,
3342 2897 3416 2967 1).
3476 2894 3625 2952 Unus
3672 2895 3838 2952 homo

2241 2994 2485 3049 Chrisms
2513 3004 2615 3060 est,
2650 3008 2754 3049 non
2774 3008 2839 3048 ex
2863 2992 3070 3047 semine
3098 3000 3288 3046 natus:
3319 2999 3524 3059 septem
3548 3007 3681 3046 vero
3716 3007 3839 3048 mtt—

542 3084 695 3151 dcrit,
719 3085 861 3151 tolle,
900 3095 948 3140 et
974 3094 1152 3157 aperto
1172 3101 1260 3141 ore
1282 3086 1393 3156 ejus
1417 3087 1640 3141 invenies
1661 3096 1897 3142 stateram
1914 3129 1930 3153 ,
1956 3086 2019 3143 id.
2052 3096 2138 3143 est
2161 3096 2208 3159 (ε
2240 3087 2402 3144 lieres
2429 3098 2631 3159 septem
2661 3086 2909 3143 ecclesiae
2928 3095 3071 3146 sunt,
3095 3098 3286 3154 panem
3309 3084 3637 3155 accipientes
3658 3099 3839 3151 suum,

541 3178 678 3236 duos
697 3179 967 3248 denarios,
995 3192 1044 3235 et
1084 3180 1228 3236 dabis
1250 3197 1342 3251 pro
1369 3197 1448 3235 me
1475 3190 1523 3236 et
1549 3198 1640 3251 pro
1668 3192 1714 3236 te
1734 3181 1976 3254 (Matth,
2005 3197 2137 3247 xvtt,

537 3272 651 3346 26).
684 3273 753 3330 Et
806 3274 969 3330 David
1022 3275 1273 3330 similiter
1302 3290 1396 3344 per
1420 3275 1678 3346 Spiritum
1705 3275 1781 3329 ait
1812 3293 1827 3330 :
1859 3274 2032 3331 Semel
2060 3277 2140 3330 lo-

540 3376 687 3423 cutus
712 3378 785 3423 est
812 3366 982 3433 Deus,
1032 3367 1137 3422 duo
1185 3368 1291 3423 Ittec
1333 3368 1506 3422 audiui
1531 3367 1550 3441 (
1573 3367 1791 3433 Psalm.,
1829 3371 1968 3440 LXI).
2002 3369 2135 3438 Quia

539 3461 705 3516 semel
733 3460 973 3516 decrevit
1000 3459 1069 3515 ab
1105 3461 1259 3515 initio
1304 3460 1466 3525 Deus,
1513 3460 1655 3532 quod
1684 3476 1853 3532 usque
1880 3462 1947 3517 ad
1976 3461 2134 3517 linem

541 3549 781 3608 futurum
833 3562 935 3608 est.
990 3551 1227 3619 Denique
1277 3566 1397 3607 cum
1442 3551 1609 3622 judex
1653 3553 1723 3608 sit
1761 3554 1879 3623 ipse
1921 3569 1950 3608 a
1979 3554 2138 3611 Patre

539 3647 862 3703 constitutus
878 3654 1097 3717 propter
1121 3646 1354 3702 hominis
1368 3647 1812 3716 assumptionem,
1833 3648 2020 3703 volens
2043 3662 2135 3702 os-

545 3740 770 3796 tendere
808 3739 1059 3810 quoniam
1117 3737 1280 3794 verbo
1325 3738 1720 3808 praedicationis
1759 3738 2136 3809 jutlicabuntur

542 3830 813 3897 homines,
844 3830 920 3886 ait
945 3846 959 3884 :
993 3829 1199 3886 Putatis
1243 3831 1363 3900 quia
1383 3847 1476 3901 ego
1508 3846 1593 3886 vos
1612 3832 1858 3902 judicabo
1888 3833 1942 3887 in
1969 3833 2135 3889 novis-

540 3925 670 3979 simo
695 3919 777 3977 die
794 3925 821 3977 .9
849 3940 971 3987 non,
1001 3924 1092 3978 sed
1124 3924 1324 3979 verbum
1364 3923 1582 3998 (inquit)
1609 3925 1745 3997 quod
1769 3926 1908 3981 vobis
1936 3926 2134 3981 locutus

539 4033 672 4079 sum,
703 4017 832 4071 illud
860 4033 946 4071 vos
962 4017 1213 4088 judicabit
1261 4018 1314 4071 in
1360 4018 1632 4072 novissimo
1675 4018 1759 4072 die
1788 4018 2006 4089 (.loan.,
2033 4034 2130 4086 xu,

538 4108 657 4181 48).
689 4109 759 4166 Ει
790 4110 983 4166 Paulus
1031 4109 1100 4165 de
1144 4109 1470 4166 antechristo
1512 4110 1579 4166 ad
1628 4110 2134 4168 Thes‘salonicenses

538 4204 609 4258 ait
645 4220 660 4258 :
691 4202 854 4271 Quem
901 4201 1150 4258 Dominus
1194 4203 1345 4258 Jesus
1370 4204 1643 4273 interﬁciat
1691 4205 1875 4274 spiritu
1919 4204 2024 4259 oris
2047 4204 2126 4258 sui

541 4294 611 4368 (ll
637 4293 838 4357 Thess.,
867 4310 926 4358 ιι.
954 4294 1031 4367 8).
1068 4295 1130 4349 Et
1160 4294 1344 4350 Esaias
1377 4313 1390 4348 :
1417 4294 1619 4361 Spiritu
1646 4294 1861 4368 (inquit)
1885 4295 2132 4351 labiorum

539 4405 745 4446 suorum
773 4390 1041 4460 interﬁciat
1070 4390 1282 4461 impium
1335 4388 1510 4462 (Eam,
1554 4405 1626 4457 ιι,
1666 4390 1746 4459 4).
1775 4390 1870 4446 llic
1898 4406 2026 4462 ergo
2052 4390 2132 4446 bis

540 4491 728 4538 acutus
749 4482 962 4552 gladius
983 4490 1086 4549 est,
1107 4480 1402 4552 procedens
1425 4481 1495 4536 de
1515 4496 1610 4537 ore
1629 4482 1766 4551 ejus.

612 4575 700 4631 15.
735 4572 799 4629 Et
826 4589 925 4629 vox
936 4580 1045 4647 ejus
1068 4585 1327 4646 tamquam
1347 4589 1446 4629 eoa:
1473 4589 1719 4645 aquarum
1733 4573 2008 4628 multarum
2024 4572 2126 4647 (1).

539 4668 708 4738 Aquae
756 4668 960 4733 multa},
991 4666 1170 4737 p0puli
1221 4680 1344 4723 esse
1393 4666 1782 4733 intelliguntur,
1811 4681 1904 4721 seu
1927 4666 2126 4723 donum

539 4763 812 4834 baptismi,
843 4763 985 4835 quod
1012 4762 1192 4818 emisit
1214 4777 1309 4833 per
1329 4761 1617 4833 Apostolos
1645 4762 1828 4817 dicens
1855 4778 1867 4815 :
1900 4760 1999 4822 Ite.
2036 4761 2131 4815 do-

540 4867 645 4913 cete
664 4874 837 4912 omnes
863 4868 1054 4926 gentes,
1086 4858 1398 4928 baptizantes
1443 4873 1528 4911 eos
1554 4857 1607 4909 in
1649 4857 1853 4911 nomine
1883 4854 2055 4912 Patris
2085 4865 2133 4910 et

541 4951 670 5007 Filii
694 4961 739 5004 et
767 4950 992 5021 Spiritus
1018 4953 1183 5007 sancti
1212 4951 1451 5025 (math,
1483 4967 1671 5012 xxvnt.
1709 4951 1822 5022 19).

616 5043 704 5101 16.
730 5040 797 5097 Et
823 5041 1033 5097 habebat
1062 5044 1115 5098 in
1142 5044 1348 5099 dextera
1372 5060 1464 5100 sua
1492 5044 1665 5099 stellas
1688 5054 1897 5116 septem.
1924 5044 1981 5101 ln
2003 5045 2131 5102 dex-

2241 3190 2295 3236 et
2318 3181 2508 3236 tunicis
2536 3183 2648 3235 suis
2674 3180 2883 3244 velatae,
2927 3192 3048 3249 qua:
3080 3186 3306 3248 poscunt
3331 3175 3837 3249 auferrlimprope-

2239 3277 2375 3333 rium
2425 3290 2605 3343 suum,
2637 3282 2839 3330 tantum
2872 3281 2931 3328 ut
2958 3287 3154 3327 nomen
3185 3271 3332 3327 illius
3383 3281 3610 3328 Vocetur
3669 3287 3838 3343 super

2240 3370 2378 3427 illas.
2406 3369 2604 3425 Panem
2633 3366 2892 3438 Spiritum
2924 3377 3185 3430 sanctum,
3218 3366 3309 3435 qui
3353 3365 3518 3420 nutrit
3568 3366 3621 3420 itt
3673 3366 3841 3421 vitam

2240 3472 2498 3519 «sternam
2517 3504 2530 3528 ,
2556 3462 2655 3516 sibi
2681 3458 2932 3515 videlicet
2964 3474 3060 3529 per
3084 3458 3453 3514 credulitatem
3496 3459 3836 3528 promissam.

2238 3554 2460 3611 Tunica:
2485 3560 2613 3608 vero
2633 3567 2765 3617 suae,
2787 3552 2979 3622 quibus
3000 3550 3265 3623 cooperiri
3299 3565 3357 3606 se
3379 3560 3588 3621 optant,
3608 3551 3836 3608 immor-

2240 3648 2460 3704 talitatis
2506 3656 2589 3702 est
2640 3647 2830 3717 gloria,
2879 3645 2945 3702 de
2986 3660 3090 3717 qua
3128 3644 3328 3699 Paulus
3383 3646 3659 3715 apostolus
3714 3646 3836 3705 ait:

2240 3741 2453 3811 Oportet
2479 3756 2601 3811 ergo
2631 3738 2957 3811 corruptibile
2983 3740 3078 3793 hoc
3120 3737 3330 3793 induere
3352 3738 3403 3792 in
3429 3740 3834 3810 corruptionem,

2235 3844 2285 3889 et
2332 3832 2543 3887 mortale
2587 3832 2680 3887 hoc
2727 3831 2940 3886 induere
2991 3830 3426 3885 immortalitatem
3470 3829 3708 3902 (lCor.,
3738 3850 3833 3903 xv,

2235 3923 2347 3996 53).
2375 3925 2580 3980 Aulerri
2607 3940 2735 3979 vero
2759 3924 3141 3995 improperium
3169 3939 3325 3979 suum
3350 3934 3577 3995 poscunt
3598 3924 3703 3996 (2),
3729 3925 3835 3983 hoc

2235 4029 2319 4074 eet
2346 4018 2619 4072 cmundari
2662 4032 2720 4072 se
2759 4033 2787 4069 a
2819 4017 3050 4087 peccatis
3092 4035 3105 4071 :
3157 4016 3539 4087 improperium
3571 4018 3717 4073 enim
3747 4028 3834 4075 est

2237 4120 2510 4181 peccatum
2560 4109 2864 4182 pristinum,
2911 4109 3052 4180 Quod
3105 4108 3741 4177 aulerturiuhaptismo,
3780 4123 3837 4169 et

2236 4201 2500 4271 incipiunt
2523 4203 2702 4257 vocari
2734 4201 2980 4257 homines
3028 4200 3343 4267 christiani;
3386 4200 3530 4271 quod
3557 4212 3661 4267 est,
3688 4205 3834 4261 inoo.

2234 4304 2374 4349 cetur
2401 4310 2582 4349 nomen
2633 4305 2776 4349 tuum
2818 4310 2972 4365 super
2999 4309 3114 4349 nos.
3156 4293 3211 4349 ln
3241 4292 3325 4349 his
3354 4310 3482 4366 ergo
3506 4306 3717 4366 septem
3740 4313 3835 4355 ec-

2236 4390 2435 4451 clesiis.
2470 4390 2628 4446 unius
2673 4388 2928 4445 Ecclesiae
2955 4387 3265 4454 catholicae,
3290 4387 3477 4446 ﬁdeles
3515 4400 3675 4455 sunt.
3705 4393 3831 4461 quia

2151 4481 2337 4543 Duna
2393 4483 2445 4537 in
2496 4492 2702 4552 septem
2749 4495 2843 4552 per
2894 4480 3202 4551 qualitatem
3257 4479 3380 4537 ﬁdei
3434 4490 3489 4537 et
3542 4482 3831 4540 electionis

2234 4588 2336 4634 est.
2366 4576 2490 4633 Sive
2528 4576 2592 4631 ad
2623 4590 2717 4632 eos
2755 4576 3015 4639 scribens,
3047 4577 3134 4646 qui
3165 4576 3407 4631 laborant
3431 4577 3485 4632 in
3511 4579 3734 4645 saeculo,
3775 4590 3834 4636 et

2234 4681 2525 4745 operantur
2555 4670 2634 4744 ('5)
2667 4670 2735 4726 de
2763 4669 3063 4741 frugalitate
3101 4683 3319 4725 suorum
3343 4670 3610 4734 laborum.
3642 4683 3697 4727 et
3726 4689 3829 4743 pa-

2237 4768 2433 4822 tientes
2472 4775 2627 4831 sunt;
2661 4773 2714 4818 et
2752 4778 2872 4819 cum
2908 4761 3123 4817 videant
3173 4763 3418 4818 homines
3462 4764 3723 4834 quosdam
3772 4767 3831 4822 in

2238 4858 2475 4916 Ecclesia
2504 4857 2905 4926 dispensatores
2934 4866 2986 4909 et
3016 4853 3317 4925 pestiferos,
3339 4870 3405 4912 ne
3431 4855 3691 4913 dissentio
3713 4858 3827 4928 liat,

2239 4960 2473 5024 portant.
2500 4950 2767 5007 Admonet
2795 4958 2974 5005 tamen
3000 4962 3095 5003 eos
3120 4948 3189 5004 de
3211 4961 3416 5015 amore,
3448 4958 3504 5005 ut
3548 4950 3599 5004 in
3631 4950 3830 5020 quibus

2241 5035 2374 5102 ﬁdes
2394 5060 2580 5100 eorum
2601 5041 2772 5109 deest,
2802 5049 2961 5112 agant
2987 5041 3375 5113 paenitentiam.
3407 5043 3513 5098 Aut
3531 5042 3599 5099 ad
3620 5057 3715 5100 eos
3735 5045 3831 5117 qui

1926 5136 2484 5197 CUMMENTARIUS.

620 5229 700 5304 (1)
747 5230 812 5284 Et
838 5231 1073 5304 uoxgejus
1102 5240 1367 5304 tamquam
1415 5246 1512 5286 vos;
1557 5246 1803 5302 aquarum
1847 5234 2121 5289 mularum.

2228 5233 2364 5289 ratio
2390 5249 2416 5284 a
2447 5230 2601 5286 nobis
2629 5231 2950 5299 ubicumque
2980 5230 3177 5302 aliquid
3213 5229 3659 5297 emendavimus,
3691 5246 3832 5289 con-

541 5301 1151 5376 Nnn'miraberislteic
1184 5313 1238 5357 et
1277 5302 1394 5376 aliis
1440 5301 1701 5376 praeterea
1752 5305 1882 5359 locis
1922 5306 2125 5376 aliquot
2230 5306 2379 5376 tinoo
2416 5302 2689 5357 reddenda
2733 5303 2924 5369 fuerit;
2961 5301 3082 5359 Cum
3107 5302 3237 5357 illud
3275 5311 3387 5376 tam,
3410 5302 3621 5376 ﬁrmum
3652 5313 3737 5376 est
3772 5302 3833 5362 et
3896 5301 3903 5308 ’

487 5384 491 5389 ⁷
543 5376 771 5449 apostoli
806 5373 967 5449 verba
1008 5375 1228 5428 inverso
1253 5373 1444 5449 ordine
1478 5373 1621 5442 legi,
1668 5391 1788 5429 cum
1817 5377 1975 5449 paulo
2006 5373 2127 5449 post

2234 5368 2423 5446 per‘se
2464 5378 2715 5446 planum,
2752 5383 2860 5429 uta
2903 5368 3168 5443 quoquam
3210 5374 3337 5443 quin
3375 5374 3445 5428 ita
3486 5375 3556 5429 sit
3586 5375 3832 5431 scriben-

544 5444 867 5518 srriptorem
899 5445 1040 5500 hunc
1080 5454 1319 5518 nostrum
1360 5444 1717 5499 afﬁrmantem
1757 5444 2029 5513 audieris}
2073 5450 2126 5504 in
2232 5444 2392 5513 dum,
2442 5444 2671 5518 dubitari
2727 5462 2830 5500 non
2886 5449 3056 5517 possit
3099 5460 3291 5518 :_nam_
3332 5446 3511 5500 omnia
3571 5450 3827 5518 perSequi

544 5517 667 5573 libri
699 5519 855 5586 hujus
897 5516 1345 5589 interpretatione
1386 5532 1488 5589 non
1519 5518 1807 5571 verborum
1838 5518 2084 5574 ordinem
2109 5564 2123 5589 ,

545 5597 637 5644 aut
674 5602 849 5644 textus
889 5588 1328 5659 consequentiam
1367 5588 1462 5644 Sed
1501 5603 1680 5642 rerum
1722 5590 2129 5660 intelligentiam

545 5660 803 5716 lectorem
834 5665 984 5730 sequi
1016 5662 1236 5717 debere.

618 5731 698 5803 (2)
741 5732 951 5801 Auferri
989 5748 1106 5788 vero
1144 5733 1508 5802 improperium
1551 5747 1704 5786 suum
1744 5741 1980 5803 poscunt.
2027 5732 2138 5789 Nos

547 5802 685 5859 illud
706 5813 914 5875 poscunt
939 5819 1006 5859 ex
1036 5804 1311 5875 superiore
1346 5806 1597 5875 lectione
1617 5802 1686 5857 de
1716 5802 1901 5859 nostro
1930 5804 2138 5860 addidi-

551 5872 715 5943 mus,
744 5885 802 5932 ut
838 5872 1166 5934 locutionem
1218 5875 1506 5935 clariorem
1545 5874 1907 5937 elﬁcer’emus.
1954 5875 2138 5948 Neque

2235 5532 2401 5591 prOpe
2418 5527 2561 5591 esset
2588 5515 2873 5585 inﬁnitum,
2889 5515 3067 5588 usque
3093 5516 3229 5571 adeo
3250 5516 3455 5586 singula
3483 5530 3636 5587 paene
3659 5515 3825 5574 verba

2244 5588 2548 5662 perturbata
2580 5597 2635 5643 et
2663 5602 2919 5662 corrupta
2942 5599 3116 5662 ararit.

2314 5660 2394 5731 (5)
2443 5657 2751 5729 Operantur.
2789 5660 3119 5715 Crediderim
3149 5659 3249 5714 ltoc
3277 5660 3494 5716 verbum
3526 5675 3625 5729 pro
3649 5661 3824 5716 uiuunt

2242 5742 2553 5801 usarpatutn
2600 5731 2667 5784 ab
2703 5740 2921 5788 auctore
2959 5732 3121 5786 fuisse
3146 5773 3161 5795 ,
3215 5740 3270 5787 et
3304 5732 3677 5802 dispensatores
3722 5748 3822 5802 pro

2244 5804 2614 5876 diSsipatores.
2645 5814 2850 5874 portant
2882 5806 3007 5859 item
3036 5816 3135 5875 pro
3163 5803 3338 5861 ferunt
3374 5803 3397 5876 (
3423 5819 3543 5876 quae
3579 5803 3700 5861 dua:
3725 5820 3822 5862 vo-

2246 5890 2339 5933 ces
2363 5890 2394 5932 c
2418 5874 2643 5944 vestigio
2665 5876 3003 5947 sequuntur)
3032 5874 3251 5933 dixisse.
