4060 6284
161 354 261 410 5'21

1305 352 1369 408 IN
1408 348 1871 410 APOCALYPSIN
1900 352 1960 408 Β.
2003 351 2300 413 JOANNIS.

3321 361 3428 418 322

158 474 210 530 in
240 469 374 528 locis
399 469 704 527 crudelibus
750 467 1048 526 inhabitant
1077 468 1217 526 inter
1263 480 1650 540 persecutores,
1678 480 1736 525 ut
1760 473 1811 530 A
1841 469 2004 525 fortes
2033 483 2158 526 sunt
2201 475 2252 527 in
2286 470 2421 538 tide,
2470 478 2522 526 et
2560 485 2662 526 non
2697 484 3058 546 expavescunt
3085 479 3427 548 persecutio-

157 573 506 638 perseverent
536 566 739 620 ﬁdeles.
762 562 868 619 Aut
893 563 957 616 ad
984 577 1077 617 eos
1101 564 1211 633 qui,
1235 564 1334 619 sub
1363 572 1620 632 praetextu
1643 564 1739 616 mi-

157 655 489 723 sericordiaa,
518 656 697 711 illicita
730 664 948 726 peceata
972 655 1024 709 in
1053 655 1290 710 Ecclesia
1316 654 1536 718 faciunt,
1557 655 1741 709 ctaliis

155 748 394 805 facienda
425 746 732 803 ostendunt.
771 751 875 802 Aut
917 746 983 802 ad
1031 762 1124 802 eos
1161 748 1252 818 qui
1279 757 1403 802 sunt
1425 747 1478 801 iu
1503 747 1738 801 Ecclesia

154 841 360 898 faciles.
402 842 508 898 Aut
548 841 613 895 ad
655 856 750 895 eos
795 841 885 911 qui
925 840 1252 911 negligentes
1293 840 1508 893 nomine
1533 847 1735 892 tantum

153 935 432 992 christiani
478 943 622 989 sunt.
657 933 764 989 Aut
807 933 872 988 ad
921 912 1026 988 eos,
1062 934 1154 1003 qui
1203 931 1471 986 humiliter
1498 929 1739 986 instructi

152 1039 298 1098 sunt,
323 1040 378 1084 ut
421 1029 473 1084 in
526 1027 631 1084 ﬁde
658 1027 866 1082 fortiter
897 1037 1257 1098 perseverent.
1292 1030 1397 1081 Aut
1437 1024 1504 1080 ad
1530 1041 1622 1081 eos
1650 1024 1738 1095 qui

151 1119 369 1176 student
415 1119 728 1189 Scripturis.
776 1129 831 1174 et
884 1119 1131 1174 laborant
1179 1133 1502 1189 cognoscere
1543 1130 1735 1171 arcana

150 1211 560 1282 prmdicationis,
595 1221 648 1267 et
677 1211 767 1268 Dei
786 1225 930 1286 opus
961 1213 1140 1268 facere
1162 1213 1368 1278 nolunt,
1397 1211 1446 1266 id
1471 1218 1553 1264 est
1578 1209 1738 1264 mise-

149 1302 433 1359 ricordiam
455 1316 510 1360 et
534 1319 810 1359 amorem:
839 1303 1085 1358 omnibus
1138 1305 1501 1375 pmnttemiam
1540 1303 1738 1358 denun-

149 1396 263 1465 tiat,
295 1396 544 1453 omnibus
567 1395 830 1466 judicium
859 1396 1160 1452 annuntiat.

736 1551 808 1590 EX
849 1550 1041 1592 CAPI'I'E
1083 1551 1140 1589 II.

215 1649 273 1704 2.
341 1650 462 1706 Scio
518 1650 745 1707 laborem
787 1661 929 1704 tuum
957 1692 972 1716 ,
1022 1659 1068 1704 et
1096 1666 1250 1719 opera
1275 1692 1290 1716 ,
1345 1662 1392 1706 ct
1438 1651 1733 1720 patientiam

147 1753 308 1797 tuam.
350 1742 406 1797 In
439 1743 607 1814 prima
639 1743 864 1814 epistola
897 1743 974 1798 sic
1011 1744 1124 1810 ait,
1171 1743 1283 1799 scin
1314 1753 1364 1799 te
1397 1743 1642 1800 laborare
1678 1753 1735 1800 et

145 1837 376 1908 operari,
413 1836 564 1892 tideo
589 1837 876 1909 patientem
904 1844 958 1892 te
985 1851 1108 1893 esse
1141 1854 1154 1890 :
1186 1852 1255 1893 ne
1281 1850 1436 1908 putes
1462 1854 1547 1894 me
1575 1839 1732 1910 longe
1759 1867 1807 1928 Β
1909 1858 1996 1912 17,

145 1929 346 1984 morari
373 1945 402 1984 a
432 1940 505 1986 te.

215 2022 283 2077 Et
324 2024 442 2092 quia
479 2039 581 2079 non
616 2033 756 2093 potes
790 2033 994 2094 portare
1025 2026 1186 2081 malos
1207 2067 1221 2092 ,
1265 2035 1311 2081 et
1348 2029 1434 2096 qui
1462 2043 1515 2082 se
1553 2027 1727 2082 dicunt

143 2114 356 2185 Judteos
386 2133 522 2182 esse,
564 2126 609 2172 et
639 2134 739 2172 non
770 2128 920 2184 sunt,
971 2128 1017 2172 et
1045 2119 1280 2174 invenisti
1308 2136 1395 2174 eos
1422 2121 1686 2176 mendaces
1707 2163 1723 2189 ,

142 2222 190 2265 et
226 2213 524 2282 patientiam
558 2214 710 2268 habes
747 2223 955 2284 propter
991 2230 1174 2268 nomen
1210 2229 1395 2268 meum.
1435 2214 1560 2270 Haec
1605 2215 1724 2270 uni-

140 2321 298 2362 versa
341 2306 404 2360 ad
441 2307 648 2362 laudem
688 2316 968 2372 Spectant,
1015 2319 1069 2364 et
1115 2307 1325 2363 laudem
1365 2323 1469 2364 non
1493 2309 1723 2378 medio-

140 2412 287 2452 crem
329 2408 430 2452 :et
474 2399 604 2452 tales
645 2399 826 2464 viros,
871 2399 1137 2470 talemque
1179 2400 1441 2464 classem,
1493 2414 1555 2455 ac
1593 2401 1726 2456 tales

136 2489 420 2545 electionis
473 2490 714 2544 homines
763 2500 974 2559 Oportet
1021 2492 1240 2548 omnino
1269 2493 1586 2559 admoneri,
1631 2509 1721 2562 ne,

134 2582 257 2636 istis
285 2581 377 2638 Dei
400 2583 554 2638 bonis
579 2585 872 2651 concessis,
898 2583 1235 2642 fraudentur.
1256 2586 1382 2643 Haec
1404 2602 1570 2658 pauca
1589 2587 1726 2642 dixit

136 2691 195 2731 se
223 2675 432 2733 habere
459 2677 717 2733 adversus
748 2679 890 2734 illos.

215 2769 273 2834 4,
301 2769 356 2824 5.
392 2769 455 2824 Et
491 2771 787 2825 clraritatem
814 2783 949 2826 luant
976 2775 1244 2845 pristinam
1280 2777 1528 2848 reliquisti
1557 2818 1573 2842 ,
1616 2793 1722 2832 ute-

135 2875 302 2919 mento
340 2865 477 2918 unde
503 2866 774 2922 excideris.
816 2867 917 2935 Qui
945 2869 1088 2924 cadit
1113 2910 1129 2934 ,
1169 2871 1237 2925 de
1263 2872 1371 2925 alto
1395 2871 1572 2937 cadit,
1604 2871 1722 2926 ideo

133 2957 286 3023 dixit,
319 2957 484 3024 unde;
515 2961 766 3028 quoniam
799 2976 966 3033 usque
991 2964 1056 3018 ad
1090 2963 1440 3020 novissimum
1463 3008 1477 3030 ,
1522 2966 1720 3021 amoris

132 3066 293 3122 opera
334 3053 631 3109 exercenda
662 3066 814 3122 sunt,
860 3057 1002 3126 quod
1043 3066 1127 3112 est
1179 3057 1466 3130 principale
1502 3059 1721 3114 mandaé

131 3155 264 3202 tum.
303 3147 541 3217 Denique
577 3148 678 3204 nisi
721 3149 842 3213 ﬁat.
887 3150 1117 3205 minatus
1154 3160 1238 3207 est
1268 3167 1486 3209 movere
1515 3152 1718 3210 cande-

130 3239 341 3295 labrum
369 3241 436 3296 de
464 3245 580 3296 loco
617 3257 736 3308 suo,
767 3241 820 3296 id
840 3252 924 3298 est
952 3257 1205 3313 spargere
1235 3245 1472 3314 plebem.

198 3334 251 3388 6.
299 3333 392 3388 Sic
417 3334 566 3388 habes
605 3345 651 3389 et
689 3345 742 3387 tu
771 3335 914 3389 odire
957 3351 1112 3404 opera
1158 3335 1555 3392 Nicolaitarum.
1607 3339 1714 3396 Sed

128 3427 376 3498 quoniam
406 3437 459 3481 et
487 3428 601 3496 ipse
631 3425 823 3482 oderas
864 3438 1110 3484 tenentes
1143 3428 1444 3486 doctrinam
1482 3431 1713 3487 Nicolai-

127 3531 300 3576 tarum
320 3564 334 3586 ,
385 3521 594 3577 Iaudem
623 3531 924 3593 exspectas.
968 3523 1130 3580 Odire
1156 3536 1333 3581 autem
1365 3541 1527 3596 opera
1559 3525 1714 3581 Nico-

128 3612 375 3668 Iaitarum
395 3630 514 3685 qua;
541 3624 596 3670 et
625 3616 736 3684 ipse
767 3616 984 3683 oderat,
1017 3617 1119 3673 hoc
1146 3618 1215 3673 ad
1242 3619 1453 3675 Iaudem
1484 3629 1710 3688 spectat.

126 3708 509 3766 Nicolaitarum
554 3721 732 3767 autem
777 3725 938 3780 opera
985 3721 1137 3766 erant
1179 3713 1272 3767 illo
1316 3724 1554 3784 tempore
1604 3713 1711 3769 ﬁcti

126 3801 371 3859 homines
391 3815 445 3860 et
474 3804 735 3875 pestiferi,
763 3807 851 3876 qui
881 3806 980 3861 sub
1006 3807 1222 3862 nomine
1244 3805 1446 3862 Nicolai
1474 3809 1708 3864 ministri

125 3897 368 3954 fecerant
401 3898 502 3955 sibi
531 3899 803 3965 haeresim,
852 3908 909 3954 ut
937 3899 1226 3955 delibatum
1270 3901 1354 3970 (I)
1381 3902 1711 3957 exorcizare-

123 4000 209 4048 tur
246 4000 303 4048 et
342 3991 651 4046 manducari
681 4002 897 4062 posset:
927 4001 981 4047 et
1022 4001 1079 4046 ut
1117 3992 1440 4064 quicumque
1471 3995 1703 4049 fornica-

124 4095 206 4142 tus
227 4096 405 4153 esset,
452 4094 642 4140 octavo
671 4087 756 4142 die
786 4100 968 4154 pacem
997 4086 1297 4154 acciperet;
1347 4087 1465 4143 ideo
1503 4087 1705 4143 collau-

124 4178 212 4234 dat
248 4178 373 4234 illos
422 4177 488 4232 ad
535 4193 673 4249 quos
721 4178 945 4243 scribit,
996 4179 1189 4249 quibus
1246 4180 1439 4236 talibus
1493 4189 1547 4236 et
1599 4190 1704 4236 tam

125 4271 328 4343 magnis
366 4269 495 4325 viris
535 4270 780 4340 promisit
821 4270 1026 4342 lignum
1072 4271 1212 4341 quod
1257 4272 1422 4328 estin
1461 4272 1706 4343 paradiso

128 4359 215 4417 Dei
245 4363 350 4418 sui.

194 4457 435 4528 Sequens
462 4456 686 4524 epistola
714 4465 1029 4528 sequentem
1057 4459 1529 4515 conversationem
1561 4461 1700 4516 alte-

122 4548 230 4603 rius
258 4551 449 4605 classis
475 4560 530 4606 et
551 4550 992 4606 consuetudinem
1023 4550 1241 4620 detegit.
1276 4552 1515 4623 Denique
1544 4553 1619 4608 ait
1647 4572 1662 4607 :

1844 577 1992 628 nem;
2029 564 2121 618 sed
2145 566 2264 634 quia
2295 576 2344 620 et
2382 565 2432 618 in
2467 564 2573 620 illis
2599 576 2759 634 sunt,
2792 569 2882 638 qui
2909 572 3061 640 proni
3083 582 3207 626 sunt
3228 571 3295 628 ad
3323 572 3428 628 illi-

1841 651 1972 709 citas
2002 657 2404 725 permixtiones,
2438 658 2549 712 ait:

1914 746 1981 800 M
2002 788 2016 808 ,
2050 747 2134 802 I6.
2182 747 2350 804 Habes
2382 749 2450 803 ibi
2481 761 2701 806 tenentes
2743 754 3026 809 doctrinam
3055 755 3305 825 Balaam,
3339 761 3428 829 qui

1840 836 2048 892 docebat
2071 840 2123 892 in
2153 839 2311 894 Bolae
2336 843 2529 896 mittere
2554 845 2853 900 scandalum
2878 863 3047 901 coram
3078 850 3201 917 ﬁliis
3227 849 3420 921 Israel,

1839 930 2014 996 edere,
2043 942 2088 985 et
2118 933 2363 1000 fornicari
2393 951 2412 988 :
2441 937 2512 989 ita
2541 937 2693 992 habes
2719 947 2764 992 et
2794 949 2847 992 tu
2876 950 3096 996 tenentes
3135 942 3426 999 doctrinam

1842 1019 2248 1091 Nicolaitarum,
2298 1027 2386 1080 sed
2426 1030 2659 1100 pugnabo
2702 1046 2817 1084 cum
2861 1031 2964 1086 illis
3005 1034 3059 1086 in
3102 1033 3277 1104 gladio
3321 1039 3426 1092 oris

1839 1113 1954 1166 mei.
1978 1113 2032 1167 Id
2053 1123 2166 1181 est,
2197 1115 2322 1185 quid
2357 1120 2699 1189 praceperim
2727 1121 2922 1181 dicam.
2951 1133 3001 1176 et
3031 1125 3159 1194 quid
3190 1125 3424 1182 feceritis

1838 1208 2126 1264 cauleram.
2166 1207 2297 1264 Nam
2331 1210 2540 1266 Balaam
2573 1214 2592 1281 (
2625 1212 2818 1281 Num.,
2861 1222 2946 1286 tt)
2985 1216 3230 1272 doctrina
3261 1219 3423 1276 doce-

1836 1299 1927 1354 bat
1969 1300 2128 1355 Balab
2172 1303 2384 1359 mittere
2426 1306 2735 1362 scandalum
2781 1321 2906 1364 ante
2951 1313 3138 1366 oculos
3183 1312 3415 1370 filiorum

1839 1391 2033 1458 Israel,
2082 1408 2202 1450 esse
2239 1395 2563 1465 delibatum,
2611 1413 2663 1455 et
2702 1400 2984 1467 fornicari;
3027 1403 3076 1457 id
3111 1405 3250 1472 quod
3293 1405 3421 1462 olim

1835 1485 2092 1541 accidisse
2135 1496 2317 1543 uotum
2357 1499 2457 1546 est.
2501 1491 2597 1547 Ille
2633 1494 2775 1549 enim
2814 1494 2916 1550 hoc
2957 1495 3240 1553 consilium
3275 1498 3425 1556 dedit

1835 1579 1946 1649 regi
1977 1579 2344 1648 Moabitarum,
2372 1595 2428 1640 et
2456 1586 2959 1645 scandalizaverunt
2990 1593 3262 1662 populum.
3292 1593 3414 1662 Sic,

1835 1672 2036 1742 inquit,
2080 1675 2219 1730 inter
2245 1692 2338 1731 vos
2381 1679 2586 1734 habetis
2617 1685 2774 1736 talem
2806 1693 3048 1739 tenentes
3085 1685 3411 1758 doctrinam,

1835 1774 1893 1818 ut
1915 1766 2016 1818 sub
2047 1777 2304 1836 praetextu
2339 1771 2727 1828 miseriCordiae
2755 1774 2892 1830 alios
2921 1777 3203 1834 vitiaretis.

2044 1860 2146 1924 Qui
2189 1861 2358 1916 vicerit
2380 1903 2397 1930 ,
2441 1863 2570 1918 dabo
2592 1865 2670 1918 illi
2711 1883 2898 1922 manna
2941 1869 3324 1940 absconditum,
3372 1883 3420 1928 et

1830 1950 1960 2006 dabo
2013 1952 2093 2007 illi
2143 1957 2396 2010 calculum
2446 1960 2744 2015 candidum.
2806 1962 2993 2019 Manna
3048 1966 3422 2024 absconditum

1830 2045 2204 2102 immortalitas
2230 2057 2334 2115 est,
2379 2063 2589 2120 gemma
2618 2051 2735 2108 alba
2767 2052 2987 2124 adoptio
3015 2055 3064 2108 in
3102 2055 3267 2112 filium
3296 2059 3418 2125 Dei;

1828 2150 2024 2191 nomen
2053 2153 2246 2192 novum
2278 2140 2330 2193 in
2357 2141 2566 2196 calculo
2596 2143 2854 2213 scriptum
2873 2187 2888 2212 ,
2923 2144 3284 2204 Christianum
3311 2159 3417 2208 est.

1899 2228 2099 2296 Quarta
2146 2231 2332 2286 classis
2389 2234 2718 2291 nobilitatem
2774 2238 3014 2294 ﬁdelium
3078 2244 3420 2312 operantium

1827 2321 2092 2391 quotidie,
2132 2335 2182 2378 et
2212 2326 2411 2394 majora
2448 2324 2758 2386 facientium
2790 2346 2954 2401 opera
2990 2333 3271 2405 signiﬁcat.
3313 2337 3419 2393 Sed

1827 2421 1880 2468 et
1910 2414 1979 2470 ibi
2018 2429 2139 2472 esse
2167 2431 2378 2488 quoque
2419 2418 2600 2477 faciles
2643 2422 2884 2480 homines
2922 2426 2988 2480 ad
3026 2427 3234 2483 illicitas
3263 2443 3420 2500 paces

1827 2507 2030 2563 dandas
2054 2518 2109 2564 et
2137 2524 2308 2565 novas
2340 2513 2645 2582 prophetias
2671 2516 3040 2581 attendendas.
3073 2521 3328 2586 ostendit,
3361 2531 3420 2578 et

1826 2601 2018 2670 arguit,
2049 2612 2105 2658 et
2135 2615 2432 2671 praemonet
2459 2616 2710 2673 caeteros,
2740 2609 2934 2678 quibus
2957 2628 3062 2666 non
3095 2590 3267 2683 placet
3292 2614 3415 2682 hoc,

1825 2695 1916 2763 qui
1946 2706 2277 2766 cognoscunt
2303 2699 2594 2769 nequitiam
2630 2701 2936 2771 adversam,
2966 2704 3160 2774 quibus
3187 2707 3338 2762 malis
3363 2717 3418 2763 et

1825 2786 2042 2843 dolores
2083 2789 2333 2846 inducere
2375 2793 2565 2862 quaerit
2605 2795 2655 2849 in
2695 2796 2869 2866 capite
2904 2797 3139 2854 fideliqu
3178 2808 3233 2856 et
3273 2799 3416 2870 peri-

1824 2881 1974 2946 cula;
2008 2892 2062 2936 et
2091 2883 2211 2938 ideo
2231 2883 2305 2938 ait
2332 2900 2348 2939 :

1894 2973 1981 3029 24.
2015 2973 2135 3029 Non
2157 2977 2298 3030 mitto
2329 2994 2480 3047 super
2503 2995 2590 3034 vos
2619 2981 2763 3034 aliud
2793 2983 3015 3051 pondus.
3063 2982 3119 3039 Id
3147 2993 3260 3050 est,
3304 3001 3411 3042 non

1823 3067 1945 3123 dedi
1986 3070 2133 3125 vobis
2165 3071 2342 3142 leges,
2375 3072 2778 3131 observationes
2815 3085 2869 3132 et
2907 3093 3103 3146 onera,
3145 3078 3287 3150 quod
3330 3087 3414 3136 est

1821 3161 1965 3216 aliud
1996 3164 2224 3232 pondus.

1741 3263 1790 3330 α
1891 3255 1982 3315 25.
2009 3255 2100 3310 26.
2134 3257 2241 3311 Sed
2267 3259 2404 3328 quod
2431 3260 2654 3327 habetis,
2707 3262 2949 3323 teneatis.
2985 3263 3146 3318 donec
3177 3263 3370 3318 ueniam
3387 3281 3408 3330 ;

1819 3358 1867 3402 et
1891 3350 1974 3414 qui
2001 3350 2172 3404 vicerit
2204 3351 2336 3406 dabo
2371 3353 2450 3407 illi
2485 3363 2783 3424 potestatem
2809 3373 2963 3422 super
2997 3374 3169 3412 omnes
3210 3368 3405 3430 gentes.

1818 3441 1874 3497 Id
1928 3452 2048 3511 est,
2107 3445 2342 3515 iudicem
2404 3447 2556 3502 illum
2606 3452 2926 3506 constituam
2982 3452 3123 3508 inter
3171 3463 3402 3508 caeteros

1817 3548 2052 3592 εεηοιοε.

1885 3652 1976 3707 28.
2010 3651 2075 3706 Et
2101 3653 2231 3708 dabo
2258 3655 2338 3709 illi
2363 3657 2562 3712 stellam
2591 3659 2913 3714 matutinam.
2947 3659 3182 3715 Primam
3214 3675 3401 3718 resur-

1815 3745 2105 3802 rectionem
2129 3748 2368 3814 scilicet;
2397 3751 2641 3820 promisit
2672 3751 2880 3806 stellam
2911 3755 3252 3819 matutinum,
3282 3770 3403 3824 qua:

1815 3852 2024 3896 noctem
2050 3843 2194 3914 fugat
2219 3855 2272 3898 et
2301 3843 2476 3901 lucem
2505 3848 2806 3912 annuntiat,
2835 3847 2886 3902 id
2914 3858 3014 3914 est,
3041 3847 3145 3905 diei
3174 3848 3401 3904 initium.

2386 3977 2455 4015 EX
2512 3977 2703 4017 CAPITE
2753 3977 2831 4018 III.

1883 4049 2073 4118 Quinta
2103 4051 2290 4107 classis
2321 4053 2568 4108 collectio
2602 4056 2684 4110 vel
2718 4055 3058 4111 conversatio
3088 4066 3399 4113 sanctorum

1810 4141 2047 4200 declarat
2097 4145 2340 4202 homines
2383 4143 2739 4220 negligentes,
2789 4159 2845 4206 et
2885 4150 3020 4206 alias
3061 4167 3219 4222 qttam
3259 4166 3394 4221 quas

1810 4246 2022 4308 Oportet
2061 4240 2111 4293 in
2140 4241 2337 4294 sacculo
2367 4253 2588 4312 agentes
2615 4243 2986 4312 Operationes,
3029 4243 3247 4299 nomine
3284 4252 3398 4298 tan-

1810 4331 2082 4386 tummodo
2125 4333 2469 4390 christianos.
2515 4335 2582 4390 Et
2614 4335 2734 4391 ideo
2771 4335 3013 4390 hortatur
3042 4335 3161 4390 illos
3188 4335 3234 4389 si
3263 4350 3398 4406 quo-

1805 4426 1966 4482 modo
1993 4431 2192 4484 reversi
2217 4445 2247 4485 a
2275 4430 2595 4502 negligentia
2624 4431 2830 4502 possint
2855 4430 2992 4484 salvi
3017 4444 3136 4486 esse
3154 4471 3169 4498 ,
3198 4439 3251 4484 ct
3275 4429 3396 4485 ideo

1805 4521 1878 4574 ait
1907 4540 1920 4576 :

189 4641 241 4697 9.
265 4643 386 4698 Scio
417 4642 790 4698 tribulationem
815 4654 954 4697 tuam
973 4655 1019 4698 et
1047 4655 1415 4716 paupertatem,
1447 4648 1535 4701 sed
1561 4647 1698 4701 dives

1872 4634 1928 4689 2.
1965 4635 2088 4691 Esto
2139 4635 2355 4707 vigilans
2396 4645 2444 4690 et
2488 4634 2736 4702 conﬁrma
2779 4644 2964 4689 ca'tera
3007 4648 3102 4702 que
3142 4632 3391 4688 moritura

124 4749 190 4788 es.
213 4735 324 4790 Scit
349 4736 490 4790 enim
520 4736 656 4806 apud
675 4752 735 4791 se
759 4737 952 4791 talibus
977 4737 1190 4792 divitias
1215 4752 1336 4794 esse
1368 4741 1692 4810 reconditas,

125 4837 173 4882 et
197 4829 632 4886 detractationem
659 4830 724 4885 de
736 4830 936 4885 Iudaeis
965 4842 1219 4901 negantes
1238 4874 1252 4896 ,
1283 4833 1463 4889 dicunt
1486 4851 1544 4888 se
1573 4851 1697 4891 esse

122 4920 349 4991 .Iudaaos,
379 4935 432 4980 et
459 4940 560 4979 non
587 4936 731 4991 sunt,
761 4925 853 4979 sed
889 4940 1152 4997 synagoga
1183 4937 1405 4995 satana,
1437 4930 1692 4998 quoniam

124 5016 186 5071 ab
208 5018 519 5073 anticltristo
548 5019 886 5088 colliguntur,
922 5019 1114 5088 quibus
1144 5019 1219 5074 ait
1253 5041 1267 5074 :

190 5111 272 5166 I0.
317 5110 438 5168 Esto
466 5114 630 5180 ﬁdelis
669 5130 822 5182 usque
858 5114 926 5167 ad
960 5125 1188 5170 mortem.
1233 5115 1302 5171 Ut
1348 5128 1695 5187 perseverent

124 5201 301 5260 ﬁdeles
329 5221 450 5262 esse
477 5222 644 5278 usque
672 5207 738 5260 ad
763 5216 1012 5264 mortem.

1801 4740 1942 4783 erant
1968 4746 1986 4783 :
2018 4747 2118 4784 non
2159 4731 2292 4784 enim
2329 4730 2498 4784 inveni
2537 4745 2692 4797 apera
2720 4736 2807 4780 tua
2853 4726 3002 4794 plena
3040 4742 3211 4780 coram
3261 4723 3389 4781 Deo.

1799 4821 1913 4878 Non
1946 4824 2087 4879 enim
2125 4824 2257 4878 satis
2290 4833 2372 4877 est
2401 4821 2645 4876 arborem
2681 4821 2861 4874 vivere
2885 4861 2901 4881 .
2932 4829 2987 4874 et
3020 4818 3251 4874 fructum
3285 4835 3390 4874 non

1800 4915 2032 4980 habere;
2064 4915 2201 4970 sicut
2231 4931 2334 4969 non
2367 4914 2498 4970 satis
2519 4923 2600 4968 est
2623 4913 2972 4967 christianum
2996 4912 3124 4976 dici,
3153 4920 3207 4966 et
3230 4910 3389 4967 Cltri-

1799 5018 1939 5062 stum
1973 5007 2252 5074 confiteri,
2297 5007 2470 5074 ipsum
2505 5021 2630 5062 vero
2659 5005 2711 5060 in
2739 5020 2903 5076 opere
2932 5021 3038 5062 non
3071 5003 3267 5061 habere
3289 5045 3304 5072 ,
3336 5003 3386 5058 id

1800 5111 1883 5158 est
1907 5102 2024 5172 ejus
2052 5110 2320 5172 praecepta
2345 5117 2449 5156 non
2474 5100 2667 5156 facere.

1869 5217 2028 5273 Sexta
2077 5217 2266 5272 classis
2308 5225 2391 5271 est
2433 5216 2774 5272 conversatio
2821 5216 3100 5273 electionis
3145 5215 3382 5286 optimm.

192 5299 276 5353 II.
319 5299 419 5367 Qui
447 5301 616 5354 vicerit
643 5317 743 5355 non
763 5301 974 5356 lwdetur
1001 5320 1034 5356 a
1062 5312 1219 5358 morte
1244 5306 1490 5361 secunda.
1523 5306 1580 5362 Id
1609 5317 1692 5364 est
1793 5308 2140 5365 Consuetudo
2191 5319 2497 5364 sanctorum
2543 5308 2845 5364 declaratur
2868 5350 2883 5374 ,
2939 5308 3126 5364 borum
3179 5306 3386 5362 scilicet

127 5400 223 5444 non
249 5393 591 5459 castigabitut'
617 5395 670 5448 in
699 5394 926 5450 inferno.

190 5484 363 5542 Tertia
394 5487 582 5542 classis
621 5499 927 5547 sanctorum
960 5491 1199 5547 05tendit
1218 5508 1337 5549 esse
1366 5493 1514 5550 viros
1540 5536 1555 5562 ,
1598 5497 1686 5565 qui

1795 5403 1885 5472 qui
1918 5401 2146 5458 humiles
2174 5411 2301 5458 sunt
2342 5402 2394 5457 in
2426 5403 2657 5470 saeculo,
2701 5414 2756 5458 et
2791 5402 3045 5458 rusticani
3069 5401 3122 5456 in
3151 5401 3382 5470 scriptu-

1794 5499 1890 5565 ris,
1933 5507 1988 5554 et
2032 5497 2189 5552 fidem
2234 5497 2580 5553 immobiliter
2607 5507 2825 5563 tenent,
2874 5512 2975 5552 nec
3009 5495 3230 5550 omnino
3269 5492 3380 5550 uIlo

1445 5609 1998 5668 COMMENTARIUS.

191 5722 265 5794 (l)
292 5722 714 5797 Delibatumlteic
742 5731 798 5797 et
822 5724 1013 5797 alicubi
1041 5725 1220 5794 posuit
1242 5739 1339 5793 pro
1365 5724 1684 5797 idolotlryto,

122 5790 216 5848 hoc
247 5790 335 5850 est
358 5811 423 5850 cu
449 5795 589 5865 quod
617 5795 856 5850 simulact
871 5795 918 5851 is
949 5790 1346 5852 immolabatur.
1381 5790 1685 5853 Exorcisarc

1790 5727 2004 5796 expiare
2043 5727 2208 5794 accipi
2249 5726 2498 5791 videtur,
2560 5723 2703 5795 quod
2753 5732 2832 5777 ρει
2873 5731 3066 5796 contra
3107 5722 3374 5796 propriam

1788 5794 1933 5853 verbi
1973 5797 2414 5868 significationem
2450 5815 2462 5848 ε
2497 5794 2616 5870 nam
2653 5795 2916 5870 ἐξορκίξειν
2959 5794 3135 5867 potius
3164 5804 3249 5853 est
3277 5794 3373 5852 01)-

119 5876 240 5923 vero
269 5882 366 5938 pro
401 5883 429 5920 a
471 5877 746 5924 temeratae
775 5881 870 5923 seu
903 5867 1116 5940 pollutae
1150 5868 1428 5940 religionis
1458 5869 1685 5927 crimine
1785 5867 2071 5943 stringere,
2105 5887 2262 5941 quam
2291 5871 2502 5926 solvere
2527 5867 2806 5939 religtone.
