4060 6304
669 312 778 379 3‘23

1918 304 1978 371 S.
2009 309 2351 370 VICTORINI
2386 306 2673 371 SCHOLIA

3851 308 3955 367 εει

669 452 797 492 casu
824 434 974 492 fracti
1000 439 1091 489 ant
1112 425 1749 498 timorei'retrahuntura
1779 428 1903 485 ﬁde.
1934 428 2060 483 ideo
2082 428 2157 484 ait
2181 427 2249 483 ad
2278 433 2325 492 Α
2354 429 2548 485 laniem
2598 446 2657 485 se
2714 427 2910 486 vidisse
2938 427 3167 486 t‘atetur:
3214 433 3271 486 et
3299 440 3440 486 nunc
3483 426 3682 484 exinde
3731 427 3952 495 recolit,

669 530 792 586 illos
825 549 840 585 :

739 628 792 680 8.
846 600 979 678 Dedi
1016 631 1134 677 ante
1167 629 1215 676 te
1248 621 1432 677 ostium
1472 626 1741 691 apertum,
1787 625 1835 674 et
1874 618 2111 688 quoniam
2145 633 2252 673 ser-

665 718 789 772 vasti
817 715 1021 771 verbum
1049 716 1310 788 patientia:
1334 728 1480 769 ntere.
1525 713 1582 768 In
1613 721 1719 767 tam
1750 711 1936 783 parvis
1960 710 2185 766 viribus.

736 809 824 866 l0.
863 808 929 863 Et
952 824 1046 880 ego
1076 818 1124 863 te
1144 806 1352 863 servabo
1380 806 1442 861 ab
1470 806 1597 861 hora
1629 805 1941 860 tentationis.
1982 802 2055 861 Ut
2082 803 2253 859 sciant

663 903 969 975 huiusmodi
1011 904 1235 975 gloriam
1278 916 1430 957 suam
1456 918 1470 955 :
1495 915 1596 957 nec
1635 899 1853 971 quidem
1901 899 1955 954 in
1998 897 2251 954 tentatio-

662 1012 785 1055 nem
816 1010 912 1054 eos
937 998 1074 1053 tradi
1097 996 1355 1069 permitti.

735 1092 823 1148 12.
866 1088 968 1160 Qui
1002 1091 1178 1145 vicerit
1218 1092 1305 1160 ﬁet
1347 1091 1585 1145 columna
1622 1089 1678 1144 in
1714 1088 1901 1155 templo
1937 1085 2054 1143 Dei.
2103 1085 2252 1143 Sicut

661 1185 803 1240 enim
835 1185 1082 1238 columna
1117 1181 1283 1239 decor
1303 1192 1385 1239 est
1415 1181 1667 1246 aediﬁcii,
1712 1180 1792 1236 sic
1818 1179 1909 1251 qui
1940 1193 2251 1250 persevera-

661 1277 821 1343 verit,
852 1274 1185 1331 nobilitatem
1221 1276 1273 1330 in
1304 1273 1545 1330 Ecclesia
1566 1280 1946 1345 consequetur.

732 1369 972 1439 Septima
1003 1382 1219 1439 quoque
1237 1366 1490 1423 Ecclesiae
1515 1366 1762 1423 collectio
1777 1365 2042 1433 declarat,
2076 1363 2251 1421 homi-

661 1476 759 1520 nes
781 1463 1077 1533 locupletes
1098 1462 1151 1517 in
1181 1461 1537 1533 dignitatibus
1564 1462 1877 1527 collocatos,
1905 1459 2001 1516 sed
2026 1457 2251 1515 creden—

662 1565 742 1611 tes
784 1566 839 1611 ut
882 1555 1178 1626 locupletes
1202 1596 1216 1618 ,
1258 1554 1401 1625 apud
1429 1568 1564 1625 quos
1595 1554 1647 1608 in
1686 1552 1935 1609 cubiculo
1971 1553 2251 1622 scriptum

658 1650 876 1722 quidem
907 1657 1203 1705 tractantur
1221 1690 1236 1714 ,
1262 1647 1396 1704 foris
1418 1656 1598 1704 autem
1624 1657 1749 1702 sunt
1777 1646 1984 1711 ﬁdeles,
2012 1657 2067 1701 et
2091 1658 2121 1700 a
2150 1659 2249 1701 ne-

2356 539 2475 593 quze
2504 539 2599 594 per
2621 525 2791 594 legem
2823 523 2875 577 in
2906 522 3347 579 similitudinibus
3377 521 3741 592 praenuntiata
3775 529 3949 589 erant,

2356 628 2410 673 et
2438 633 2533 689 per
2555 617 2692 673 hanc
2720 616 3039 686 scripturam
3066 615 3338 687 coniungit
3367 629 3559 670 omnes
3580 612 3801 684 priores
3831 626 3956 680 pro-

2359 710 2566 781 phetas,
2598 717 2655 765 et
2679 709 2851 779 aperit
2889 710 3207 779 scripturas.
3244 708 3308 764 Et
3329 706 3453 780 quia
3480 715 3771 778 postquam
3821 703 3958 762 invi-

2356 802 2486 857 tavit
2507 803 2559 856 in
2586 804 2780 858 omium
2824 817 3012 857 omnes
3036 801 3316 858 credentes
3366 800 3417 854 in
3452 799 3672 856 nomine
3704 813 3810 852 suo
3844 795 3955 851 Do-

2353 894 2532 950 minus
2563 906 2766 959 noster,
2796 896 2973 949 statim
3026 893 3287 963 Spiritum
3315 903 3563 950 sanctum
3618 880 3821 948 effudit
3865 887 3953 962 qui

2354 985 2590 1041 l‘erturus
2615 995 2698 1042 est
2721 984 2800 1059 (l)
2828 984 2897 1041 ad
2926 985 3145 1054 cminm,
3172 985 3280 1041 ait:

2424 1080 2481 1134 2.
2514 1079 2701 1135 Statim
2726 1080 2801 1149 [ui
2822 1080 2876 1133 in
2896 1080 3099 1150 spiritu.
3134 1078 3200 1134 Et
3245 1094 3366 1135 cum
3392 1076 3666 1149 aperiatur
3697 1092 3804 1150 per
3831 1072 3951 1149 Spi-

2354 1171 2515 1228 ritum
2536 1180 2779 1228 sanctum
2809 1187 2961 1227 mens
2986 1170 3249 1239 ﬁdelium,
3280 1181 3336 1227 et
3381 1168 3511 1226 illud
3557 1171 3636 1226 eis
3684 1166 3950 1225 manifes-

2355 1271 2515 1331 tetur,
2575 1264 2718 1335 quod
2772 1271 2828 1320 et
2877 1262 3141 1336 prioribus
3191 1271 3275 1320 est
3330 1261 3705 1335 praedicatum,
3741 1259 3951 1334 signiﬁ-

2352 1366 2538 1413 canter
2557 1358 2651 1412 ait.

2424 1449 2495 1505 Et
2522 1466 2632 1505 ecce
2655 1450 2798 1506 sedes
2818 1451 2983 1523 posita
2999 1460 3108 1507 erat
3128 1449 3182 1505 in
3208 1450 3355 1507 ctzlo.
3397 1436 3566 1507 Sedes
3587 1447 3792 1521 posita,
3824 1446 3947 1521 quid

2353 1554 2456 1609 est,
2481 1542 2583 1599 nisi
2613 1542 2771 1600 sedes
2795 1544 2980 1615 iudicii
3011 1552 3065 1601 et
3091 1543 3276 1616 regis?

2423 1638 2478 1694 5.
2534 1638 2602 1693 Et
2629 1655 2787 1710 supra
2834 1639 3003 1694 sedem
3046 1638 3247 1705 sedens,
3292 1640 3475 1697 similis
3514 1650 3727 1714 aspectu
3780 1642 3946 1714 lapidi

659 1746 805 1799 mine
832 1744 1234 1815 intelliguntur,
1261 1739 1527 1811 iactantes
1552 1741 1759 1797 scilicet
1787 1754 1869 1807 se,
1909 1747 1966 1795 et
2010 1738 2249 1794 dicentes
2342 1732 2542 1803 jaspidi
2572 1740 2618 1787 et
2643 1734 2844 1789 sardio.
2866 1733 3040 1804 Supra
3064 1732 3256 1789 solium
3287 1736 3485 1793 vidisse
3511 1736 3584 1792 ait
3627 1734 3943 1793 similitudi-

659 1849 717 1892 se
755 1837 932 1891 omnia
980 1850 1342 1907 cognoscere,
1402 1833 1611 1905 praediti
1653 1833 1846 1888 ﬁducia
1899 1831 2210 1887 litteraturae
2229 1871 2246 1898 ,
2276 1846 2326 1909 Β
2353 1842 2475 1883 nem
2496 1827 2719 1900 iaspidis
2746 1838 2802 1885 et
2826 1829 3012 1885 sardii.
3037 1827 3217 1900 Jaspis
3246 1845 3398 1902 aquae
3427 1831 3625 1888 coloris
3650 1842 3759 1899 est,
3822 1847 3943 1889 sar.

658 1942 821 1999 opere
849 1940 1025 1985 autem
1051 1934 1332 1995 vacantes,
1370 1938 1427 1984 ct
1451 1928 1574 1983 ideo
1595 1926 1671 1981 ait
1699 1943 1714 1981 :

731 2023 821 2079 15.
868 2020 1046 2094 Neque
1085 2023 1299 2093 {rigidos
1328 2034 1486 2090 neque
1514 2024 1760 2093 ferventes
1787 2018 1905 2074 illos
1931 2032 2054 2073 esse.
2084 2016 2142 2073 Id
2164 2023 2249 2073 est

660 2128 834 2186 neque
882 2114 1227 2182 incredulus,
1276 2127 1449 2184 neque
1481 2111 1667 2167 ﬁdeles
1707 2130 1721 2166 :
1758 2111 1825 2166 ad
1874 2125 2062 2166 omnes
2101 2110 2245 2165 enim

656 2208 834 2262 omnia
862 2216 1003 2263 sunt.
1040 2206 1106 2262 Et
1124 2206 1375 2277 quoniam
1401 2205 1491 2275 qui
1519 2218 1625 2259 non
1654 2202 1881 2274 frigidus
1900 2211 1985 2259 est
2011 2216 2113 2259 nec
2142 2216 2237 2258 ca-

655 2298 820 2365 lidus,
846 2299 941 2354 sed
975 2298 1184 2369 tepidus
1205 2309 1308 2364 est,
1332 2311 1588 2353 nauseam
1610 2295 1754 2357 facit.
1784 2296 1857 2349 ait
1886 2311 1901 2350 :

725 2391 814 2449 l6.
866 2389 1077 2445 Vomam
1102 2400 1150 2444 te
1177 2390 1239 2444 de
1267 2405 1354 2444 ore
1377 2402 1507 2443 meo.
1546 2386 1755 2444 Nausea
1781 2385 2025 2458 quamvis
2052 2384 2235 2441 odibi-

658 2486 723 2542 iis
745 2484 844 2552 sit,
879 2493 1057 2539 tamen
1087 2483 1359 2540 neminem
1388 2482 1533 2537 laedit
1567 2480 1683 2537 :sic
1710 2487 1768 2537 et
1793 2477 2096 2549 huiusmodi
2137 2477 2239 2534 ho-

654 2578 827 2633 mines
877 2592 1000 2632 cum
1044 2575 1246 2632 iuerint
1296 2573 1543 2646 proiecti.
1589 2571 1699 2629 Sed
1748 2571 1874 2643 quia
1923 2582 2134 2642 tempus
2159 2576 2243 2627 est

660 2670 993 2741 poenitentiae
1011 2709 1026 2735 ,
1054 2668 1131 2722 ait
1158 2685 1173 2721 :

727 2764 816 2821 l8.
850 2762 1059 2819 Suadeo
1091 2760 1182 2817 tibi
1205 2764 1261 2815 ut
1291 2776 1430 2815 emas
1472 2776 1505 2813 a
1534 2775 1614 2815 me
1638 2774 1822 2814 aurum
1858 2757 2153 2829 conﬂatum.
2182 2754 2241 2811 ld

654 2870 771 2924 est,
820 2874 928 2930 quo
956 2858 1118 2913 modo
1148 2858 1353 2927 poreris
1396 2871 1493 2927 pro
1517 2855 1733 2911 nomine
1763 2852 1977 2911 Domini
2010 2853 2119 2925 pati
2147 2851 2244 2908 tri-

653 2951 962 3007 bulationes
986 2958 1042 3007 et
1066 2950 1365 3021 passiones.

722 3045 791 3100 Et
835 3045 1049 3116 collyrio
1083 3045 1274 3117 inunge
1314 3043 1489 3099 oculos
1524 3051 1660 3099 tutos.
1714 3041 1787 3099 Ut
1825 3040 1968 3113 quod
2007 3040 2240 3097 libenter

649 3139 934 3211 cognoscis
980 3154 1076 3208 per
1113 3139 1468 3209 scripturam,
1506 3139 1666 3209 huius
1702 3138 1865 3193 etiam
1896 3151 2033 3209 opus
2057 3135 2240 3193 facere

2351 1920 2473 1977 dius
2516 1921 2672 1992 ignis.
2724 1922 2850 1991 Hinc
2873 1922 2980 1978 duo
3021 1922 3219 1994 iudicia
3270 1924 3444 1996 posita
3494 1941 3618 1983 esse
3651 1942 3832 1998 usque
3876 1929 3943 1985 ad

2348 2015 2865 2072 consummationem
2917 2015 3064 2072 orbis
3106 2032 3270 2088 super
3322 2018 3549 2075 tribunal
3589 2019 3687 2076 Dei
3740 2021 3942 2079 exinde

2347 2106 2777 2176 manilestantur,
2805 2124 3030 2180 quorum
3063 2109 3392 2180 iudiciorum
3424 2127 3588 2168 unum
3641 2112 3758 2182 iam
3810 2127 3940 2170 oon-

2348 2211 2670 2255 summatum
2696 2211 2779 2257 est
2807 2200 2860 2256 in
2890 2202 3213 2273 cataclysmo
3225 2218 3320 2274 per
3332 2218 3551 2275 aquam,
3577 2204 3726 2262 aliud
3752 2214 3936 2263 autem

2348 2295 2808 2351 consumtnabitur
2830 2308 2926 2365 per
2947 2296 3143 2366 ignem.
3536 2341 3560 2366 ,

2419 2390 2486 2444 Et
2510 2390 2601 2444 iris
2627 2400 2736 2446 erat
2758 2391 2813 2446 in
2837 2392 3053 2447 circuitu
3080 2390 3271 2449 throni.
3306 2390 3406 2449 Iris
3426 2401 3608 2451 autem
3643 2395 3793 2453 circa
3844 2410 3935 2453 so-

2344 2480 2475 2537 lium
2528 2484 2747 2540 eosdem
2777 2484 2988 2541 colores
3041 2485 3222 2542 habet.
3275 2485 3376 2543 Iris
3417 2498 3574 2545 arcus
3603 2487 3830 2556 dicitur,
3870 2489 3939 2547 de

2342 2586 2451 2645 quo
2466 2574 2625 2630 etiam
2652 2575 2721 2631 ad
2759 2574 2872 2632 Noe
2896 2584 2951 2632 et
2987 2576 3054 2633 ad
3083 2576 3220 2633 ﬁlios
3246 2576 3360 2649 eius
3391 2578 3601 2636 loeutus
3625 2588 3718 2637 est
3747 2580 3937 2637 Domi-

2344 2681 2444 2721 nus
2472 2665 2662 2735 (Gen.,
2685 2671 2793 2740 ut).
2823 2684 2890 2725 ne
2919 2669 3170 2726 timerent
3191 2670 3326 2726 ultra
3351 2669 3612 2728 diluvium
3656 2673 3715 2729 in
3765 2690 3934 2746 gene-

2344 2764 2553 2815 ratione
2576 2761 2691 2828 Dei,
2719 2760 2815 2817 sed
2838 2762 3035 2833 ignem.
3069 2762 3158 2820 Sic
3181 2746 3449 2820 enim’ait:
3478 2764 3722 2821 Statuam
3748 2782 3933 2824 arcum

2342 2866 2522 2907 meum
2547 2851 2599 2907 in
2627 2853 2878 2923 nubibus,
2919 2864 2977 2911 ut
3005 2870 3113 2912 non
3151 2854 3264 2926 iam
3293 2870 3485 2928 aquam
3527 2856 3794 2929 linteatis,
3841 2859 3934 2917 sed

2341 2945 2540 3017 ignem.

2412 3041 2466 3097 6.
2490 3040 2558 3097 Et
2582 3052 2702 3099 ante
2719 3041 2889 3099 sedem
2909 3051 3166 3115 tamquam
3191 3059 3332 3100 mare
3359 3045 3576 3101 vitreum
3608 3045 3786 3103 simile
3813 3064 3933 3120 erg-

2338 3136 2508 3192 stallo.
2541 3136 2597 3192 Id
2625 3146 2708 3194 est
2735 3136 2937 3194 donum
2968 3139 3238 3210 baptismi,
3265 3139 3409 3212 quod
3431 3155 3527 3212 per
3548 3139 3750 3198 Filium
3773 3157 3932 3199 suum

647 3231 883 3287 coneris.
916 3229 987 3286 Et
1012 3231 1266 3302 quoniam
1287 3232 1332 3286 si
1365 3231 1446 3286 his
1475 3230 1651 3286 modis
1681 3230 1927 3287 homines
1955 3229 2025 3286 de
2045 3236 2243 3299 magno
2263 3248 2310 3313 ο
2342 3232 2671 3302 pmnitentiat
2700 3241 2964 3305 tenipore,
2991 3247 3276 3306 antequam
3301 3236 3559 3306 iudicium
3585 3236 3777 3305 iaciat,
3800 3238 3934 3296 elia-

645 3325 858 3380 excidio
880 3322 950 3379 ad
976 3338 1228 3396 magnam
1250 3324 1480 3380 redeant
1503 3325 1897 3394 paenitentiam,
1932 3338 2039 3378 non
2062 3324 2236 3379 solum

645 3416 748 3472 sibi
804 3425 931 3471 sunt
979 3416 1139 3471 utiles
1162 3457 1181 3480 ,
1230 3416 1326 3472 sed
1386 3424 1442 3472 et
1469 3416 1654 3472 multis
1684 3415 1938 3484 prodesse
1970 3422 2234 3485 possunt;

645 3509 952 3589 mercedem
986 3524 1092 3564 non
1122 3509 1448 3565 mediocrem
1470 3510 1549 3565 eis
1574 3508 1840 3580 promisit,
1870 3506 2123 3563 nimirum
2145 3523 2233 3564 se-

646 3602 777 3658 dere
805 3602 862 3657 in
888 3600 1026 3657 solio
1051 3599 1265 3671 iudicii.

1238 3709 1307 3750 EX
1331 3709 1521 3751 CAPITE
1565 3710 1640 3754 ιν.

719 3782 848 3846 Post
896 3789 1003 3847 hinc
1052 3788 1156 3844 uidi
1205 3798 1253 3844 et
1291 3805 1404 3845 ecce
1457 3790 1643 3844 ostium
1690 3796 1924 3860 apertum
1980 3787 2036 3844 in
2086 3785 2229 3856 ccelo.

645 3884 851 3941 Ostium
879 3894 1124 3955 apertum
1156 3882 1211 3937 in
1232 3882 1393 3952 ctelo,
1409 3881 1622 3939 Novum
1650 3878 2059 3938 Testamentum
2089 3894 2232 3951 pra:-

611 3999 617 4006 -
646 3976 880 4031 dicatur.

716 4089 783 4145 Et
808 4107 907 4147 uox
928 4090 1096 4162 prima
1130 4106 1285 4161 quam
1311 4089 1484 4146 audivi
1500 4133 1516 4158 ,
1548 4100 1791 4160 tanquam
1816 4091 1959 4148 tubae
1983 4089 2235 4161 loquentis

642 4199 858 4250 mecum,
889 4184 1062 4239 dicens
1087 4205 1100 4241 :
1124 4184 1342 4241 ascende
1370 4184 1491 4240 huc.
1521 4183 1747 4252 Quando
1774 4191 2017 4254 apertum
2048 4191 2234 4238 osten-

643 4276 825 4343 ditur,
859 4276 1103 4332 clausum
1146 4276 1313 4332 fuisse
1350 4287 1510 4332 antea
1539 4274 1849 4331 hominibus
1891 4273 2233 4331 manifestum

640 4379 743 4425 est.
789 4368 929 4426 Satis
981 4378 1156 4426 autem
1194 4379 1248 4426 et
1286 4369 1444 4441 plene
1492 4368 1813 4440 patefactum
1858 4377 1970 4437 est,
2022 4366 2233 4440 quando

641 4460 887 4517 Christus
923 4476 1043 4516 cum
1071 4476 1297 4533 corpore
1329 4462 1384 4541 in
1413 4462 1583 4517 ctelos
1623 4458 1691 4516 ad
1720 4456 1934 4516 Patrem
1966 4461 2230 4518 ascendit.

637 4554 755 4610 Vox
777 4564 955 4610 autem
987 4555 1131 4627 prior
1160 4571 1320 4626 quam
1347 4556 1631 4620 audierat,
1664 4570 1783 4609 cum
1810 4553 1937 4609 dicit
1964 4554 2112 4610 illam
2141 4570 2230 4612 se-

2339 3334 2436 3389 dit.
2485 3333 2610 3390 ideo
2635 3343 2761 3390 ante
2788 3334 3005 3398 solium,
3046 3334 3099 3391 id
3137 3343 3222 3392 est
3263 3336 3543 3406 iudicium.
3580 3334 3718 3393 Cum
3748 3347 3931 3396 autem

2339 3425 2467 3482 dicit
2482 3415 2631 3484 mare
2648 3427 2877 3483 vitreum
2899 3427 3075 3484 simile
3093 3427 3406 3499 chrystallo,
3429 3444 3621 3500 aquam
3647 3430 3930 3501 mundam.
4018 3474 4019 3477 η

2337 3520 2607 3587 stabilem,
2639 3536 2745 3575 non
2790 3529 2952 3576 vento
2979 3521 3254 3592 agitatam,
3287 3538 3393 3579 non
3434 3522 3486 3578 in
3539 3524 3788 3592 proclivo
3836 3525 3930 3582 de-

2268 3628 2271 3631 ·
2337 3610 2613 3678 liuentem,
2639 3612 2733 3669 sed
2767 3621 3036 3684 tamquam
3064 3612 3283 3670 domum
3313 3614 3408 3671 Dei
3434 3606 3775 3674 inamabilem
3824 3627 3930 3675 tra-

2337 3706 2503 3764 ditam
2527 3709 2781 3765 ostendit.

2409 3798 2480 3855 Et
2507 3817 2597 3871 per
2638 3802 2906 3857 circuitum
2945 3802 3079 3858 sedis
3121 3812 3339 3875 quatuor
3384 3802 3656 3862 animalia.
3687 3803 3931 3874 Quatuor
4018 3812 4019 3857 Ψ

2335 3896 2582 3953 animalia
2605 3906 2835 3969 quatuor
2853 3908 2977 3955 sunt
3000 3900 3306 3971 Evangelia.

2409 3992 2603 4048 7—l0.
2635 3992 2869 4048 Primum
2898 3993 3091 4048 animal
3120 3993 3283 4049 simile
3333 3993 3491 4061 leoni,
3542 4004 3591 4051 et
3645 3996 3927 4053 secundum

2334 4088 2500 4144 simile
2527 4087 2709 4158 vitulo,
2742 4098 2788 4144 et
2817 4089 3020 4144 tertium
3047 4088 3236 4143 habens
3260 4090 3446 4161 faciem
3462 4088 3684 4145 similem
3706 4091 3924 4161 homini,

2335 4191 2381 4236 et
2410 4188 2647 4253 quartum
2669 4182 2836 4239 simile
2864 4182 3054 4253 aquilae
3078 4182 3308 4249 volanti;
3338 4183 3578 4239 habentia
3597 4184 3717 4240 alas
3742 4198 3926 4240 senas:
4018 4196 4019 4257 ᾖ

2336 4286 2381 4332 et
2403 4292 2493 4348 per
2521 4278 2788 4332 circuitum
2817 4289 2864 4333 et
2892 4279 3053 4346 intus,
3081 4276 3234 4349 plena
3255 4279 3451 4343 oculis;
3476 4288 3523 4335 et
3558 4280 3794 4350 requiem
3824 4295 3926 4335 non

2337 4368 2586 4423 habebant
2611 4369 2863 4424 dicentia:
2898 4369 3142 4437 Sanctus,
3175 4370 3417 4438 Sanctus,
3465 4368 3715 4437 Sanctus,
3747 4370 3929 4427 Domi-
4018 4382 4019 4409 ι

2335 4476 2433 4515 nus
2463 4462 2800 4534 omnipotens.
2837 4461 2902 4516 Et
2924 4462 3240 4533 procidentes
3262 4464 3439 4535 uiginti
3467 4473 3687 4534 quatuor
3701 4465 3928 4521 certiores

2335 4564 2453 4608 ante
2488 4555 2658 4610 sedem
2701 4556 3037 4611 adorauerunt
3080 4555 3263 4612 Deum.
3312 4556 3512 4628 Viginti
3559 4567 3796 4630 quatuor
3840 4573 3926 4616 se-

637 4663 759 4703 cum
789 4662 910 4704 esse
948 4644 1179 4704 locutam
1208 4690 1224 4717 ,
1267 4648 1383 4704 sine
1422 4645 1852 4704 contradictione
1890 4648 2064 4719 arguit
2095 4658 2190 4706 eos
2209 4691 2224 4716 ,
2252 4654 2307 4717 Β
2333 4646 2514 4703 niores
2537 4646 2726 4719 viginti
2750 4658 2978 4719 quatuor
2997 4649 3112 4705 libri
3133 4658 3260 4705 sunt
3287 4651 3694 4721 prophetarum,
3715 4662 3775 4719 et
3792 4652 3925 4723 legis

637 4740 728 4809 qui
758 4737 919 4794 alium
951 4740 1002 4795 in
1043 4740 1358 4812 prophetis,
1405 4738 1565 4795 alium
1606 4737 1659 4795 in
1701 4738 1997 4812 Evange‘iio
2041 4741 2229 4798 dicunt

637 4822 801 4886 fuisse
832 4834 1104 4898 locutum;
1161 4838 1283 4889 cu'm
1311 4834 1479 4906 magis
1507 4831 1624 4906 ipse
1658 4832 1749 4905 qui
1780 4832 1924 4890 venit
1949 4875 1965 4897 ,
2012 4833 2127 4905 ipse
2157 4834 2227 4892 sit

637 4925 727 4997 qui
764 4925 815 4980 in
850 4927 1124 4999 prophetis
1165 4930 1371 4985 locutus
1401 4939 1504 4987 est.
1552 4930 1787 4986 Joannes
1822 4929 1964 4986 eni'm
2004 4946 2070 4985 ex
2114 4930 2223 4987 εἰτὸ

636 5020 967 5076 cumcisione
1003 5032 1157 5088 erat;
1188 5028 1242 5079 et
1283 5008 1459 5078 omnis
1498 5022 1588 5080 ille
1621 5025 1848 5095 populus
1888 5025 1975 5095 qui
2008 5022 2221 5083 Veteris

635 5111 967 5169 Tesmmenti
1010 5114 1447 5184 pratdication'em
1477 5114 1738 5186 audierat,
1776 5116 1864 5174 illa
1889 5133 2022 5175 voce
2054 5116 2223 5176 aedili;

634 5216 788 5261 catus
810 5206 913 5262 εὲι.

2332 4742 2630 4800 referentes
2662 4745 2964 4800 testimonia
2983 4744 3189 4816 iudicii.
3221 4749 3358 4805 Sunt
3386 4756 3569 4803 autem
3603 4756 3661 4802 et
3690 4745 3923 4818 vinginti

2328 4845 2559 4907 quatuor
2586 4848 2785 4906 patres,
2831 4836 3110 4894 duodecim
3152 4838 3382 4908 apoStoli
3411 4848 3466 4894 et
3495 4836 3786 4895 duodecim
3830 4852 3924 4909 pa-

2330 4932 2599 4987 triarchae.
2623 4930 2887 4987 Animalia
2921 4932 3080 5002 igitur
3095 4932 3240 5004 quod
3263 4932 3560 4989 dill'erentia
3588 4942 3714 4988 sunt
3738 4932 3923 4987 vultus

2329 5024 2466 5080 hanc
2485 5025 2683 5081 habent
2704 5026 2963 5081 rationem
2991 5042 3007 5091 ;
3048 5026 3224 5082 simile
3256 5026 3398 5082 leoni
3424 5025 3646 5092 animal,
3678 5025 3919 5081 Marcum

2326 5120 2586 5190 designat,
2617 5121 2670 5175 in
2693 5132 2799 5191 quo
2827 5136 2929 5176 vox
2959 5121 3131 5177 leonis
3156 5123 3209 5176 in
3238 5136 3421 5178 eremo
3465 5122 3725 5194 rugientls
3767 5119 3920 5177 audio

2327 5222 2431 5268 tur.
2456 5213 2695 5269 Hominis
2716 5222 2892 5269 autem
2920 5213 3086 5286 ﬁgura
3105 5216 3323 5272 enititur
3342 5216 3622 5272 Matthzeus
3633 5216 3919 5274 enuntiare

705 5297 813 5354 Illa
839 5296 1111 5373 eddemqne
1134 5316 1252 5371 vos,
1283 5296 1474 5375 inquii,
1498 5308 1651 5375 quam
1675 5306 1961 5373 audierant,
1980 5306 2073 5362 illa
2095 5304 2222 5360 mihi
2323 5305 2477 5361 nobis
2500 5321 2669 5378 genus
2689 5305 2867 5362 Maria:
2887 5306 2991 5380 (2).
3017 5308 3159 5364 unde
3178 5324 3394 5366 carnem
3411 5312 3618 5380 accepit
3641 5308 3915 5365 Christus.

631 5390 761 5447 dixit
789 5390 809 5447 ὲ
834 5392 1061 5449 Attende
1088 5394 1208 5449 huc.
1238 5394 1295 5450 Id
1324 5398 1407 5450 est
1443 5395 1681 5471 Spiritus,
1713 5400 1873 5469 intem
1905 5398 2066 5469 paulo
2094 5404 2219 5453 ante

587 5525 592 5533 .
630 5486 789 5556 quani
820 5484 986 5543 ﬁlium
1018 5487 1251 5545 hominis
1274 5488 1416 5546 inter
1441 5491 1761 5548 candelabra
1810 5506 1971 5549 aurea
2028 5491 2219 5548 ambu-

2324 5396 2463 5468 Ergo
2482 5398 2607 5453 dum
2636 5409 2914 5455 enumerat
2943 5399 3010 5455 ab
3040 5401 3308 5456 Abraham
3343 5416 3512 5472 usque
3537 5402 3604 5457 ad
3636 5401 3827 5467 David,
3856 5408 3914 5458 et

2322 5506 2489 5561 usque
2510 5491 2578 5547 ad
2614 5490 2834 5563 Josepit,
2863 5501 3132 5563 tamquam
3180 5493 3250 5550 de
3275 5493 3496 5551 homine
3541 5494 3758 5551 locutus
3803 5501 3912 5550 est.

2013 5604 2565 5663 COMMENTARIUS.

700 5721 777 5798 (si)
812 5720 1055 5783 Ferturus
1087 5742 1183 5800 pro
1206 5726 1436 5800 laturus,
1460 5736 1516 5784 et
1543 5726 1597 5799 si
1617 5728 1824 5800 nunc!
1872 5734 1975 5781 usu
2029 5734 2207 5800 gram-

629 5795 963 5871 maticorum,
1006 5795 1279 5871 uti'etiam
1325 5799 1483 5871 paulo
1512 5795 1828 5871 anteodire,
1874 5810 1972 5871 pro
1999 5795 2200 5867 odisse,

630 5867 885 5937 dicimus;
917 5869 1203 5926 lectionem
1237 5867 1416 5927 tamen
1447 5868 1671 5941 antiqui,
1702 5880 1758 5927 et
1778 5867 2013 5928 maxime
2041 5878 2197 5926 vetu-

2316 5734 2454 5783 state
2480 5724 2803 5782 venerabilis
2833 5723 3036 5785 codicis
3061 5724 3346 5785 immutare
3373 5725 3662 5785 noluimus.

2309 5834 2327 5852 ρ
2380 5798 2462 5873 (2)
2489 5793 2726 5873 Hominis
2745 5797 3105 5873 autemﬁgura
3117 5800 3618 5873 enitituridlatthwus
3643 5797 3917 5873 enuntiare

2305 5868 2449 5926 nobis
2476 5886 2632 5940 genus
2656 5868 2860 5926 Mariae.
2884 5868 3020 5927 Vide
3041 5881 3100 5928 ut
3128 5872 3299 5930 tradat
3322 5870 3633 5932 Mattbatum
3649 5870 3911 5943 genealo«

4017 5926 4019 6009 ἵ
