3942 6306
610 326 715 385 327

1815 331 1872 388 S.
1907 331 2245 394 VICTORINI
2284 335 2569 396 SCHOLIA

3763 340 3859 396 528

612 441 986 513 prophetarum
1007 480 1022 507 ,
1066 455 1376 514 magnorum
1405 442 1612 498 scilicet
1645 444 1875 500 virorum
1913 448 2003 518 qui
2034 467 2189 518 qttas-
2217 458 2265 514 Α
2295 470 2450 524 quam
2469 455 2551 507 leo
2573 451 3104 524 confregitmortem,
3133 459 3191 508 et
3205 465 3324 520 aute
3345 450 3413 507 de
3426 463 3495 508 eo
3523 457 3856 522 prtenuntiata

609 549 841 606 cumque
870 535 1126 588 habebant
1156 536 1361 604 palmas
1386 538 1726 592 victoriarum
1756 556 1970 594 suarum
2002 552 2190 598 Contra

611 636 907 698 peccatum,
951 627 1138 680 victori
1185 630 1423 682 omnium
1453 627 1690 694 Christo,
1725 645 1816 684 eas
1845 632 1944 685 sub
1971 633 2192 700 pi-dibus

603 719 896 790 jactabant.
939 720 1119 774 Palma
1145 731 1324 776 autem
1353 735 1406 777 et
1434 737 1632 778 corona
1669 724 1809 778 idem
1852 724 2155 794 signiﬁcant
2181 766 2196 792 ,

607 828 727 884 qua:
755 829 861 868 non
891 812 1085 868 dantur
1113 814 1211 868 nisi
1237 814 1446 870 victori.

1188 921 1257 960 EX
1294 921 1484 962 CAPITE
1527 924 1577 962 V.

679 999 730 1054 l.
765 995 830 1052 Et
860 998 964 1053 vidt
993 999 1045 1053 in
1075 1000 1283 1055 dextera
1313 1003 1533 1057 sedentis
1573 1020 1724 1072 super
1750 1005 1973 1061 tribunal
2011 1007 2196 1061 librum

606 1092 850 1160 scriptum
874 1093 1011 1144 intus
1032 1103 1079 1146 et
1106 1095 1254 1163 foris,
1293 1097 1549 1164 signatum
1581 1097 1765 1166 sigillis
1796 1110 2003 1168 septem.
2039 1099 2197 1154 Liber

609 1185 694 1238 hic
724 1182 888 1240 Vetus
920 1184 1322 1241 Testamentum
1349 1187 1634 1256 signiticat,
1665 1189 1804 1258 quod
1828 1201 1908 1243 est
1941 1191 2121 1245 datum
2142 1192 2193 1246 in

607 1277 856 1332 manibus
905 1278 1110 1332 Domini
1144 1279 1314 1334 nostri
1353 1279 1508 1336 Jesus
1535 1281 1753 1350 Christi,
1795 1283 1885 1352 qui
1924 1285 2128 1353 accepit
2165 1297 2192 1336 a

607 1365 766 1424 Patre
786 1370 1068 1435 judicium.

675 1463 732 1529 2,
759 1465 809 1518 5.
849 1463 911 1518 Et
939 1465 1038 1518 uidi
1081 1466 1329 1536 Angelum
1367 1467 1684 1538 fortitudinis
1722 1468 1959 1538 plenum,
2001 1467 2193 1538 praedi-

606 1565 802 1609 cantem
822 1572 940 1610 voce
969 1573 1154 1628 ntagna
1183 1575 1202 1612 :
1230 1559 1356 1626 Quis
1381 1570 1454 1613 est
1484 1560 1666 1630 dignus
1691 1563 1889 1629 aperire
1913 1561 2118 1625 librum,
2149 1569 2196 1613 et

605 1647 794 1700 solvere
823 1648 1086 1718 signacula
1122 1649 1233 1719 ejus
1251 1651 1276 1701 ἶ)
1299 1661 1343 1703 et
1367 1667 1510 1704 nemo
1536 1652 1766 1706 inventus
1796 1664 1865 1706 est
1895 1653 2078 1722 dignus
2108 1668 2195 1705 ue-

605 1756 698 1809 que
723 1743 776 1792 in
806 1741 932 1794 caelo
962 1757 1120 1810 neque
1144 1744 1196 1795 in
1227 1751 1381 1808 terra,
1412 1760 1570 1812 neque
1590 1745 1756 1797 subter
1785 1754 1969 1798 terram
2000 1745 2196 1812 aperire

2299 547 2508 602 fuerant
2531 547 2776 616 replevit,
2802 556 2856 602 et
2887 548 3154 601 boininem
3190 547 3454 610 liberavit,
3477 547 3524 601 id
3554 557 3633 603 est
3657 563 3854 604 carnem

2297 642 2363 698 de
2377 654 2566 708 morte,
2592 650 2646 697 et
2661 640 2866 710 accepit
2884 641 3274 710 possessionem
3294 642 3640 696 substantiam
3655 643 3860 698 morien-

2299 742 2384 802 tis,
2411 738 2460 792 id
2484 748 2563 792 cst
2586 737 2945 792 membrorum
2966 735 3343 791 humanorum.
3360 734 3430 793 Ut
3447 735 3583 792 sicut
3596 752 3688 807 per
3709 753 3854 794 unum

2295 844 2491 900 corpus
2518 845 2704 885 omnes
2737 829 2982 885 homines
3002 829 3182 885 debito
3205 829 3390 885 mortis
3415 845 3525 886 sua:
3552 830 3854 898 ceciderant,

2299 940 2394 995 per
2425 942 2587 980 mutm
2615 928 2775 980 etiam
2815 939 3011 994 corpus
3045 925 3277 979 universi
3309 925 3591 980 credentes
3625 925 3785 980 renati
3809 924 3856 978 in

2300 1018 2458 1072 vitam
2490 1027 2852 1088 resurgerent.
2877 1017 3068 1072 Merito
3085 1033 3211 1088 ergo
3231 1017 3392 1073 facies
3414 1017 3543 1072 Mosi
3570 1016 3794 1087 aperitur
3811 1025 3859 1072 et

2297 1111 2597 1177 revelatur;
2646 1110 2870 1182 ideoque
2921 1111 3305 1182 Apocalypsis,
3352 1109 3625 1165 Revelatib
3659 1107 3848 1164 dicitur.

2299 1203 2455 1258 Modo
2487 1205 2629 1258 enim
2669 1204 2804 1258 liber
2827 1203 2944 1273 ejus
2972 1205 3296 1274 resigttatur,
3325 1202 3488 1258 modo
3516 1203 3698 1258 hostiae
3725 1202 3858 1257 obla-

2301 1296 2460 1350 tinnis
2487 1295 2880 1366 itttelliguutur,
2909 1296 3068 1350 modo
3088 1295 3429 1352 Sacerdomm
3451 1296 3693 1351 chrismte
3711 1295 3854 1350 fabri-

2298 1392 2469 1455 catio;
2501 1390 2593 1446 sed
2624 1400 2677 1444 et
2703 1391 3004 1445 testimonia
3027 1399 3211 1461 aperte
3241 1390 3627 1460 intelliguntur.

2368 1485 2422 1548 8,
2456 1483 2510 1538 9.
2563 1481 2756 1554 Viginti
2805 1492 3023 1553 quatuor
3063 1484 3285 1538 seniores
3315 1493 3359 1537 et
3387 1491 3601 1548 quatuor
3637 1481 3857 1537 animalia

2296 1579 2519 1632 citharas
2544 1588 2595 1633 et
2633 1579 2835 1649 phialas
2866 1578 3126 1645 habentes,
3159 1587 3204 1632 et
3224 1589 3486 1634 cantantes
3507 1578 3745 1632 canticum
3771 1593 3855 1631 no-

2298 1690 2433 1727 vum.
2476 1673 2775 1742 Conjuncta
2813 1672 3020 1727 Veteris
3051 1671 3380 1728 Testamenti
3412 1673 3713 1743 przediratio
3748 1686 3854 1726 cum

2299 1779 2457 1829 novo,
2484 1765 2736 1834 populum
2756 1762 3106 1818 christianum
3136 1763 3403 1834 signiﬁcat
3428 1773 3722 1820 cantantem
3746 1777 3856 1816 can-

605 1835 808 1890 ίίδηυη·
839 1837 1058 1906 “Perire
1078 1848 1256 1892 amem
1285 1838 1478 1893 “brum
1501 1847 1603 1906 es"
1638 1854 1732 1908 Per
1760 1837 2029 1894 homme'"
2049 1853 2194 1892 m0"
2223 1857 2270 1916 B
2299 1858 2460 1912 ticum
2491 1873 2706 1921 novum,
2735 1858 2786 1912 id
2815 1867 2898 1913 est
2913 1856 3304 1913 confessionem
3335 1873 3485 1914 suam
3519 1857 3721 1928 publice
3743 1871 3856 1911 con-

607 1936 713 1982 tem
745 1927 1049 1984 devincere.

676 2023 732 2076 4.
766 2020 882 2076 Hoc
922 2024 1105 2093 dignus
1137 2025 1303 2092 facere
1343 2041 1486 2079 nemo
1528 2035 1600 2079 est
1645 2027 1892 2082 inventus.
1933 2026 2114 2096 Neque
2141 2025 2194 2081 in

605 2112 811 2185 angelis
841 2116 909 2170 de
934 2117 1109 2183 ctelu,
1144 2132 1315 2186 neque
1360 2119 1410 2171 in
1454 2118 1759 2172 hominibus
1801 2120 1853 2172 in
1902 2131 2062 2184 terra,
2097 2135 2196 2174 nec

608 2209 749 2264 inter
773 2209 979 2263 animas
1010 2221 1318 2265 sanctorum
1349 2213 1399 2264 in
1426 2215 1627 2282 requie,
1660 2213 1759 2266 nisi
1785 2213 1929 2267 Solus
1953 2212 2197 2268 Christus

604 2299 771 2356 Filius
791 2301 906 2367 Dei,
929 2318 1085 2371 quem
1103 2304 1234 2357 dicit
1254 2303 1452 2358 vidisse
1468 2320 1660 2375 agnum
1678 2315 1906 2358 stanti-tn
1929 2315 2194 2375 tamquam

603 2400 866 2460 occisum,
913 2394 1198 2450 habentem
1232 2413 1431 2450 cornua
1476 2408 1702 2465 septem.
1737 2397 1887 2463 Quod
1933 2415 2036 2452 non
2079 2409 2196 2454 erat

611 2495 736 2543 tunc
762 2487 1127 2558 prmdicatum,
1153 2499 1205 2544 et
1223 2489 1478 2558 quidquid
1513 2507 1604 2559 per
1627 2493 1801 2545 varias
1826 2492 2122 2547 oblationes
2142 2503 2196 2548 ct

602 2581 890 2645 sat-rilicia,
941 2583 1024 2636 lex
1072 2583 1123 2637 iu
1175 2583 1322 2637 illum
1368 2584 1617 2638 meditata
1667 2584 1857 2650 fuerat,
1893 2587 2063 2655 ipsum
2097 2587 2195 2640 int-

608 2676 758 2745 plere
776 2674 1078 2744 npitrtebat.
1101 2676 1164 2730 Et
1190 2677 1313 2746 quia
1337 2677 1449 2745 ipse
1467 2686 1582 2732 erat
1600 2685 1827 2732 testator
1849 2680 1937 2748 qtti
1967 2693 2192 2734 mortem

600 2765 897 2832 devicerat,
931 2769 1100 2837 ipsum
1139 2779 1254 2822 erat
1287 2767 1488 2836 justum
1520 2771 1773 2824 CottStitui
1806 2771 2058 2824 heredem
2092 2771 2195 2825 Do-

600 2861 754 2927 mini,
779 2873 836 2917 ttt
853 2862 1154 2932 possideret
1174 2863 1498 2918 subtantiam
1522 2866 1825 2929 morientis,
1851 2865 1901 2920 id
1921 2875 2001 2920 est
2020 2881 2191 2921 mem-

600 2952 695 3009 bra
721 2953 978 3009 humana.
2121 2939 2123 2941 ’

671 3049 727 3105 5.
777 3048 910 3104 Ecce
938 3050 1053 3103 vicit
1086 3048 1162 3104 leo
1191 3049 1253 3103 de
1275 3049 1406 3103 tribu
1448 3047 1608 3112 Juda,
1635 3052 1786 3106 radiat:
1815 3050 2001 3106 David.
2043 3051 2194 3108 llunc

604 3142 816 3200 leonem
846 3143 912 3198 de
948 3144 1088 3198 tribu
1115 3142 1251 3200 Juda
1282 3144 1473 3198 vicisse
1509 3143 1560 3198 in
1589 3143 1788 3199 Genesi
1828 3145 2070 3213 legimus,
2104 3145 2193 3199 ubi

2301 1955 2578 2008 terentem.
2630 1952 2836 2008 Novum
2888 1962 3000 2018 cst,
3047 1952 3212 2006 tilium
3261 1952 3353 2008 Dei
3417 1951 3681 2008 hominem
3734 1949 3851 2003 lieri.

2297 2045 2503 2100 Novum
2531 2053 2632 2108 est,
2666 2061 2785 2100 cum
2808 2060 3034 2115 corpore
3063 2046 3116 2100 in
3141 2044 3308 2100 etelos
3334 2043 3642 2100 ascendere.
3669 2041 3850 2097 Novum

2298 2150 2400 2204 est,
2421 2139 2789 2195 remissionem
2809 2148 3146 2208 peccatorum
3163 2138 3466 2194 hominibus
3481 2139 3626 2194 dare.
3643 2136 3848 2200 Novum,

2297 2245 2485 2286 sancto
2513 2232 2714 2300 Spiritu
2739 2231 2937 2302 signari
2967 2231 3229 2287 homines.
3260 2231 3464 2287 Novum
3502 2240 3601 2296 cst,
3629 2227 3852 2284 sacerdo-

2299 2325 2429 2379 tium
2472 2326 2715 2393 accipere
2765 2340 2933 2380 sacra:
2969 2325 3395 2392 observationis,
3439 2335 3493 2381 et
3529 2337 3735 2394 regnum
3763 2335 3849 2375 ex-

2297 2427 2542 2485 spectare
2565 2415 2842 2470 immensae
2883 2417 3336 2483 repromissioiiis.
3369 2413 3582 2471 Cithara
3605 2426 3652 2470 et
3673 2409 3850 2468 chorda

2298 2510 2351 2564 in
2396 2510 2535 2580 ligno
2581 2520 2800 2566 extensa
2849 2511 3112 2581 signilii-at
3141 2527 3357 2568 carnem
3384 2509 3579 2566 Christi
3613 2505 3850 2580 passionis

2297 2603 2438 2665 ligno
2478 2604 2837 2674 cottjunctam.
2884 2604 3062 2659 Phiala
3093 2606 3520 2671 confessionem,
3552 2611 3604 2659 et
3631 2601 3744 2656 novi
3772 2612 3848 2652 sa-

2296 2694 2518 2750 cerdotii
2567 2697 2934 2768 propaginem.
2975 2696 3301 2766 Angelorum
3339 2707 3516 2752 autem
3565 2693 3842 2755 multorum,

2296 2788 2460 2842 immo
2503 2789 2740 2844 omnium
2780 2790 2913 2855 laus,
2953 2792 3190 2844 omnium
3222 2791 3369 2846 salus
3401 2801 3512 2858 est,
3543 2799 3597 2846 et
3632 2785 3848 2843 testimo-

2295 2879 2442 2934 nium
2466 2882 2732 2936 universa:
2756 2884 3047 2938 creationis
3073 2882 3297 2939 Domino
3315 2895 3502 2940 nostro
3529 2878 3844 2939 referentium
3913 2881 3915 2890 '

2295 2973 2700 3043 gratulationem
2730 2974 3063 3030 liberatiunis
3091 2975 3368 3030 hominum
3401 2976 3466 3031 de
3485 2973 3632 3031 clade
3659 2963 3842 3026 mortis.
3913 2951 3915 2986 ⁹

2297 3064 2608 3135 Resiguatio
2640 3065 2968 3137 sigillorum,
2999 3077 3057 3121 ut
3078 3065 3334 3135 diximus,
3370 3069 3575 3139 apertio
3599 3067 3678 3120 est
3705 3061 3846 3118 γεω.
3913 3047 3915 3082 ⁵

2297 3159 2371 3214 ris
2420 3158 2784 3222 Testamenti,
2835 3171 2889 3216 et
2940 3161 3348 3231 praedicatorum
3401 3157 3757 3234 praenuntiatio
3803 3155 3846 3206 in
3912 3143 3915 3170 ⁷

603 3235 771 3293 Jacob
819 3239 1120 3309 patriarcha
1148 3239 1259 3292 ait:
1288 3237 1429 3291 Juda
1459 3246 1505 3290 te
1531 3239 1814 3291 laudabunt
1859 3242 2043 3308 fratres
2073 3239 2143 3290 tui
2176 3253 2264 3323 :C
2299 3253 2590 3307 novissimo
2651 3263 2892 3322 tempore
2936 3254 3264 3321 murorum;
3297 3271 3418 3326 qua,
3460 3257 3580 3310 ηρει
3612 3250 3847 3320 scriptura
3912 3237 3913 3262 ³

597 3333 868 3388 rccubuisti
888 3374 903 3399 ,
934 3344 980 3388 et
1011 3333 1274 3396 dormisti,
1319 3343 1363 3385 et
1400 3332 1663 3385 sun-existi
1705 3343 1961 3401 tamquam
1995 3331 2070 3385 leo
2091 3373 2104 3392 ,
2147 3340 2192 3385 et

598 3435 858 3493 tamquam
886 3425 1088 3479 catulus
1117 3426 1276 3479 leonis
1306 3423 1488 3492 (Gem,
1516 3440 1666 3488 xm,
1703 3425 1758 3492 8,
1792 3425 1869 3492 9).
1901 3425 1980 3478 Ad
2005 3425 2191 3479 devin-

598 3519 830 3574 cendum
873 3519 1015 3572 enim
1058 3528 1283 3570 mortem
1330 3517 1412 3570 leo
1451 3517 1622 3570 dictus
1649 3525 1760 3582 est;
1790 3517 1854 3570 ad
1888 3517 2192 3587 patiendum

599 3625 730 3665 vero
762 3625 859 3680 pro
893 3608 1220 3674 hominibus,
1266 3617 1516 3678 tanquam
1562 3624 1730 3678 agnus
1765 3609 1830 3663 ad
1871 3610 2191 3664 occisionem

603 3699 796 3756 ductus
838 3709 939 3755 est.
996 3700 1101 3756 Sed
1135 3701 1256 3770 quia
1301 3710 1528 3755 mortem
1571 3700 1796 3763 devicit,
1840 3711 1894 3755 ct
1941 3701 2194 3768 praui-cuit

607 3794 874 3850 carttilicis
898 3793 1156 3859 ul‘licium,
1188 3793 1338 3862 quasi
1370 3795 1579 3847 occisus
1601 3793 1774 3848 dictus
1798 3804 1900 3849 est.
1934 3793 2027 3848 Hic
2065 3811 2194 3865 ergo

601 3887 776 3953 aperit
797 3894 852 3940 et
883 3888 1140 3955 resignat,
1164 3885 1307 3954 quod
1335 3885 1448 3955 ipse
1469 3889 1771 3956 signaverat
1795 3898 2186 3942 testamentum.

601 3980 715 4038 Hoc
738 3981 1053 4052 signiﬁcans
1083 3979 1254 4034 Mosies
1276 3980 1569 4050 legislator,
1600 3980 1742 4052 quod
1770 3982 2049 4050 oportebat
2072 3995 2194 4036 esse

599 4077 865 4146 signatum
884 4085 936 4129 et
955 4074 1184 4128 celatum
1205 4087 1374 4143 usque
1389 4072 1452 4126 ad
1470 4075 1754 4128 adventum
1775 4075 2038 4143 passionis
2055 4075 2188 4144 ejus,

599 4167 798 4224 velavit
855 4165 1046 4222 faciem
1103 4181 1292 4231 suam,
1323 4173 1378 4219 et
1422 4166 1499 4220 sic
1547 4176 1630 4220 est
1680 4166 1876 4235 populo
1924 4167 2132 4220 locutus
2177 4185 2190 4221 :

599 4259 894 4317 ostendens
927 4260 1097 4314 velata
1144 4273 1264 4313 esse
1291 4257 1450 4311 verba
1497 4255 1892 4326 prmdicatinuis
1937 4257 2192 4326 usquead

600 4352 886 4409 adventum
937 4349 1194 4418 temporis
1238 4350 1375 4418 ejus.
1411 4347 1540 4401 Nam
1573 4356 1623 4402 et
1658 4348 1773 4417 ipse
1813 4364 1929 4402 cum
1979 4349 2195 4418 legisset

600 4446 819 4518 pepulo,
865 4452 1087 4514 acoepta
1141 4443 1260 4497 lana
1290 4443 1503 4497 succiua
1539 4440 1636 4513 (l).
1671 4444 1929 4512 sanguine
1968 4443 2111 4496 vituli
2142 4452 2196 4498 et

597 4556 732 4612 aqua
777 4539 1010 4610 aspersit
1059 4538 1314 4608 populttm
1367 4537 1677 4591 universum
1717 4536 1948 4591 dicens:
1991 4537 2086 4591 Hic
2114 4545 2194 4592 est

2297 3349 2604 3419 pr0phetica
2639 3363 2732 3418 per
2762 3347 2967 3418 singula
3006 3351 3177 3418 sigilla
3208 3351 3373 3417 dicat,
3415 3349 3655 3406 omnibus
3693 3352 3846 3398 tamen
3912 3343 3913 3354 ‘

2296 3444 2474 3510 simul,
2505 3444 2708 3515 apertis
2741 3444 2934 3516 sigillis
2955 3487 2970 3514 ,
3001 3445 3246 3503 ordinem
3285 3462 3443 3503 suum
3488 3445 3641 3500 habet
3681 3432 3849 3511 prardi-

2295 3537 2458 3592 catio.

2896 3669 2964 3710 EX
2990 3669 3177 3712 (ΞΔΡΙΤΕ
3202 3671 3280 3712 VI.

2370 3791 2419 3851 1,
2447 3788 2499 3844 2.
2532 3791 2600 3846 Et
2619 3807 2730 3846 cum
2752 3794 3027 3863 aperuisset
3046 3812 3208 3868 agnus
3228 3813 3386 3850 unum
3402 3797 3465 3851 de
3474 3804 3651 3865 septem
3671 3783 3848 3860 sigillis,

2295 3881 2395 3936 vidi
2421 3893 2467 3936 et
2493 3884 2664 3939 audiui
2691 3902 2846 3940 unum
2879 3888 2942 3941 de
2974 3901 3190 3958 quatuor
3218 3890 3523 3945 animalibus
3549 3888 3726 3948 dicens,
3742 3872 3850 3932 Veni

2296 3987 2342 4030 et
2363 3979 2493 4032 vide.
2526 3977 2591 4032 Et
2621 3995 2731 4034 ecce
2751 3998 2905 4051 equus
2933 3983 3080 4039 albus
3099 4026 3114 4050 ,
3151 3995 3198 4038 et
3222 3987 3310 4056 qui
3335 3985 3536 4042 sedebat
3555 3994 3697 4052 super
3719 3972 3848 4028 illum

2296 4073 2482 4127 habens
2509 4090 2705 4128 arcum.
2757 4075 2960 4145 Aperto
3000 4076 3176 4148 sigillo
3216 4081 3390 4148 primo
3431 4078 3556 4135 dicit
3583 4089 3639 4130 se
3677 4067 3848 4122 vidisse

2297 4181 2489 4236 equum
2508 4167 2688 4222 album
2708 4177 2760 4222 et
2773 4169 3008 4238 equitem
3027 4181 3344 4226 coronatum
3365 4172 3642 4227 habentem
3662 4168 3843 4215 arcum.
3893 4225 3897 4230 ί

2297 4257 2411 4313 Hoc
2439 4261 2578 4314 enim
2628 4276 2723 4330 per
2766 4262 2937 4331 ipsum
2985 4265 3155 4332 primo
3201 4263 3398 4321 factum
3438 4273 3539 4319 est.
3588 4259 3848 4322 POSIquam

2297 4353 2436 4407 enim
2466 4354 2705 4409 ascendit
2734 4355 2787 4410 in
2812 4357 2978 4411 ctelus
3003 4357 3276 4419 Dominus.
3293 4373 3349 4415 et
3369 4356 3573 4432 api-ruit
3601 4351 3844 4408 universa,

2298 4445 2443 4499 misit
2475 4446 2728 4512 Spiritum
2768 4459 3010 4504 sanctum
3034 4493 3048 4517 ,
3097 4453 3250 4518 cujus
3286 4452 3445 4507 verba
3502 4443 3846 4519 praedicatores

2299 4545 2566 4606 tamquam
2625 4537 2844 4608 sagittas
2899 4538 2964 4593 ad
3017 4554 3111 4594 cor
3174 4541 3464 4598 humanum
3517 4535 3845 4603 ttertiullenles

597 4648 813 4704 sanguis
868 4631 1176 4687 testamenti
1217 4630 1367 4701 ejus,
1400 4630 1488 4698 qui
1521 4629 1800 4683 inundavit
1829 4644 1922 4684 vos
1971 4629 2189 4702 (Exod.,
2218 4659 2270 4718 D
2297 4629 2587 4686 emiserunt
2617 4629 2713 4701 (2).
2748 4639 2804 4683 nt
2843 4631 3152 4687 evincerent
3186 4633 3626 4689 incredulitatem.
3658 4621 3843 4679 C‘Wm‘

602 4742 751 4787 xstv,
777 4726 829 4792 7,
859 4723 937 4798 8).
962 4723 1329 4780 Animadverti
1358 4723 1519 4792 igitur
1541 4731 1753 4794 oportet
1771 4722 2039 4779 hominem
2069 4725 2187 4779 dili-

599 4830 788 4888 genter
810 4818 1126 4886 prmdicare,
1150 4828 1203 4872 et
1219 4818 1465 4872 universa
1485 4817 1539 4871 in
1558 4831 1725 4872 unum
1745 4817 2039 4872 cuba-rere.
2061 4817 2192 4874 Nam

545 4909 550 4914 ’
604 4927 712 4968 non
743 4910 940 4965 suilli-it
970 4913 1142 4982 legem
1191 4912 1337 4966 illam
1369 4911 1511 4976 diri,
1557 4911 1652 4966 sed
1694 4923 1773 4966 est
1816 4920 2192 4968 testamentum

607 5005 878 5060 nominata
910 5012 1020 5058 est.
1053 5003 1204 5057 Nulla
1244 5004 1386 5057 enim
1418 5003 1505 5058 lex
1545 5013 1919 5058 testamentum
1950 5013 2190 5065 vocatur.

599 5113 699 5154 nec
743 5105 1122 5152 testamentum
1179 5096 1320 5149 aliud
1375 5095 1592 5161 dicitur,
1643 5097 1741 5151 nisi
1791 5097 1933 5165 quod
1995 5099 2193 5153 faciunt

599 5190 868 5246 morituri.
900 5189 964 5243 Et
985 5189 1362 5259 quodcumque
1389 5190 1711 5244 intrinsecus
1740 5193 2044 5247 testamenti
2073 5202 2188 5260 est,

598 5288 864 5355 signatum
911 5297 994 5340 est
1031 5297 1202 5354 usque
1241 5283 1306 5338 ad
1336 5283 1476 5338 diem
1508 5286 1698 5339 mortis
1740 5289 2028 5342 testatoris.
2063 5287 2188 5340 Ideo

597 5378 758 5436 modo
784 5379 978 5436 merito
1018 5376 1261 5448 signatur
1287 5391 1382 5447 per
1407 5393 1600 5449 agnum
1642 5380 1898 5448 occisum,
1929 5380 2018 5451 qui
2049 5389 2187 5434 tam-

2297 4733 2473 4778 autem
2502 4739 2664 4792 super
2692 4735 2852 4794 caput
2883 4724 3322 4795 praediCatoribus
3363 4738 3443 4783 est
3474 4719 3718 4796 promissa
3765 4719 3846 4779 per

2298 4815 2554 4886 Spiritum
2583 4824 2846 4872 sanctum.
2881 4816 3075 4872 Caneri
3103 4827 3210 4873 tres
3234 4821 3389 4889 equi,
3425 4817 3554 4872 bella
3576 4853 3592 4879 ,
3616 4811 3769 4863 tantes
3799 4801 3845 4850 et

2299 4910 2630 4980 pestilentias
2659 4910 2708 4963 in
2739 4909 3034 4981 Evangelia
3060 4926 3089 4964 a
3121 4911 3344 4966 Domino
3374 4919 3556 4966 nostro
3585 4895 3842 4972 pra-dicata

2297 5003 2628 5057 manifestius
2644 5003 2962 5073 signiﬁcant.
3001 5002 3228 5073 Ideoque
3256 5005 3359 5071 ait,
3389 5013 3549 5057 unum
3576 4993 3640 5048 de
3664 4985 3844 5076 anili“:

2298 5095 2436 5151 libus
2456 5096 2654 5151 dixisse
2685 5071 2828 5166 (quia
2860 5096 3038 5150 omnia
3065 5071 3293 5166 quatuor
3331 5109 3492 5153 unum
3522 5087 3660 5151 sunt)
3684 5121 3716 5175 τ’
3735 5071 3842 5175 lieni

2295 5199 2341 5243 et
2366 5191 2496 5243 vide.
2527 5188 2658 5244 Veni
2699 5188 2893 5243 dicitur
2931 5189 3154 5245 invitato
3193 5189 3258 5244 ad
3307 5190 3482 5244 Iidem.
3523 5177 3646 5235 Vide
3670 5169 3842 5223 dicitur

2293 5282 2364 5346 ei,
2406 5281 2494 5350 qui
2532 5297 2636 5334 non
2680 5279 2910 5334 videbat.
2964 5282 3102 5351 Ergo
3148 5297 3318 5351 cqttus
3360 5279 3512 5334 albus
3540 5268 3743 5325 verbum
3772 5257 3843 5308 θεί

2291 5376 2683 5447 praedicationis
2711 5391 2833 5432 cum
2863 5377 3062 5448 Spiritu
3085 5389 3271 5436 sancto
3314 5381 3367 5436 in
3397 5374 3576 5433 orbem
3615 5361 3832 5420 missum-

1945 5517 2510 5577 COMMENTARIUS.

599 5672 780 5723 sensu,
808 5658 1160 5714 restituimus.

669 5735 747 5801 (t)
780 5730 1021 5788 Succiua.
1053 5731 1129 5785 Ex
1158 5728 1286 5786 Heb.
1312 5747 1386 5799 ιχ,
1415 5728 1504 5785 20.
1533 5725 1820 5800 legendum
1843 5725 2052 5782 videtur
2079 5744 2190 5784 coco

603 5804 759 5856 cinea.
793 5801 1068 5856 GALLAND.

676 5872 754 5944 (2)
800 5871 1105 5927 Emiseruttt.
1137 5873 1431 5931 Dictioncm
1463 5873 1600 5930 hanc
1630 5871 1947 5944 (emiserunt)
1977 5872 2186 5929 addidi-

2303 5671 2442 5721 mus,
2472 5665 2525 5711 et
2553 5657 2764 5732 sagittas
2791 5657 2878 5713 ubi
2903 5662 3101 5732 sagitta:
3129 5663 3272 5732 prius
3311 5659 3594 5732 legebatur.

2295 5709 2415 5784 inus
2425 5709 2455 5780 7:
2484 5709 2678 5782 suis;
2697 5709 3094 5788 caligaria:
3118 5709 3452 5792 i'.'-.'.Ic“"ie'é:i:;
3468 5709 3634 5792 adea
3660 5709 3835 5792 #996."

2293 5814 2451 5928 qtéam
2483 5799 2569 5856 illa
2598 5801 2832 5872 antiqua:
2855 5785 3407 5876 sct'ipturzercuivtio—s
3433 5815 3534 5859 non
3563 5785 3703 5846 Valde
3727 5787 3836 5834 con'

2315 5889 2330 5929 ι
2373 5886 2532 5930 unus.
3412 5928 3418 5930 _
