4060 6290
161 382 273 437 5'29

1309 371 1374 428 IN
1409 365 1873 429 APOCALYPSIN
1907 366 1966 423 Β.
2010 364 2310 424 JOANNIS.

3346 358 3450 416 350

162 500 258 554 Ait
307 497 454 554 enim
497 496 753 552 Dominus
779 507 796 550 :
831 492 1213 550 Prtedicabitur
1253 491 1357 548 hoc
1398 492 1746 563 Evangelium
1774 493 1828 552 Α
1853 488 1928 544 sic
1953 497 2008 543 et
2031 502 2122 542 ara
2150 499 2290 540 aerea
2319 492 2460 538 terra
2486 478 2826 550 intelligitur,
2852 477 2953 534 sub
2979 490 3082 549 qua
3103 483 3188 533 est
3207 475 3450 534 infernus

161 607 265 662 per
297 603 467 646 totum
498 589 681 644 orbem
724 597 986 643 terrarum
1015 586 1068 640 in
1096 583 1459 641 testimonium
1508 583 1756 639 omnibus

159 687 439 758 gentibus,
468 696 522 742 et
551 692 675 739 tunc
700 681 877 738 veniet
904 681 1041 736 ﬁnis.

235 783 295 846 5,
319 782 374 836 4.
403 779 471 836 Et
501 794 613 833 cum
641 777 915 847 aperuisset
939 775 1256 846 signaculum
1272 770 1754 838 secundum,audivi

157 873 445 928 secundum
480 869 670 924 animal
713 869 904 935 dicens,
944 867 1066 922 Veni
1101 878 1147 921 et
1180 867 1312 920 vide.
1363 864 1430 918 Et
1474 865 1595 919 exiit
1627 865 1754 916 alter

158 984 324 1039 equus
361 965 538 1037 rufus,
582 974 628 1017 et
658 963 850 1019 sedenti
888 978 1039 1032 super
1070 961 1216 1016 illum
1245 961 1395 1016 datus
1433 968 1506 1014 est
1551 957 1752 1029 gladius

156 1078 402 1133 magnus.
436 1060 620 1128 Equus
658 1057 805 1114 rulus
846 1067 899 1112 et
929 1058 1019 1128 qui
1055 1055 1280 1112 sedebat
1307 1070 1471 1125 super
1509 1069 1632 1109 eum
1657 1051 1753 1106 ha-

155 1156 298 1212 bens
345 1153 602 1226 gladium,
635 1152 776 1208 bella
807 1151 981 1207 futura
1004 1151 1324 1222 signiﬁcant,
1358 1160 1416 1206 ut
1445 1150 1668 1220 legimus
1697 1149 1749 1203 in

154 1249 452 1319 Evangelio
475 1265 490 1302 :
526 1247 712 1319 Surget
739 1247 870 1302 enim
887 1263 1009 1317 gens
1021 1255 1198 1300 contra
1221 1255 1438 1318 gentem,
1471 1254 1518 1299 et
1539 1260 1751 1316 regnum

153 1343 404 1396 adversus
433 1356 667 1411 regnum,
702 1348 750 1393 et
770 1351 916 1394 erunt
953 1352 1098 1394 terra:
1123 1350 1288 1394 motus
1325 1339 1498 1409 magni
1527 1353 1615 1407 per
1640 1338 1750 1391 loca

153 1433 336 1506 (Lue.,
374 1435 602 1496 “1,10.
637 1432 747 1503 ll).
781 1433 874 1487 llic
903 1444 986 1487 est
1003 1449 1169 1502 equus
1198 1447 1408 1488 roseus.

317 1525 389 1580 Et
421 1542 536 1580 cum
557 1527 835 1596 aperuisset
869 1527 1187 1597 signaculum
1214 1526 1434 1592 tertium,
1457 1525 1630 1579 audivi
1651 1533 1750 1578 ler-

151 1620 282 1674 tium
300 1619 498 1674 animal
518 1620 708 1687 dicens,
742 1617 865 1673 Veni
892 1628 936 1673 et
965 1619 1096 1674 vide.
1135 1618 1200 1673 Et
1242 1635 1353 1673 ecce
1397 1636 1555 1688 equus
1584 1620 1745 1690 niger,

150 1727 198 1768 et
255 1715 345 1786 qui
401 1714 604 1770 sedebat
641 1716 696 1768 in
731 1730 789 1768 eo
838 1715 1028 1768 habens
1079 1723 1318 1768 stateram
1361 1715 1413 1768 in
1447 1730 1601 1768 manu
1631 1730 1744 1768 sua.

148 1805 338 1878 Equus
391 1808 541 1878 niger
585 1807 779 1863 famem
832 1807 1125 1878 signiﬁcat;
1171 1807 1244 1861 ait
1274 1809 1414 1862 enim
1468 1807 1745 1874 Dominus,

147 1911 295 1955 erunt
317 1903 488 1973 fames
530 1917 621 1967 per
645 1901 757 1955 loca
785 1918 802 1955 :
833 1903 1050 1971 proprie
1075 1910 1253 1956 autem
1294 1901 1604 1957 extenditur
1633 1917 1752 1957 ver-

147 1993 278 2050 bum
334 2010 512 2065 usque
552 1994 618 2050 ad
662 1995 959 2049 antichristi
1001 2004 1260 2065 tempora,
1295 1994 1506 2064 quando
1557 2009 1747 2065 magna

150 2087 325 2145 fames
355 2098 441 2145 est
464 2088 663 2156 futura,
683 2088 1002 2160 quandoque
1023 2103 1210 2146 omnes
1232 2089 1514 2145 ltedentur.
1537 2089 1746 2146 Statera

149 2192 331 2239 autem
368 2188 420 2238 in
448 2199 610 2238 manu
638 2183 770 2238 libra
792 2183 1053 2238 examinis
1074 2193 1152 2240 est
1177 2227 1192 2251 ,
1223 2184 1276 2238 in
1298 2200 1398 2255 qua
1428 2185 1617 2240 merita
1637 2185 1747 2239 sin-

150 2276 403 2346 gulorum
432 2276 756 2342 ostenderet,
783 2277 856 2330 ait
883 2275 1024 2331 dein.

224 2368 281 2424 6.
322 2367 511 2423 Vinum
536 2381 582 2423 et
611 2369 774 2423 oleum
801 2386 863 2422 ne
889 2370 1096 2423 lazseris.
1124 2369 1179 2425 Id
1205 2379 1287 2426 est
1316 2371 1589 2426 hominem
1635 2370 1747 2440 spi-

151 2459 408 2516 ritualem
437 2477 502 2516 ne
531 2461 699 2532 plagis
733 2463 1076 2530 percusseris.
1118 2462 1215 2517 llic
1258 2472 1340 2518 est
1367 2479 1537 2534 equus
1576 2464 1744 2534 niger.

228 2553 286 2619 7,
319 2551 376 2607 8.
407 2551 476 2606 Et
505 2569 618 2606 cum
644 2555 920 2620 aperuisset
950 2553 1266 2625 signaculum
1290 2566 1546 2623 quarlunt,
1576 2554 1750 2610 audivi

153 2655 396 2716 quartum
419 2647 611 2700 animal
625 2647 818 2714 dicens,
858 2646 978 2700 Veni
1009 2660 1054 2702 et
1074 2649 1203 2702 vide.
1233 2649 1298 2703 Et
1324 2668 1436 2705 ecce
1463 2668 1617 2722 equus
1637 2649 1750 2720 pal-

155 2739 298 2794 lidus
320 2754 342 2803 ;
363 2751 408 2792 et
431 2740 516 2809 qui
550 2740 750 2794 sedebat
788 2741 840 2795 in
877 2741 997 2808 illo,
1044 2759 1224 2798 nomen
1252 2744 1329 2798 illi
1363 2744 1524 2800 Mors.
1565 2745 1748 2816 Equus

155 2845 339 2888 autem
370 2832 617 2902 pallidus,
642 2844 692 2889 et
721 2835 811 2905 qtti
833 2835 1053 2890 sedebat
1080 2853 1240 2906 super
1263 2853 1407 2901 eum,
1437 2854 1631 2892 nomen
1661 2837 1749 2891 ha-

157 2925 343 2992 bebat,
369 2924 524 2980 Mors.
557 2926 680 2981 [hac
708 2931 892 2983 eadem
921 2945 1132 3000 quoque
1163 2931 1300 2985 inter
1319 2939 1543 2986 caeteras
1569 2931 1749 2986 clades

156 3019 481 3088 promiserat
507 3019 764 3074 Dominus
791 3032 1062 3090 venturas,
1094 3033 1272 3094 pestes
1294 3040 1511 3096 magnas
1532 3035 1584 3080 et
1607 3041 1748 3081 mor-

157 3109 418 3175 talitates,
446 3125 566 3166 cum
596 3112 738 3168 cnim
772 3113 934 3168 dicat.

228 3201 300 3256 Et
344 3203 574 3274 infernus
603 3207 901 3276 sequebatur
941 3207 1105 3261 illum.
1159 3209 1213 3265 ld
1259 3219 1360 3274 est,
1406 3213 1751 3282 exspectabat

155 3295 873 3355 devorationemanimarum
901 3301 1188 3357 multarum
1216 3303 1522 3374 impiarum.
1551 3306 1648 3361 Hic
1666 3315 1746 3363 est
1775 3284 1819 3348 (ἶ
1853 3280 2069 3374 “"9”
2093 3276 2324 3374 ,mnuun,‘
2367 3279 2556 3374 crimes
2593 3277 2884 3374 récesils‘é

155 3407 328 3460 equus
350 3392 591 3462 pallidus.

225 3484 282 3540 9.
319 3484 388 3540 Et
411 3503 525 3540 cum
548 3489 825 3557 aperuisset
846 3491 1073 3562 quintum
1095 3494 1431 3565 signaculum,
1451 3495 1552 3549 vidi
1576 3497 1748 3552 subtus

151 3577 320 3631 altare
343 3579 540 3633 animas
565 3580 963 3646 interfectorum.
994 3584 1214 3642 Animas
1229 3589 1526 3645 occisorum
1549 3591 1746 3647 vidisse

152 3684 212 3724 se
236 3679 422 3726 narrat
453 3671 552 3727 sub
576 3688 666 3727 ara
699 3673 809 3740 Dei,
842 3675 893 3729 id
922 3687 1006 3730 est
1040 3678 1141 3732 sub
1177 3689 1336 3736 terra.
1379 3681 1485 3736 Ara
1514 3683 1654 3738 enim
1691 3693 1747 3740 et

151 3763 352 3820 caelum
379 3775 434 3819 et
471 3775 612 3822 terra
640 3765 835 3823 dicitur
854 3811 870 3835 ,
899 3771 1035 3825 sicut
1066 3771 1148 3827 lex
1176 3774 1288 3839 ait,
1318 3777 1626 3847 imaginaria
1656 3793 1745 3834 ve-

149 3857 326 3912 ritatis
352 3857 482 3915 facie
507 3861 765 3915 mandans
800 3862 934 3918 duas
973 3881 1094 3920 aras
1139 3868 1252 3922 ﬁeri
1281 3869 1383 3942 (l),
1418 3887 1632 3926 auream
1662 3875 1744 3927 in-

151 3950 445 4014 trinsecus,
475 3961 530 4008 et
555 3969 749 4008 tuream
778 3957 1128 4014 extrinsecus.
1155 3959 1264 4015 Nos
1287 3973 1463 4019 autem
1490 3965 1742 4035 intelligi-

150 4059 273 4097 mus
320 4059 470 4100 aram
516 4062 729 4102 auream
775 4050 971 4106 caelum
1018 4052 1089 4107 ita
1130 4053 1277 4121 dici,
1309 4057 1532 4112 Domino
1558 4069 1742 4115 nostro

153 4137 307 4192 nobis
339 4138 701 4195 teStimonium
723 4143 1069 4211 perhibeutc;
1111 4147 1182 4200 ait
1211 4149 1350 4203 enim
1382 4166 1396 4202 :
1427 4149 1555 4204 Cum
1589 4152 1741 4218 o/fers

153 4246 335 4284 manus
363 4240 506 4286 tuum
553 4234 623 4288 ad
651 4251 794 4290 aram
827 4236 1037 4310 (utique
1065 4255 1284 4297 munera
1328 4253 1510 4298 nostra
1542 4246 1742 4301 oratio-

152 4339 247 4380 nes
276 4335 423 4393 sunt,
456 4343 588 4398 quas
610 4328 904 4402 offerimus)
935 4346 981 4388 et
1026 4335 1096 4387 ibi
1119 4337 1413 4391 recordatus
1460 4341 1615 4407 fueris
1648 4341 1740 4395 Ita-

153 4414 264 4471 bere
300 4419 500 4487 aliquid
545 4423 754 4492 fratrem
793 4433 934 4478 tuum
975 4426 1243 4481 adversum
1292 4439 1356 4493 te,
1405 4431 1630 4496 relinque
1671 4435 1740 4488 ibi

154 4526 334 4566 munus
365 4523 506 4567 tuum
531 4523 646 4568 ante
669 4531 811 4569 aram
842 4516 1085 4589 (Matt/1.,
1115 4537 1167 4587 v,
1191 4521 1282 4586 25,
1305 4520 1421 4593 24).
1449 4524 1641 4594 Utique
1671 4527 1738 4582 ad

153 4603 342 4659 ccelutn
373 4605 667 4661 ascendunt
690 4609 980 4665 orationes.
1023 4612 1161 4682 Ergo
1189 4615 1380 4670 caelum
1426 4616 1738 4687 intelligitur

1863 591 2068 638 remota
2095 598 2126 635 a
2152 579 2326 650 pomis
2362 588 2417 634 et
2446 577 2656 648 ignibus
2685 576 2833 644 regio
2853 614 2867 636 .
2898 581 2952 628 et
2981 573 3194 643 requies
3239 579 3451 628 sancto-

1855 692 2009 740 rum;
2036 678 2087 729 in
2129 691 2230 746 qua
2263 672 2476 745 quidem
2502 669 2570 725 ab
2603 667 2782 737 impiis
2805 666 3056 722 videntur
3081 675 3136 720 et
3164 664 3452 720 audientur

1849 769 2000 840 justi,
2032 769 2126 825 sed
2166 783 2274 823 non
2323 767 2453 822 illuc
2492 761 2837 820 transvectari
2889 768 3130 831 possunt.
3186 757 3296 814 llos
3322 772 3450 828 ergo

1854 871 2089 928 sanctos,
2120 860 2173 916 id
2206 869 2289 916 est
2314 859 2522 914 animas
2551 859 2850 911 occisorum
2881 860 3132 920 expetere
3161 849 3448 905 vindictam

1855 953 2148 1023 sanguinis,
2182 952 2232 1006 id
2259 961 2344 1008 est
2370 950 2613 1018 corporis
2656 946 2738 1001 sui
2781 946 2848 1000 de
2895 943 3256 999 habitantibus
3287 957 3449 1011 super

1855 1055 2074 1112 terram,
2107 1045 2276 1099 voluit
2315 1057 2413 1098 nos
2451 1055 2777 1112 cognoscere
2802 1039 2894 1108 qui
2934 1035 3110 1092 omnia
3140 1034 3283 1089 videt
3315 1052 3326 1087 :
3353 1032 3448 1089 sed

1852 1138 1976 1208 quia
2001 1138 2052 1191 in
2075 1136 2369 1191 novissimo
2399 1143 2639 1203 tempore
2670 1131 2832 1186 etiam
2861 1138 3165 1184 sanctorqu
3194 1139 3449 1181 remune-

1853 1231 1990 1285 ratio
2021 1239 2279 1300 perpetua
2314 1271 2330 1294 ,
2359 1237 2416 1284 et
2450 1226 2734 1296 impiorum
2765 1234 2849 1280 est
2887 1232 3105 1278 ventura
3152 1219 3447 1283 damnatio,

1853 1321 2053 1376 dictum
2083 1332 2168 1377 est
2209 1321 2291 1376 eis
2330 1329 2666 1390 exspectare.
2705 1317 2772 1372 Et
2803 1332 2898 1385 pro
2923 1314 3164 1384 corporis
3189 1314 3271 1367 sui
3302 1311 3447 1366 sola-

1853 1417 1949 1482 tio,
1983 1414 2121 1469 datae
2162 1421 2288 1469 sunt
2325 1412 2430 1466 illis
2474 1411 2695 1480 singultu
2732 1408 3060 1464 stolmalbar.
3087 1407 3444 1476 Acceperunt,

1852 1506 2046 1578 inquit,
2075 1506 2243 1561 stolas
2268 1504 2440 1571 albas,
2474 1503 2524 1558 id
2548 1513 2652 1568 est,
2682 1501 2879 1556 donum
2916 1499 3150 1568 Spiritus
3179 1497 3372 1553 sancti.

1927 1599 2012 1654 12.
2068 1597 2135 1652 Et
2185 1599 2287 1652 vidi
2316 1614 2431 1652 cum
2469 1597 2747 1667 aperuisset
2790 1593 3012 1664 sigillum
3050 1600 3268 1655 sextum,
3302 1599 3449 1643 terra:

1855 1701 2017 1746 motus
2049 1691 2216 1763 factus
2243 1700 2314 1746 est
2342 1706 2574 1761 magnas.
2603 1688 2659 1742 In
2690 1697 2842 1742 sexto
2883 1685 3059 1756 sigillo
3086 1685 3256 1739 factus
3284 1692 3447 1739 terra:

1853 1791 2035 1839 motus
2061 1799 2307 1854 magnus,
2341 1783 2455 1852 ipsa
2483 1791 2566 1836 est
2598 1779 2687 1833 illa
2720 1779 3006 1832 novissima
3037 1776 3361 1847 persecutio.

1781 1889 1830 1950 Β
1931 1873 1998 1929 Et
2023 1877 2190 1946 factus
2213 1884 2286 1929 est
2313 1872 2394 1927 sol
2423 1873 2566 1943 niger
2591 1880 2848 1940 tamquam
2875 1886 3052 1924 saccus
3073 1870 3326 1923 cilicinus.
3354 1868 3448 1924 Sol

1857 1967 1915 2021 lit
1937 1975 1996 2022 ut
2021 1981 2233 2032 saccus,
2266 1963 2320 2021 id
2348 1973 2434 2021 est
2474 1961 2765 2018 incredulis
2794 1960 3167 2018 obscurabitur
3193 1958 3450 2030 splendor

1851 2059 2134 2116 doctrinae.

1922 2148 1990 2203 Et
2014 2150 2139 2204 luna
2166 2156 2271 2203 tota
2307 2150 2444 2220 facta
2471 2157 2544 2202 est
2588 2156 2644 2201 ut
2692 2145 2923 2216 sanguis.
2962 2143 3112 2199 Luna
3151 2142 3444 2212 sanguinea

1851 2242 2098 2299 Ecclesia
2119 2254 2424 2298 sanctorum
2455 2239 2758 2296 ostenditur
2783 2255 2880 2311 pro
2892 2237 3106 2294 Christo
3129 2237 3445 2308 sanguinem

1851 2339 1873 2391 l
1877 2337 2098 2392 undere.

1926 2432 2013 2486 15.
2043 2429 2110 2484 Et
2140 2430 2299 2485 stella:
2327 2429 2614 2483 ceciderunt
2643 2429 2696 2482 in
2727 2437 2930 2482 terram.
2966 2425 3251 2482 Stellarum
3287 2439 3445 2481 casus

1853 2525 2042 2582 ﬁdeles
2065 2537 2210 2592 sunt,
2261 2526 2348 2596 qui
2378 2539 2476 2595 pro
2505 2523 2718 2579 Christo
2745 2522 3046 2577 turbantur.

1929 2617 2370 2686 Quemadmodum
2391 2617 2524 2692 ﬁcus
2545 2619 2701 2684 iactat
2727 2631 2928 2686 grossos
2957 2631 3094 2669 suos.
3131 2613 3341 2684 Agitala
3377 2614 3441 2667 li-

1852 2725 1949 2766 cus
1976 2711 2173 2764 amittit
2201 2723 2421 2780 grossos
2442 2723 2588 2774 suos,
2614 2707 2829 2777 quando
2857 2707 3234 2777 persecutione
3262 2705 3443 2762 homi-

1854 2819 1950 2858 nes
1979 2802 2049 2857 ab
2088 2802 2323 2857 Ecclesia
2363 2810 2698 2869 separantur.

1929 2896 2016 2952 M.
2053 2895 2119 2950 Et
2148 2895 2329 2950 calum
2357 2895 2559 2950 recessit
2591 2904 2845 2964 tamquam
2875 2892 3000 2948 liber
3028 2894 3111 2964 qui
3152 2893 3440 2948 involvitur.

1853 2987 2059 3042 Caelum
2093 2985 2313 3049 involvi,
2347 2985 2397 3039 id
2429 2993 2509 3039 est
2532 2983 2772 3038 Ecclesia
2795 2983 2864 3038 de
2890 2983 3065 3038 medio
3094 2984 3203 3039 ﬁet.

1928 3081 1995 3136 Et
2038 3082 2200 3136 omnis
2237 3096 2381 3133 mons
2423 3089 2468 3133 et
2503 3079 2686 3132 insula:
2732 3077 2795 3130 de
2841 3078 2966 3130 locis
2991 3078 3096 3132 suis
3123 3088 3271 3133 molle
3301 3087 3440 3133 sunt.

1853 3177 2003 3233 Mons
2034 3187 2088 3232 et
2116 3176 2306 3231 insulm
2340 3174 2408 3228 dc
2436 3173 2569 3227 locis
2604 3172 2715 3227 suis
2747 3180 2905 3226 mota:
2933 3170 3220 3226 novissima
3253 3186 3438 3241 perse-

3035 3261 3167 3316 locis
3201 3263 3334 3318 suis.
3379 3261 3437 3317 ld

1851 3374 1954 3431 est,
1984 3363 2108 3418 boui
2133 3360 2487 3416 movebuntur
2515 3356 2944 3430 persecutionem
2976 3357 3253 3427 fugientes.

2461 3512 2526 3550 EX
2550 3510 2742 3550 CAPITE
2769 3511 2863 3548 VII.

1921 3613 1975 3666 2.
2008 3611 2076 3666 Et
2103 3611 2206 3666 vidi
2235 3611 2451 3665 alterum
2475 3611 2712 3680 angelum
2734 3613 3081 3664 ascendentem
3107 3626 3139 3662 a
3165 3611 3289 3664 solis
3321 3622 3438 3665 orttt

1850 3704 2110 3758 habentem
2156 3703 2479 3775 signaculum
2534 3699 2629 3755 Dei
2681 3703 2798 3756 vivi.
2850 3701 3053 3755 Heliam
3114 3702 3433 3772 prophetam

1847 3795 2008 3858 dicit,
2058 3793 2147 3864 qui
2180 3794 2582 3863 Anticipaturus
2611 3801 2695 3846 est
2731 3802 2973 3860 tempora
3016 3791 3329 3847 Antichristi
3370 3793 3437 3847 ad

1847 3885 2203 3942 restituendas
2221 3885 2488 3940 Ecclesias
2509 3885 2921 3939 etstahiliendas
2942 3901 2968 3936 a
2999 3900 3186 3954 magna
3215 3895 3269 3940 et
3291 3886 3438 3940 into~

1847 3978 2054 4033 lerabili
2098 3977 2486 4046 persecutione.
2517 3975 2644 4031 Haec
2671 3977 2722 4030 in
2752 3978 3034 4044 apertione
3079 3977 3197 4032 libri
3225 3977 3436 4033 Veteris

1845 4070 2173 4126 Testamenti
2205 4080 2258 4125 et
2285 4068 2417 4124 Novi
2450 4069 2735 4139 prredicata
2765 4069 3025 4140 legimus,
3069 4071 3143 4124 ait
3168 4071 3310 4126 enim
3343 4087 3439 4140 per

1844 4161 2157 4217 Malacltiam
2191 4178 2202 4214 :
2234 4159 2368 4215 Ecce
2396 4178 2487 4232 ego
2514 4163 2710 4215 mittam
2730 4162 2866 4216 vobis
2907 4161 3109 4216 Heliam
3146 4162 3433 4229 Thesbiten,

1845 4267 2126 4310 convertere
2141 4256 2294 4310 corda
2327 4265 2527 4324 patrum
2564 4255 2632 4307 ad
2673 4254 2808 4324 ﬁlios
2842 4254 3121 4327 (Malaclt.,
3155 4273 3226 4321 ιγ,
3259 4258 3313 4322 5,
3355 4255 3435 4326 6),

1843 4345 2136 4402 secundum
2193 4355 2404 4415 tempus
2443 4346 2736 4400 vocationis
2788 4345 3002 4400 Judaeos
3047 4347 3112 4402 ad
3167 4349 3437 4418 sequentis

1843 4439 2023 4509 populi
2054 4437 2211 4492 ﬁdem
2243 4453 2518 4493 revocare.
2546 4438 2613 4492 Et
2655 4439 2776 4492 ideo
2804 4439 3057 4506 ostendit,
3093 4449 3149 4493 ut
3175 4441 3432 4509 diximus,

1846 4547 2128 4587 numerum
2159 4547 2221 4584 ex
2263 4529 2462 4584 Judaeis
2515 4529 2940 4595 crediturorum,
2989 4542 3043 4584 et
3077 4548 3138 4584 ex
3185 4533 3434 4600 gentibus

1843 4639 2086 4696 magnam
2117 4623 2536 4684 multitudinem,
2569 4638 2723 4690 quant
2760 4637 2919 4677 nemo
2947 4634 3154 4693 poterat
3191 4624 3434 4680 dinume-

151 4711 238 4750 ara
270 4714 430 4754 aurea
456 4715 574 4770 quae
601 4711 716 4755 crat
746 4701 1004 4757 interior:
1030 4719 1150 4759 nam
1165 4715 1218 4760 et
1237 4708 1544 4765 sacerd0tes
1566 4713 1732 4768 semel
1763 4681 1814 4742 ι)
1842 4733 1979 4772 mre.
2014 4714 2145 4770 Mitti
2167 4717 2324 4768 etiam
2351 4714 2418 4768 de
2449 4713 2586 4769 caelo
2630 4715 2901 4769 orationes
2947 4715 3201 4771 Ecclesia:
3243 4715 3322 4788 (2)
3362 4717 3432 4771 ab

152 4790 201 4846 in
227 4809 369 4849 anno
422 4795 709 4850 introibant
737 4795 828 4868 qui
871 4796 1140 4854 habebant
1181 4800 1434 4868 chrisma,
1483 4805 1550 4859 ad
1587 4822 1733 4862 aram

151 4899 387 4952 auream,
442 4885 774 4956 signiﬁcante
824 4888 1024 4956 Spiritu
1079 4901 1265 4944 sancto
1307 4891 1578 4950 Christum
1634 4897 1737 4952 hoc

152 4977 316 5032 semel
339 4976 620 5033 iacturum.
654 4977 804 5036 Sicut
840 4995 930 5035 ara
967 4996 1125 5037 aurea
1167 4983 1359 5039 caelum
1405 4989 1731 5058 agnosdtur,

1838 4810 2048 4880 angelo.
2075 4807 2350 4876 etsuscipi
2393 4805 2513 4860 illos
2536 4815 2721 4860 contra
2766 4806 2923 4874 iram,
2964 4808 3160 4863 ell'uud't
3189 4820 3244 4864 et
3290 4812 3434 4866 testi-

1838 4904 1972 4957 mari
2027 4917 2248 4972 regnum
2303 4899 2602 4954 antichristi
2664 4915 2763 4969 per
2809 4902 3027 4973 angelos
3073 4916 3327 4973 sanctos,
3380 4907 3430 4961 iu

1838 4997 2129 5068 Evangelia
2153 4995 2417 5067 legimus;
2463 4995 2539 5050 ait
2567 4995 2709 5050 enim
2745 5015 2758 5051 :
2793 4997 2983 5066 Orate,
3017 5016 3084 5056 ne
3128 5001 3337 5058 intretis
3377 5002 3436 5059 in

1492 5125 2046 5188 COMMENTARIUS.

223 5254 303 5330 (1)
331 5253 587 5311 Mandans
616 5257 880 5336 duasut-as
1064 5260 1188 5336 _Pro
1213 5279 1320 5336 qtto
1356 5265 1406 5320 in
1435 5271 1734 5325 manuscri-

153 5329 242 5408 pto
281 5337 542 5408 corrupte_
569 5329 874 5408 admodum
902 5333 1027 5398 (nisi
1059 5329 1244 5408 fallorl
1282 5337 1578 5408 legebatur.
1623 5341 1734 5396 Me-

155 5400 335 5478 diante_
372 5399 458 5478 qui
509 5401 636 5478 duas
682 5418 801 5455 aras
845 5405 1051 5478 fecerat.
1118 5405 1302 5478 Neque
1334 5399 1542 5466 "tatneu
1599 5413 1736 5469 hanc

154 5469 575 5547 emendationem
601 5472 668 5525 ita
695 5469 863 5528 ratam
893 5476 1203 5547 ﬁrmamque
1218 5469 1455 5543 'haln-bo.
1473 5491 1524 5536 ut
1555 5484 1598 5537 si
1623 5500 1730 5540 me-

157 5538 334 5621 liorem
383 5541 642 5612 quispiam
695 5538 1230 5621 conitttonstraverit,
1283 5566 1385 5606 non
1446 5538 1588 5621 sim,
1645 5538 1732 5610 illa

154 5608 715 5689 desert:_t_,_'e;_nnquam
747 5616 836 5689 ille
860 5618 1120 5675 docuerit.
1148 5608 1487 5689 probaturus.

222 5683 294 5753 (2)
326 5683 462 5737 Mitti
482 5683 632 5736 etiam
664 5684 725 5738 de
744 5688 868 5741 caelo
892 5683 1419 5749 orationes'Ecclesiir.
1444 5696 1617 5752 Locus
1645 5699 1729 5754 hic

156 5751 402 5809 obscurus
422 5763 526 5818 est,
559 5769 658 5809 nec
682 5772 804 5810 eum
853 5761 1046 5815 mendo
1081 5778 1270 5820 vacnre
1313 5751 1729 5823 existimamus}

154 5824 242 5878 sed
269 5840 362 5880 nos
387 5823 615 5906 quidem.
641 5839 837 5906 notare
865 5830 1040 5906 illum,
1079 5850 1186 5889 non
1231 5839 1519 5895 emendare
1559 5840 1730 5895 volni-

157 5909 285 5962 mus,
316 5906 372 5952 ut
413 5897 502 5952 alii
545 5897 707 5953 etiam
745 5901 974 5972 religiosi
1029 5904 1273 5963 homines
1313 5907 1547 5966 habeant
1587 5911 1728 5968 unde

587 5989 856 6058 Ps‘t‘ttOL.
890 5993 964 6053 V.

1837 5271 2122 5352 exercendi
2167 5271 2362 5352 ingenii
2405 5274 2742 5352 occasionem
2782 5280 3064 5348 accipiant.
3093 5281 3425 5352 Quamquam

1840 5359 1946 5398 non
1971 5346 2146 5413 inepte
2165 5344 2643 5422 nobisconjectare
2659 5344 2920 5422 videmur,
2941 5352 2983 5405 si
3015 5344 3264 5420 pro'illos,
3285 5344 3422 5422 illas,

1839 5423 1907 5490 et
1945 5429 2043 5484 pro
2093 5416 2354 5490 testimari,
2396 5419 2621 5490 extingui
2667 5420 2901 5489 legamus
2951 5439 2962 5472 :
3005 5416 3194 5490 quibus
3235 5426 3277 5479 si
3313 5416 3427 5482 luet:

1838 5486 2688 5568 etiamﬁcorrectioaccesserit,nt
2717 5486 2860 5560 prior
2882 5491 2968 5545 illa
2996 5486 3300 5568 coniunctio
3329 5500 3421 5568 (et)

1838 5568 1960 5626 post
1988 5557 2229 5612 Ecclesia:
2254 5558 2544 5614 (lietiouem
2571 5557 2823 5627 ponatur;
2869 5580 2970 5615 non
3012 5563 3165 5617 video
3195 5581 3290 5621 cur
3318 5557 3422 5624 non

1838 5631 2006 5683 multo
2037 5631 2396 5703 ineorrnptior
2421 5641 2473 5683 et
2502 5631 2715 5690 clarior.
2747 5648 2864 5700 ﬂllil‘.
2895 5635 3067 5703 primo
3090 5644 3194 5688 tam
3224 5639 3421 5693 obscu-

1831 5715 1889 5752 ra
1921 5710 2038 5754 erat
2062 5711 2116 5755 et
2138 5702 2516 5761 contaminata.
2555 5711 2815 5755 structura
2862 5702 2945 5756 illa
2980 5705 3262 5761 verborum
3303 5711 3422 5763 el'ﬁ-

1833 5772 2004 5824 ciatur
2035 5787 2048 5824 :
2077 5772 2144 5826 de
2162 5789 2261 5841 qua
2292 5771 2544 5841 quidquid
2568 5772 2917 5828 studiosiores
2945 5775 3190 5832 homines
3217 5790 3421 5835 statue-

1832 5843 1961 5907 rint,
1993 5843 2037 5898 si
2069 5853 2326 5900 rattonem
2355 5843 2583 5912 aliquam
2633 5843 2944 5910 attulerint,
2981 5846 3207 5905 libenter
3230 5867 3421 5924 seque-

1833 5929 1976 5970 llllﬂ‘.
