4060 6276
605 365 713 424 351

1818 359 1875 418 S.
1915 352 2261 419 VICTORINI
2295 351 2586 413 SCHOLIA

3812 344 3930 405 333

607 486 980 553 tentalionem,
1009 485 1104 540 erit
1133 482 1268 542 enim
1291 482 1528 561 angustia
1549 498 1752 557 magna,
1792 483 1957 555 qualis
1977 499 2079 538 non
2108 472 2211 554 fuit
2233 482 2285 541 Α
2309 491 2383 534 est
2401 477 2659 535 silentium
2685 474 2741 529 in
2767 473 2893 530 emta
2914 471 3081 528 media
3106 475 3265 547 ferme
3293 471 3441 527 hora.
3462 468 3569 526 Per
3586 464 3734 540 quod
3750 466 3929 561 signi;

610 580 674 634 ab
695 579 888 650 origine
906 575 1082 631 mundi
1100 592 1119 631 :
1140 585 1186 631 et
1208 575 1305 631 nisi
1321 573 1652 635 abbreviassct
1672 574 1925 630 Dominus
1938 575 2044 629 dies
2062 574 2203 639 illos,

608 687 709 724 non
737 677 861 725 esset
890 668 1032 725 salva
1073 667 1238 722 omnis
1275 683 1393 721 caro
1429 664 1649 741 (illam,
1683 667 1798 733 xui,
1842 664 2058 738 18-20).
2097 664 2206 720 llos

606 778 733 836 ergo
776 760 1128 834 archangelos
1171 775 1393 833 magnos
1426 744 1635 831 Septem
1682 758 1747 814 ad
1798 758 2207 830 percutiendum

603 872 827 930 regnum
866 855 1168 912 antichristi
1203 855 1418 921 mittet;
1468 869 1591 910 nam
1636 863 1690 909 et
1737 854 1853 925 ipse
1900 855 1971 908 ita
2011 852 2147 908 dixit
2188 867 2202 904 :

608 932 751 1004 Tunc
779 949 941 1003 mittet
962 945 1134 1003 Filius
1155 947 1375 1004 Itominis
1394 948 1596 1003 nuntios
1620 963 1737 1002 suos
1766 945 1872 1018 (l),
1902 958 1950 1002 et
1970 945 2210 1017 colligent

602 1040 784 1097 electos
804 1042 915 1114 ejus
933 1040 998 1097 de
1017 1049 1236 1111 quatuor
1261 1042 1465 1114 angulis
1481 1042 1614 1096 venti
1640 1058 1672 1094 a
1702 1040 1890 1111 ﬁnibus
1920 1039 2032 1095 caeli
2052 1054 2210 1111 usque

602 1134 672 1189 ad
692 1134 820 1206 ﬁnes
858 1137 968 1209 ejus
999 1133 1220 1207 (Mam,
1259 1151 1375 1202 xm,
1407 1134 1523 1210 27).
1557 1133 1691 1190 Nam
1741 1142 1796 1190 et
1835 1143 1960 1189 ante
1999 1133 2074 1188 ait
2115 1148 2211 1203 per

598 1229 923 1302 Proplietam
953 1249 965 1284 :
995 1227 1141 1285 Tunc
1170 1230 1264 1284 erit
1291 1245 1395 1302 pax
1415 1238 1565 1283 terrae
1593 1238 1803 1294 nostris,
1831 1244 1947 1283 cum
1970 1242 2209 1282 surrexe-

595 1324 700 1380 rint
725 1327 780 1378 in
808 1340 869 1379 ea
883 1332 1074 1396 septem
1103 1331 1355 1396 pastores,
1387 1330 1434 1376 et
1463 1330 1579 1376 octo
1616 1337 1817 1376 morsus
1839 1320 2133 1385 hominum,
2163 1327 2211 1373 et

600 1415 921 1489 indagabunt
951 1416 1131 1482 Assur,
1162 1415 1215 1471 id
1243 1422 1327 1470 est
1355 1413 1755 1479 antichristum,
1785 1414 1838 1467 in
1872 1414 2011 1486 fossa
2042 1410 2210 1466 Nem-

600 1508 989 1582 brotlt(MicIt.,
1028 1525 1081 1575 v,
1129 1508 1183 1572 5,
1239 1506 1319 1579 6),
1377 1507 1429 1563 id
1476 1518 1559 1564 est
1611 1508 1665 1562 in
1711 1505 1931 1561 natione
1988 1503 2207 1573 diaboli,

600 1603 857 1660 Ecclesia:
888 1603 1105 1675 spiritu.
1137 1601 1396 1659 Similiter
1423 1617 1546 1659 cum
1575 1601 1705 1656 moti
1735 1600 1934 1657 fuerint
1954 1599 2211 1656 custodes

598 1693 809 1751 domus.
832 1691 951 1767 Ipse
974 1703 1154 1750 autem
1181 1693 1442 1750 Dominus
1464 1694 1516 1749 in
1550 1692 1800 1765 parabole
1828 1692 1895 1747 ad
1909 1691 2208 1763 apostolos,

596 1803 718 1847 cum
749 1786 997 1844 venissen
1017 1787 1102 1844 tad
1118 1804 1244 1845 eum
1265 1789 1527 1861 operarii,
1558 1800 1613 1844 et
1633 1788 1897 1847 dixissent
1927 1804 1940 1841 :
1965 1787 2206 1852 Domine,

598 1896 767 1939 nonne
808 1881 996 1937 bonum
1024 1898 1193 1936 semen
1238 1881 1502 1941 seminasti
1542 1882 1594 1935 in
1630 1898 1754 1954 agro
1777 1891 1885 1944 tuo,
1918 1883 2054 1936 unde
2087 1899 2208 1952 ergo
2237 1879 2286 1942 Β

595 1973 667 2027 ibi
691 1973 872 2028 lolium
890 1973 916 2027 ?
939 1973 1201 2042 respondit
1223 1975 1293 2029 eis
1323 1991 1343 2029 :
1367 1973 1618 2028 Inimicus
1637 1973 1789 2028 homo
1817 1975 1910 2028 hoc
1939 1978 2057 2046 fecit
2082 1993 2100 2030 :
2123 1976 2208 2029 cui

597 2067 859 2135 dixerunt,
893 2066 981 2124 Vis
1007 2068 1193 2123 ibimus
1225 2067 1303 2141 (2)
1326 2078 1373 2124 et
1400 2068 1771 2125 eradicabimus
1804 2069 1975 2127 illud?
1994 2071 2082 2141 qui
2108 2070 2202 2136 ait,

598 2159 746 2233 Non,
773 2161 863 2217 sed
884 2160 1038 2217 sinite
1062 2171 1279 2233 utraque
1296 2178 1520 2217 crescere
1542 2178 1697 2234 usque
1725 2162 1793 2215 ad
1822 2179 2054 2225 messem,
2077 2171 2125 2219 et
2153 2164 2208 2219 in

600 2263 827 2327 tempore
863 2254 1039 2309 messis
1074 2252 1607 2321 dicammessoribus,
1639 2254 1880 2325 colligere
1915 2253 2115 2321 lolium,
2157 2260 2207 2308 et

599 2351 768 2419 facere
789 2348 1079 2419 manipulos
1102 2346 1342 2420 (Matth,
1376 2345 1723 2418 χιιι,27-50),
1753 2357 1807 2402 ει
1831 2361 2072 2403 cremare
2096 2347 2205 2417 igni

599 2450 830 2506 aeterno,
862 2439 1095 2494 triticum
1118 2447 1298 2494 autem
1326 2437 1582 2511 colligere
1618 2439 1670 2493 in
1701 2436 1896 2493 horrea
1924 2454 2064 2495 mea.
2097 2439 2207 2495 Hos

598 2533 761 2606 igitur
800 2546 1071 2589 messores
1095 2542 1150 2587 et
1176 2541 1421 2601 pastores
1460 2541 1515 2586 et
1541 2530 1817 2603 operarios
1840 2530 1963 2586 heic
1989 2532 2203 2602 Apoca-

609 2627 782 2703 lypsis
808 2624 1045 2682 ostendit
1070 2639 1192 2681 esse
1218 2624 1458 2695 angelos.
1492 2622 1640 2679 Tuba
1666 2633 1845 2678 autem
1875 2623 2097 2679 verbum
2124 2633 2212 2681 est

601 2719 908 2790 potestatis.
949 2716 1018 2772 Et
1060 2717 1186 2773 licet
1217 2726 1428 2787 repetat
1471 2731 1567 2791 per
1619 2715 1857 2785 phialas,
1887 2731 1995 2771 non
2026 2725 2206 2772 tamen

599 2811 754 2883 quasi
780 2810 863 2866 bis
897 2808 1101 2865 factum
1129 2809 1327 2869 dicitur
1351 2827 1365 2862 :
1390 2808 1483 2864 sed
1501 2808 1751 2881 quoniam
1770 2809 1939 2864 semel
1968 2807 2205 2865 futurum

601 2911 705 2968 est,
733 2898 878 2973 quod
902 2909 988 2957 est
1012 2916 1042 2956 a
1077 2900 1306 2961 Domino
1336 2899 1613 2956 decretum
1643 2907 1703 2957 ut
1729 2900 1839 2967 ﬁat,
1874 2900 1994 2955 ideo
2016 2901 2097 2955 bis
2126 2900 2208 2956 di-

603 2996 763 3055 citur.
790 2995 944 3066 Quod
970 3009 1098 3067 ergo
1126 2995 1179 3051 in
1216 2993 1360 3055 tubis
1391 2995 1566 3049 minus
1592 2993 1745 3061 dixit,
1779 2994 1899 3051 heic
1930 2995 1983 3050 in
2010 2994 2206 3065 pbialis

601 3099 704 3148 est.
752 3087 870 3145 Non
916 3086 1257 3161 aspiciendus
1301 3098 1384 3144 est
1435 3086 1567 3143 ordo
1613 3086 1899 3153 dictorum,
1950 3088 2206 3159 quoniam

602 3200 748 3267 stupe
772 3183 1001 3263 Spiritus
1031 3193 1271 3249 sanctus,
1301 3181 1396 3237 ubi
1423 3182 1491 3237 ad
1530 3182 1807 3237 novissimi
1850 3184 2107 3253 temporis
2138 3184 2205 3237 li-

2311 572 2502 628 licatur
2526 570 2735 625 initium
2763 568 2957 639 quietis
2984 576 3201 623 sclerum
3226 585 3240 621 :
3273 566 3366 623 sed
3391 576 3597 636 partem
3620 560 3923 623 intellexit,

2310 666 2435 738 quia
2464 666 2765 733 interrupto
2788 661 3002 717 silentio
3019 677 3135 716 eam
3160 675 3259 731 per
3274 658 3518 719 ordinem
3542 652 3928 727 repetit.Nam

2312 760 2356 814 si
2379 768 2523 815 esset
2552 757 2677 828 juge
2704 756 2977 811 silentium
3001 798 3016 819 ,
3053 755 3173 811 heic
3200 754 3319 809 linis
3346 752 3594 809 narrandi
3626 749 3810 805 ﬁeret.

2386 851 2475 906 13.
2512 848 2577 904 Et
2602 848 2707 904 nidi
2732 864 2891 903 unum
2918 847 3156 918 angelum
3183 848 3432 902 uolantem
3456 861 3546 914 per
3569 842 3805 899 medium
3824 858 3930 897 cas-

2314 945 2439 999 tum.
2492 941 2596 998 Per
2640 940 2889 1013 angelum
2941 955 3038 1010 per
3090 939 3323 995 medium
3382 938 3578 994 omium
3638 936 3929 990 volantem

2312 1039 2543 1109 Spiritus
2586 1042 2804 1091 sanctus
2871 1033 3220 1106 significatur,
3274 1032 3328 1087 in
3376 1030 3587 1087 duobus
3636 1028 3929 1100 prophetis

2314 1136 2620 1187 contestans
2643 1141 2890 1199 magnam
2914 1126 3189 1198 plagarum
3211 1124 3347 1180 iram
3370 1123 3674 1179 imminere.
3702 1120 3760 1176 Si
3791 1133 3932 1191 quo-

2316 1221 2477 1277 modo
2496 1221 2721 1292 quisque
2747 1220 2937 1277 volens
2961 1219 3031 1273 sit
3064 1218 3364 1275 novissimo
3405 1226 3649 1288 tempore
3686 1228 3926 1271 conver-

2315 1328 2429 1380 sus,
2462 1321 2517 1367 ut
2539 1311 2731 1383 aliquis
2757 1311 2933 1366 adhuc
2956 1310 3136 1366 salvus
3156 1323 3276 1365 esse
3314 1310 3507 1381 possit.

2905 1442 2977 1483 IX
3020 1441 3214 1483 CAPITE
3242 1442 3319 1483 1X.

2388 1567 2479 1636 15,
2506 1566 2594 1629 ll.
2631 1565 2697 1623 Et
2724 1566 2895 1621 audiui
2942 1581 3116 1627 nocent
3158 1581 3315 1627 unam
3338 1582 3402 1621 ea:
3426 1574 3648 1639 quatuor
3680 1566 3931 1625 carnibus

2312 1657 2491 1713 altaris
2509 1658 2649 1713 aurei
2670 1658 2806 1729 quod
2831 1666 2903 1713 est
2923 1658 2976 1713 in
3012 1666 3287 1730 conspectu
3323 1656 3453 1727 Dei,
3485 1658 3740 1715 dicentem
3766 1668 3927 1713 sexto

2316 1751 2505 1823 angelo
2532 1751 2618 1820 qui
2655 1750 2869 1809 habebat
2905 1750 3080 1806 tubam
3109 1767 3128 1805 :
3162 1750 3316 1811 Solve
3363 1761 3581 1823 quatuor
3599 1753 3837 1825 angelos.
3869 1752 3931 1809 Id

2316 1852 2420 1908 est,
2451 1854 2681 1913 quatuor
2710 1843 2934 1915 angulos
2981 1852 3140 1901 terra:
3177 1853 3423 1902 tenentes
3451 1854 3680 1913 quatuor
3706 1855 3929 1907 ventos.

2390 1939 2491 2006 Qui
2515 1939 2659 2010 ligati
2678 1949 2795 1995 sunt
2816 1939 2883 1992 ad
2901 1939 3117 2010 ﬂuvium
3147 1955 3389 2012 magnum
3433 1938 3773 2009 Euphratem.
3822 1939 3931 1997 Per

2311 2033 2541 2104 angulos
2568 2042 2747 2098 terra),
2778 2034 2892 2091 sive
2919 2043 3150 2107 quatuor
3176 2043 3371 2091 ventos
3396 2042 3544 2091 trans
3587 2033 3930 2106 Euphratem

2314 2126 2562 2196 ﬂuvium,
2591 2136 2779 2199 gentes
2806 2136 2930 2185 sunt
2949 2136 3200 2201 quatuor,
3226 2126 3350 2199 quia
3383 2127 3530 2185 omni
3571 2128 3717 2197 genti
3752 2126 3929 2198 depu-

2315 2229 2459 2275 tatus
2487 2230 2570 2274 est
2596 2220 2839 2291 angelus,
2864 2221 3002 2276 sicut
3035 2222 3123 2277 lex
3142 2220 3274 2276 dicit
3312 2236 3325 2272 :
3356 2218 3554 2277 Statuit
3583 2236 3669 2277 eos
3698 2236 3795 2290 per
3824 2237 3931 2276 ttu-

2316 2330 2510 2371 merum
2532 2315 2832 2387 angelorum
2860 2313 2958 2371 Dei
2980 2314 3185 2388 (Deut.,
3215 2331 3381 2380 xxxu,
3408 2314 3487 2387 8).
3515 2315 3692 2371 donec
3708 2324 3934 2370 sancto-

2326 2422 2444 2464 rum
2475 2407 2757 2480 expleatur
2794 2424 3051 2466 numerus
3081 2426 3095 2464 :
3126 2423 3254 2464 suos
3283 2423 3389 2464 non
3431 2405 3785 2479 egrediuntur
3814 2416 3934 2463 ter-

2316 2500 2512 2568 minos,
2550 2501 2672 2572 quia
2715 2505 2769 2559 iu
2811 2503 3106 2560 novissimo
3151 2518 3275 2559 cum
3313 2503 3635 2559 antichristo
3681 2503 3930 2560 venient.

2937 2644 3006 2684 ex
3043 2626 3232 2684 cari-re
3274 2644 3332 2684 x.

2390 2741 2444 2804 i,
2483 2741 2540 2796 Ξ.
2579 2740 2698 2796 Vidi
2725 2742 2944 2797 alterum
2972 2742 3215 2813 angelum
3235 2744 3418 2814 fortem
3444 2740 3842 2797 descendentem
3867 2741 3931 2795 de

2326 2835 2473 2901 ctelo,
2509 2836 2751 2889 amictum
2780 2835 2910 2891 nube
2932 2878 2948 2903 ,
2982 2846 3029 2891 et
3058 2844 3166 2889 erat
3203 2835 3296 2891 iris
3339 2852 3493 2907 super
3537 2845 3694 2906 caput
3723 2836 3861 2907 ejus,
3889 2843 3938 2889 et

2321 2925 2480 2993 facies
2509 2926 2620 2997 ejus
2647 2936 2907 2998 tamquam
2937 2926 3037 2993 sol,
3062 2936 3109 2982 et
3139 2926 3289 2997 pedes
3315 2928 3428 2997 ejus
3447 2935 3712 3001 tamquam
3735 2928 3939 2982 colum-

2319 3033 2400 3071 na:
2428 3018 2597 3090 ignis:
2630 3029 2677 3073 et
2707 3018 2922 3074 habebat
2950 3020 3003 3073 in
3044 3035 3200 3073 manu
3235 3036 3329 3074 sua
3370 3018 3555 3073 librum
3590 3030 3857 3089 apertum,
3889 3029 3939 3074 et

2319 3113 2487 3182 posuit
2513 3112 2691 3183 pedem
2715 3130 2864 3168 suum
2890 3114 3128 3169 dextrum
3154 3129 3308 3184 super
3335 3130 3491 3179 mare,
3521 3113 3792 3168 sinistrum
3834 3130 3937 3168 au-

2315 3214 2417 3259 tem
2439 3223 2590 3276 super
2617 3216 2820 3261 terram.
2865 3206 3128 3278 Angelum
3162 3208 3319 3262 istum
3347 3205 3541 3263 fortem
3569 3249 3583 3273 ,
3609 3198 3772 3279 quem
3803 3206 3940 3262 dicit

602 3292 727 3332 nem
755 3275 1083 3347 percurrerit
1102 3317 1117 3341 ,
1145 3290 1330 3328 rursus
1358 3272 1426 3327 ad
1454 3271 1642 3328 eadem
1673 3281 1911 3344 tempora
1944 3274 2117 3342 redit,
2150 3281 2205 3330 et

2330 3296 2668 3353 descendisse
2694 3298 2762 3354 de
2805 3299 2944 3355 caelo
2985 3299 3238 3355 amictum
3284 3300 3459 3364 nube,
3503 3299 3793 3354 Dominum
3840 3315 3939 3356 no-

605 3367 822 3439 supplet
844 3383 906 3423 ea
927 3382 1046 3438 qua:
1074 3370 1253 3421 minus
1274 3365 1442 3420 dixit:
1470 3379 1569 3421 nec
1599 3366 1953 3434 requirendus
1973 3377 2056 3422 est
2077 3367 2211 3423 ordo

608 3460 662 3515 in
704 3457 1066 3530 Apocalypsi,
1096 3456 1193 3514 sed
1230 3457 1536 3514 intellectus
1572 3457 1880 3527 sequendus
1910 3469 1993 3513 est
2020 3475 2207 3516 eorum

606 3569 728 3621 qum
758 3552 1073 3623 prophetam
1114 3559 1261 3607 sunt.
1309 3550 1444 3606 Sunt
1472 3550 1631 3621 igitur
1655 3551 1954 3625 signiﬁcata
1981 3552 2034 3608 in
2065 3554 2210 3611 tubis

608 3653 665 3705 et
688 3644 881 3716 pltialis
926 3652 1019 3698 aut
1055 3644 1328 3715 plagarum
1366 3643 1483 3700 orbi
1525 3644 1813 3703 missarum
1862 3645 2063 3716 clades,
2119 3658 2213 3704 aut

607 3737 778 3808 ipsius
812 3736 1115 3795 antichristi
1164 3736 1393 3805 insania,
1432 3748 1525 3794 aut
1563 3739 1885 3810 populorum
1923 3741 2209 3810 detractio,

612 3838 704 3889 aut
731 3828 1008 3901 plagarum
1046 3827 1344 3889 differentia
1368 3872 1383 3895 ,
1414 3838 1509 3885 aut
1542 3845 1666 3901 Spes
1706 3832 1762 3888 in
1795 3848 1962 3904 regno
2005 3844 2217 3895 saneto-

614 3937 756 3988 rum,
784 3930 877 3979 aut
903 3922 1057 3977 ruina
1077 3924 1370 3989 civitatum,
1389 3931 1481 3979 aut
1507 3925 1658 3983 ruina
1682 3940 1871 3999 magna
1895 3926 2208 3998 Babylonis,

617 4012 673 4073 id
694 4021 796 4081 est,
828 4013 1059 4069 civitatis
1086 4029 1346 4075 remanat.

687 4103 741 4161 9.
771 4103 900 4160 Post
919 4105 1028 4161 Ittec
1053 4104 1178 4173 vidi,
1209 4104 1277 4165 Et
1301 4121 1412 4163 ecce
1442 4107 1587 4167 turba
1615 4109 1778 4169 multa
1800 4126 1957 4183 quam
1980 4112 2211 4167 dinume-

617 4216 731 4263 rare
770 4217 918 4257 nemo
954 4210 1152 4274 poterat
1191 4217 1254 4257 ea:
1293 4202 1432 4257 omni
1464 4211 1630 4274 gente,
1665 4204 1818 4272 tribu,
1847 4213 1894 4259 et
1928 4205 2135 4276 populis
2162 4216 2213 4271 et

619 4294 829 4366 linguis,
853 4294 1024 4349 amicti
1048 4294 1191 4349 stolis
1216 4292 1363 4349 albis.
1406 4294 1559 4363 Quod
1599 4294 1730 4353 dicit
1755 4297 1907 4354 turba
1935 4300 2101 4361 multa
2143 4316 2215 4361 ex.

619 4386 765 4447 omni
794 4386 956 4453 tribu,
981 4402 1048 4443 ex
1078 4386 1329 4443 omnibus
1348 4386 1690 4443 credentibus
1711 4389 2005 4451 electorum
2026 4408 2211 4449 nume-

616 4496 739 4539 rum
789 4480 1043 4549 ostendit,
1070 4482 1161 4554 qui
1203 4482 1256 4539 in
1283 4481 1543 4553 sanguine
1584 4481 1723 4553 Αεηί
1752 4498 1847 4554 per
1888 4484 2219 4555 baptismum

616 4576 825 4649 purgati
848 4591 973 4634 suas
998 4577 1165 4633 stolas
1184 4575 1427 4635 fecerunt
1448 4576 1704 4637 candidas
1728 4619 1743 4645 ,
1772 4590 2051 4639 servantes
2081 4596 2219 4651 gra-

619 4669 745 4726 tiam
766 4684 926 4742 qnam
951 4677 1294 4742 acceperunt.

1204 4823 1273 4862 EX
1295 4821 1483 4863 CAPITE
1509 4820 1598 4864 Vlll
1608 4850 1621 4864 .

697 4967 746 5026 1.
772 4967 835 5024 Et
861 4984 977 5023 cum
1012 4968 1290 5039 aperuisset
1320 4968 1637 5039 signaculum
1666 4969 1938 5039 septimum
1964 5009 1979 5037 ,
2016 4974 2219 5042 factum

2320 3398 2493 3445 strum
2526 3407 2647 3447 esse
2675 3392 2961 3462 signiﬁcat,
2996 3392 3135 3447 sicut
3162 3394 3412 3465 superius
3434 3398 3835 3450 enarravimus.

2398 3480 2582 3537 Facies
2612 3485 2722 3554 ejus
2749 3485 2877 3538 sicut
2902 3483 3001 3539 sol.
3034 3483 3089 3539 Id
3118 3495 3222 3546 est.
3260 3484 3328 3541 de
3358 3487 3783 3542 resurrectione.

2398 3574 2567 3646 Super
2611 3586 2766 3645 caput
2813 3575 2926 3646 ejus
2969 3577 3081 3632 iris.
3129 3576 3397 3633 Iudicium
3437 3576 3614 3635 innuit
3641 3578 3787 3651 quod
3838 3594 3937 3651 per

2323 3666 2475 3721 illum
2506 3667 2704 3722 factum
2728 3676 2830 3734 est,
2864 3679 2955 3722 aut
2975 3669 3214 3724 futurum
3242 3680 3345 3725 est.

2395 3759 2549 3815 Liber
2568 3771 2796 3831 apertus.
2822 3761 3102 3818 Revelatio
3132 3779 3357 3834 operum
3398 3764 3452 3819 in
3493 3762 3675 3821 futuro
3703 3764 3930 3838 judicio,

2326 3853 2413 3910 vel
2444 3855 2797 3927 Apocalypsis
2826 3872 2984 3927 quam
3011 3858 3219 3926 accepit
3246 3856 3499 3913 Joannes.

2400 3946 2565 4005 Pedes
2584 3950 2716 4019 ejus.
2749 3948 2815 4006 Ut
2839 3950 3089 4021 superius
3112 3950 3367 4019 diximus,
3382 3951 3772 4023 suntapostoli.
3794 3950 3933 4009 Nam

2326 4040 2520 4096 calcari
2546 4041 2616 4095 ab
2662 4055 2728 4097 eo
2772 4050 2829 4096 et
2867 4042 3073 4097 marina
3117 4048 3175 4097 et
3209 4051 3445 4109 terrena,
3485 4044 3667 4099 omnia
3705 4045 3934 4115 pedibus

2325 4134 2442 4204 ejus
2466 4134 2702 4204 subjecta
2728 4134 3015 4204 signiﬁcat.
3065 4135 3328 4205 Angelum
3365 4145 3542 4191 autem
3565 4136 3737 4203 dicit,
3766 4136 3822 4192 id
3848 4147 3934 4193 est

2329 4228 2593 4291 nuntium,
2625 4228 2830 4283 scilicet
2854 4227 3027 4282 Patris
3053 4245 3068 4281 ε
3091 4239 3311 4284 vocatur
3330 4230 3471 4285 enim
3498 4231 3676 4301 magni
3716 4230 3932 4287 consilii

2326 4322 2574 4377 Nuntius.
2603 4322 2875 4377 Clamasse
2895 4336 3106 4393 quoque
3137 4338 3260 4378 eum
3288 4336 3419 4378 voce
3455 4337 3645 4393 magna
3670 4326 3768 4379 ait.
3816 4322 3932 4379 Vox

2329 4431 2521 4487 magna
2550 4424 2634 4471 est
2659 4416 2895 4472 cmlestis
2916 4417 3303 4487 omnipotentis
3326 4418 3418 4473 Dei
3438 4418 3599 4473 verba
3623 4417 3933 4475 hominibus

2329 4509 2596 4575 nuntiare,
2617 4517 2673 4563 et
2699 4513 3011 4573 contestari,
3059 4511 3181 4580 quia
3214 4520 3335 4581 post
3371 4512 3607 4567 clausam
3657 4513 3934 4583 paeniten-

2330 4603 2457 4657 tiam
2487 4616 2613 4672 epes
2641 4612 2823 4672 postea
2854 4603 3028 4657 futura
3059 4618 3165 4658 non
3189 4611 3292 4660 est.

2247 4689 2304 4752 Ι)
2402 4695 2455 4748 5.
2482 4692 2678 4747 Locuta
2716 4703 2833 4748 sunt
2857 4704 3047 4767 septem
3073 4701 3301 4750 tonitrua
3341 4713 3485 4753 voces
3521 4714 3665 4753 suos.
3701 4700 3930 4771 Septem

2333 4789 2566 4843 tonitrua
2615 4788 2791 4843 locuta
2833 4804 2992 4844 voces
3035 4806 3180 4857 suas,
3225 4791 3456 4862 Spiritus
3501 4801 3722 4849 sanctus
3766 4796 3936 4866 septi-

2329 4881 2517 4937 formis
2552 4881 2764 4936 virtutis
2789 4888 2874 4938 est
2900 4883 2992 4952 qui
3022 4899 3116 4952 per
3157 4883 3451 4954 prophetas
3482 4895 3815 4955 protestatus
3846 4897 3935 4944 est

2324 4975 2507 5031 omnia
2548 4973 2720 5029 futura
2742 5012 2758 5043 ,
2794 4983 2850 5030 et
2887 4988 3019 5030 voce
3049 4974 3193 5030 illius
3230 4980 3284 5030 in
3308 4976 3526 5048 rszeculo
3552 4976 3933 5036 testimonium

1971 5081 2546 5155 COMMENTARIUS.

687 5203 765 5280 (l)
794 5199 941 5260 Tunc
962 5202 1120 5256 mittet
1157 5197 1323 5280 Filius
1348 5198 1568 5280 nominis
1610 5199 1957 5280 nuntios._lta
2010 5219 2212 5263 omnes-

616 5268 967 5349 quicéumque
1018 5286 1139 5349 cum
1183 5285 1250 5327 ex
1273 5268 1473 5330 Veteri,
1512 5279 1621 5323 tum
1649 5269 1796 5324 Novo
1832 5268 2205 5346 Testamento,

618 5345 848 5405 citantur
876 5345 1534 5414 auctoritatestcurruptze
1564 5351 1688 5414 sunt
1714 5351 1768 5395 et
1807 5359 2092 5414 perversm,
2149 5345 2209 5406 ιη

616 5423 805 5492 cuique
833 5418 1012 5492 videre
1037 5416 1211 5492 liceat,
1244 5412 1572 5492 Victorinum
1604 5409 1745 5466 hunc
1772 5425 2012 5492 nostrum
2040 5461 2056 5482 ,
2081 5409 2205 5491 qui-

617 5482 844 5561 cumque
867 5490 956 5545 ille
983 5487 1159 5561 fuerit,
1189 5494 1280 5539 aut
1300 5482 1520 5561 omnino
1537 5498 1710 5553 graece
1740 5484 1867 5537 nihil
1895 5488 2080 5561 scisse,
2105 5482 2211 5547 aut,

615 5557 900 5618 editionem
928 5560 1161 5628 aliquam
1197 5570 1299 5627 qua
1338 5557 1536 5624 passim
1577 5569 1642 5609 eo
1681 5566 1921 5628 tempore
1962 5557 2207 5618 Ecclesia

617 5644 873 5699 uteretur,
898 5625 1146 5700 religiose
1169 5625 1759 5700 nitttis‘secutumrsse.
1788 5625 1923 5681 Nam
1956 5631 2097 5699 quod
2133 5633 2204 5689 de

614 5706 758 5761 fossa
784 5695 1099 5774 Neinbroth,
1138 5709 1191 5755 et
1224 5695 1498 5774 Ecclesige
1521 5695 1714 5774 spiritu
1744 5713 1866 5774 mox
1905 5695 2198 5774 subjungit,

615 5792 721 5830 non
744 5791 927 5847 parum
960 5770 1284 5847 difﬁcultatis
1313 5779 1379 5847 et
1400 5767 1745 5847 obscuritatis
1769 5768 1929 5847 habet
1961 5787 1975 5822 :
2000 5767 2201 5842 prte'tcr

614 5838 760 5900 eniui
785 5861 942 5916 quam
969 5843 1110 5912 quod
1138 5842 1297 5896 verba
1326 5840 1412 5894 illa
1440 5855 1471 5916 a
1490 5838 1679 5916 graecis
1693 5840 1837 5916 unde
1854 5838 2040 5916 hausta
2052 5858 2198 5913 sunt,

614 5909 838 5971 multum
883 5909 1217 5983 discrepant,
1262 5909 1528 5982 posterior
1574 5909 1761 5987 etiam‘
1783 5912 1874 5970 ille
1913 5909 2205 5975 verborum

2313 5207 2449 5265 ordo
2486 5206 2613 5279 (nisi
2664 5205 2920 5277 fallimur)
2968 5206 3039 5262 ita
3086 5206 3408 5276 depravatus
3445 5218 3552 5279 est,
3592 5217 3654 5267 ut
3693 5210 3926 5275 difﬁcile

2315 5279 2604 5335 admodum
2653 5279 2723 5349 sit
2762 5293 3075 5349 germanum
3107 5294 3170 5334 ex
3217 5280 3298 5334 his
3346 5295 3566 5337 sensum
3594 5283 3797 5340 elicere
3838 5285 3929 5340 :si

2314 5350 2651 5422 quidtamen
2678 5347 2948 5422 doctiores
2992 5349 3236 5406 homines
3272 5352 3321 5404 in
3373 5352 3607 5409 medium
3645 5353 3927 5410 attulerint

2318 5421 2465 5492 quod
2501 5422 2690 5475 rationi
2723 5421 2890 5492 uiagis
2910 5431 3327 5479 consentaneum
3345 5423 3434 5489 sit,
3459 5423 3673 5485 illorum
3701 5437 3927 5483 senten-

2323 5491 2414 5548 tia)
2442 5491 2597 5545 facile
2624 5491 3043 5549 subscribetnus.

2398 5563 2479 5636 (-2)
2518 5561 2603 5636 i’is
2621 5563 2833 5636 ibimus.
2864 5563 2995 5632 Quis
3015 5565 3133 5620 heic
3158 5580 3265 5620 non
3288 5564 3465 5622 videat
3489 5565 3672 5623 latinis
3696 5568 3925 5625 auribus

2316 5645 2374 5707 et
2404 5635 2660 5707 orationis
2682 5638 2893 5689 ornatui
2925 5651 3092 5707 usque
3108 5651 3173 5691 eo
3203 5637 3343 5692 male
3368 5638 3673 5695 consultum
3700 5648 3925 5703 8558.1".

2317 5706 2364 5762 si
2390 5704 2508 5780 quis
2535 5708 2809 5780 auctorem
2854 5708 2906 5760 in
2921 5704 3033 5780 jus
3045 5718 3225 5780 vocet,
3255 5724 3580 5780 causamque
3622 5709 3769 5771 ltesa:
3797 5710 3919 5766 lati-

2318 5791 2404 5830 na:
2436 5776 2629 5847 linguae
2668 5776 2962 5856 maiestatis
3003 5778 3185 5856 dicere
3220 5776 3531 5856 compellat.
3575 5797 3683 5839 non
3722 5781 3923 5854 injuria

2318 5856 2412 5903 eiu
2438 5856 2642 5905 temere
2669 5846 2724 5909 id
2748 5846 2941 5909 fecisse
2966 5847 3241 5911 videatur?
3270 5916 3273 5921 λ
