4060 6300
172 369 278 427 555

1318 370 1385 428 IN
1421 369 1896 431 APOCALYPSIN
1933 374 1998 432 Β.
2024 366 2321 435 JOANNlS.

3355 384 3465 445 554

166 484 402 547 Joannes
426 484 703 551 reddidit:
736 485 831 541 sed
852 485 974 558 quia
1002 485 1132 559 dicit
1157 500 1218 545 se
1242 488 1567 558 scripturum
1597 488 1759 544 fuisse
1784 489 1838 549 Α
1863 499 1989 545 runt
2040 506 2161 547 eum
2182 535 2198 562 ,
2250 503 2307 548 ut
2360 502 2419 550 et
2482 488 2598 565 ipse
2660 497 3022 555 testimonium
3072 502 3460 559 conscriberet.

165 590 368 649 quanta
413 580 588 645 locuta
639 580 863 636 fuissent
909 580 1177 646 tonitrua,
1219 582 1270 637 id
1308 592 1391 637 est
1414 594 1796 655 quaecumque

165 671 221 727 in
256 671 432 728 Veteri
483 673 827 730 Testamento
872 686 1027 729 erant
1072 676 1298 731 obscura
1331 676 1643 747 praedicata,
1675 691 1769 733 ve-

168 772 312 818 tatur
336 781 399 820 ea
426 766 665 822 scribere
693 786 705 821 :
739 765 834 822 sed
864 766 1168 838 relinquere
1190 784 1251 824 ea
1277 770 1507 840 signata,
1535 769 1660 842 quia
1686 774 1771 824 est

172 856 482 929 Apostolus,
526 874 627 915 nec
668 859 948 931 Oportebat
990 862 1218 932 gratiam
1259 863 1534 932 sequentis
1571 861 1767 932 gradus

171 940 225 1010 in
256 957 424 1026 primo
450 955 724 1013 collocari.
760 955 1012 1030 Tempus,
1041 960 1232 1032 inquit,
1265 977 1427 1032 prope
1451 970 1523 1014 est
1552 958 1765 1030 (Apoc.,

170 1068 209 1120 ι,
237 1053 304 1117 5;
330 1068 462 1119 xxu,
498 1050 605 1126 10).
637 1053 880 1123 Aposwli
907 1054 1051 1110 enim
1082 1055 1386 1119 virtutibus,
1418 1055 1607 1125 signis,
1641 1070 1767 1126 por-

174 1146 332 1201 tentis
362 1160 424 1199 ac
453 1146 793 1216 magnalibus
830 1146 985 1203 lactis
1023 1147 1266 1203 vicerunt
1306 1147 1765 1203 incredulitatem.

171 1237 300 1293 Post
337 1237 456 1291 illos
478 1236 589 1308 jam
618 1236 821 1293 eisdem
863 1240 1249 1301 consummatis
1291 1239 1551 1297 Ecclesiis
1580 1239 1767 1296 datum

172 1339 253 1386 est
283 1330 532 1386 solatium
563 1332 1000 1401 prOpheticarum
1033 1333 1421 1404 scripturarum
1455 1344 1573 1404 post
1604 1336 1767 1391 inter-

170 1424 553 1496 pretandarum
598 1442 611 1478 :
653 1436 777 1497 post
825 1427 1239 1501 interpretantes
1290 1429 1581 1499 prophetas
1635 1430 1764 1484 dixi.

170 1520 261 1575 Ait
304 1520 446 1577 enim
492 1521 822 1591 Apostolus:
855 1520 922 1575 Et
967 1524 1135 1595 posuit
1183 1522 1386 1592 quidem
1431 1524 1486 1577 in
1535 1522 1769 1580 Ecclesia

170 1615 392 1685 primum
420 1615 682 1687 apostolos
702 1657 718 1682 ,
756 1614 980 1673 secundo
1009 1616 1285 1687 prophetas
1306 1659 1320 1679 ,
1361 1616 1507 1671 tertio
1537 1616 1769 1672 doctores

170 1704 214 1778 (Ι
245 1705 387 1775 Cor.,
423 1723 517 1775 xu,
548 1704 664 1777 28),
694 1716 747 1763 et
785 1707 1010 1779 reliqua.
1062 1707 1133 1764 Et
1179 1706 1285 1762 alio
1325 1708 1444 1763 loco
1478 1709 1550 1764 ait
1582 1726 1595 1763 :
1627 1708 1765 1763 Pro-

170 1798 339 1870 pheta:
368 1799 468 1853 duo
499 1800 573 1853 vel
617 1808 715 1855 tres
753 1800 947 1868 dicant,
979 1811 1026 1856 et
1068 1801 1235 1856 centeri
1273 1801 1521 1856 mtiment
1552 1801 1597 1874 (ι
1619 1798 1764 1870 Cor.,

1872 581 2173 640 Mansuram
2205 596 2382 641 autem
2417 587 2599 658 templi
2645 586 2738 643 Dei
2761 588 2867 662 (Ι),
2899 591 3207 647 mandatum
3251 593 3466 650 Domini

1872 680 2063 748 nostri,
2090 680 2300 737 Patrem
2331 683 2579 738 conﬁteri
2610 682 3034 754 omnipotentem
3065 701 3182 741 esse
3213 686 3462 751 dicimus,

1871 777 1927 825 et
1952 770 2108 841 hujus
2136 772 2303 828 lilium
2343 773 2615 829 Christum
2662 784 2786 831 ante
2811 777 3071 847 originem
3115 778 3299 834 saeculi
3327 780 3469 850 apud

1872 860 2086 919 Patrem
2115 866 2352 934 genitum
2374 908 2389 932 ,
2422 867 2694 923 hominem
2724 868 2920 924 factum
2964 871 3016 925 in
3044 872 3220 928 anima
3248 887 3371 927 vera
3412 881 3471 929 et

1872 972 2065 1026 carne,
2096 972 2320 1031 utraque
2346 962 2561 1018 miseria
2590 971 2646 1018 et
2674 973 2846 1019 morte
2870 963 3109 1031 devicta,
3136 975 3191 1021 et
3220 965 3274 1022 in
3300 966 3469 1023 caelos

1872 1064 1992 1105 cum
2041 1066 2266 1121 corpore
2310 1069 2339 1107 a
2384 1053 2540 1110 Patre
2586 1064 2863 1126 receptum
2911 1056 3163 1114 eﬂ'udisse
3210 1058 3467 1130 Spiritum

1871 1155 2143 1212 sanctum,
2176 1145 2377 1202 donum
2409 1158 2463 1203 et
2496 1148 2687 1220 pignus
2714 1150 3132 1206 immortalitatis
3163 1169 3175 1205 :
3207 1152 3349 1207 hunc
3378 1169 3473 1225 per

1872 1235 2162 1307 prophetas
2188 1239 2557 1309 praedicatum,
2593 1239 2733 1296 hunc
2761 1256 2856 1312 per
2886 1243 3057 1314 legem
3081 1245 3466 1316 conscriptum,

1872 1330 2016 1385 hunc
2062 1348 2181 1388 esse
2229 1348 2446 1388 manum
2500 1332 2614 1402 Dei,
2666 1344 2718 1390 et
2764 1334 2997 1391 Verbum
3040 1335 3214 1393 Patris
3242 1352 3306 1392 ex
3338 1338 3473 1404 Deo,

1871 1438 1969 1493 per
2004 1425 2184 1481 omnia
2230 1425 2512 1482 Dominum
2542 1436 2597 1482 et
2621 1427 2957 1485 conditorem
3001 1430 3148 1485 orbis
3180 1446 3195 1484 :
3229 1433 3346 1487 haec
3392 1438 3478 1488 est

1870 1516 2079 1572 arundo
2133 1527 2187 1573 et
2232 1535 2483 1575 mensura
2533 1519 2659 1576 ﬁdei
2709 1540 2721 1578 :
2769 1530 2824 1578 et
2872 1538 3033 1579 nemo
3084 1523 3275 1580 adorat
3324 1539 3476 1581 aram

1872 1619 2135 1676 sanctam,
2169 1610 2270 1666 nisi
2303 1613 2393 1683 qui
2423 1611 2561 1667 hanc
2593 1611 2755 1669 [idem
2780 1614 3091 1672 confitetur.

1947 1700 2001 1756 2.
2031 1701 2235 1756 Atrium
2264 1704 2400 1774 quod
2425 1714 2498 1760 est
2521 1706 2827 1761 intrinsecus
2852 1708 3047 1780 templi,
3078 1710 3291 1765 exclude
3311 1714 3478 1784 foras.

1872 1792 2009 1848 Aula
2054 1795 2249 1851 atrium
2292 1796 2509 1864 dicitur,
2542 1813 2708 1855 vacua
2752 1799 2893 1856 inter
2928 1800 3164 1872 parietes
3211 1819 3302 1860 ara
3331 1821 3345 1858 :
3378 1805 3480 1863 hos

169 1908 321 1960 xxiv,
356 1892 469 1965 29).
495 1893 562 1948 Et
577 1894 649 1948 ait
679 1911 692 1948 :
727 1892 906 1949 Omnis
936 1896 1119 1950 mulier
1144 1912 1299 1950 orans
1324 1895 1403 1950 vel
1429 1896 1763 1968 prophetam,

1897 1884 2013 1941 ales
2034 1901 2139 1942 non
2171 1890 2505 1944 necessarios
2535 1890 2654 1959 ejici
2678 1889 2839 1959 jussit
2860 1890 2928 1945 de
2955 1891 3216 1948 Ecclesia.

171 1988 366 2047 detecto
408 1988 595 2059 capite,
642 1988 879 2057 deturpat
902 1997 1055 2058 caput
1094 2005 1243 2042 suum
1278 1987 1343 2061 (l,
1390 1987 1535 2055 Cor.,
1564 2006 1639 2051 ιι.
1688 1989 1766 2060 5).

171 2078 308 2136 Cum
350 2089 528 2135 autem
574 2078 749 2153 dicat,
798 2080 1060 2152 prOpheta:
1088 2082 1191 2135 duo
1230 2082 1308 2136 vel
1344 2091 1443 2137 tres
1482 2081 1685 2151 dicant,
1725 2092 1772 2137 et

172 2173 343 2227 cwteri
379 2174 661 2238 aestiment,
716 2188 823 2227 non
872 2173 940 2229 de
990 2171 1252 2229 catholica
1310 2175 1592 2245 praphetia
1645 2174 1774 2229 dicit

171 2263 413 2320 inaudita
439 2272 493 2318 et
520 2264 811 2334 incognita,
844 2264 938 2320 scd
966 2274 1018 2320 et
1044 2266 1329 2336 praedicata
1350 2276 1403 2321 et
1435 2277 1557 2321 nota
1591 2284 1605 2322 :
1632 2267 1775 2322 testi-

171 2366 328 2415 ment
361 2366 540 2413 autem
565 2364 743 2412 utrum
789 2374 858 2414 ne
902 2360 1272 2430 interpretatio
1298 2374 1418 2416 cum
1457 2360 1776 2417 testimoniis

175 2459 443 2522 congruat
496 2448 746 2506 dictionis
799 2453 1149 2522 prophetiam.
1207 2455 1430 2510 Constat
1488 2469 1617 2526 ergo
1675 2455 1776 2511 hoc

172 2544 372 2602 .loanni
422 2559 527 2600 non
566 2541 734 2599 fuisse
774 2546 1137 2601 necessarium
1178 2547 1443 2617 superiori
1472 2548 1669 2603 virtute
1692 2563 1780 2603 ar-

176 2645 364 2703 mato;
421 2652 544 2692 cum
590 2651 787 2707 corpus
830 2637 1032 2693 Christi
1079 2655 1198 2710 quae
1228 2648 1311 2695 est
1360 2639 1620 2708 Ecclesia,
1668 2642 1779 2697 suis

176 2730 440 2788 membris
468 2739 738 2801 ornatum,
768 2748 864 2787 suo
895 2731 1015 2788 loco
1045 2734 1371 2805 respondere
1400 2734 1613 2791 debeat.

254 2822 345 2878 10.
376 2822 561 2893 Accepi
592 2822 777 2877 librum
803 2825 866 2877 de
897 2840 1051 2878 manu
1086 2825 1288 2897 Angeli,
1313 2838 1359 2881 et
1388 2827 1585 2881 comedi
1608 2825 1777 2881 illum.

181 2915 449 2986 Accipere
492 2915 686 2971 librum
714 2926 769 2973 et
802 2917 1123 2986 comedere,
1152 2919 1462 2976 ostensione
1497 2920 1597 2975 sibi
1642 2919 1781 2975 facta

182 3007 465 3065 memoriae
495 3017 577 3063 est
604 3008 881 3066 mandare.

260 3101 335 3157 Et
359 3111 465 3156 erat
490 3102 540 3156 in
563 3118 650 3156 ore
670 3119 777 3157 meo
801 3117 1058 3173 tamquam
1082 3105 1181 3158 mel
1206 3102 1393 3158 dulcis.
1422 3102 1641 3159 Dulcem
1665 3117 1785 3158 esse

132 3204 137 3207 '
182 3195 243 3252 in
270 3208 367 3251 ore
391 3194 788 3266 praedicationis
815 3206 898 3252 est
925 3194 1127 3251 fructus
1158 3194 1448 3267 loquentis,
1479 3207 1535 3252 et
1562 3196 1785 3252 audien-

1942 1977 2081 2032 Data
2107 1988 2181 2033 est
2209 1979 2401 2034 calcari
2441 1997 2474 2034 (ι
2511 1983 2761 2052 gentibus.
2798 1982 2913 2039 Hoc
2954 1994 3069 2051 est,
3102 1985 3261 2057 hujus
3290 1989 3480 2044 mundi

1875 2070 2200 2136 hominibus,
2249 2079 2306 2127 ut
2347 2087 2378 2127 a
2417 2074 2665 2143 gentibus
2694 2074 2782 2129 vel
2814 2091 2937 2130 cum
2974 2078 3227 2148 gentibus
3258 2082 3479 2137 concul-

1876 2170 2047 2217 cetur.
2078 2162 2280 2219 Deinde
2307 2165 2502 2236 repetit
2534 2164 2605 2223 de
2642 2167 2920 2223 novissimi
2948 2170 3210 2242 temporis
3242 2172 3397 2228 ruina
3428 2182 3484 2230 et

1877 2256 2110 2323 excidio,
2144 2267 2199 2312 et
2228 2258 2301 2313 ait
2331 2276 2344 2312 :

1952 2350 2006 2404 5.
2037 2348 2302 2406 Civitatem
2322 2363 2552 2408 sanctam
2571 2353 2841 2411 calcabunt
2862 2357 3116 2413 mensibus
3139 2360 3485 2433 quadraginta

1880 2441 2077 2497 duobus
2111 2461 2129 2498 :
2157 2453 2202 2499 et
2228 2444 2359 2500 dabo
2389 2445 2587 2501 duobus
2635 2447 2841 2503 testibus
2877 2450 3022 2515 meis,
3056 2459 3105 2507 et
3133 2452 3488 2521 praedicabunt

1881 2534 2059 2589 diebus
2090 2537 2228 2592 mille
2257 2538 2487 2595 ducentis
2526 2543 2812 2613 sexaginta,
2854 2544 3027 2599 amicti
3055 2544 3255 2601 ciliciis.
3289 2547 3347 2603 ld
3379 2557 3483 2618 est,

1882 2628 2175 2684 triennium
2217 2640 2272 2686 et
2310 2647 2527 2689 menses
2557 2648 2652 2690 sex
2682 2650 2697 2691 :
2730 2635 2846 2691 haec
2872 2634 3080 2694 faciunt
3107 2656 3322 2697 menses
3350 2658 3488 2712 qua:

1883 2718 2126 2792 draginta
2178 2722 2305 2779 duo.
2356 2725 2453 2781 Est
2504 2742 2633 2799 ergo
2682 2726 2898 2787 illorum
2953 2730 3269 2801 praedicatio
3323 2734 3465 2789 trien

1882 2815 2032 2869 nium
2059 2824 2114 2872 et
2138 2833 2353 2875 menses
2394 2834 2511 2889 sex,
2551 2829 2605 2877 et
2642 2838 2868 2894 regnum
2915 2825 3220 2881 antichristi
3259 2826 3489 2884 alterum

1888 2918 2119 2966 tantum.

1957 3003 2013 3058 5.
2047 3003 2109 3059 Si
2131 3005 2246 3075 quis
2280 3006 2493 3060 voluerit
2522 3022 2607 3061 eos
2643 3007 2850 3077 ledere,
2891 3011 3027 3083 ignis
3061 3014 3292 3084 procedit
3320 3031 3385 3069 ea:
3405 3031 3494 3071 ore

1885 3097 2142 3167 ipsorum,
2187 3109 2235 3153 et
2280 3099 2497 3155 comedit
2542 3101 2775 3156 inimicos
2809 3119 3004 3157 eorum.
3050 3104 3126 3161 De
3170 3122 3266 3163 ore
3311 3118 3493 3165 autem

1890 3193 2109 3250 illorum
2138 3199 2520 3266 prophetarum
2549 3198 2697 3252 exire
2718 3197 2893 3267 ignem
2917 3208 3103 3254 contra
3131 3200 3491 3270 adversarios,

184 3289 339 3345 tibus
371 3286 712 3344 dulcissimus
732 3329 748 3357 ,
784 3288 879 3345 sed
909 3301 963 3347 et
1006 3290 1419 3360 praedicantibus
1443 3300 1497 3346 et
1527 3303 1782 3361 perseve-
1809 3286 1857 3351 C.
1889 3298 2213 3360 p0testatem
2239 3290 2391 3346 verbi
2415 3290 2567 3345 dicit.
2599 3291 2800 3347 Omnes
2830 3292 2974 3347 enim
3004 3293 3194 3364 plagae,
3228 3304 3495 3366 quotquot

186 3385 437 3440 rentibus
464 3385 516 3439 in
538 3384 804 3441 mandatis
826 3399 921 3455 per
948 3386 1251 3455 passionem
1282 3384 1673 3440 amarissimus.

264 3478 356 3533 il.
390 3478 455 3532 Et
477 3478 600 3531 dicit
629 3478 753 3532 mihi
787 3494 805 3533 :
834 3487 1032 3548 oportet
1063 3490 1111 3532 te
1142 3480 1326 3531 iterum
1348 3478 1649 3548 prophetare
1690 3492 1786 3547 po-

187 3571 334 3645 pulis
356 3613 370 3637 ,
412 3578 460 3624 et
504 3570 690 3641 linguis
710 3611 726 3638 ,
757 3580 804 3623 et
832 3570 1092 3641 gentibus,
1123 3579 1172 3623 et
1197 3569 1400 3641 regibus
1443 3569 1640 3624 multis.
1676 3567 1790 3623 Hoc

187 3664 346 3731 dicit,
374 3672 659 3734 propterea
689 3660 830 3733 quod
861 3661 1075 3733 quando
1094 3660 1213 3717 hinc
1232 3661 1468 3719 Joannes
1488 3660 1643 3728 vidit,
1672 3666 1793 3716 erat

186 3756 246 3813 in
276 3758 457 3812 insula
487 3755 741 3812 Pathmos
770 3757 822 3810 in
856 3755 1075 3811 metallo
1118 3756 1403 3811 damnatus
1429 3770 1461 3811 a
1488 3754 1792 3810 Domitiano

186 3850 434 3908 (lassare.
465 3848 541 3905 Ibi
574 3864 703 3921 ergo
729 3848 863 3904 vidit
901 3849 1280 3921 Apocalypsin.
1311 3850 1379 3905 Et
1404 3864 1525 3904 cum
1561 3849 1671 3919 jam
1702 3862 1790 3903 se-

187 3942 321 3999 nior
349 3950 561 4013 putaret
586 3958 645 3998 se
684 3958 783 4014 per
816 3941 1123 4013 passionem
1152 3950 1495 4011 accepturum
1523 3939 1795 4009 receptio-

187 4051 351 4098 neni.
378 4034 663 4092 interfecto
694 4035 1018 4101 Domitiano,
1048 4036 1224 4091 omnia
1250 4035 1449 4104 judicia
1477 4034 1594 4104 ejus
1623 4033 1795 4088 soluta

189 4140 348 4186 sunt.
384 4129 449 4184 Et
472 4128 709 4185 Joannes
734 4128 804 4184 de
830 4128 1044 4183 metallo
1064 4127 1343 4195 dimissus,
1375 4128 1451 4183 sic
1477 4133 1663 4196 postea
1686 4135 1798 4179 tra-

191 4222 357 4281 didit'
383 4222 522 4278 hanc
559 4224 803 4279 eamdem
852 4237 1010 4293 quam
1052 4231 1335 4294 acceperat
1371 4237 1402 4276 a
1444 4222 1553 4275 Deo
1591 4218 1802 4289 Apoca-

191 4317 403 4391 lypsin.
455 4315 568 4371 Hoc
615 4325 698 4372 est
740 4329 870 4387 ergo
919 4315 1062 4387 quod
1089 4315 1204 4370 ait:
1236 4313 1459 4385 Oportet
1504 4322 1558 4368 te
1606 4312 1801 4368 iterum

192 4408 503 4482 praedicare
530 4408 780 4465 omnibus
813 4407 1062 4479 gentibus
1091 4423 1106 4460 :
1136 4407 1261 4478 quia
1300 4406 1480 4463 cernis
1526 4405 1804 4476 insurgere

196 4500 505 4563 antichristi
543 4501 757 4566 turbas,
800 4508 856 4555 et
890 4510 1080 4555 contra
1122 4499 1251 4557 istas
1291 4508 1511 4555 statura:
1548 4506 1707 4567 sunt,
1748 4505 1805 4553 et

196 4594 390 4669 gladio
417 4594 733 4652 alterutrum
759 4604 884 4651 sunt
908 4609 1137 4651 casune.

809 4746 877 4786 ΒΧ
915 4744 1106 4787 (ΞΑΡΙΤΕ
1144 4746 1218 4785 XI.

279 4873 338 4931 1.
368 4869 436 4928 Et
464 4880 664 4928 ostensa
690 4881 762 4927 est
788 4871 913 4926 mihi
938 4869 1136 4924 arundo
1157 4868 1340 4925 similis
1359 4870 1536 4939 virgas,
1565 4876 1613 4923 et
1639 4868 1805 4923 stabat

204 4966 426 5037 angelus
450 4966 659 5023 dicens:
683 4964 871 5037 Surge,
898 4974 945 5018 et
970 4964 1143 5017 metire
1163 4962 1407 5034 templum
1430 4962 1522 5016 Dei
1547 4972 1596 5019 et
1617 4961 1801 5027 altare,

205 5067 258 5112 et
300 5074 393 5113 eos
443 5058 527 5126 qui
579 5056 797 5112 adorant
841 5056 893 5110 in
923 5056 1033 5110 illo.
1086 5054 1319 5110 Ostensa
1359 5054 1567 5111 arundo
1613 5055 1805 5111 similis

206 5153 380 5224 virga:
412 5170 426 5207 :
456 5152 571 5208 haec
599 5152 712 5221 ipsa
739 5160 821 5207 est
849 5150 1221 5222 Apocalypsis,
1252 5165 1412 5220 quam
1441 5159 1626 5220 postea
1656 5148 1809 5203 exhi-

208 5247 331 5305 buit
382 5244 639 5301 Ecclesiis
670 5264 683 5300 :
715 5260 839 5301 nam
882 5254 939 5300 et
987 5243 1336 5314 Evangelium
1386 5241 1638 5312 perlecta
1686 5240 1812 5297 ﬁdei

210 5349 420 5395 nostrae
452 5337 641 5392 salutis
663 5352 861 5393 causa:
893 5345 1076 5407 postia:
1108 5335 1341 5405 scripsit.
1368 5334 1500 5391 Cum
1535 5334 1679 5391 enim
1723 5350 1811 5391 es-

210 5438 337 5487 sent
380 5428 700 5485 Valentinus
743 5438 798 5485 et
841 5428 1160 5495 Corinthus,
1204 5438 1257 5484 et
1300 5428 1506 5493 Ebion,
1553 5438 1607 5483 et
1634 5429 1815 5485 cmteri

212 5521 421 5579 schola:
439 5530 639 5577 satana:
664 5520 841 5576 dill'usi
859 5538 955 5592 per
970 5522 1178 5591 urbem,
1191 5529 1555 5575 convenerunt
1579 5521 1644 5575 ad
1669 5520 1817 5576 illum

214 5614 288 5673 de
335 5614 583 5671 ﬁnitimis
624 5614 1136 5685 provinciis'omnes
1174 5613 1434 5684 episcopi,
1466 5621 1522 5669 et
1545 5614 1817 5684 compule-

1889 3385 2081 3441 futuras
2127 3392 2272 3449 sunt,
2324 3383 2392 3440 ab
2434 3384 2640 3455 angelis
2686 3399 2873 3441 eorum
2914 3385 2967 3441 in
3010 3401 3144 3443 voce
3188 3388 3491 3444 mittentur.
3554 3444 3560 3453 ,

1889 3476 2039 3533 Multi
2085 3486 2294 3548 putant,
2339 3492 2459 3533 cum
2507 3477 2623 3532 Elia
2669 3477 2922 3533 Elismum
2954 3494 3094 3546 esse,
3129 3491 3220 3535 aut
3256 3478 3439 3536 Mosen
3476 3498 3493 3537 :

1890 3568 1989 3626 sed
2011 3568 2225 3639 utrique
2255 3569 2453 3625 mortui
2476 3578 2622 3625 sunt.
2655 3568 2788 3624 Elite
2814 3579 2996 3625 autem
3028 3586 3174 3628 mors
3207 3588 3313 3627 non
3346 3572 3497 3628 inve-

1893 3662 2059 3729 nitur,
2106 3676 2201 3733 per
2243 3676 2402 3731 quem
2448 3675 2640 3717 omnes
2686 3669 2899 3716 veteres
2948 3662 3119 3718 nostri
3163 3662 3499 3719 tradiderunt

1895 3769 2019 3812 esse
2065 3756 2220 3811 illum
2259 3754 2571 3811 Jeremiam.
2602 3753 2736 3810 Nam
2779 3764 2833 3810 et
2872 3754 3049 3825 ipsum
3096 3756 3314 3812 verbum
3354 3757 3498 3828 quod

1896 3849 2096 3906 factum
2125 3858 2206 3905 est
2235 3849 2302 3905 ad
2329 3865 2454 3906 eum
2493 3848 2810 3906 testiﬁcatur
2836 3847 2887 3904 ei
2915 3847 3102 3905 dicens
3135 3867 3149 3905 :
3186 3849 3499 3923 Priusquam

1899 3948 1945 3995 te
1990 3942 2265 4012 ﬁgurarem
2307 3941 2363 3994 in
2399 3950 2591 4026 ventre,
2636 3940 2846 4011 cognovi
2892 3950 2960 4008 te,
3004 3952 3053 3998 et
3098 3942 3393 4015 priusquam
3437 3944 3501 3998 de

1898 4033 2048 4087 vulva
2073 4034 2391 4104 procederes,
2432 4034 2753 4102 sanctiﬁcavi
2781 4042 2848 4103 te,
2879 4043 2925 4088 et
2954 4034 3259 4107 prophetam
3286 4036 3340 4091 in
3377 4054 3501 4110 gert-

1902 4126 2033 4180 tibus
2062 4126 2209 4198 posui
2235 4136 2283 4181 te
2304 4124 2464 4196 (Jer.,
2490 4143 2527 4191 ι,
2558 4126 2639 4197 5).
2669 4126 2728 4181 In
2753 4126 3005 4197 gentibus
3030 4138 3207 4184 autern
3237 4128 3501 4200 propheta

1902 4235 2009 4274 non
2045 4220 2181 4275 luit:
2207 4228 2262 4275 et
2290 4219 2413 4275 ideo
2438 4219 2661 4275 verbum
2707 4221 2798 4275 Dei
2835 4236 3023 4287 verax,
3073 4237 3295 4278 necesse
3340 4223 3504 4281 habet

1904 4311 2046 4384 quod
2077 4311 2329 4383 promisit
2364 4311 2644 4379 exhibere,
2676 4320 2735 4368 ut
2763 4311 2816 4366 in
2843 4312 3093 4383 gentibus
3120 4314 3189 4368 sit
3215 4314 3499 4385 pr0pheta.

1973 4407 2031 4462 4.
2063 4405 2136 4459 Hi
2159 4416 2277 4462 sunt
2296 4407 2399 4461 duo
2419 4406 2727 4462 candelabra
2747 4406 2801 4459 in
2825 4418 3096 4476 conspectu
3121 4405 3333 4462 Domini
3355 4418 3504 4465 terra:

1904 4506 2115 4553 stantes.
2148 4496 2276 4554 Haec
2303 4498 2411 4553 duo
2439 4496 2759 4553 candelabra
2788 4505 2842 4550 et
2867 4496 3001 4551 duas
3025 4497 3195 4551 olivas
3223 4498 3344 4553 ideo
3370 4500 3503 4556 dixit

1907 4600 1964 4648 et
1990 4592 2290 4659 admonuit,
2323 4591 2451 4647 ιιιεί
2481 4590 2608 4645 alibi
2639 4589 2825 4660 legens
2863 4605 2968 4644 non
3012 4589 3350 4659 intellexisti,
3380 4591 3503 4649 heic

1824 4683 1879 4745 D
1905 4686 2193 4757 intelligas.
2221 4683 2281 4740 lu
2322 4683 2577 4740 Zacharia
2617 4683 2782 4748 enim,
2812 4697 2919 4737 uno
2948 4696 3013 4736 ex
3042 4681 3324 4740 duodecim
3373 4700 3501 4757 pro-

1907 4779 2105 4851 phetis,
2150 4777 2222 4832 ita
2265 4780 2523 4846 scripturn
2568 4783 2651 4829 est
2682 4790 2701 4826 :
2736 4772 2807 4827 Hi
2842 4782 2959 4827 sunt
2997 4773 3114 4829 duce
3151 4775 3299 4831 olivae
3325 4786 3371 4831 et
3399 4777 3502 4833 duo

1906 4872 2213 4927 candelabra
2264 4870 2351 4941 qui
2405 4869 2459 4922 in
2511 4878 2784 4938 conspectu
2836 4864 3043 4920 Domini
3100 4860 3248 4922 terra:
3300 4868 3507 4925 adstant

1909 4964 2117 5039 (ZaC/t.,
2148 4979 2218 5031 tv,
2252 4959 2343 5034 Μ)
2374 4977 2388 5013 :
2417 4959 2468 5015 id
2496 4969 2611 5025 est,
2656 4968 2783 5013 sunt
2826 4958 2878 5013 in
2927 4958 3194 5030 paradiso.
3230 4961 3359 5017 Item
3398 4964 3505 5022 alio

1909 5073 2089 5113 sensu.
2126 5056 2181 5110 lu
2215 5062 2507 5123 conspectu
2538 5051 2750 5107 Domini
2788 5062 2942 5106 terra:
2982 5051 3283 5109 adstantia:
3316 5056 3367 5109 id
3396 5066 3500 5124 est,

1912 5149 1964 5203 in
1996 5161 2287 5219 conspectu
2315 5146 2638 5203 antichristi.
2663 5146 2771 5203 llos
2795 5162 2924 5219 ergo
2952 5157 3163 5219 oportet
3186 5148 3414 5205 interfici
3435 5149 3504 5207 ab

1914 5244 2251 5300 autirhristo.

1987 5336 2041 5391 7.
2076 5336 2139 5390 Et
2181 5336 2337 5391 bestia
2381 5352 2495 5404 qua:
2539 5335 2768 5391 ascendit
2796 5335 2859 5388 de
2892 5336 3091 5406 abysso.
3139 5334 3265 5391 Post
3310 5335 3507 5393 multas

1917 5429 2098 5501 plagas
2127 5428 2324 5484 smculo
2370 5429 2633 5499 expletas,
2677 5430 2729 5482 in
2761 5428 2866 5482 line
2897 5427 3023 5482 dicit
3061 5427 3368 5483 ascendisse
3407 5428 3507 5485 be-

1919 5524 2074 5578 stiam
2114 5521 2180 5577 de
2208 5522 2422 5595 abysso.
2456 5520 2533 5577 De
2578 5520 2770 5592 abysso
2809 5526 2988 5575 autem
3030 5517 3172 5589 quod
3218 5533 3509 5578 ascensura

1920 5616 2017 5683 sit,
2066 5616 2244 5672 multis
2286 5615 2603 5673 testimoniis
2641 5620 2723 5671 est
2759 5612 3164 5684 comprobatum
3197 5631 3211 5668 :
3241 5612 3318 5669 ait
3363 5615 3509 5673 enim

1571 5727 2133 5792 COMMENTARIUS.

294 5846 381 5922 (l)
420 5845 717 5922 Mensarum
742 5854 910 5922 autem
940 5847 1114 5922 templi
1139 5846 1254 5922 _D_ei.
1285 5846 1391 5922 Pro
1409 5862 1527 5922 _quo
1550 5847 1603 5903 in
1629 5862 1820 5922 manu-

219 5917 438 5994 scripto
487 5918 768 5991 legebatur
812 5918 908 5990 ﬁlii
963 5917 1082 5975 Dei.
1138 5918 1248 5976 Nos
1296 5917 1452 5977 illud‘
1478 5921 1822 5991 mutavimus,

1930 5852 2072 5923 quod
2097 5853 2256 5925 plane
2274 5850 2553 5911 videretur
2581 5849 2825 5923 Apostoli
2848 5849 3032 5908 verbis
3055 5863 3379 5925 repugnare.
