3942 6346
548 425 654 481 555

1764 425 1819 479 S.
1870 422 2210 480 \ilCTORlM
2251 421 2538 478 SGIIOIJA

3736 423 3830 478 556

534 547 590 601 in
625 562 768 600 XXXI
816 561 933 614 cap.
991 542 1236 598 Ezechiel
1281 561 1294 597 :
1339 541 1472 595 Ecce
1518 545 1706 608 Assur,
1753 557 2020 611 cupressus
2075 541 2126 594 in
2156 549 2209 608 Α
2235 554 2421 594 corona
2467 536 2733 590 stellarum
2773 536 3086 590 duodecim:
3119 545 3165 591 et
3209 536 3262 589 in
3301 545 3446 590 utero
3486 536 3692 600 habens,
3725 538 3827 591 cla-

547 652 716 695 mante
763 639 945 693 Libani
987 638 1221 711 (Ezech.,
1265 654 1419 702 κιαι,
1472 639 1551 704 3).
1597 639 1768 693 Assur
1808 638 2138 708 deprimens,

541 747 831 803 cupressus
859 731 1130 796 excelsus,
1158 746 1404 786 ratnosus
1425 772 1438 795 ,
1474 730 1524 784 id
1556 739 1640 785 est
1675 730 1900 800 populus
1941 730 2141 784 multus

536 824 594 878 in
641 835 821 878 monte
851 823 1075 889 Libano,
1124 823 1175 877 in
1207 839 1371 892 regno
1409 837 1694 892 regnorum
1734 822 1784 876 id
1830 831 1912 876 est
1941 822 2139 875 Roma-

539 932 755 972 norum.
782 915 1074 972 Formosus
1096 923 1274 970 autem
1308 915 1451 985 quod
1473 914 1546 968 ait
1574 915 1624 968 in
1655 914 2006 984 germinibns,
2029 912 2140 968 for-

537 1020 643 1064 tem
675 1009 802 1065 dicit
833 1010 885 1063 in
924 1009 1270 1065 exercitibus.
1303 1008 1474 1078 Aqua,
1507 1008 1698 1078 inquit,
1731 1008 1932 1063 nutriet
1962 1007 2134 1073 illum,

535 1103 589 1156 id
612 1113 716 1168 est,
747 1102 913 1158 multa
943 1102 1107 1157 millia
1141 1101 1416 1157 hominum
1446 1118 1563 1172 quae
1586 1101 1825 1171 subjecta
1857 1110 2012 1156 erunt
2034 1099 2132 1153 illi.

534 1197 603 1253 Et
629 1198 855 1269 ahyssus
883 1199 1030 1252 auxit
1062 1197 1234 1262 illum,
1265 1195 1317 1250 id
1344 1205 1429 1252 est
1454 1197 1718 1251 eructavit
1747 1211 1895 1252 eum.
1927 1195 2057 1249 Nam
2081 1201 2137 1248 et

529 1291 720 1346 Esaias
767 1305 902 1361 pene
946 1289 1136 1344 iisdem
1185 1289 1365 1345 verbis
1408 1289 1664 1360 loquitur.
1709 1288 1897 1344 Fuisse
1947 1299 2129 1342 autem

528 1400 650 1440 cum
685 1383 736 1437 in
766 1399 934 1454 regno
964 1383 1329 1438 Romanorum
1352 1426 1364 1448 ,
1400 1393 1454 1438 et
1496 1383 1662 1438 fuisse
1690 1385 1830 1437 inter
1852 1381 2091 1438 Caesares
2111 1425 2125 1447 ,

529 1486 586 1530 et
619 1475 815 1531 Paulus
846 1476 1122 1546 apostolus
1152 1484 1518 1541 contestatur;
1549 1477 1624 1530 ait
1652 1477 1793 1530 enim
1817 1474 1883 1530 ad
1907 1474 2131 1528 Thessa-

525 1569 873 1625 lonicenses:
913 1569 1013 1636 Qui
1056 1585 1189 1622 nunc
1231 1579 1380 1634 tenet,
1437 1578 1622 1632 teneat,
1663 1568 1821 1622 donec
1867 1569 1930 1622 de
1962 1569 2127 1622 medio

526 1667 657 1732 ﬁat;
681 1675 730 1719 et
771 1674 890 1719 tunc
915 1661 1181 1733 apparebit
1211 1662 1431 1732 iniquus,
1471 1663 1558 1716 ille
1592 1665 1738 1732 cujus
1776 1673 1848 1717 est
1885 1664 2128 1716 adventus

525 1759 802 1811 secundum
832 1757 1105 1827 efficaciam
1141 1756 1355 1812 Satana:
1380 1757 1538 1826 signis
1568 1765 1614 1809 et
1643 1755 1888 1824 portentis
1917 1753 2125 1807 menda-

522 1850 661 1904 cibus
689 1848 776 1921 (ll,
818 1850 1019 1907 Thess.
1051 1866 1110 1918 lt,
1137 1852 1188 1914 7,
1219 1849 1294 1922 8).
1329 1850 1396 1904 Et
1429 1861 1484 1904 ut
1513 1851 1714 1903 scirent
1750 1847 1898 1901 illurn
1931 1855 2122 1900 ventu-

2251 649 2414 698 mans,
2449 631 2759 700 parturiens,
2790 640 2836 684 et
2863 640 3111 684 tormenta
3136 629 3391 684 sustinens
3417 640 3473 684 ut
3502 635 3689 702 pariat.
3722 629 3828 684 Mu-

2244 726 2345 781 lier
2372 726 2565 779 amicta
2603 724 2752 792 sole,
2795 734 2850 781 et
2876 726 3056 779 lunam
3098 724 3198 779 sub
3227 722 3395 795 pedes
3439 738 3568 779 suos
3602 724 3825 791 habens,

2241 834 2606 890 coronamque
2633 820 2686 874 in
2712 821 2886 890 capite
2913 829 3130 891 gestans
3151 820 3430 876 stellarum
3463 821 3763 883 duodecim.
3782 830 3831 876 et

2241 917 2543 986 parturiens
2592 917 2644 971 in
2691 916 2965 974 doloribus
3008 921 3152 985 suis,
3201 918 3419 990 antiqua
3469 919 3712 975 Ecclesia
3754 929 3832 974 est

2241 1016 2452 1077 patrum
2483 1017 2537 1062 et
2574 1007 2956 1078 prophetarum
2978 1051 2992 1075 ,
3021 1019 3074 1064 et
3113 1017 3455 1076 sanctorum,
3487 1022 3542 1067 et
3567 1011 3830 1082 apostolo-

2240 1115 2395 1165 rum;
2424 1116 2542 1170 quae
2569 1100 2797 1171 gemitus
2841 1113 2895 1157 et
2935 1113 3202 1159 tormenta
3232 1103 3488 1160 desiderii
3521 1104 3602 1159 sui
3629 1104 3829 1171 habuit,

2237 1206 2516 1262 usquequo
2563 1191 2792 1248 fructum
2844 1211 2909 1249 ex
2953 1194 3111 1266 plebe
3160 1199 3588 1252 sua'secundnm
3620 1213 3828 1253 carnem

2235 1284 2362 1338 olim
2396 1283 2718 1354 promissum
2749 1285 2847 1341 sibi
2883 1289 3090 1344 videret
3117 1289 3391 1345 Christum
3426 1306 3494 1347 ex
3523 1291 3636 1362 ipsa
3665 1300 3821 1362 gente

2235 1393 2433 1448 corpus
2462 1379 2786 1451 SUtlt|)~'lsse.
2820 1382 2948 1438 Sole
2991 1391 3172 1439 autem
3216 1385 3433 1450 amicta,
3469 1401 3620 1456 spem
3655 1402 3832 1441 resur-

2234 1473 2487 1528 rectionis
2520 1473 2809 1546 sig-uincat,
2843 1487 2898 1532 et
2928 1475 3155 1547 gloriam
3188 1467 3656 1548 repromissionis.
3691 1478 3830 1534 Luna

2232 1579 2362 1621 vero
2391 1581 2578 1622 casum
2620 1580 2935 1624 sanctorum
2978 1585 3271 1641 corporum
3307 1587 3371 1625 ex
3416 1571 3600 1626 debito
3625 1573 3830 1637 mortis,

2230 1659 2372 1727 quod
2401 1659 2636 1714 deiicere
2669 1676 2956 1731 numquam
2987 1671 3186 1733 potest.
3216 1661 3349 1717 Nam
3381 1663 3831 1732 quemadmodum

2230 1754 2488 1807 minuitur
2518 1755 2646 1821 vita,
2675 1754 2755 1809 sic
2786 1767 2841 1810 et
2874 1765 3123 1826 augetur.
3158 1755 3270 1811 Nec
3311 1757 3367 1810 in
3400 1768 3570 1812 totum
3602 1757 3832 1812 extincta

2228 1855 2311 1902 est
2339 1863 2462 1918 spes
2484 1848 2900 1917 dormientium,
2930 1859 2988 1906 ut
3016 1849 3236 1922 quidam
3266 1859 3474 1921 putant,
3505 1853 3600 1908 sed
3635 1851 3832 1908 habent

523 1959 665 2006 rum,
699 1943 787 2014 qui
834 1951 958 1996 tunc
985 1954 1100 1997 erat
1147 1946 1414 2012 princeps,
1456 1942 1652 2011 adjecit
1682 1958 1700 1994 :
1731 1943 1986 1994 Arcanum
2008 1942 2123 2011 jam
2154 1949 2200 2009 Β
2230 1943 2281 1995 in
2328 1944 2567 1998 tenebris
2607 1945 2783 2001 lucem
2813 1946 2954 2000 sicut
2985 1945 3130 2000 luna.
3177 1945 3390 2001 Corona
3435 1954 3616 2002 autem
3650 1945 3832 2000 stella-

523 2038 734 2092 malitia:
777 2039 984 2091 molitur
1026 2036 1213 2108 (lbid.,
1256 2037 1314 2104 9)
1357 2055 1368 2089 :
1418 2035 1469 2089 id
1511 2047 1626 2101 est,
1669 2035 1925 2088 tnalitiam
1965 2050 2122 2103 quam

520 2131 763 2186 facturus
783 2138 886 2195 est,
913 2144 1111 2184 arcane
1136 2129 1378 2192 molitur,
1405 2127 1500 2182 sed
1525 2143 1629 2180 non
1658 2141 1752 2182 sua
1779 2127 1996 2187 virtute.
2027 2141 2124 2181 nec

520 2223 690 2293 patris
711 2225 815 2286 sui,
844 2223 1155 2288 suscitatur,
1179 2221 1274 2277 sed
1298 2222 1448 2292 jussu
1480 2221 1598 2283 Dei,
1627 2237 1730 2291 qua
1753 2219 1821 2276 de
1848 2236 1907 2275 re
1927 2220 2123 2275 Paulus

520 2317 711 2371 iisdem
743 2316 874 2370 dicit
900 2333 914 2370 :
938 2313 1142 2369 Idcirco
1173 2315 1413 2384 quoniam
1444 2330 1544 2367 non
1573 2322 1868 2378 receperunt
1898 2329 2121 2366 amorem

525 2407 639 2475 Dei,
671 2410 825 2462 mittet
853 2409 923 2462 eis
954 2409 1191 2478 spiritum
1213 2407 1400 2462 erroris
1435 2415 1489 2460 ut
1525 2421 1696 2459 omnes
1719 2410 2122 2476 persuadeantur

521 2503 806 2566 mendacio,
847 2503 933 2573 qui
977 2519 1079 2556 non
1121 2510 1238 2555 sunt
1277 2501 1503 2569 persuasi
1541 2500 1747 2553 veritate
1776 2498 1961 2570 (lbid.,
2002 2497 2116 2569 10).

515 2594 584 2650 Ει
616 2595 800 2649 Esaias
826 2594 938 2647 ait:
967 2591 1347 2648 Sustinentibus
1385 2590 1490 2645 illis
1533 2589 1716 2657 lucem,
1747 2591 1961 2645 tenebra:
1995 2601 2120 2645 orta:

516 2696 634 2741 sunt
665 2686 767 2739 illis
818 2683 993 2756 (Esa.,
1040 2700 1148 2750 th,
1181 2683 1256 2754 9).
1289 2683 1400 2738 Hos
1440 2699 1570 2754 ergo
1613 2683 1903 2754 pr0phetas
1931 2685 1996 2739 ab
2025 2698 2119 2739 eo-

514 2780 635 2835 dem
679 2777 904 2834 interlici
952 2779 1254 2833 manifestat
1282 2777 1657 2848 Apocalypsis,
1700 2787 1755 2832 et
1794 2785 1982 2848 quarta
2030 2777 2116 2833 die

513 2867 817 2944 resurgere,
851 2889 918 2927 ne
949 2873 1068 2939 quis
1090 2871 1310 2941 mqualis
1345 2870 1456 2925 Deo
1488 2871 1815 2926 inveniatur.

585 2966 641 3020 8.
691 2961 757 3017 Et
795 2964 1036 3034 jacebunt
1081 2979 1297 3033 corpora
1346 2979 1520 3016 eorum
1573 2964 1626 3016 in
1675 2963 1856 3034 plateis
1902 2964 2115 3018 civitatis

511 3075 713 3128 magna:
741 3075 854 3127 qua:
879 3067 1089 3113 vocatur
1121 3058 1457 3129 spiritualiter
1484 3057 1713 3112 Sodoma
1742 3068 1788 3111 et
1825 3056 2107 3129 Aigyptus.

507 3150 743 3208 Sodoma
791 3160 970 3206 autem
1025 3160 1082 3206 et
1134 3149 1422 3221 Aigyptum
1475 3150 1603 3203 dicit
1656 3149 2108 3219 llierOSolymam,

506 3259 756 3301 acervum
821 3242 1002 3314 p0puli
1061 3243 1424 3311 persecutoris
1478 3242 1747 3295 elTectam.
1820 3239 2113 3311 Diligenter

2229 2052 2350 2091 rum
2395 2037 2684 2094 duodecim
2725 2039 2951 2095 chorum
2992 2050 3202 2109 patrum
3238 2039 3506 2108 signiticet
3536 2038 3828 2096 secundum

2229 2130 2411 2184 carnis
2451 2130 2818 2201 nativitatem,
2863 2147 2932 2188 ex
2962 2131 3158 2204 quibus
3197 2142 3315 2189 erat
3340 2131 3588 2189 Christus
3613 2148 3830 2190 carnem

2238 2232 2576 2291 sumpturus.

2297 2339 2350 2392 '5.
2381 2335 2449 2392 Et
2492 2339 2656 2393 visam
2676 2349 2748 2395 est
2791 2341 2938 2395 aliud
2974 2341 3182 2414 signum
3221 2343 3278 2397 in
3305 2343 3434 2399 caelo
3460 2361 3481 2399 :
3510 2343 3642 2400 Ecce
3669 2343 3830 2400 draco

2223 2429 2409 2485 rubeus
2434 2430 2626 2486 habens
2652 2434 2826 2503 capita
2851 2444 3066 2505 septem.
3106 2435 3261 2502 Quod
3294 2445 3477 2492 autem
3512 2438 3659 2493 illum
3697 2437 3830 2494 dicit

2223 2523 2427 2580 coloris
2470 2539 2592 2580 esse
2638 2525 2813 2593 rubei,
2851 2526 2905 2582 id
2948 2538 3033 2583 est
3081 2529 3345 2596 coccinei,
3394 2532 3575 2601 operis
3620 2531 3830 2587 fructus

2223 2619 2384 2672 talem
2417 2617 2567 2672 dedit
2591 2619 2640 2674 ei
2682 2621 2942 2677 colorem.
2975 2622 3060 2677 Ab
3081 2623 3236 2678 initio
3267 2627 3412 2680 enim
3460 2625 3562 2681 fuit
3601 2630 3685 2699 (ut
3720 2627 3825 2682 Do-

2220 2710 2398 2765 minus
2420 2709 2520 2784 ait)
2551 2713 2852 2783 homicida,
2888 2726 2944 2772 et
2970 2731 3133 2772 omne
3175 2735 3345 2789 genus
3381 2719 3681 2776 humanum
3718 2737 3824 2778 non

2221 2813 2328 2859 tam
2351 2804 2533 2860 debito
2564 2809 2773 2876 mortis,
2811 2823 2996 2865 verum
3040 2813 3203 2866 etiam
3232 2814 3398 2868 variis
3425 2813 3627 2885 gladiis
3661 2816 3823 2872 obiti-

2220 2899 2426 2970 busque
2457 2904 2750 2972 oppressit.
2787 2903 3008 2972 Septem
3036 2906 3234 2976 capita,
3281 2917 3489 2978 septem
3518 2925 3680 2981 reges
3719 2910 3825 2965 Ro-

2219 3009 2500 3048 manorum
2526 3011 2590 3051 ex
2623 2995 2817 3066 quibus
2853 3005 2908 3052 et
2937 2998 3292 3054 antichristus
3332 3012 3436 3068 est,
3474 3011 3532 3056 ut
3563 3003 3619 3057 in
3660 3001 3824 3073 priori

2215 3084 2470 3143 diximus.

2284 3204 2355 3258 Et
2387 3222 2579 3261 cornua
2607 3207 2797 3262 decem.
2827 3208 3023 3264 Decem
3059 3225 3216 3282 reges
3245 3210 3300 3264 in
3332 3210 3632 3268 novissimo
3667 3220 3809 3267 tem-

504 3355 634 3409 ergo
661 3349 714 3393 et
743 3300 864 3392 cum
892 3300 1103 3390 summa
1148 3335 1510 3390 sollicitudine
1553 3337 1704 3404 sequi
1745 3346 1956 3405 oportet
1989 3352 2112 3406 pro-
2137 3345 2181 3408 (ζ
2215 3315 2344 3409 Ρθιξθ
2379 3300 2488 3409 1'95
2529 3301 2751 3409 θθῗάθξη
2791 3303 3043 3409 δξ⁰¹ξκ¹¹ί
3073 3305 3282 3408 Ρ¹⁸¹ο¹¹¹¹⁵
3321 3305 3392 3359 'b'
3437 3308 3819 3409 ιτθθωίξξωυδ·

505 3429 775 3502 phelicatn
805 3428 1266 3500 praedicationem,
1293 3437 1346 3482 et
1372 3426 1679 3497 intelligere
1705 3429 1844 3497 quod
1878 3429 2110 3497 Spiritus

504 3538 572 3578 ex
623 3522 782 3576 Patre
827 3531 882 3576 et
932 3518 1210 3590 praadicat,
1256 3527 1309 3574 et
1355 3517 1841 3589 prprSteratU);
1891 3529 1944 3574 et
1985 3536 2106 3575 eum

511 3615 860 3687 przccurrerit
890 3630 1057 3684 usque
1084 3612 1152 3668 ad
1193 3613 1564 3679 novissimum,
1609 3628 1818 3667 rursum
1866 3625 2104 3684 tempora

503 3712 781 3781 superiora
815 3711 1030 3778 repetit.
1062 3708 1126 3762 Et
1151 3706 1291 3778 quod
1325 3707 1561 3762 facturus
1582 3717 1664 3761 est
1685 3707 1875 3773 semel,
1901 3707 2107 3778 aliquo-

499 3805 602 3860 ties
627 3803 780 3874 quasi
821 3803 1019 3857 factum
1057 3800 1334 3857 ostendit:
1369 3799 1509 3870 quod
1553 3801 1651 3854 nisi
1693 3802 1958 3871 intelligas
1999 3803 2101 3856 ali-

498 3898 712 3970 quoties
735 3907 792 3951 ut
817 3895 1040 3962 factum,
1070 3895 1351 3965 aliquoties
1387 3903 1444 3947 ιιι
1470 3894 1728 3962 futurum,
1761 3897 1811 3949 in
1841 3897 2097 3966 grandem

498 3992 781 4063 caliginem
847 3989 1072 4044 incides.
1131 3987 1274 4058 Ergo
1336 3988 1706 4058 interpretatio
1758 3989 2093 4058 sequentium

497 4085 765 4140 dictorum
797 4084 847 4138 in
875 4097 936 4137 ea
965 4082 1301 4146 monstravit,
1328 4092 1387 4134 ut
1417 4097 1523 4135 non
1543 4080 1678 4138 ordo
1705 4080 1972 4148 lectionis,
1999 4083 2094 4138 sed

496 4175 762 4235 orationis
792 4175 1139 4245 intelligatur.

575 4273 659 4328 19.
696 4270 763 4324 Et
798 4281 1031 4341 apertum
1067 4279 1141 4322 est
1185 4269 1426 4339 templum
1454 4267 1548 4323 Dei
1592 4271 1729 4341 quod
1757 4280 1830 4325 est
1861 4271 1913 4325 in
1943 4273 2089 4326 caelo.

495 4363 779 4434 'l‘eutplum
826 4373 1072 4432 apertum
1116 4361 1473 4416 manilestatio
1518 4373 1602 4418 est
1641 4364 1849 4419 Domini
1897 4367 2086 4419 nostri.

494 4459 777 4527 Templum
801 4457 945 4513 enim
984 4457 1076 4511 Dei
1107 4455 1272 4510 Filius
1314 4465 1418 4524 est,
1449 4457 1588 4511 sicut
1619 4457 1734 4525 ipsc
1759 4459 1832 4512 ait
1859 4476 1871 4512 :
1900 4457 2092 4514 Solvite

494 4552 738 4621 templum
761 4552 875 4615 hoc,
905 4557 951 4601 et
976 4548 1030 4601 in
1055 4545 1214 4602 tribus
1243 4547 1420 4600 diebus
1446 4547 1698 4601 suscitabo
1727 4549 1856 4602 illud
1885 4548 2087 4619 (Joan.,

493 4660 552 4712 ιι,
592 4644 672 4709 l9,
702 4643 792 4703 '20,
822 4639 939 4712 Ἡ).
973 4639 1037 4695 Ει
1079 4640 1382 4696 dicentibus
1425 4639 1647 4705 Ιυάιείε,
1679 4641 2018 4712 quadraginta
2045 4652 2090 4696 et

2285 3395 2339 3448 4.
2371 3392 2441 3448 Et
2477 3395 2644 3449 cauda
2671 3398 2784 3467 ejus
2815 3397 3032 3451 habebat
3072 3399 3272 3453 tertiam
3316 3408 3509 3469 partem
3548 3399 3820 3454 stellarum

2213 3487 2346 3552 caeli,
2378 3497 2424 3540 et
2462 3487 2598 3540 misit
2633 3487 2752 3542 illas
2781 3490 2834 3543 in
2872 3499 3079 3544 terram.
3113 3489 3266 3558 Quod
3303 3499 3483 3546 autem
3515 3491 3656 3547 dicit
3689 3491 3816 3546 dra-

2211 3580 2360 3634 conis
2385 3579 2608 3634 caudam
2635 3581 2862 3636 traxisse
2887 3584 3099 3637 tertiam
3125 3593 3330 3652 partem
3353 3583 3637 3638 stellarum
3665 3579 3814 3646 cteli,

2209 3671 2454 3726 bifariam
2502 3672 2605 3728 hoc
2639 3673 2806 3743 accipi
2848 3685 3056 3744 potest;
3098 3677 3251 3730 multi
3289 3677 3434 3732 enim
3475 3677 3818 3733 arbitrantur

2209 3764 2421 3820 tertiam
2453 3777 2662 3836 partem
2703 3767 2981 3824 hominum
3009 3770 3348 3825 credentium
3377 3787 3540 3842 posse
3571 3789 3702 3828 eum
3731 3787 3817 3827 se—

2205 3858 2426 3915 ducere.
2455 3860 2562 3916 Sed
2602 3862 2746 3933 quod
2788 3863 2968 3919 verius
3006 3864 3235 3936 intelligi
3265 3864 3463 3922 drbeat
3491 3868 3817 3938 angelorum

2204 3951 2304 4006 sibi
2331 3953 2668 4009 subditorum
2698 3971 2821 4012 cum
2859 3957 3036 4014 adhuc
3068 3959 3322 4030 princeps
3357 3971 3521 4027 esset,
3554 3977 3685 4017 cum
3714 3962 3814 4017 de-

2202 4045 2486 4102 scenderet
2538 4048 2926 4106 constitutiOue
2980 4065 3110 4117 sna,
3173 4054 3387 4108 tertiam
3444 4065 3663 4124 partem
3720 4070 3816 4111 se-

2200 4137 2458 4196 duxisse:
2499 4157 2628 4213 ergo
2675 4144 2819 4211 quod
2864 4145 3114 4216 superius
3161 4146 3475 4204 dicebamus
3519 4149 3600 4204 ait
3657 4150 3813 4222 Apo-

2197 4232 2450 4304 calypsis.

2273 4344 2337 4398 Et
2367 4347 2522 4402 draco
2551 4351 2685 4402 stetit
2713 4350 2769 4403 in
2806 4360 3083 4420 conspectu
3123 4353 3352 4411 mulieris
3385 4371 3499 4427 qua:
3523 4355 3811 4430 incipiebat

2199 4454 2395 4506 parere,
2424 4450 2480 4492 ut
2507 4457 2621 4494 cum
2651 4443 2946 4512 peperisset,
2977 4444 3145 4513 [ilium
3170 4449 3282 4518 ejus
3310 4447 3598 4506 devoraret.
3633 4452 3810 4506 Draco

2193 4530 2346 4585 rnt'us
2380 4541 2529 4586 stans
2571 4543 2625 4588 et
2666 4544 2954 4605 exoptans,
3001 4547 3058 4592 nt
3094 4553 3218 4593 cum
3258 4541 3558 4610 peperisset
3604 4542 3803 4610 lilium,

2194 4622 2480 4680 devoraret
2510 4641 2654 4693 eum,
2683 4627 2928 4684 diabolus
2953 4640 3053 4696 est,
3081 4631 3319 4702 Angelus
3346 4633 3529 4705 refuga
3561 4651 3608 4691 st
3629 4636 3804 4702 ilicet,

490 4753 579 4790 sex
605 4736 752 4790 annis
776 4735 1090 4802 u'diﬁcatum
1117 4744 1189 4786 est
1221 4734 1462 4802 templum
1487 4731 1627 4785 istud
1648 4749 1665 4797 ;
1687 4732 1791 4800 ille,
1812 4734 1887 4788 ait
1913 4733 2090 4788 Evan-

2223 4719 2284 4788 [ιιί
2321 4719 2600 4774 hominum
2642 4722 2881 4777 omnium
2913 4723 3184 4780 interitum
3217 4742 3313 4796 per
3347 4737 3580 4784 mortem
3609 4747 3802 4802 aequa-

489 4829 700 4898 gclista,
725 4827 917 4880 dicebat
949 4826 1011 4879 de
1033 4826 1219 4894 templo
1247 4827 1476 4896 corporis
1501 4825 1601 4878 sui.

565 4923 632 4977 Et
659 4925 767 4975 visa
809 4930 881 4974 est
925 4937 1046 4973 arca
1084 4921 1365 4974 testamenti
1403 4917 1612 4973 Domini
1642 4919 1694 4972 in
1725 4922 1913 4990 templo
1951 4922 2083 4992 ejus.

489 5015 766 5086 Evangelii
814 5013 1120 5084 prmdicatio
1164 5022 1217 5069 et
1265 5013 1590 5083 indulgentia
1641 5013 1986 5082 delictorum,
2031 5027 2088 5071 et

487 5111 668 5166 omnia
717 5109 855 5164 dona
897 5124 1248 5179 quascumque
1291 5123 1410 5162 cum
1455 5108 1548 5163 illo
1590 5108 1951 5178 advenerunt,
1993 5111 2080 5167 illa

485 5207 615 5263 dicit
643 5202 972 5276 apparuisse.

1074 5358 1142 5396 EX
1178 5356 1368 5396 CAPITE
1408 5356 1503 5397 XII.

558 5485 610 5549 l.
637 5484 689 5539 2.
724 5483 788 5538 Et
817 5485 1014 5555 signant
1060 5480 1254 5553 grande
1297 5481 1458 5535 visum
1487 5491 1557 5536 est
1596 5482 1649 5536 in
1690 5484 1816 5539 cozlo
1837 5500 1856 5537 :
1889 5482 2077 5539 Mulier

484 5580 666 5635 amicta
703 5579 830 5643 sole,
860 5588 906 5631 et
937 5575 1063 5631 luna
1091 5573 1181 5631 sub
1209 5574 1419 5644 pedibus
1450 5576 1581 5642 ejus,
1609 5585 1655 5630 et
1682 5576 1734 5632 in
1764 5578 1930 5648 capite
1967 5580 2076 5649 ejus

2195 4810 2303 4866 lem
2339 4826 2460 4868 esse
2495 4813 2815 4884 opinabatur
2844 4834 2858 4870 :
2891 4817 2987 4873 sed
3035 4820 3123 4889 qui
3155 4819 3222 4875 de
3253 4821 3461 4877 semine
3491 4832 3658 4878 natus
3689 4839 3802 4880 non

2194 4915 2340 4972 crat,
2387 4906 2515 4962 nihil
2558 4909 2716 4962 morti
2759 4908 3022 4976 debebat,
3071 4922 3293 4983 pr0pter
3336 4915 3480 4984 quod
3520 4915 3802 4973 devorare

2192 5011 2313 5053 eum
2348 5015 2452 5054 non
2479 5001 2670 5071 potuit,
2699 5000 2754 5058 id
2779 5011 2864 5058 est
2891 5003 2942 5056 itt
2973 5015 3145 5059 morte
3181 5005 3454 5074 detinere,
3479 5025 3608 5064 nam
3635 5013 3802 5066 tertia

2189 5089 2276 5146 die
2294 5093 2605 5148 resurrexit.
2631 5095 2867 5166 Denique
2879 5107 2930 5150 et
2952 5097 3258 5168 priusquam
3283 5109 3560 5169 pateretur
3577 5113 3802 5160 tentare

2189 5200 2309 5240 eum
2332 5189 2556 5243 accessit
2579 5197 2848 5261 tamquam
2877 5190 3146 5247 hominem
3177 5209 3191 5246 :
3222 5192 3316 5248 sed
3343 5211 3464 5250 cum
3489 5213 3599 5251 non
3637 5200 3799 5255 inve-

2185 5280 2354 5335 nisset
2400 5281 2548 5336 illum
2604 5298 2725 5339 esse
2773 5300 2932 5355 quem
2984 5285 3224 5354 putabat,
3269 5287 3522 5345 discessit
3572 5290 3650 5346 ab
3699 5292 3798 5347 illo

2184 5387 2354 5444 usque
2379 5377 2445 5430 ad
2478 5385 2722 5446 tempus;
2753 5378 2894 5434 unde
2924 5377 3044 5434 heic
3070 5379 3266 5435 dicitur
3294 5397 3308 5434 :

2252 5488 2307 5544 5.
2344 5488 2409 5542 Et
2445 5493 2638 5563 peperit
2667 5493 2831 5562 [ilium
2852 5495 2940 5564 qui
2978 5494 3161 5566 incipit
3187 5511 3359 5567 regere
3388 5513 3562 5553 omnes
3607 5510 3795 5573 gentes

2178 5579 2229 5634 in
2251 5582 2395 5652 virga
2415 5581 2600 5652 ferrea.
2629 5583 2786 5656 Virga
2808 5585 3003 5655 ferrea,
3029 5588 3236 5658 gladius
3255 5598 3339 5645 est
3360 5594 3791 5662 persecutionis.

1825 5713 2389 5790 CQMMENTARIUS.

481 5853 484 5858 ’
555 5853 634 5925 (ι)
655 5853 1018 5924 Prceposterat.
1045 5853 1147 5909 Pro
1169 5860 1503 5923 praepostero
1522 5850 1712 5925 ordine
1733 5853 1916 5921 utitur,
1936 5870 2060 5925 pro-

483 5923 655 5999 prium
679 5923 890 5983 illorum
922 5933 1248 5996 temporum,
1283 5934 1337 5980 et
1375 5941 1488 5982 suae
1515 5923 1742 5982 fortasse
1772 5923 2060 5985 etiamna-

2172 5857 2332 5915 tionis
2357 5875 2510 5918 usum
2543 5862 2796 5934 loquendi
2820 5876 3058 5924 secutus.
