3942 6330
156 274 267 333 537

1309 281 1376 339 IN
1415 281 1890 340 APOCALYPSIN
1930 283 1990 342 Β.
2031 285 2332 345 JOANNIS.

3358 297 3462 353 558

228 391 434 450 Omnes
459 393 565 448 nidi
607 395 869 450 recessisse
897 396 962 452 de
999 397 1124 451 locis
1166 400 1293 452 suis.
1328 398 1440 454 Hoc
1481 409 1585 467 est,
1632 400 1758 456 boni
1785 399 1839 462 Α
1868 403 2050 471 pardo.
2078 403 2322 473 Regnum
2356 401 2498 459 illius
2541 404 2800 474 temporis
2843 403 3192 473 Antichristi,
3225 420 3346 462 cum
3375 427 3465 464 va-

147 487 528 542 movebuntur
554 489 984 558 persecutionem
1014 490 1299 560 fugientes.

224 577 304 633 Et
335 563 478 647 filius
505 589 686 650 raptus
713 592 785 635 est
829 581 898 636 ad
938 580 1104 635 Deum
1144 593 1190 636 et
1231 582 1300 636 ad
1346 583 1586 637 thronum
1632 585 1763 650 eius.

143 674 394 745 Raptum
437 674 502 728 ad
530 675 724 730 solium
767 675 860 729 Dei
885 685 940 730 et
968 691 1065 730 nos
1092 676 1321 746 legimus
1362 679 1414 731 in
1458 679 1604 732 Actis
1630 692 1765 748 apo-

137 770 455 834 stolorum,
517 770 976 840 quemadmodum
1033 772 1258 843 loquens
1311 788 1432 828 cum
1485 773 1764 845 discipulis

135 873 343 934 raptus
368 871 456 918 est
483 865 534 918 in
567 863 756 919 cmlos.

214 957 274 1010 6.
329 956 525 1011 Mulier
545 968 718 1011 autem
753 958 886 1028 fugit
910 958 963 1011 in
1001 958 1361 1024 solitudinem;
1388 968 1436 1014 et
1470 959 1606 1014 data:
1644 970 1761 1014 sunt

135 1052 221 1106 illi
256 1053 386 1106 dua:
414 1051 518 1106 alte
545 1053 733 1123 agni/te
757 1068 976 1124 magnas.
1017 1052 1282 1107 Auxilium
1313 1055 1520 1108 alarum
1553 1069 1760 1125 magna:

136 1147 370 1218 aquilae,
400 1147 606 1203 donum
635 1148 842 1204 scilicet
865 1149 1268 1220 prOphetarum,
1295 1151 1588 1207 Ecclesiam
1615 1152 1758 1207 illam

134 1241 474 1296 catholicam
507 1257 578 1297 ex
611 1258 716 1313 qua
763 1243 814 1296 in
861 1244 1170 1309 novissimo,
1207 1254 1450 1317 tempore
1484 1246 1755 1302 creditura

131 1343 271 1389 sunt
297 1346 523 1390 centum
556 1335 908 1407 quadraginta
932 1346 1164 1408 quatuor
1187 1338 1351 1392 millia
1382 1337 1662 1393 hominum
1688 1339 1757 1394 ad

131 1431 593 1502 praedicationem
618 1429 786 1496 Elite;
816 1432 909 1488 sed
932 1443 984 1487 et
1005 1441 1260 1487 cancrum
1285 1433 1540 1503 populum
1570 1434 1755 1489 vivum

129 1525 373 1579 inveniri
419 1525 474 1579 in
518 1523 758 1580 adventu
803 1525 1033 1590 Domini,
1066 1525 1189 1580 heic
1216 1524 1366 1580 dicit.
1397 1527 1462 1581 Et
1499 1528 1754 1582 Dominus

128 1617 183 1670 in
220 1617 530 1687 Evangelia
555 1619 630 1672 ait
659 1636 672 1673 :
705 1618 846 1672 Tunc
877 1622 963 1689 qui
990 1620 1045 1672 in
1070 1618 1258 1673 ludam
1290 1631 1442 1684 sunt,
1473 1622 1673 1692 fugiant
1700 1624 1756 1676 in

129 1721 334 1767 montes
377 1711 564 1785 (Luc.,
602 1728 713 1776 χιιι,
759 1712 856 1783 21)
892 1731 905 1766 :
939 1711 990 1767 id
1021 1723 1141 1777 est,
1189 1721 1454 1783 quotquot
1483 1713 1535 1768 in
1563 1713 1751 1769 Judtca

1873 498 2064 552 rietatc
2089 499 2328 568 gentium
2357 508 2409 554 et
2439 499 2690 569 populum
2714 501 3084 565 commixtum,
3112 501 3387 571 significat.

1941 591 1997 645 2.
2038 590 2202 646 Pedes
2233 594 2342 662 ejus
2375 603 2632 661 tamquam
2657 595 2782 648 ursi.
2813 593 2991 648 Fortis
3023 605 3075 648 et
3105 598 3467 664 spurcissima:

1868 685 2054 741 bestia:
2083 703 2095 738 :
2132 686 2314 753 pedes,
2349 687 2516 741 duces
2543 687 2660 757 ejus
2687 687 3014 756 intelligendi
3047 698 3192 743 sunt.

1942 777 2007 830 Et
2045 795 2100 832 os
2124 780 2234 846 ejus
2263 789 2521 849 tamquam
2552 780 2765 833 leonem.
2812 781 2864 834 Id
2911 793 3022 846 est,
3049 781 3114 834 ad
3145 783 3462 852 sanguinem

1867 880 2132 925 armatum
2162 887 2223 926 os
2261 872 2410 941 ejus,
2435 872 2607 941 jussio
2646 872 2789 925 illius
2817 883 2930 936 est,
2961 884 3013 927 et
3044 873 3219 943 lingua
3250 889 3370 945 qua:
3397 876 3465 930 ad

1867 963 2090 1018 nihilum
2127 964 2270 1018 aliud
2312 979 2627 1034 processura
2659 974 2778 1032 est,
2810 965 2911 1020 nisi
2938 965 3004 1018 ad
3033 967 3349 1035 sanguinem
3379 967 3464 1022 cl-

1867 1054 2218 1111 fundendum.

1937 1163 2066 1215 xvu,
2107 1149 2158 1201 9.
2194 1147 2402 1220 Septem
2445 1151 2614 1219 capita
2659 1159 2849 1219 septem
2889 1160 3083 1205 montes
3119 1162 3236 1206 sunt
3271 1151 3371 1224 (l),
3409 1154 3462 1206 in

1863 1238 2044 1308 quibus
2073 1241 2257 1295 mulier
2275 1241 2434 1295 sedet.
2464 1239 2520 1295 Id
2550 1249 2654 1305 est,
2682 1241 2880 1296 civitas
2911 1242 3172 1297 ROmana.

1937 1331 2024 1386 10.
2060 1332 2128 1384 Et
2161 1349 2303 1403 reges
2336 1346 2528 1402 septem
2561 1343 2678 1387 sunt
2701 1351 2719 1387 :
2741 1335 2961 1406 quinque
2992 1336 3304 1400 ceciderunt,
3327 1353 3462 1393 unus

1860 1433 1967 1488 est,
1999 1435 2046 1480 et
2074 1427 2208 1481 alius
2245 1427 2472 1481 nondum
2513 1430 2677 1491 venit;
2699 1440 2746 1481 et
2775 1445 2891 1482 cum
2919 1432 3136 1495 venerit,
3167 1432 3301 1485 1η·ευὶ
3330 1441 3460 1486 tem-

1861 1536 1985 1589 pore
2036 1521 2130 1574 erit
2179 1519 2279 1592 (2).
2319 1521 2546 1591 Intelligi
2587 1531 2802 1591 oportet
2844 1533 3056 1592 tempus
3103 1540 3210 1594 quo
3260 1528 3456 1596 scripta

1863 1615 2211 1685 Apocalypsis
2240 1615 2383 1671 edita
2408 1625 2491 1670 est
2521 1634 2534 1669 :
2566 1618 2820 1686 quoniam
2849 1627 2973 1672 tunc
3000 1629 3117 1674 erat
3144 1618 3324 1675 Caesar
3349 1619 3458 1674 Do-

1860 1707 2150 1771 mitianus;
2183 1720 2310 1764 ante
2341 1709 2488 1763 illum
2521 1721 2698 1765 autem
2730 1710 2901 1766 fuerat
2925 1711 3076 1766 Titus
3105 1711 3271 1767 frater
3293 1714 3456 1776 illius,

129 1805 343 1861 fuerint
372 1805 625 1871 collecti,
659 1815 788 1860 eant
823 1806 888 1860 ad
923 1805 1073 1860 illum
1106 1807 1284 1860 locum
1314 1821 1471 1874 quem
1503 1815 1748 1877 paratum
1781 1800 1828 1859 B
1856 1811 1911 1856 et
1947 1801 2336 1870 Vespasianus,
2375 1801 2546 1870 Otho,
2585 1803 2836 1859 Vitellius
2872 1813 2928 1861 et
2965 1805 3151 1861 Galba.
3201 1805 3291 1861 Isti
3331 1819 3459 1862 sunt

127 1898 368 1964 habent,
396 1909 456 1955 et
484 1900 794 1954 nutriantur
836 1899 906 1954 ibi
949 1899 1236 1954 triennium
1263 1908 1316 1954 et
1343 1913 1560 1954 menses
1597 1914 1691 1955 sex
1717 1916 1747 1954 a

129 1994 274 2049 facie
301 1993 528 2048 diaboli.

201 2088 295 2142 14.
326 2087 444 2140 Ala:
469 2087 588 2141 dua:
615 2103 838 2160 magnte.
875 2087 992 2142 Duo
1017 2095 1145 2142 sunt
1169 2089 1448 2159 prophetae
1468 2132 1482 2156 ,
1513 2089 1659 2146 Elias
1692 2100 1746 2147 et

130 2183 222 2251 qui
254 2197 385 2238 cum
413 2183 506 2236 illo
535 2183 690 2238 fuerit
719 2183 1001 2255 propheta.

195 2275 290 2330 15.
320 2274 390 2329 Et
407 2277 578 2330 emisit
598 2293 807 2342 serpens
827 2293 891 2332 ea:
911 2294 998 2331 ore
1018 2294 1110 2333 suo
1140 2288 1250 2348 post
1274 2281 1535 2334 mulierem
1556 2292 1743 2354 aquam

125 2371 261 2425 velut
288 2373 512 2442 ﬂumen,
538 2381 592 2426 ut
619 2389 734 2427 eam
760 2389 817 2427 eo
843 2374 1057 2443 ﬂumine
1075 2373 1317 2444 auferret.
1345 2377 1550 2447 Aquam
1578 2392 1739 2448 quam

128 2463 320 2519 emisit
345 2464 414 2519 de
442 2479 541 2520 ore
583 2479 683 2520 suo
723 2481 982 2536 serpens,
1019 2466 1173 2536 jussu
1217 2481 1316 2524 suo
1345 2469 1603 2538 populum
1650 2471 1740 2542 qui

129 2568 500 2629 persequatur
524 2574 668 2626 eam,
701 2558 981 2628 signiﬁcat.

192 2653 220 2706 l
240 2650 296 2706 6.
329 2651 400 2706 Et
444 2651 642 2720 adjuvit
673 2653 930 2725 mulierem
959 2661 1116 2718 terra,
1162 2664 1208 2708 et
1249 2657 1450 2725 aperuit
1480 2673 1535 2711 os
1561 2673 1734 2726 suum,

121 2754 172 2800 et
199 2743 472 2799 absorbuit
493 2745 627 2800 illud
645 2748 837 2816 flumen
867 2748 1006 2818 quod
1041 2749 1196 2802 draco
1227 2751 1390 2804 emisit
1417 2767 1479 2805 ex
1505 2767 1592 2806 ore
1620 2768 1732 2808 suo.

124 2841 434 2907 Aperuisse
463 2853 523 2894 os
548 2855 704 2895 suum
739 2851 960 2908 terram,
994 2852 1048 2898 et
1077 2844 1368 2900 devorasse
1394 2862 1583 2915 aquas,
1612 2848 1733 2902 vin-

117 2930 328 2986 dictam
363 2931 432 2988 de
472 2936 828 3004 praesentibus
869 2937 1198 2993 manifestat.
1236 2939 1383 2994 llanc.
1415 2942 1578 3011 igitur
1607 2943 1736 2997 licet

120 3026 518 3092 parturientem
542 3026 823 3096 signiﬁcet,
859 3039 1039 3094 postea
1073 3041 1226 3100 partu
1259 3031 1404 3086 edito
1437 3032 1730 3104 fugientem

117 3116 394 3180 ostendit;
424 3119 546 3187 quia
579 3133 686 3174 nou
716 3135 822 3175 uno
854 3130 1096 3193 tempore
1128 3133 1354 3196 utraque
1381 3137 1504 3180 sunt
1539 3125 1678 3182 facta
1713 3144 1727 3182 :

1853 1896 2089 1966 quinque
2117 1897 2202 1963 qui
2235 1897 2566 1952 ceciderunt.
2598 1897 2742 1953 Unus
2771 1908 2966 1964 exstat,
2989 1900 3091 1955 sub
3117 1916 3226 1969 quo
3253 1902 3452 1971 scripta

1852 1990 2348 2060 eSt_Apncalypsis,
2384 1990 2716 2045 Domitianus
2758 1992 2983 2046 scilicet.
3033 1993 3180 2047 Alius
3218 1993 3447 2048 nondum

1848 2085 2013 2147 venit,
2037 2081 2265 2139 Nervam
2290 2083 2421 2139 dicit
2445 2102 2458 2137 :
2485 2095 2530 2139 et
2557 2101 2672 2138 cum
2697 2087 2906 2151 venerit,
2931 2085 3067 2140 brevi
3091 2095 3315 2157 tempore
3335 2089 3452 2152 erit,

1848 2177 2126 2232 biennium
2155 2177 2297 2232 enim
2331 2193 2437 2232 non
2470 2178 2739 2249 implevit.
3065 2157 3085 2198 ¹

1927 2271 2012 2325 il.
2051 2268 2118 2322 Et
2148 2269 2303 2324 bestia
2331 2287 2484 2340 quam
2514 2271 2722 2337 vidisti,
2753 2273 2816 2326 de
2842 2283 3030 2344 septem
3059 2284 3149 2328 est.
3183 2273 3448 2342 Quoniam

1844 2373 1970 2416 ante
1999 2363 2130 2416 istos
2159 2378 2344 2433 reges,
2376 2363 2516 2419 Nero
2546 2367 2807 2434 regnavit.

1920 2455 1989 2509 Et
2026 2471 2202 2510 octava
2232 2467 2322 2511 est.
2357 2457 2446 2511 Ait
2473 2458 2632 2512 modo
2665 2457 2782 2531 (5):
2817 2474 2938 2513 cum
2990 2461 3075 2514 illa
3122 2459 3444 2526 advenerit,

1844 2559 2097 2619 computa
2133 2550 2311 2605 locum
2352 2562 2638 2616 octavum,
2667 2554 2918 2622 quoniam
2962 2554 3015 2609 in
3060 2554 3154 2610 illo
3193 2565 3277 2610 est
3314 2570 3445 2612 con-

1842 2644 2161 2707 summatio,
2201 2643 2420 2712 adjecit.

1913 2735 1982 2788 Et
2007 2737 2059 2790 in
2087 2736 2346 2790 interitum
2372 2738 2540 2791 vadet.
2565 2736 2698 2792 Nam
2738 2737 2926 2794 decem
2966 2740 3142 2811 Reges
3165 2741 3443 2810 accepisse

1839 2830 2077 2900 regalem
2124 2839 2480 2898 poteSIatem,
2522 2845 2643 2885 cum
2695 2831 2787 2886 ille
2829 2835 3056 2888 moverit
3085 2834 3151 2887 ab
3172 2832 3428 2900 Oriente,

1835 2920 1937 2975 ait:
1968 2921 2203 2976 Mittetur
2229 2923 2296 2976 ab
2327 2922 2459 2976 urbe
2487 2921 2654 2976 Roma
2686 2939 2806 2978 cmn
2840 2926 3170 2981 exercitibus
3199 2927 3330 2981 suis.
3367 2927 3439 2982 Et

1836 3028 2034 3068 cornua
2062 3012 2250 3068 decem
2289 3024 2343 3067 ct
2381 3013 2568 3068 decem
2606 3014 2906 3069 diademata
2957 3017 3140 3072 Daniel
3180 3017 3435 3074 ostendit.

1837 3104 1904 3158 Et
1942 3105 2043 3158 tria
2087 3103 2349 3159 cradicari
2391 3105 2457 3158 de
2500 3105 2797 3174 prioribus,
2831 3106 2932 3160 hoc
2970 3117 3084 3169 est,
3119 3119 3228 3164 tres
3273 3109 3440 3165 duces

116 3208 374 3264 Christus
395 3211 538 3265 enim
578 3212 720 3282 quod
763 3223 918 3268 natus
945 3225 1029 3270 est
1070 3216 1303 3283 scimus;
1349 3219 1444 3272 sed
1476 3228 1720 3290 tempora
1746 3203 1791 3266 Ο
1826 3197 2123 3290 primari“?
2157 3196 2225 3251 ab
2265 3196 2601 3252 Α¹¹ίί⁰¹¹τίδί⁰
2646 3196 2895 3254 ίηιθνθθί·
2947 3196 3188 3254 leeros
3229 3208 3438 3271 septem

118 3296 530 3368 intercessisse,
559 3313 618 3358 ut
651 3305 738 3360 illa
763 3303 1002 3378 aufugiat
1024 3323 1050 3361 a
1081 3306 1220 3364 facie
1242 3314 1534 3382 serpentis,
1561 3313 1738 3369 adhuc

142 3407 334 3451 actum
360 3414 466 3453 non
495 3413 636 3455 esse.
673 3399 876 3456 Deinde
901 3401 977 3456 ait
1006 3421 1019 3457 :

189 3492 246 3543 7-
261 3489 316 3545 9.
335 3488 553 3545 Factum
566 3502 640 3546 est
656 3493 892 3563 praelium
905 3495 956 3548 in
971 3496 1096 3550 ctelo
1112 3512 1130 3550 :
1144 3496 1368 3553 Michael
1383 3510 1429 3554 et
1445 3501 1616 3572 angeli
1626 3502 1738 3572 ejus

119 3584 428 3655 pugnabant
455 3601 572 3640 cum
602 3587 834 3656 dracone,
861 3599 905 3642 et
921 3589 1076 3644 draco
1098 3591 1362 3658 proeliatus
1393 3604 1464 3648 est
1483 3605 1530 3648 et
1563 3597 1737 3666 angeli

116 3683 236 3749 ejus
258 3695 278 3733 .'
297 3689 346 3734 et
373 3697 472 3736 non
491 3682 778 3748 valuerunt,
807 3701 898 3739 nec
919 3689 1147 3739 iuventus
1164 3687 1303 3741 locus
1320 3703 1489 3742 eorum
1511 3691 1736 3761 amplius

114 3775 166 3827 in
191 3771 346 3827 ctelo.
363 3770 430 3826 Et
453 3775 710 3846 projectus
730 3785 802 3830 est
815 3777 970 3830 draco
1001 3779 1087 3832 ille
1116 3796 1351 3850 magnus,
1366 3799 1576 3851 serpens
1600 3787 1734 3838 anti-

113 3883 250 3936 quus
269 3883 284 3924 :
301 3869 554 3937 projectus
565 3880 637 3923 est
653 3871 704 3922 in
725 3879 930 3924 terram.
950 3870 1062 3925 Hoc
1077 3883 1159 3928 est
1172 3874 1376 3929 initium
1398 3863 1730 3933 Antichristi.

115 3971 250 4015 ante
280 3968 456 4014 tamen
478 3969 690 4032 oportet
716 3962 1007 4032 pra-dicare
1033 3964 1225 4028 Eliam,
1245 3975 1300 4020 et
1322 3969 1464 4037 pacis
1488 3945 1731 4041 tempora

113 4067 276 4134 esse;
301 4067 365 4106 ac
391 4063 576 4122 postea
600 4056 988 4110 Consummatis
1013 4057 1244 4112 triennio
1264 4072 1318 4114 et
1338 4074 1430 4115 sex
1456 4063 1731 4120 mensibus

114 4143 165 4200 ln
195 4145 584 4216 prmdicatione
617 4147 776 4213 Elite,
808 4148 966 4203 etiam
993 4149 1182 4219 jactari
1221 4167 1341 4206 eum
1371 4153 1437 4208 dc
1479 4155 1619 4210 caelo
1641 4157 1729 4212 ubi

113 4239 380 4294 habuerat
396 4250 713 4308 potestatem
728 4242 1053 4298 ascendendi
1073 4259 1240 4314 usque
1256 4245 1322 4299 ad
1341 4247 1470 4301 illud
1496 4258 1724 4320 tempus:

113 4343 167 4387 et
196 4332 426 4403 angelos
463 4333 676 4405 refugas
711 4335 1010 4402 universos,
1041 4337 1118 4391 sic
1144 4348 1200 4392 et
1220 4338 1627 4409 Antichristum,
1659 4343 1729 4400 de

116 4425 336 4480 inferno
350 4427 619 4492 suscitari,
639 4429 830 4483 Paulus
844 4432 1120 4500 apostolus
1134 4433 1210 4486 ait
1225 4450 1238 4487 :
1256 4432 1376 4488 Nisi
1387 4437 1527 4506 prius
1539 4439 1728 4494 venerit

117 4519 384 4585 discessio,
403 4529 452 4574 et
471 4525 766 4592 apparuerit
782 4525 931 4578 homo
957 4528 1166 4597 peccati,
1197 4529 1338 4597 [ilius
1357 4531 1659 4601 perditionis
1679 4546 1727 4590 et

1841 3290 1972 3345 dare
2002 3289 2075 3344 illi
2113 3289 2374 3346 honorem
2396 3331 2411 3355 ,
2451 3299 2506 3344 et
2549 3290 2866 3355 consilium,
2899 3303 2952 3344 ot
2985 3301 3334 3361 potestatem,
3368 3293 3438 3348 de

1842 3383 2032 3454 quibus
2060 3385 2135 3438 ait
2163 3403 2177 3439 :

1912 3477 2000 3532 16.
2032 3476 2107 3530 Hi
2135 3477 2305 3531 odient
2340 3478 2681 3547 meretricem,
2716 3480 2890 3533 urbem
2914 3479 3134 3546 scilicet,
3162 3489 3208 3533 et
3248 3494 3428 3532 carnes

1839 3574 1954 3644 ejus
1991 3573 2279 3627 comburent
2315 3573 2443 3643 igni.
2479 3572 2652 3628 Unum
2692 3582 2869 3628 autem
2899 3573 2964 3627 de
2991 3573 3255 3643 capitibus
3281 3573 3433 3642 quasi

1840 3669 2077 3724 occisum
2110 3667 2161 3721 in
2193 3676 2452 3732 mortem,
2484 3677 2538 3722 et
2561 3667 2769 3737 plagam
2799 3667 2986 3721 mortis
3015 3667 3132 3736 ejus
3163 3674 3427 3733 curatam,

1840 3761 2111 3817 Neronem
2133 3761 2282 3816 dicit.
2310 3759 2530 3815 Constat
2555 3761 2718 3826 enim,
2752 3759 2878 3815 dum
2909 3760 3282 3828 insequeretur
3307 3773 3429 3813 eum

1839 3854 2106 3923 equitatus
2133 3853 2328 3906 missus
2370 3868 2398 3904 a
2436 3863 2656 3917 senatu,
2689 3853 2860 3922 ipsum
2903 3851 3001 3906 sibi
3039 3852 3216 3922 gulam
3257 3850 3429 3906 succi-

1837 3948 2001 4003 disse.
2021 3947 2170 4001 Hunc
2184 3961 2313 4017 ergo
2328 3949 2640 4001 suscitatum
2658 3948 2794 4000 Deus
2807 3947 2980 4001 mittet
2992 3961 3170 4015 regem
3187 3946 3425 4017 dignum,

1835 4039 1929 4095 sed
1951 4039 2165 4109 dignum
2178 4037 2391 4108 qualem
2407 4037 2921 4094 merueruntJudaai.
2941 4039 3001 4093 Et
3015 4039 3264 4109 quoniam
3281 4038 3429 4092 aliud

1835 4146 2028 4186 nomen
2053 4130 2332 4186 habiturus
2357 4143 2472 4197 est,
2503 4131 2643 4186 aliud
2675 4132 2836 4186 etiam
2869 4133 3206 4186 instituturus
3227 4173 3241 4194 ,
3267 4139 3324 4185 ut
3348 4131 3426 4185 sic

1835 4242 1954 4282 cum
1987 4236 2257 4298 tamquam
2283 4226 2554 4283 Christum
2585 4229 2855 4298 excipiant
2886 4228 3079 4294 Judazi,
3120 4227 3195 4281 ait
3237 4226 3426 4281 Daniel

1832 4321 2030 4393 (Dan.,
2065 4339 2148 4390 x1,
2175 4321 2274 4392 δι)
2296 4365 2309 4387 ,
2334 4323 2612 4378 Desideria
2644 4322 2926 4378 mulierum
2958 4337 3062 4376 non
3098 4329 3426 4391 cognoscet,

1830 4430 1951 4470 cum
1971 4415 2116 4486 prius
2129 4416 2290 4472 fuerit
2313 4417 2726 4487 impurissimus,
2741 4427 2796 4472 et
2810 4416 3012 4470 nullum
3031 4415 3194 4470 Deum
3210 4425 3424 4484 patrum

1829 4524 2049 4565 suorum
2081 4520 2386 4581 cognoscet.
2418 4509 2531 4564 Non
2561 4512 2704 4563 enim
2736 4509 2994 4564 seducere
3021 4509 3216 4576 poterit
3253 4522 3424 4575 popu-

116 4617 468 4682 adversarius,
503 4619 597 4688 qui
627 4619 890 4674 ερειευαυῑι
915 4637 1068 4691 super
1093 4639 1240 4678 οηπηε
1266 4598 1403 4697 quo};
1432 4628 1724 4686 nominatur
1745 4615 1800 4681 Ι)
1828 4601 1935 4657 lum
1976 4602 2432 4697 circumcisionis,
2465 4601 2566 4697 nisi
2596 4601 2826 4697 [egissit
2855 4599 3144 4668 judicator.
3181 4598 3422 4697 Denique

119 4707 287 4776 Deus,
322 4711 572 4777 autquod
601 4712 784 4767 colitur
814 4711 887 4784 (II
917 4713 1122 4782 Thess,
1152 4732 1187 4770 ll
1206 4758 1220 4782 ,
1254 4718 1308 4783 5,
1340 4719 1391 4772 4.
1415 4717 1460 4789 ).

688 4843 757 4882 EX
795 4843 989 4884 CAPITE
1029 4844 1139 4884 XIII.

189 4965 238 5018 l.
291 4960 359 5018 Et
403 4965 506 5020 vidi
555 4965 619 5020 de
663 4967 794 5022 mari
835 4969 1184 5024 ascendentem
1232 4969 1442 5026 bestiam
1494 4973 1710 5029 similem

1822 4705 1878 4751 et
1907 4707 2125 4750 sanctos
2154 4710 2262 4749 non
2289 4694 2356 4748 ad
2382 4693 2522 4748 idola
2553 4693 2774 4747 colenda
2806 4699 3150 4746 revocaturus
3181 4698 3297 4754 est,
3321 4691 3422 4747 sed

1816 4789 1884 4844 ad
1914 4790 2375 4846 circumcisionem
2405 4789 2821 4859 suscipiendam,
2849 4798 2903 4842 et
2929 4787 2973 4840 si
3017 4802 3150 4856 quos
3179 4786 3422 4858 potuerit

1813 4885 2107 4950 seducere;
2147 4885 2218 4939 ita
2265 4884 2405 4940 enim
2452 4883 2612 4940 faciet
2656 4883 2789 4948 sibi,
2834 4893 2890 4938 ut
2937 4881 3184 4938 Christus
3223 4881 3293 4938 ab
3335 4882 3416 4938 eis

1809 4979 2130 5050 appelletur.
2178 4977 2254 5032 De
2294 4976 2507 5034 inferno
2556 4985 2736 5032 autem
2777 4976 2860 5049 (4)
2901 4977 3052 5032 illum
3097 4989 3413 5047 resurgere,

1481 5106 1854 5168 COMMENTA
1865 5113 2039 5172 RIUS.

188 5237 272 5310 (i)
291 5239 509 5313 Septem
551 5240 721 5308 capita
748 5249 936 5310 septem
965 5250 1157 5296 montes
1180 5250 1313 5296 sunt.
1349 5241 1462 5297 Hoc
1491 5259 1556 5299 ex
1584 5259 1702 5313 cap.

122 5324 245 5376 χιιι,
278 5312 329 5365 9.
351 5319 622 5379 sumptum
649 5323 749 5376 est,
781 5327 946 5381 usque
972 5327 1060 5378 eo,
1089 5313 1176 5368 ubi
1205 5315 1394 5368 iterum
1428 5316 1589 5370 verba
1615 5312 1697 5378 I5,

116 5382 302 5449 capitis
355 5382 540 5453 incipit
587 5383 947 5452 interpretari,
975 5399 1093 5438 cum
1141 5385 1247 5452 ait,
1278 5383 1536 5439 Numerus
1572 5391 1705 5442 enim

116 5454 333 5528 nominis
353 5462 428 5528 est
455 5470 470 5504 :
501 5468 622 5528 quae
658 5455 826 5528 verba
855 5464 1062 5510 mutare
1089 5457 1354 5511 noluimus
1380 5457 1450 5510 ob
1481 5458 1529 5512 id
1561 5461 1702 5528 quod

117 5524 378 5595 interpres
415 5526 532 5593 ipse
566 5524 694 5578 dicit
736 5526 992 5594 Spiritum
1041 5540 1282 5582 sanctum
1335 5545 1438 5582 non
1486 5524 1704 5586 servare

119 5595 394 5672 verborum
414 5595 680 5672 ordinem,
694 5599 790 5672 sed
807 5612 836 5650 a
858 5599 1141 5668 postremis
1164 5599 1426 5655 interdum
1443 5601 1508 5656 ad
1534 5604 1700 5672 prima

116 5666 512 5736 interpretanda
543 5668 789 5723 transire.

209 5737 263 5813 ᾖ)
309 5739 422 5813 Iloc
439 5754 806 5813 ex_cap.xvn.
829 5750 1103 5813 sumptum
1130 5751 1231 5798 est.
1258 5741 1428 5800 GALL.

207 5811 260 5879 5)
288 5811 375 5866 Ait
403 5810 574 5867 modo.
609 5811 704 5868 Hic
737 5813 883 5868 locus
911 5810 998 5870 me
1037 5814 1130 5868 diu
1171 5815 1357 5885 torsit,
1397 5831 1516 5872 cum
1563 5817 1703 5874 fcede

1813 5248 1834 5318 (
1856 5248 1906 5301 ni
1935 5247 2120 5322 fallor)
2147 5261 2432 5322 corruptus
2458 5265 2602 5310 esset
2631 5273 2644 5309 :
2675 5271 2797 5310 eum
2822 5265 3000 5312 tamen
3027 5255 3296 5321 corrigere
3319 5269 3412 5310 co-

1812 5330 1966 5391 natus
2015 5337 2168 5385 sum,
2208 5325 2348 5391 quod
2393 5341 2460 5380 an
2525 5338 2846 5382 consecutus
2899 5329 3035 5391 sim,
3090 5325 3410 5382 eruditiores

1810 5389 2058 5466 homines
2081 5389 2419 5462 judicahunt.
2448 5395 2505 5450 In
2563 5401 2926 5466 manuscripto
2975 5389 3043 5450 ita
3092 5397 3405 5466 legebatur:

1808 5462 1893 5538 All
1916 5464 2207 5538 modorum
2235 5466 2325 5520 ille
2349 5470 2630 5534 advenerit,
2660 5462 2897 5538 amputas
2919 5470 3028 5522 loco
3055 5462 3245 5526 octauo.
3276 5485 3406 5538 quo-

1808 5534 1944 5586 niam
1967 5539 2018 5588 in
2041 5536 2131 5589 illa
2155 5547 2224 5591 est
2245 5542 2631 5593 consummatio.
2660 5534 2859 5593 Octavo
2889 5540 3005 5592 lacn
3031 5534 3403 5595 antichristum

1811 5619 2094 5662 venturum
2123 5609 2277 5674 dicit;
2310 5625 2431 5663 nam
2461 5611 2735 5664 octonarin
2763 5625 2986 5663 numero
3018 5607 3274 5676 perfectio
3304 5609 3402 5666 de-

1806 5677 2064 5752 signatur,
2087 5694 2214 5752 rcum
2244 5681 2427 5734 mundi
2458 5680 2899 5752 linismlvcnerit,
2925 5680 3045 5735 ideo
3068 5681 3212 5736 addit
3239 5701 3250 5735 :
3276 5697 3401 5752 qua-

1808 5749 1946 5802 nimn
1976 5752 2028 5802 in
2054 5751 2146 5806 illo
2171 5762 2244 5805 est
2263 5751 2650 5805 consummatio.

1882 5820 1962 5893 (4)
1989 5821 2140 5879 Νυιιε
2168 5825 2307 5879 redit
2333 5821 2398 5876 ad
2430 5837 2547 5894 cap.
2583 5837 2694 5876 xm.
2723 5821 2892 5878 GALL.
