4060 6286
596 327 701 384 5⁸59

1871 330 1928 387 S.
1974 329 2318 389 VICTORINI
2357 332 2646 394 SCHOLIA

3810 332 3920 400 seu

594 449 849 521 superius
876 448 1109 506 diximus
1135 450 1302 507 verbo
1347 448 1521 507 Esaia:
1539 492 1557 520 ,
1590 451 1743 524 Aqua
1768 452 1970 508 nutriet
2015 452 2164 507 illum
2182 495 2197 520 ,
2226 451 2281 514 A
2306 457 2453 525 piant
2477 458 2620 513 servi
2640 466 2695 515 et
2713 459 2872 517 liberi
2898 468 3079 517 notam
3103 460 3157 516 in
3184 458 3456 517 frontibus
3471 470 3565 517 aut
3586 460 3641 516 in
3660 458 3923 517 manibus

599 550 659 599 et
688 542 925 598 infernus
953 542 1101 597 auxit
1127 542 1308 610 illum;
1350 544 1441 616 qui
1490 554 1666 600 tamen
1710 545 1838 601 licet
1883 556 1938 602 et
1981 551 2196 599 nomine

600 637 881 692 immutato
901 644 955 689 et
982 644 1103 689 actu
1123 635 1406 691 immolato
1438 637 1636 704 veniat,
1666 637 1739 691 ait
1764 634 2031 708 Spiritus:

674 744 790 791 xm.
823 728 907 784 18.
943 726 1204 783 Numerus
1229 731 1341 800 ejus
1371 746 1552 785 nomen
1582 730 1801 784 hominis
1828 741 1923 798 est,
1954 738 1998 783 et
2024 745 2196 784 nume-

599 837 690 875 rus
720 822 832 894 ejus
852 824 1075 877 sexcenti
1093 825 1363 895 sexaginta
1391 841 1496 880 sex.
1529 824 1677 880 Sicut
1698 840 1763 881 ex
1787 826 1979 880 litteris
2005 826 2197 897 grmcis

603 924 918 985 computum
959 916 1189 986 habent,
1219 918 1299 973 sic
1338 919 1393 973 in
1432 918 1798 990 compluribus
1835 943 2001 978 τειταν
2040 922 2197 976 inve-

601 1009 841 1065 niuutur.
876 1032 1046 1067 τειταν
1078 1012 1155 1083 (1)
1182 1012 1323 1067 enim
1354 1012 1496 1068 hunc
1523 1029 1804 1069 numerum
1833 1013 2015 1080 habet,
2039 1031 2197 1085 quem

599 1106 831 1177 gentiles
855 1106 1037 1161 Solem
1061 1106 1428 1178 Phaebumque
1447 1108 1739 1179 appellant,
1756 1116 2199 1179 computaturque

600 1214 775 1269 grtece
800 1200 877 1254 sic
903 1216 916 1254 :
938 1223 971 1255 τ
1001 1200 1246 1266 trecenti,
1274 1224 1298 1258 s
1326 1202 1584 1273 quinque,
1612 1226 1630 1257 ι
1654 1203 1864 1267 decem,
1894 1227 1923 1260 τ
1952 1204 2197 1269 trecenti,

597 1317 634 1351 α
664 1309 851 1358 unum,
880 1317 907 1350 ν
932 1295 1348 1367 quinquaginta;
1379 1299 1470 1368 qui
1509 1298 1669 1354 simul
1713 1299 1857 1355 ducti
1897 1300 2035 1354 ﬁunt
2075 1316 2198 1355 sex-

598 1389 745 1463 centi
775 1391 1052 1460 sexaginta
1074 1405 1171 1445 sex
1197 1409 1211 1446 :
1234 1402 1494 1462 quantum
1521 1393 1665 1448 enim
1688 1394 1880 1448 attinet
1902 1394 1967 1448 ad
1994 1394 2201 1451 litteras

598 1497 838 1553 grmcas,
883 1484 1023 1538 hunc
1070 1499 1354 1539 numerum
1403 1500 1710 1556 nomenque
1750 1487 2015 1555 explent:
2058 1487 2200 1558 quod

598 1592 802 1633 nomen
834 1577 881 1632 si
911 1577 1049 1633 velis
1071 1579 1122 1631 in
1148 1577 1371 1633 latinum
1400 1589 1749 1646 convertere,
1772 1578 2085 1651 intelligitur
2106 1597 2202 1652 per

600 1666 939 1738 antiphrasin
975 1683 1166 1725 mcux
1192 1666 1302 1743 (2);
1335 1685 1455 1741 qua:
1497 1670 1691 1725 littera:
1729 1669 1834 1726 hoc
1872 1672 2032 1727 modo
2058 1688 2204 1727 com-

599 1768 896 1830 putantur:
929 1776 963 1815 ι)
988 1761 1187 1831 quippe
1228 1761 1502 1832 quingenti
1543 1759 1625 1835 (5)
1651 1763 1874 1834 ligarat,
1903 1779 1921 1818 ι
1954 1781 2147 1833 unum,
2174 1782 2204 1821 c

2302 547 2507 604 dextris
2534 566 2818 607 numerum
2854 552 3085 609 nominis
3106 552 3241 623 ejus,
3269 569 3337 608 ne
3360 553 3481 624 quis
3503 555 3772 609 emarvel
3795 571 3924 610 ven—

2300 642 2410 698 dat.
2457 646 2907 716 Aspernationem
2956 648 3050 703 Dei
3100 657 3153 702 et
3199 648 3678 704 exacerbationem
3725 648 3922 704 Daniel

2299 727 2426 790 ante
2471 736 3022 812 prardixerat(Dan.,
3071 755 3147 805 x1,
3196 723 3309 811 45).
3343 740 3413 795 Et
3439 750 3677 807 statuet,
3712 742 3920 813 inquit,

2301 828 2560 898 templum
2587 844 2742 884 suum
2773 832 2912 886 inter
2929 833 3248 896 Samariam,
3274 848 3438 900 super
3460 844 3706 890 montem
3738 835 3924 907 incly-

2301 929 2414 975 tum
2446 930 2501 976 ct
2530 933 2794 987 sanctum,
2813 923 2861 978 id
2884 934 2967 979 est
2994 924 3406 996 Hierosolymis,
3428 927 3749 997 imaginem,
3776 929 3923 982 sicut

2304 1010 2502 1068 fecerat
2523 1013 3038 1071 Nabuchodonosor.
3066 1016 3216 1072 Tunc
3238 1017 3358 1072 lteic
3391 1019 3712 1088 substituit,
3750 1021 3921 1093 modo

2304 1116 2481 1159 autem
2515 1104 2634 1161 heic
2661 1108 2870 1173 recolit,
2899 1108 3041 1180 quod
3082 1109 3340 1164 Dominus
3367 1109 3674 1166 admonens
3718 1113 3923 1169 Eccle-

2304 1199 2411 1251 sias
2436 1214 2561 1252 suas
2586 1199 2651 1254 de
2686 1202 2991 1255 novissimis
3023 1202 3357 1270 temporibus
3396 1213 3452 1257 et
3487 1203 3754 1272 periculis
3800 1207 3918 1261 ait:

2304 1287 2430 1346 Cum
2471 1305 2640 1348 autem
2682 1294 2907 1348 videritis
2951 1294 3359 1364 aspernationem
3392 1311 3506 1366 qua:
3531 1296 3673 1349 dicta
3704 1308 3786 1352 est
3829 1316 3924 1368 per

2305 1383 2572 1439 Danielem
2607 1386 2927 1458 prophetam,
2958 1396 3173 1439 stantem
3201 1387 3253 1439 in
3283 1383 3393 1440 loco
3423 1399 3631 1453 sancto,
3664 1391 3758 1460 qui
3796 1389 3924 1461 legit

2306 1479 2555 1550 intelligat
2598 1478 2855 1552 (illailla,
2893 1495 3039 1547 XXIV,
3075 1478 3175 1545 15;
3207 1477 3379 1546 Dan.,
3415 1495 3500 1546 Ix,
3535 1480 3666 1551 27).
3709 1484 3920 1553 ASper-

2308 1572 2455 1626 natio
2484 1572 2682 1626 dicitur
2704 1571 2916 1640 quando
2938 1582 3288 1643 exasperatur
3318 1572 3478 1639 Deus,
3503 1589 3569 1628 eo
3594 1574 3744 1645 quod
3770 1576 3918 1631 idola

2307 1681 2405 1736 pro
2435 1664 2549 1720 Deo
2588 1664 2852 1732 colantur,
2886 1664 2968 1719 vel
3014 1680 3135 1719 cum
3179 1662 3373 1734 dogma
3417 1665 3801 1721 hmreticorum
3836 1669 3922 1722 in-

2311 1758 2605 1815 troducitur
2635 1759 2687 1814 in
2718 1758 2981 1814 ecclesiis.
3014 1758 3239 1815 Aversio
3268 1768 3447 1814 autem
3486 1760 3632 1830 quod
3684 1761 3920 1817 stabiles

602 1861 852 1918 centum,
888 1869 919 1908 ι.
949 1854 1365 1926 quinquaginta,
1397 1871 1431 1911 ν
1458 1857 1713 1927 quinque,
1744 1874 1777 1913 χ
1802 1857 2026 1927 decem;
2063 1861 2205 1931 quod
2232 1853 2283 1915 B
2310 1852 2559 1909 homines
2586 1854 2754 1927 signis
2784 1851 2932 1910 falsis
2960 1863 3013 1909 et
3040 1852 3300 1923 portentis
3340 1853 3545 1909 seducti
3588 1864 3917 1912 avertantur

604 1946 932 2015 computatis
974 1945 1166 2002 litteris
1214 1946 1343 2001 facit
1367 1948 1617 2004 similiter
1643 1951 1886 2006 sexcenti
1931 1954 2204 2024 sexaginta

605 2050 725 2100 sex,
757 2035 814 2092 id
841 2046 924 2092 est
946 2036 1091 2109 quod
1128 2052 1306 2108 grzece
1338 2047 1495 2093 sonat
1522 2061 1727 2109 τειταν,
1761 2056 1954 2112 nempe
1982 2043 2033 2097 id
2063 2045 2207 2115 quod

603 2128 773 2184 latine
822 2129 1018 2184 dicitur
1059 2144 1272 2198 DICLVI,
1320 2146 1427 2202 quo
1471 2132 1690 2188 nomine
1735 2149 1832 2203 per
1874 2136 2209 2206 antiphrasin

607 2235 867 2291 expresso
914 2222 1263 2293 intelligimus
1304 2222 1711 2291 antichristum,
1747 2227 1836 2297 qui
1878 2243 1998 2282 cum
2030 2247 2060 2283 a
2078 2231 2210 2313 luce

606 2329 839 2386 superna
858 2315 1130 2371 abscissus
1149 2316 1219 2370 sit
1234 2324 1289 2372 et
1305 2332 1368 2372 ea
1389 2317 1650 2386 privatus,
1668 2321 2011 2391 transﬁgurat
2033 2332 2208 2397 tamen

606 2424 669 2465 se
696 2409 751 2463 in
776 2410 1027 2481 angelum
1052 2409 1209 2477 lucis,
1239 2411 1447 2466 audens
1482 2426 1605 2467 sese
1641 2411 1821 2468 dicere
1859 2414 2055 2470 lucem.
2079 2417 2209 2474 ltem

606 2501 915 2555 invenimus
951 2502 1005 2562 in
1042 2501 1273 2572 quodam
1317 2502 1504 2558 codice
1528 2518 1708 2574 grmco
1738 2527 1951 2580 αντεμος
1978 2524 1991 2561 :
2020 2510 2213 2578 quibus

609 2596 938 2667 computatis
983 2596 1178 2652 litteris
1224 2597 1468 2652 invenies
1520 2613 1802 2654 numerum
1850 2612 1907 2656 ut
1953 2618 2152 2675 supra,
2180 2631 2214 2663 α

610 2703 777 2742 unum
800 2728 816 2754 ,
845 2710 871 2741 ν
904 2689 1308 2759 quinquaginta,
1339 2711 1369 2745 τ
1401 2690 1657 2755 trecenti,
1688 2712 1711 2747 ε
1742 2692 1996 2762 quinque,
2021 2719 2059 2769 μ
2081 2711 2213 2766 qua-

610 2782 890 2854 draginta,
923 2804 949 2837 ο
980 2785 1355 2853 septuaginta,
1400 2805 1426 2844 ς
1456 2781 1671 2838 ducenti
1694 2801 1710 2849 ;
1737 2800 1856 2855 qua:
1899 2787 2062 2844 simul
2089 2806 2213 2846 sex-

611 2878 755 2934 centi
795 2879 1073 2949 sexaginta
1112 2893 1206 2933 sex
1248 2879 1543 2934 secundum
1587 2895 1792 2950 grmcos
1831 2881 2053 2939 faciunt.
2081 2882 2212 2941 item

611 2971 759 3027 aliud
790 2972 908 3045 ejus
938 2987 1133 3027 nomen
1161 2971 1377 3043 gothice
1403 2974 1544 3040 quod
1568 2990 1664 3045 per
1684 2992 1744 3030 se
1767 2976 2012 3046 liquebit,
2043 2978 2093 3032 id
2134 2987 2218 3033 est

611 3068 942 3141 7sva’riptmc,
966 3065 1106 3135 quod
1144 3065 1335 3123 eodem
1368 3067 1529 3122 modo
1558 3069 1749 3139 graccis
1779 3069 1970 3125 litteris
1996 3086 2217 3141 compu-

611 3158 775 3225 tabis,
798 3181 832 3232 γ
860 3167 989 3225 tres,
1022 3178 1045 3212 ε
1074 3158 1328 3230 quinque,
1355 3183 1381 3213 ν
1415 3160 1822 3231 quinquaginta,
1848 3186 1883 3218 σ
1910 3163 2159 3231 ducenti,
2187 3188 2216 3224 η

2310 1947 2377 2002 de
2402 1945 2594 2003 salute.

2879 2078 2945 2118 EX
2975 2077 3167 2119 CAPITB
3198 2077 3306 2117 XIV.

2384 2202 2434 2257 6.
2468 2201 2534 2255 Et
2571 2202 2674 2256 uidi
2716 2203 2953 2274 angelum
2996 2202 3250 2257 volantem
3297 2218 3386 2272 per
3431 2202 3660 2257 medium
3701 2205 3918 2259 calum.

2313 2292 2577 2365 Angélum
2606 2295 2873 2350 volantem
2900 2310 2996 2365 per
3016 2296 3248 2349 medium
3275 2295 3493 2361 caelum,
3518 2310 3678 2366 quem
3701 2295 3838 2350 dicit
3862 2312 3925 2351 se

2314 2388 2540 2456 vidisse,
2568 2389 2680 2460 jam
2718 2388 2964 2459 superius
3012 2387 3360 2443 tractavimus
3405 2387 3657 2442 eumdem
3701 2387 3920 2443 Heliam

2315 2497 2465 2548 csse,
2495 2483 2586 2553 qui
2622 2481 2879 2551 anticipat
2930 2480 3309 2551 praedicatione
3352 2494 3448 2535 sua
3498 2494 3729 2551 regnum
3760 2480 3921 2536 Anti-

2315 2578 2526 2634 cliristi.

2389 2673 2443 2729 8.
2486 2672 2555 2727 Et
2601 2673 2733 2728 alius
2776 2672 2989 2744 angelus
3018 2686 3227 2739 sequens
3251 2672 3419 2727 illum.
3450 2666 3631 2725 Alium
3661 2670 3922 2741 angelum

2318 2777 2650 2837 sequentem,
2669 2765 3028 2834 eumdemque
3046 2765 3296 2818 comitem
3320 2763 3724 2833 praedicationis
3750 2763 3924 2833 ipsius

2318 2859 2447 2915 dicit
2473 2859 2810 2930 pmphetam.
2844 2857 2993 2927 Quod
3024 2864 3201 2912 autem
3223 2856 3299 2910 ait
3322 2873 3338 2909 π

2393 2954 2480 3008 IS.
2517 2953 2665 3007 Mitte
2693 2953 2878 3022 falcem
2919 2960 3058 3004 tuam
3100 2959 3337 3016 acutam,
3370 2956 3417 3002 et
3456 2949 3718 3004 vindemia
3751 2950 3927 3005 botras

2318 3047 2495 3101 vincte.
2545 3046 2617 3100 De
2660 3045 2910 3115 gentibus
2957 3043 3205 3113 perituris
3261 3041 3527 3111 signiﬁcat
3579 3047 3628 3096 in
3680 3043 3927 3099 adventu

2321 3141 2551 3195 Domini.
2572 3140 2637 3195 Et
2653 3140 2866 3210 quidem
2893 3138 3133 3207 pluribus
3153 3137 3435 3207 speciebus
3454 3137 3561 3192 hoc
3582 3138 3717 3192 illud
3741 3150 3929 3195 esten-

614 3260 762 3319 οειο.
787 3273 819 3329 ρ
849 3262 1083 3319 centum,
1111 3276 1129 3306 ι
1151 3252 1371 3318 decem,
1414 3277 1443 3307 κ
1472 3256 1670 3325 vigemi
1693 3296 1707 3323 ν
1733 3279 1760 3311 ο
1787 3260 2124 3328 sepluagima
2145 3300 2161 3325 ,
2191 3282 2215 3320 ς
2242 3250 2288 3314 C
2321 3233 2416 3300 dit,
2449 3236 2588 3289 sicut
2618 3234 2668 3288 in
2709 3247 2912 3287 messes
2954 3231 3162 3329 aridas,
3199 3240 3253 3285 et
3296 3244 3489 3329 semen,
3526 3231 3580 3284 in
3625 3231 3924 3286 adventum

614 3345 744 3400 item
777 3345 991 3400 ducenti
1012 3360 1027 3409 ;
1052 3360 1173 3414 quae
1198 3354 1256 3398 ut
1284 3359 1442 3414 supra
1471 3345 1672 3402 dictum
1695 3356 1778 3401 est
1802 3350 2042 3404 sexcenti
2061 3364 2214 3405 sexa-

606 3439 752 3510 ginta
779 3453 874 3494 sex
894 3437 1113 3494 faciunt.

694 3532 780 3585 H.
822 3528 890 3584 Et
915 3530 1019 3583 vidi
1046 3531 1203 3585 aliam
1226 3530 1436 3586 bestiam
1459 3532 1814 3586 ascendentem
1841 3532 1904 3587 de
1926 3543 2079 3590 terra.
2110 3534 2212 3588 Ma-

616 3638 785 3694 gnum
833 3622 1131 3692 falsumque
1173 3622 1488 3694 pr0phetam
1522 3621 1683 3686 dicit,
1716 3622 1809 3693 qui
1850 3623 2090 3679 facturus
2130 3636 2214 3681 est

614 3717 767 3785 signa
791 3724 845 3770 et
864 3723 1137 3785 portenta,
1156 3726 1210 3772 et
1225 3716 1501 3781 mendacia
1528 3726 1653 3772 ante
1676 3717 1821 3772 illum
1846 3718 1896 3772 in
1920 3730 2210 3788 conspectu

616 3808 916 3864 hominum.

688 3899 755 3954 Et
786 3900 999 3955 habebat
1036 3916 1230 3957 cornua
1264 3902 1366 3956 duo
1404 3890 1596 3958 similia
1622 3921 1786 3977 agno,
1812 3906 1869 3961 id
1890 3917 1963 3962 est
1993 3908 2209 3977 speciem

613 3992 754 4047 intus
793 3993 1042 4059 hontinis,
1089 4004 1133 4048 et
1174 3995 1469 4064 loquebatur
1521 3998 1667 4067 quasi
1713 3997 1891 4055 draco.
1948 3998 2211 4070 Loquitur

614 4092 796 4141 autem
843 4084 1088 4142 diabolus
1133 4087 1330 4141 malitia
1374 4088 1598 4157 plenus;
1640 4088 1756 4145 haec
1798 4092 1941 4146 enim
1973 4089 2209 4147 facturus

619 4180 787 4235 estin
817 4188 1112 4250 conspectu
1153 4180 1462 4249 hominum,
1496 4193 1553 4238 ut
1594 4195 1649 4238 et
1690 4186 1885 4241 mortui
1931 4186 2210 4242 videantur

616 4288 925 4345 resurgere.

688 4369 777 4423 15.
811 4367 879 4422 Et
906 4368 1074 4441 ignem
1105 4369 1167 4424 de
1196 4369 1321 4424 caelo
1351 4369 1653 4426 descendere
1679 4373 1833 4444 faciet
1856 4373 1910 4428 in
1938 4385 2209 4444 conspectu

615 4462 899 4517 hominum.
930 4462 1036 4518 Sed
1056 4462 1269 4534 (utdixi
1290 4463 1482 4534 etiam)
1511 4465 1562 4519 in
1585 4476 1877 4537 conspectu
1908 4469 2204 4523 hominum.

609 4554 739 4612 lituo
765 4556 901 4627 magi
925 4570 1022 4627 per
1042 4558 1262 4627 angelos
1292 4555 1503 4628 refugas
1527 4566 1580 4613 et
1602 4574 1771 4631 usque
1800 4558 1961 4616 hodie
1986 4562 2204 4619 faciunt.

2318 3329 2570 3392 Domini,
2626 3334 2680 3383 et
2734 3327 3253 3380 consummationem
3310 3324 3531 3392 mundi,
3582 3333 3639 3379 et
3689 3341 3923 3397 regnum

2315 3423 2536 3491 Christi,
2565 3434 2618 3477 ct
2644 3422 3032 3490 apparitionem
3060 3419 3210 3490 regni
3234 3419 3509 3473 beatorum
3543 3418 3812 3473 futuram.

2390 3515 2476 3579 19,
2506 3515 2597 3569 20.
2630 3511 2696 3567 Et
2724 3513 2857 3566 misit
2887 3512 3099 3583 angelus
3136 3513 3351 3584 falcem,
3387 3521 3436 3565 et
3469 3513 3805 3566 vindeiniavit
3846 3516 3921 3568 vi-

2317 3626 2461 3664 neam
2507 3619 2681 3675 terra},
2712 3618 2757 3661 et
2789 3607 2921 3661 misit
2961 3607 3013 3660 in
3056 3607 3283 3661 torcular
3305 3607 3398 3661 ira
3420 3606 3557 3661 Dei:
3582 3616 3632 3661 et
3659 3610 3922 3663 calcatum

2315 3712 2388 3758 est
2411 3702 2635 3756 torcular
2663 3702 2854 3771 furoris
2878 3711 3019 3754 extra
3045 3701 3315 3754 civitatem.
3333 3699 3485 3765 Quod
3512 3699 3665 3763 dicit,
3687 3706 3919 3756 missum

2314 3797 2366 3851 in
2392 3796 2625 3850 torcular
2656 3796 2748 3849 ira:
2779 3795 2892 3859 Dei,
2927 3804 2980 3849 et
3007 3795 3267 3850 calcatum
3295 3804 3445 3849 extra
3467 3795 3781 3859 civitatem;
3807 3797 3920 3852 cal-

2314 3891 2452 3946 catio
2483 3890 2782 3949 torcularis.
2813 3888 3092 3943 retributio
3120 3896 3202 3943 est
3230 3888 3545 3955 peccatoris.

2386 3982 2456 4037 Et
2485 3985 2631 4038 exivit
2667 3984 2873 4052 sanguis
2903 3983 2967 4037 de
2991 3980 3234 4036 torculari
3262 3998 3417 4053 usque
3455 3982 3523 4035 ad
3556 3986 3734 4055 frenos
3761 4000 3919 4055 equo—

2312 4094 2445 4130 rum.
2478 4076 2634 4131 Exiet
2660 4076 2789 4130 ultio
2815 4077 3088 4145 sanguinis
3116 4074 3268 4129 eli'usi
3289 4118 3304 4142 ,
3336 4077 3475 4130 sicut
3512 4087 3639 4131 ante
3687 4079 3917 4147 prmdic—

2315 4180 2425 4225 tum
2457 4182 2537 4226 est
2563 4188 2574 4223 :
2606 4169 2671 4224 In
2703 4171 2951 4241 sanguine
2982 4171 3228 4240 peccasti,
3258 4178 3302 4225 et
3332 4172 3540 4242 sanguis
3570 4181 3618 4225 te
3643 4188 3918 4242 perseque-

2314 4273 2396 4318 tur
2423 4261 2672 4337 (Ezech.,
2702 4278 2864 4327 xxxv,
2889 4262 2968 4335 6).

2385 4354 2488 4410 Per
2512 4356 2678 4410 stadia
2716 4357 2854 4409 mille
2889 4367 3143 4412 sexcenta.
3171 4356 3227 4413 Id
3257 4367 3359 4427 est,
3391 4373 3486 4427 per
3510 4372 3705 4415 omnes
3727 4361 3916 4416 mundi

2311 4461 2539 4524 quatuor
2569 4457 2774 4520 partes;
2808 4452 3132 4520 quaternitas
3159 4452 3299 4506 enim
3337 4460 3419 4506 est
3453 4462 3912 4523 conquaternata,

2311 4547 2449 4600 sicut
2490 4546 2541 4600 in
2580 4552 2804 4614 quatuor
2839 4543 3076 4599 {aciebus
3100 4553 3153 4599 et
3181 4543 3665 4613 quadriformibus,
3696 4556 3751 4600 et
3781 4548 3914 4602 rotis

609 4648 799 4705 Faciet
813 4659 866 4706 et
889 4658 945 4705 ut
969 4651 1143 4722 imago
1171 4667 1332 4706 aurea
1361 4653 1676 4709 Antichristi
1708 4657 1761 4710 in
1793 4657 1993 4727 templo
2015 4658 2202 4716 Hiero-

2318 4640 2582 4717 quadratis
2625 4656 2638 4691 :
2682 4646 2869 4708 quater
2917 4638 3059 4691 enim
3105 4637 3418 4707 quadragies
3464 4638 3612 4692 mille
3661 4642 3913 4696 sexcenti

607 4746 831 4819 solymis
859 4758 1109 4817 ponatur.
1138 4747 1206 4803 Et
1252 4749 1413 4804 intret
1459 4751 1683 4820 angelus
1722 4752 1939 4825 refuga,
1981 4765 2036 4812 et
2081 4759 2205 4814 inde

608 4851 769 4895 voces
795 4848 849 4894 ot
871 4846 1047 4896 sortes
1070 4838 1259 4896 reddat
1287 4859 1299 4896 :
1331 4841 1491 4897 faciet
1512 4843 1675 4898 etiam
1702 4843 1805 4900 hoc
1827 4848 1964 4919 ipse,
1988 4861 2043 4907 ut
2064 4855 2204 4911 acci-

2312 4747 2456 4795 sunt.
2498 4733 2753 4790 Eamdem
2795 4739 3041 4802 repetens
3089 4730 3513 4801 persecutionem
3552 4732 3912 4807 Apocalypsis

2306 4834 2451 4889 dicit.

1968 4968 2524 5035 COMMENTARIUS.

681 5097 764 5171 (Ι)
781 5106 1015 5177 ΤΕῃῖΑΝ.
1031 5095 1273 5177 Imitatur
1286 5097 1405 5177 [ιιιέο
1424 5098 1725 5177 Victorinus
1739 5104 2195 5177 lrenaeum,contr.

610 5168 838 5255 litorei”
869 5171 986 5255 lib...
1016 5184 1068 5230 v.
1095 5168 1258 5255 0.510,
1288 5169 1391 5255 ἐξ,
1425 5174 1528 5255 vel,
1630 5177 1816 5255 mavis,
1849 5168 2193 5255 Hippolytum

608 5245 727 5316 eius
753 5241 1095 5316 discipulum,
1130 5239 1514 5316 Demonstr._de
1541 5244 1664 5301 Chr.
1692 5258 1739 5301 et
1774 5239 2113 5316 Antiati-rude.
2140 5239 2190 5313 LL

607 5314 818 5399 Ytdesis
833 5313 1360 5399 qum.;inuotabamus
1382 5314 1447 5389 ad
1467 5316 1684 5399 citatum
1704 5320 1876 5399 locum
1903 5313 2191 5399 Hippolyti,

608 5396 738 5440 tom.
775 5400 810 5439 ιι
856 5383 991 5438 Bibl.
1031 5383 1285 5466 Patrum,
1314 5384 1606 5466 pag._45z‘i.
1647 5390 1727 5444 Ad
1772 5383 2187 5466 subsequentem

605 5468 784 5513 autem
813 5454 1278 5539 vocem_DlCLVX
1493 5461 1710 5539 attinet,
1738 5465 1825 5539 vix
1851 5454 2037 5539 dubito
2061 5471 2187 5539 quin

606 5544 725 5584 eam
757 5527 1045 5597 sumpserit
1065 5545 1093 5579 a
1125 5539 1309 5583 nostro
1341 5529 1613 5585 Victorino
1628 5532 1878 5589 Nicolaus
1896 5527 2187 5596 Lirautisin

605 5600 717 5655 suis
742 5597 945 5671 Pasti“.
972 5609 1163 5667 ρει-ρει.
1193 5600 1260 5655 ad
1283 5602 1474 5670 Apoc.,
1499 5617 1612 5668 xm,
1638 5602 1728 5657 l8.
1750 5605 1862 5671 Qua
1889 5608 1956 5661 de
1983 5625 2040 5664 re
2059 5626 2188 5667 cou-

606 5670 861 5726 sulendns
902 5670 1244 5747 isoswetius,
1279 5673 1622 5747 doctissimus
1659 5670 1944 5747 alcidetisis
1980 5681 2187 5747 episco.

607 5758 727 5821 pus,
759 5757 845 5794 sur
894 5741 1091 5821 l‘Apoc.
1121 5758 1242 5821 xm,
1268 5743 1354 5796 18.
1389 5741 1525 5796 Hinc
1561 5753 1704 5805 patet
1749 5746 1923 5821 minus
1966 5741 2189 5821 provide

608 5813 727 5868 ncic
760 5810 907 5881 argui
926 5823 1174 5881 sanctum
1206 5812 1416 5866 Patrem
1445 5825 1687 5867 nostrum
1713 5833 1743 5869 a
1770 5810 2026 5878 Millani'o.
2049 5810 2182 5881 GAL.

677 5881 758 5952 (2)
787 5879 953 5936 ωσι
972 5879 1084 5937 VX.
1112 5881 1427 5948 Hujusmodi
1455 5882 1705 5943 deductio
1728 5902 1825 5944 seu
1852 5879 2070 5951 tralatio’
2088 5879 2186 5953 no-

2300 5112 2459 5170 minis
2488 5106 2663 5175 arguit
2683 5102 2954 5175 hominem
2988 5100 3150 5175 istum
3180 5099 3516 5175 humanioris
3542 5116 3607 5156 ac
3630 5105 3907 5171 politiOris

2300 5171 2613 5240 litteratur'm
2641 5176 2796 5245 plane
2824 5173 3049 5227 inscium
3085 5173 3264 5245 fuisse.
3307 5171 3484 5245 usque
3509 5188 3576 5227 eo
3607 5178 3755 5230 enim
3789 5180 3907 5232 ine-

2300 5267 2387 5325 pta
2418 5254 2528 5305 visa
2561 5242 2663 5313 est,
2688 5257 2741 5325 et
2773 5244 3317 5325 viro-(loctotindigna
3347 5242 3462 5296 hmo
3493 5245 3903 5325 interpretatio,

2299 5314 2357 5382 ut
2388 5324 2544 5396 plane
2589 5318 2849 5396 suspicari
2892 5314 3105 5396 libuerit
3130 5330 3248 5368 eam
3278 5316 3330 5368 in
3360 5317 3604 5396 margine
3632 5314 3703 5371 ab
3732 5321 3907 5396 impe-

2298 5386 2404 5452 rito
2432 5396 2611 5461 aliquo
2642 5386 3165 5461 ascriptamgpotius,
3218 5401 3376 5461 quam
3426 5386 3518 5440 alii
3562 5397 3752 5461 postea
3802 5386 3904 5446 im-

2296 5459 2994 5538 peritiorescommentario
3019 5459 3365 5521 attexuerint,
3397 5472 3557 5528 quam
3580 5460 3649 5513 ab
3675 5473 3902 5521 auctore

2295 5536 2546 5594 lradiiam
2573 5536 2757 5589 fuisse.

2367 5610 2447 5683 (5)
2479 5607 2527 5660 D
2552 5609 2737 5674 quippe
2762 5602 3044 5674 quingenti.
3091 5599 3160 5656 Ut
3199 5599 3340 5683 heic,
3373 5600 3601 5683 itamox
3630 5602 3768 5657 locis
3797 5606 3901 5660 ali-

2292 5672 2974 5753 qnot'rectuspro;_qt_iarto
3001 5688 3125 5727 casu
3153 5680 3337 5753 niauet
3361 5688 3375 5725 :
3407 5672 3593 5744 {rigida
3623 5689 3758 5753 sane
3785 5688 3894 5741 est.

2291 5742 2345 5809 et
2375 5753 2503 5806 levis
2536 5742 2879 5814 meoiudicio
2907 5742 3308 5817 interpretatio;
3336 5742 3494 5817 quam
3525 5746 3894 5817 tamenipsam

2293 5824 2644 5880 eruditiorum
2670 5819 2873 5887 judicio
2900 5815 3262 5885 castigandam
3291 5816 3614 5887 relinquere,
3634 5815 3801 5887 quam
3825 5820 3893 5874 dc

2291 5911 2355 5953 ea
2382 5895 2632 5951 audacter
2657 5889 2945 5960 quidquam
2968 5896 3206 5942 statuere
3244 5886 3547 5942 maluimus.
