4060 6290
191 322 302 381 5η

802 453 871 494 IX
899 450 1088 491 CAPIT!
1114 450 1204 489 ιν.

270 604 324 658 1.
359 601 427 656 Et
450 601 555 655 uidi
575 598 718 654 aliud
736 598 939 669 signum
967 611 1208 667 magnum
1234 603 1281 651 et
1313 595 1564 660 mirabile,
1592 594 1803 667 angelos

188 705 426 765 septem,
473 691 707 746 habentes
753 689 931 758 plagas
975 699 1166 756 septem
1213 685 1700 753 novissimas:quia
1748 687 1801 739 in

189 791 328 862 ipsis
352 796 702 842 consummata
728 795 801 840 est
831 783 1112 852 indignatio
1143 780 1258 835 Dei.
1287 781 1512 848 Semper
1538 781 1680 835 enim
1724 781 1798 835 ira

190 884 297 939 Dei
327 881 555 952 perculit
586 879 840 950 pupulum
881 885 1250 930 contumacem
1281 882 1488 943 septem
1519 873 1717 943 plagis;
1748 873 1799 928 id

189 990 281 1034 est
305 976 572 1051 perfecte,
599 980 658 1027 ut
683 972 734 1025 in
769 970 1005 1025 Levitico
1033 968 1160 1023 dicit
1208 965 1410 1038 (Leuit.
1432 1008 1446 1033 ,
1470 981 1623 1030 xxvi,
1655 963 1749 1037 2i)
1779 985 1793 1020 :

188 1087 319 1142 qua:
363 1070 412 1123 in
457 1066 644 1122 ultimo
685 1062 877 1117 futura:
916 1070 1073 1126 sunt,
1103 1075 1225 1115 cum
1253 1058 1488 1114 Ecclesia
1521 1057 1588 1112 de
1619 1056 1797 1112 medio

188 1164 406 1220 exierit.

263 1255 323 1308 2.
361 1254 566 1308 Stantes
605 1265 764 1319 supra
807 1263 947 1301 mare
991 1247 1234 1310 vitreum,
1269 1244 1507 1297 habentes
1552 1242 1792 1296 citharas.

188 1348 250 1404 ld
282 1355 392 1412 est,
426 1359 586 1411 super
611 1344 932 1412 baptismum
957 1354 1113 1394 suum
1145 1338 1402 1393 stabiliter
1435 1336 1492 1409 in
1522 1334 1626 1389 [ide
1660 1349 1792 1388 con-

188 1444 424 1508 stitisse,
447 1449 500 1496 et
520 1437 915 1494 confessionem
943 1433 994 1488 in
1021 1448 1116 1488 ore
1140 1447 1289 1486 suam
1315 1429 1592 1495 habentes,
1616 1426 1796 1482 exsul-

185 1544 406 1590 taturos
435 1534 487 1588 in
527 1545 695 1602 regno
735 1543 916 1584 coram
966 1527 1097 1581 Deo.
1132 1524 1238 1580 Sed
1281 1522 1350 1579 ad
1397 1521 1668 1595 proposita
1709 1535 1794 1577 re-

176 1637 476 1685 vertamur.

773 1773 841 1813 EX
871 1771 1061 1812 CAPIT]!
1091 1767 1220 1809 ινιι.

257 1925 312 1990 1,
349 1924 404 1980 6.
443 1922 590 1978 Venit
620 1937 749 1976 unus
775 1937 804 1974 e
831 1930 1020 1992 septem
1053 1917 1247 1990 angelis
1272 1915 1362 1988 qui
1394 1915 1574 1968 habent
1599 1921 1789 1983 septem

181 2027 418 2093 pateras,
463 2026 508 2072 et
556 2017 756 2070 locutus
795 2024 866 2067 est
905 2027 1096 2066 mecum
1131 2011 1340 2063 dicens:
1376 2007 1499 2061 Veni
1526 2006 1792 2061 ostendam

187 2114 281 2166 tibi
318 2111 576 2182 judicium
615 2107 892 2161 meretricis
927 2104 1066 2157 illius
1095 2117 1310 2173 magnae.
1335 2115 1448 2171 quin
1471 2099 1607 2154 sedet
1637 2113 1792 2166 super

185 2221 354 2278 aquas
397 2203 600 2256 multas.
646 2199 712 2254 Et
757 2199 861 2252 uidi
902 2197 1163 2252 mulierem
1208 2195 1398 2249 ebriam
1436 2194 1498 2250 de
1545 2193 1792 2262 sanguine

181 2307 482 2354 sanctorum
537 2302 582 2349 et
635 2293 886 2362 sanguine
947 2300 1247 2359 martyrum.
1302 2287 1521 2342 Decreta
1575 2294 1791 2340 senatus

184 2391 345 2446 illius
366 2403 580 2457 semper
601 2397 722 2440 sunt
741 2390 1108 2439 consummata
1140 2385 1188 2435 in
1218 2396 1424 2444 omnes,
1444 2389 1627 2434 contra
1652 2394 1792 2434 vera:

184 2485 318 2540 ﬁdei
347 2481 806 2552 prtedicatinnem.
840 2477 909 2530 Et
935 2493 1078 2530 nunc
1104 2475 1247 2544 jam,
1269 2475 1410 2544 jacta
1440 2473 1784 2542 indulgentia,

187 2577 362 2630 etiam
392 2577 505 2642 ipse
532 2571 679 2626 dedit
706 2571 982 2624 decretum
1013 2569 1065 2621 in
1097 2568 1358 2621 universis
1381 2565 1648 2636 gentibus.

267 2673 325 2727 5.
364 2667 427 2722 Et
464 2667 565 2721 uidi
607 2667 771 2735 ipsam
816 2663 1079 2716 mulierem
1125 2661 1378 2715 sedentem
1407 2677 1557 2729 super
1583 2660 1793 2713 bestiam

189 2763 523 2825 coccineum,
579 2757 784 2828 plenam
842 2755 1125 2808 nominibus
1186 2753 1530 2822 blasphemiae.
1593 2752 1794 2808 Sedere

189 2865 379 2910 autem
406 2865 567 2920 super
588 2849 812 2904 bestiam
831 2847 1049 2901 rubeam
1072 2856 1342 2899 auctorem
1363 2843 1790 2907 hnmicidiorum,

189 2945 399 3003 diaboli
433 2945 608 3012 imago
631 2949 736 3006 est,
761 2939 851 2994 ubi
889 2938 1048 2993 etiam
1092 2937 1159 2992 de
1208 2937 1513 3006 captivitate
1552 2935 1696 3005 ejus,
1727 2934 1794 2990 de

188 3053 297 3111 qua
334 3034 794 3107 pertractavimus.
827 3029 1038 3085 Memini
1065 3031 1199 3084 hanc
1219 3028 1434 3098 quidem
1464 3028 1790 3098 Babylonem

189 3140 416 3204 propter
458 3129 824 3184 confusionem
871 3125 974 3178 dici
1022 3132 1076 3178 et
1134 3124 1184 3177 in
1234 3123 1586 3193 Apocalypsi,
1629 3132 1682 3176 et
1737 3121 1788 3175 iu

1354 314 1420 371 IN
1457 310 1932 374 APOCALYPSIN
1971 313 2033 370 Β.
2065 311 2368 371 ιοΑΝΝιε.

1826 433 1880 492 Α
1905 432 2053 488 mille
2080 442 2260 488 autem
2285 431 2413 488 dicti
2434 473 2449 501 ,
2477 447 2544 489 eo
2581 433 2833 504 loquendi
2864 433 3025 490 modo
3055 447 3163 504 quo
3185 446 3314 505 pars
3332 432 3498 505 signi-

3389 313 3496 373 5ιῖ

1911 526 2099 580 ﬁeatur
2141 541 2172 579 a
2204 535 2316 580 toto
2341 527 2478 582 sicut
2514 537 2597 582 est
2626 527 2796 582 illud:
2841 525 3020 594 Verbi,
3066 526 3201 598 quod
3238 525 3498 581 mandauit

1909 622 1962 671 in
1998 619 2137 673 mille
2173 621 2520 690 generationes
2550 618 2722 691 (Psal.
2768 636 2854 675 etv
2876 661 2890 685 ,
2926 621 2982 689 8)
3013 639 3026 674 :
3059 635 3180 674 cum
3225 633 3333 675 non
3374 629 3500 675 sunt

1908 709 2074 764 mille.
2112 710 2264 777 Quod
2306 720 2482 764 autem
2527 713 2634 774 ait,
2666 721 2715 764 et
2753 711 2888 764 misit
2929 709 3079 764 illum
3118 711 3174 764 in
3211 711 3454 781 abyssum
3483 752 3498 775 ,

1908 802 2009 858 hoc
2054 804 2255 874 inquit,
2299 805 2422 874 quia
2470 804 2715 858 diabolus
2761 804 3010 858 exclusus
3062 818 3093 857 a
3151 801 3487 858 credentium

1905 896 2158 950 cordibus
2179 933 2192 958 .
2224 898 2387 964 carpit
2417 897 2610 966 impios
2639 895 2916 965 possidere
2938 934 2953 960 ,
2981 895 3034 949 in
3065 911 3294 966 quorum
3320 895 3497 966 quoti-

1905 987 1994 1042 die
2038 988 2196 1042 cmcis
2240 988 2522 1053 cordibus,
2569 995 2840 1057 tamquam
2888 987 2940 1040 in
2987 985 3168 1058 abyssi
3231 986 3498 1056 profundo

1904 1080 2144 1134 inclusus
2189 1089 2289 1134 est.
2334 1081 2398 1134 Et
2441 1081 2664 1147 clausit,
2714 1079 2916 1148 inquit,
2963 1088 3018 1133 et
3063 1079 3296 1149 signavit
3339 1093 3502 1150 super

1905 1189 2028 1228 eum
2062 1182 2118 1226 ut
2158 1187 2264 1226 non
2311 1171 2594 1226 seduceret
2628 1180 2821 1241 gentes
2865 1171 3038 1226 donec
3069 1169 3322 1226 liniantur
3353 1171 3502 1227 mille

1904 1265 2052 1320 anni.
2084 1263 2276 1318 Clausit
2307 1280 2460 1333 super
2485 1280 2597 1317 eum
2641 1263 2842 1318 dictum
2866 1272 2950 1318 est
2970 1303 2983 1327 ,
3017 1261 3069 1317 id
3096 1272 3180 1318 est
3224 1262 3500 1319 interdixit

1903 1369 2060 1430 atque
2099 1359 2338 1414 cohibuit
2356 1401 2370 1423 ,
2405 1373 2473 1413 ne
2503 1358 2725 1413 seducat
2746 1359 3084 1428 pertinentes
3104 1356 3172 1411 ad
3197 1355 3499 1413 Christum.

1904 1454 2138 1524 Signauit
2189 1461 2367 1508 autem
2415 1469 2566 1524 super
2594 1470 2740 1513 eunt,
2789 1453 2911 1523 quia
2958 1452 3231 1507 occultum
3272 1461 3358 1508 est
3405 1453 3494 1523 qui

1901 1545 2208 1616 pertineant
2260 1545 2327 1600 ad
2377 1555 2585 1616 partem
2631 1545 2867 1609 diaboli.
2916 1553 2972 1599 et
3024 1545 3114 1614 qui
3156 1546 3223 1599 ad
3271 1542 3492 1602 Christi.

1899 1637 2032 1693 Nam
2063 1648 2117 1692 et
2143 1639 2234 1707 qui
2265 1638 2517 1693 videntur
2538 1646 2681 1692 stare
2702 1679 2717 1703 ,
2750 1638 3022 1693 nescimus
3051 1637 3095 1694 si
3129 1638 3307 1694 casuri
3348 1640 3494 1707 sint;

1901 1741 1956 1789 et
1983 1732 2073 1803 qui
2097 1733 2307 1800 jaceat,
2344 1733 2389 1786 si
2417 1744 2640 1803 surgant
2668 1733 2930 1788 incertum
2974 1739 3076 1787 est.
3111 1732 3270 1800 Quod
3313 1743 3494 1790 autem

1824 1832 1872 1892 B
1898 1826 1973 1880 ait
2013 1825 2232 1895 ligatum
2264 1835 2425 1895 atque
2468 1824 2735 1879 inclusum
2782 1825 2966 1887 illum,
3015 1833 3075 1880 ut
3125 1841 3232 1881 non
3275 1826 3500 1882 seducat

1896 1927 2086 1989 gentes
2110 1935 2123 1972 :
2152 1928 2341 1988 gentes
2387 1917 2679 1973 Ecclesium
2706 1917 3013 1987 signiﬁcant
3039 1932 3104 1972 ex
3133 1918 3334 1988 quibus
3367 1919 3486 1990 ipsa

1901 2019 2149 2075 constat,
2183 2023 2318 2079 quas
2359 2009 2610 2064 seductas
2651 2018 2776 2064 ante
2818 2008 3070 2074 tenebat,
3114 2009 3272 2062 donec
3312 2009 3501 2078 ﬁnian-

1905 2115 2007 2171 tur,
2052 2105 2260 2173 inquit,
2302 2104 2442 2158 mille
2479 2106 2640 2172 anni,
2688 2103 2740 2159 id
2784 2113 2868 2159 est
2914 2103 3058 2174 quod
3107 2105 3373 2176 reliquum
3417 2116 3504 2162 est

1901 2197 1967 2252 de
1995 2207 2156 2252 sexto
2200 2197 2316 2263 die,
2349 2197 2558 2252 scilicet
2598 2197 2665 2254 de
2709 2207 2859 2253 sexta
2903 2207 3092 2266 aetate,
3121 2215 3241 2271 qua:
3287 2209 3499 2256 constat

1899 2291 2050 2346 mille
2089 2291 2264 2346 annis.
2313 2289 2437 2346 Post
2480 2295 2588 2346 haec
2631 2302 2833 2363 oportet
2860 2309 2974 2348 eum
3017 2293 3149 2348 salvi
3192 2294 3329 2349 breui
3367 2306 3496 2350 tem-

1902 2399 2044 2454 pore.
2073 2383 2245 2438 Breve
2274 2392 2485 2452 tempus
2512 2394 2622 2440 tres
2651 2400 2823 2440 annos
2864 2394 2920 2441 et
2953 2401 3046 2441 sex
3079 2401 3294 2442 menses
3331 2389 3497 2459 signi-

1904 2478 2055 2544 ﬁcat,
2089 2480 2281 2548 quibus
2313 2479 2440 2533 totis
2461 2479 2664 2534 viribus
2686 2494 2744 2534 se
2771 2480 2976 2536 ulturus
3002 2489 3085 2535 est
3111 2479 3359 2536 diabolus
3393 2484 3495 2537 sub

1904 2573 2242 2627 Antichristo
2285 2574 2548 2628 adversus
2595 2574 2916 2629 Ecclesium.
2949 2574 3152 2630 Deinde
3195 2585 3307 2646 post
3341 2576 3488 2644 dicit,

1900 2666 2043 2735 quod
2091 2666 2381 2721 solvendus
2408 2668 2512 2721 erit
2539 2667 2816 2736 diabolus,
2861 2677 2916 2722 et
2960 2667 3279 2724 seducturus
3305 2679 3494 2741 gentes

1900 2766 2014 2812 toto
2054 2759 2183 2814 orbe
2231 2768 2538 2828 terrarum,
2594 2769 2650 2815 et
2691 2759 2929 2816 attrahet
2985 2761 3182 2816 bellum
3237 2762 3494 2819 adversus

1900 2847 2196 2904 Ecclesiam
2219 2892 2234 2917 ,
2263 2865 2490 2920 quorum
2515 2851 2748 2907 hostium
2796 2869 3052 2909 numerus
3091 2855 3194 2910 erit
3227 2865 3284 2910 ut
3325 2870 3488 2912 arena

1899 2955 2083 2994 maris.

1970 3036 2024 3099 4,
2059 3036 2112 3089 5.
2143 3033 2211 3088 Et
2234 3035 2336 3089 vidi
2365 3037 2507 3090 sedes
2529 3046 2574 3091 et
2595 3038 2823 3092 sedentes
2843 3055 2996 3110 super
3025 3056 3139 3107 eas,
3170 3051 3218 3095 et
3236 3042 3488 3112 iudicium

1899 3129 2074 3182 datum
2099 3139 2169 3182 est
2186 3128 2288 3182 illis
2304 3145 2321 3183 :
2339 3138 2386 3182 et
2399 3131 2595 3184 animas
2615 3131 2895 3185 occisorum
2915 3141 3120 3203 propter
3144 3135 3484 3190 testimonium

189 3227 388 3289 Esaia;
417 3234 469 3278 et
498 3220 745 3276 Ezechiel
787 3219 1073 3273 Sodnmam
1119 3215 1424 3270 nominavit.
1465 3215 1591 3267 Deni
1614 3229 1698 3282 lue
1741 3215 1786 3269 Si
1815 3225 1860 3288 ρ
1895 3221 2102 3288 Jun,“
2115 3233 2318 3292 propter
2331 3222 2704 3290 verbumDei,“
2717 3225 2802 3294 qui
2815 3240 2914 3279 non
2929 3226 3483 3284 adoraveruntbeuiam

187 3332 473 3388 compares
513 3329 632 3384 quae
671 3323 856 3367 contra
901 3309 1188 3364 Sudomam
1228 3308 1367 3362 dicta
1408 3315 1553 3373 sunt,
1587 3315 1641 3360 et
1668 3321 1788 3375 qua:

191 3409 379 3464 Esaias
409 3415 593 3461 contra
622 3403 948 3474 Babylonem
976 3400 1128 3467 dicit,
1158 3414 1383 3470 quaeque
1413 3397 1784 3469 Apocalypsis,

188 3517 357 3556 unum
379 3513 499 3556 esse
522 3499 699 3554 omnia
728 3495 967 3550 invenies

769 3651 838 3689 EX
864 3651 1050 3691 CAPIT!)
1081 3650 1188 3689 XIX.

267 3800 358 3854 Η.
392 3798 461 3852 Et
485 3797 588 3851 uidi
615 3796 793 3850 ccelum
818 3803 1048 3863 apertum
1080 3808 1097 3844 :
1124 3801 1171 3845 et
1199 3806 1311 3844 ecce
1335 3805 1491 3859 equus
1530 3789 1674 3844 albus
1698 3829 1712 3854 ,
1737 3798 1785 3844 et

187 3893 279 3964 qui
329 3889 530 3945 sedebat
576 3903 728 3957 super
771 3901 904 3947 eum,
951 3884 1220 3938 vocabatur
1272 3881 1464 3936 Fidelis
1503 3891 1548 3936 et
1593 3881 1781 3936 Verax.

186 3987 376 4055 Equus
404 3993 458 4037 et
485 3981 678 4036 sedens
712 3994 870 4048 super
897 3994 1016 4032 eum
1056 3978 1335 4030 Dominum
1377 3984 1617 4029 nostrum
1661 3991 1783 4030 cum

186 4077 430 4132 exercitu
463 4073 670 4130 caelesti
696 4071 1068 4125 advenientem
1098 4067 1161 4120 ad
1194 4083 1414 4137 regnum
1453 4065 1704 4120 ostendit.
1739 4065 1782 4122 Α

187 4169 324 4224 mari
367 4167 560 4222 etenim
605 4163 882 4234 Aquilonis
921 4160 1061 4232 quod
1092 4169 1174 4214 est
1204 4159 1488 4214 Arabicum
1521 4174 1686 4229 usque
1712 4159 1806 4254 (ιιιχ

189 4277 341 4317 mare
363 4260 630 4316 Phanicis
659 4267 712 4312 et
741 4273 905 4325 usque
930 4257 994 4308 ad
1021 4257 1153 4308 lines
1173 4265 1328 4310 terra:
1353 4254 1584 4321 majores
1606 4263 1782 4323 partes

191 4355 288 4410 has
332 4356 382 4409 in
430 4355 660 4408 adventu
711 4351 916 4405 Domini
965 4351 1090 4403 Jesu
1123 4350 1199 4419 (1)
1228 4349 1524 4403 mandaturi
1551 4356 1700 4412 sunt,
1729 4356 1783 4402 et

193 4463 380 4503 omnes
422 4447 612 4500 anima:
646 4444 880 4516 gentium
909 4443 1372 4513 congregabuntur
1401 4440 1467 4496 ad
1494 4441 1776 4510 judicium.

771 4599 837 4638 EX
878 4597 1068 4638 CAI‘ITI
1108 4597 1177 4636 XX
1189 4620 1202 4634 .

265 4725 380 4779 1-5.
414 4719 480 4775 Et
509 4719 612 4774 uidi
644 4720 880 4789 angelum
907 4716 1287 4770 descendentem
1317 4716 1380 4769 de
1400 4717 1551 4779 ccelo,
1586 4717 1780 4770 haben-

195 4824 290 4867 tem
329 4815 521 4868 clavem
547 4812 748 4880 abyssi,
783 4821 828 4863 et
859 4823 1089 4862 catenam
1119 4811 1170 4862 in
1199 4826 1353 4862 manu
1382 4826 1495 4862 sua.
1531 4808 1597 4862 Et
1623 4811 1782 4864 tenuit

195 4907 482 4968 draconem,
520 4905 666 4958 illum
687 4915 969 4972 serpentem
993 4906 1254 4972 antiquum
1284 4906 1368 4973 qui
1397 4897 1781 4974 cognominatus

196 5008 266 5052 est
291 4999 520 5052 diabolus
548 5007 593 5050 et
621 5007 855 5058 satanas,
894 5007 938 5048 et
975 4995 1202 5066 alligauit
1224 4996 1369 5049 illum
1406 4996 1544 5050 mille
1575 5000 1725 5052 annis
1764 5010 1787 5049 .°

197 5100 241 5143 et
285 5092 420 5144 misit
454 5090 598 5142 illuni
629 5091 679 5142 in
729 5087 1002 5157 abyssum,
1031 5097 1078 5140 et
1100 5088 1314 5154 clausit,
1357 5097 1401 5140 et
1443 5089 1661 5157 signavit
1691 5106 1778 5143 stt-

198 5200 282 5252 per
301 5201 436 5246 eum,
467 5193 520 5235 ut
546 5199 645 5235 non
673 5183 931 5235 seduceret
953 5181 1101 5234 etiam
1124 5190 1315 5251 gentes.
1337 5180 1495 5234 donec
1530 5182 1776 5247 ﬁniantur

200 5277 333 5330 mille
361 5277 502 5330 anni.
540 5275 666 5328 Post
690 5275 797 5327 htec
857 5284 1051 5342 Oportet
1082 5290 1191 5326 eum
1220 5274 1346 5326 solvi
1376 5274 1509 5326 brevi
1532 5284 1775 5346 tempore.

201 5368 275 5425 Illi
301 5372 424 5426 anni
454 5371 505 5425 in
533 5371 724 5440 quibus
751 5369 995 5440 alligatus
1019 5378 1101 5424 est
1123 5370 1350 5425 Satanas
1377 5412 1391 5435 ,
1423 5369 1507 5425 lsli
1548 5377 1674 5426 sum
1723 5373 1776 5426 in

201 5463 424 5518 adventu
467 5465 639 5533 primo
678 5460 877 5516 Christi
911 5477 1076 5530 usque
1106 5459 1173 5515 ad
1212 5461 1497 5516 terminum
1545 5463 1771 5530 saeculi;

1894 3317 2263 3386 necimaginem
2281 3319 2412 3388 ejus,
2430 3334 2588 3387 neque
2604 3327 2904 3385 acceperunt
2921 3320 3243 3388 scriptionem
3259 3320 3312 3374 in
3333 3320 3481 3390 Iron.

1891 3420 1990 3463 tem
2007 3420 2094 3462 aut
2117 3411 2168 3462 in
2198 3426 2404 3463 manum
2431 3427 2598 3477 suam,
2619 3420 2662 3465 et
2685 3422 3020 3481 regnaverunt
3047 3429 3160 3465 cum
3183 3409 3309 3466 Iesu
3336 3412 3476 3467 mille

1889 3502 2247 3572 anniszreliqui
2264 3519 2437 3556 eorum
2458 3520 2560 3558 non
2577 3505 2882 3563 revixerunt.
2900 3507 3058 3558 donec
3075 3505 3324 3573 ﬁniantur
3342 3505 3481 3560 mille

1890 3597 2034 3650 anni.
2069 3595 2194 3651 ﬂa’c
2247 3600 2548 3652 resurrectio
2577 3600 2744 3669 prima
2771 3610 2863 3654 est.
2895 3599 3019 3653 Duae
3050 3609 3175 3654 sunt
3211 3615 3480 3657 resurrec—

1891 3691 2108 3746 tiones:
2143 3691 2236 3747 sed
2283 3693 2453 3762 prima
2511 3695 2836 3750 resurrectio
2874 3710 3017 3750 nunc
3061 3704 3145 3750 est
3180 3696 3478 3752 animarum

1888 3799 1987 3855 per
2018 3785 2176 3841 [idem
2199 3828 2214 3852 ,
2247 3802 2366 3856 quae
2395 3803 2504 3842 non
2547 3788 2808 3856 permittit
2850 3787 3098 3844 homines
3143 3788 3374 3843 transire
3411 3787 3478 3843 ad

1887 3887 2116 3934 mortem
2148 3880 2459 3934 secundam.
2491 3880 2566 3936 De
2607 3882 2707 3936 hac
2737 3881 3132 3938 resurrectione
3172 3880 3305 3936 dicit
3329 3882 3478 3952 Apo-

1889 3971 2062 4025 stolus
2101 3989 2112 4024 :
2147 3972 2208 4026 Si
2236 3975 2580 4028 resurrextstis
2603 3990 2717 4028 cum
2743 3973 2974 4041 Christo,
3006 3989 3120 4045 qua:
3142 3989 3341 4028 sursum
3361 3985 3478 4028 sunt

1887 4063 2096 4132 quierite
2125 4063 2340 4136 (Coloss.
2387 4081 2442 4118 tn
2465 4108 2478 4130 ,
2512 4066 2589 4136 l).

1959 4157 2015 4211 6.
2039 4155 2226 4211 Beatus
2259 4165 2306 4211 et
2351 4167 2558 4212 sanctus
2591 4160 2676 4230 qui
2711 4159 2860 4213 habet
2898 4161 2951 4214 in
2984 4159 3081 4213 hac
3110 4160 3476 4214 resurrectione

1888 4263 2084 4322 partem
2115 4271 2128 4306 :
2157 4252 2208 4306 in
2247 4251 2359 4306 istis
2389 4251 2612 4306 secunda
2637 4269 2773 4306 mors
2801 4267 2903 4306 non
2931 4251 3129 4308 habebit
3156 4261 3471 4324 potestatem,

1887 4345 1974 4399 sed
2003 4354 2149 4398 erunt
2183 4345 2469 4400 sacerdotes
2496 4345 2590 4401 Dei
2635 4355 2680 4401 et
2721 4343 2944 4413 Christi,
2969 4357 3015 4400 et
3041 4348 3321 4418 regnabant
3360 4365 3474 4402 cum

1884 4454 1942 4492 eo
1986 4438 2126 4492 mille
2165 4440 2334 4492 annis.
2360 4438 2503 4492 Mille
2544 4453 2804 4493 annorum
2833 4437 2915 4508 (2)
2954 4454 3173 4508 regnum
3201 4455 3307 4494 non
3335 4441 3479 4494 arbi-

1888 4540 2001 4585 tror
2050 4545 2170 4586 esse
2225 4541 2520 4597 teternum;
2582 4541 2673 4585 aut
2726 4531 2770 4585 si
2835 4532 2908 4584 ita
2967 4531 3302 4587 sentiendum
3358 4543 3471 4603 est,

1804 4625 1858 4684 D
1883 4625 2169 4695 completis
2195 4626 2351 4680 annis
2379 4625 2526 4680 mille
2554 4639 2781 4696 regnare
2813 4623 3103 4689 desinunt;
3137 4626 3232 4680 sed
3268 4633 3324 4680 ut
3363 4627 3474 4683 mei

1888 4733 2078 4775 sensus
2108 4721 2376 4789 capacitas
2417 4718 2610 4782 sentit.
2643 4717 2930 4788 proferam.
2978 4718 3237 4774 Denarius
3276 4735 3472 4775 nume.

1888 4827 1981 4866 rus
2019 4812 2330 4882 decalogum
2371 4809 2665 4883 significat,
2695 4819 2750 4864 et
2778 4809 3118 4865 centenarius
3151 4810 3475 4881 virginitatis

1889 4921 2142 4960 coronam
2189 4902 2422 4958 ostendit
2455 4922 2469 4957 :
2501 4904 2590 4972 qui
2645 4904 2788 4958 enim
2838 4903 3158 4973 virginitatis
3200 4903 3471 4974 integrum

1890 4999 2184 5054 servaverit
2215 4997 2568 5066 propositum,
2612 5008 2666 5053 et
2710 4997 2950 5067 decalogi
2985 5007 3252 5068 prtecepta
3283 5000 3474 5069 imple-

1891 5092 2030 5145 verit
2068 5089 2316 5155 lideliter,
2350 5098 2404 5144 et
2430 5090 2570 5144 feros
2599 5105 2780 5144 mores
2811 5089 2890 5144 vel
2918 5089 3155 5160 impuras
3195 5091 3473 5160 cogitatio-

1882 5199 1980 5239 nes
2028 5184 2170 5239 intra
2214 5181 2392 5239 cordis
2421 5179 2723 5238 cubiculum
2763 5180 3126 5251 jugulsverlt,
3179 5197 3247 5236 ne
3297 5180 3470 5236 domi-

1884 5286 2079 5333 nentur
2131 5277 2218 5342 ei,
2276 5277 2378 5332 iste
2439 5284 2523 5331 est
2577 5292 2735 5331 verus
2799 5275 3052 5331 sacerdos
3122 5274 3350 5340 Christi,
3418 5285 3472 5332 et

1887 5369 2243 5426 millenarium
2299 5383 2581 5426 numerum
2645 5369 2929 5441 perliciens
2981 5369 3184 5439 integre
3231 5367 3468 5423 creditur

1881 5478 2109 5534 regnare
2137 5477 2260 5518 cum
2289 5459 2507 5519 Christo
2525 5504 2541 5531 ,
2583 5471 2636 5517 et
2665 5470 2814 5518 recte
2839 5461 2982 5532 apud
3011 5477 3132 5518 eum
3165 5460 3358 5534 ligatus
3385 5469 3471 5516 est

1572 5603 2126 5664 COMMENTARIUS.

202 5717 208 5724 ’
271 5715 346 5789 (l)
393 5715 454 5770 In
509 5715 722 5789 adventu
769 5713 976 5789 Domini
1022 5712 1148 5789 Iesu
1190 5715 1501 5770 mandaturi.
1563 5717 1696 5785 Quid
1737 5721 1781 5775 si

206 5787 492 5841 mundntnri
524 5787 682 5856 legas,
709 5787 862 5838 unius
893 5795 1092 5839 tantum
1119 5788 1309 5840 littera»
1332 5789 1658 5843 mutatione?
1686 5791 1786 5846 Ne-

213 5872 313 5928 que
351 5873 450 5918 nos
485 5859 650 5916 ullum
692 5857 860 5928 magis
888 5858 1161 5928 proprium
1185 5858 1328 5930 quod
1355 5858 1608 5920 afﬁnitate
1628 5864 1786 5933 sylla-

1889 5723 2074 5778 barum
2103 5735 2225 5776 cum
2269 5720 2336 5774 iis
2373 5733 2490 5790 quae
2536 5714 2762 5790 subinde
2802 5723 3098 5788 sequuntur
3139 5715 3474 5787 cohaereret,

1889 5794 2111 5850 verbum
2144 5788 2700 5860 invenire'potuimus.

1972 5864 2052 5934 (2)
2082 5863 2221 5920 mille
2251 5858 2502 5920 annorum
2529 5875 2763 5943 regnum.
2796 5859 2914 5933 Ego
2949 5858 3094 5922 hunc
3130 5860 3307 5924 locum
3327 5899 3346 5936 ,
3385 5861 3494 5928 nisi
