3942 6332
587 330 695 388 545
1740 325 1829 381 oe
1869 319 2207 381 MAGNETE
2245 316 2702 377 pnesnv'reno
3756 320 3844 381 δι,

599 430 793 503 ligatus
831 440 915 487 est
951 430 1218 486 diabolus.
1272 428 1372 496 Qui
1403 441 1534 483 vero
1561 426 1704 482 vitiis
1749 434 1807 481 et
1845 422 2187 494 dogmatibus
2212 421 2267 481 Α
2294 454 2324 494 ει
2352 452 2479 495 vera
2509 438 2615 494 “de
2642 438 2863 495 ἀίεεοινί
2893 447 3215 510 potueram;
3247 446 3527 509 ριιοριθτε,
3552 451 3675 493 ωηο
3709 455 3845 496 πηιη,

603 523 979 580 hmreticorum
1018 521 1256 577 irretitus
1284 529 1402 584 est,
1440 520 1495 574 in
1527 534 1595 575 eo
1632 518 1843 574 solutus
1878 524 1962 571 est
2004 513 2190 588 diabo-
2294 529 2364 585 do
2401 531 2676 586 sociamur
2698 573 2714 597 ,
2753 545 2823 587 ex
2846 530 3041 603 quibus
3085 531 3229 602 regis
3273 531 3452 602 magni
3486 531 3665 588 civitas
3700 530 3844 589 ἀπο.

600 617 703 673 lus.
732 616 837 672 Sed
866 617 985 686 quia
1013 613 1295 683 completis
1326 613 1471 668 mille
1502 611 1659 667 annis
1682 611 1806 666 dicit
1848 624 1970 665 eum
2015 607 2186 674 solvi,
2290 634 2460 681 ηιυιυ,
2491 626 2690 681 malem
2730 639 2863 681 νει-ο
2897 639 3086 682 eorum
3117 623 3409 681 ostendunt
3451 623 3607 680 corda
3646 626 3709 681 ab
3742 640 3845 682 om,

600 721 654 765 et
694 707 960 775 completo
991 706 1350 778 perfecturum
1395 715 1703 761 sanctorum
1730 718 1956 759 numero
1985 702 2037 756 in
2068 700 2183 771 qui.
2292 719 2446 774 nibus
2474 718 2727 774 mundata
2759 718 3040 787 sordibus,
3073 720 3355 790 perspicua
3398 718 3515 774 luce
3539 717 3757 790 fulgida,
3797 732 3847 777 ul

591 803 690 859 bus
735 817 967 874 corpore
993 811 1049 857 et
1071 801 1234 857 corde
1264 800 1585 873 virginitatis
1610 800 1774 855 decus
1798 808 1881 855 est
1905 797 2056 868 regni
2092 795 2186 851 ad-
2288 812 2483 867 merito
2522 813 2575 867 ίη
2629 813 2697 868 ἥς
2754 812 3059 869 deambula
3115 811 3394 867 Dominus,
3442 811 3662 867 [ﬂumen
3707 810 3843 878 vim,

586 895 840 953 veniendi
871 895 950 968 (l)
972 893 1319 951 abominandi
1349 894 1617 955 adventu,
1645 891 1799 947 multi
1823 890 1891 947 ab
1910 904 1977 945 eo
1997 903 2143 944 amor

2288 904 2579 975 spiritualis
2634 905 2898 961 doctrinae
2967 921 3064 976 per
3116 915 3327 961 mentes
3381 888 3609 960 ﬁdelium
3651 918 3845 960 currere

587 1000 931 1046 terrenorum
980 989 1186 1045 seducti
1231 986 1741 1059 supplantabuntur,
1773 994 1829 1041 et
1863 983 2023 1039 simul
2058 997 2181 1039 cum
2286 998 2547 1067 gratiam.
2590 1006 2645 1053 ει
2678 997 2991 1068 multiplicia
3035 997 3263 1053 odorum
3287 997 3616 1068 geminasse
3648 996 3846 1052 νίνεηιίε

586 1098 654 1140 eo
675 1083 893 1154 igneum
930 1083 1309 1154 ingredientur
1336 1092 1605 1153 stagnum.
2285 1088 2533 1144 ostendit.
2584 1088 2809 1160 Lignum
2840 1091 2964 1145 vitze
3007 1105 3074 1146 ex
3113 1099 3340 1161 utraque
3378 1089 3529 1162 ripa,
3567 1086 3847 1146 Christise-

657 1178 811 1232 8-10.
850 1176 914 1231 Et
956 1176 1296 1231 ascenderunt
1333 1191 1488 1245 super
1539 1184 1690 1230 terrae
1731 1173 2088 1239 latitudinem,
2132 1184 2181 1227 et

2288 1180 2519 1235 cundum
2548 1195 2767 1236 carnem
2807 1182 3044 1237 ostendit
3086 1181 3412 1246 adventum;
3456 1182 3544 1252 qui
3571 1183 3637 1237 ab
3658 1195 3758 1237 uno
3791 1181 3845 1237 li-

582 1272 851 1326 cinxerunt
898 1279 1071 1326 castra
1122 1279 1449 1333 sanctorum,
1498 1278 1546 1322 et
1589 1267 1828 1322 dilectam
1877 1266 2131 1320 civitatem
2155 1282 2175 1318 :
2282 1286 2389 1341 gno
2433 1270 2607 1327 crucis
2650 1272 2814 1326 vitam
2860 1272 3238 1341 suscipientes,
3285 1272 3508 1344 populos
3554 1270 3688 1327 fame
3737 1285 3848 1327 con-

582 1374 630 1417 et
665 1363 923 1418 descendit
971 1364 1106 1433 ignis
1158 1362 1223 1416 de
1272 1361 1400 1417 caelo
1436 1377 1469 1413 a
1506 1358 1645 1425 Deo,
1703 1369 1750 1414 et
1805 1358 2024 1413 comedit
2051 1374 2177 1425 eos;
2280 1372 2523 1435 sumptos
2581 1362 2731 1418 verbi
2783 1363 2873 1419 Dei
2914 1363 3299 1434 praedicatione
3349 1361 3581 1418 satiavit.
3646 1363 3710 1418 Et
3741 1362 3847 1433 quia

582 1467 631 1511 et
687 1455 921 1509 diabolus
970 1457 1057 1525 qui
1104 1455 1374 1509 seducebat
1424 1470 1539 1520 eos,
1596 1453 1781 1507 missus
1837 1461 1912 1507 est
1966 1453 2022 1506 in
2070 1461 2177 1507 sla-
2280 1455 2407 1511 dicit
2439 1456 2491 1511 in
2532 1456 2749 1512 civitate
2789 1456 2960 1512 solem
3007 1471 3115 1511 non
3140 1471 3263 1512 esse
3318 1456 3715 1521 necessarium,
3751 1455 3847 1511 evi-

580 1566 738 1621 gnum
762 1549 896 1620 ignis
941 1558 988 1602 ct
1013 1548 1310 1618 sulphuris,
1340 1547 1426 1601 ubi
1468 1556 1515 1601 et
1557 1546 1715 1601 bestia
1763 1554 1808 1601 et
1852 1546 2173 1617 pseudopro-
2279 1547 2479 1604 denter
2509 1547 2747 1604 ostendit
2788 1558 3092 1604 creatorem
3128 1549 3309 1604 lumen
3344 1547 3734 1602 immaculatum
3760 1545 3846 1602 lul-

577 1642 732 1711 pheta
757 1640 1119 1696 cruciabuntur
1144 1640 1227 1694 die
1253 1655 1314 1693 ac
1348 1648 1495 1693 nocte
1532 1638 1587 1692 in
1612 1637 1803 1692 sarcula
1840 1637 2170 1693 «sculorum.
2277 1656 2409 1711 gere
2430 1641 2483 1696 in
2509 1639 2691 1696 medio
2718 1640 2837 1711 ejus
2854 1683 2870 1709 ,
2897 1640 3054 1712 cujus
3075 1640 3421 1712 splendorem
3444 1640 3621 1695 nullus
3639 1640 3847 1711 potuerit

576 1736 693 1793 Hoc
749 1737 859 1808 jam
934 1736 1001 1790 ad
1054 1735 1317 1806 judicium
1389 1733 1742 1789 novissimum
1806 1733 2042 1804 pertinet
2061 1774 2075 1797 ,
2126 1743 2181 1790 et
2212 1738 2260 1799 B
2285 1749 2479 1791 sensus
2500 1736 2736 1805 cogitare
2762 1750 2861 1790 nec
2887 1734 3065 1805 lingua
3092 1734 3360 1805 proloqui.
3380 1733 3533 1802 Quod
3554 1748 3619 1789 ex
3646 1740 3848 1803 quatuor

570 1843 701 1904 post
743 1834 1015 1889 modicum
1067 1831 1227 1887 tellus
1269 1829 1479 1886 reddita
1518 1837 1602 1885 est
1633 1837 1856 1894 sancta,
1889 1829 2073 1900 utique
2118 1830 2171 1884 in
2280 1825 2526 1897 partibus
2570 1834 2752 1896 portas
2779 1824 2909 1881 dicit
2951 1836 3133 1881 ternas
3158 1840 3278 1881 esse
3320 1826 3523 1897 positas
3549 1840 3614 1881 ex
3646 1822 3845 1894 singulis

573 1941 681 1997 qua
726 1925 930 1981 dudum
960 1926 1281 1995 quieveram
1325 1937 1556 1994 corpora
1598 1921 1837 1993 virginea
1875 1936 2035 1976 :cum
2067 1923 2172 1977 im-
2276 1920 2586 1991 margaritis
2610 1958 2625 1985 ,
2675 1929 2905 1991 quatuor
2941 1921 3176 1976 arbitror
3215 1935 3340 1977 esse
3385 1922 3638 1987 virtutes,
3675 1917 3845 1975 videli-

571 2020 787 2074 mortali
827 2034 956 2091 rege
994 2030 1256 2075 :eternum
1289 2018 1587 2089 suscipient
1622 2031 1886 2087 regnum,
1932 2016 2023 2087 qui
2062 2029 2169 2070 non
2272 2022 2359 2068 cet
2389 2013 2748 2082 prudentiam,
2792 2012 3179 2079 fortitudinem,
3219 2015 3505 2085 justitiam,
3556 2025 3842 2085 temperan-

570 2113 746 2169 solum
779 2128 1007 2182 corpore
1031 2113 1301 2183 virgines,
1338 2111 1433 2167 sed
1462 2120 1516 2166 et
1552 2110 1733 2181 lingua
1761 2120 1814 2165 et
1841 2109 2170 2180 cogitatione
2275 2107 2442 2173 tiam,
2497 2122 2616 2177 quae
2681 2107 2910 2163 invicem
2964 2107 3065 2163 sibi
3121 2107 3349 2165 luerent.
3404 2109 3472 2164 Et
3512 2108 3635 2163 dmn
3681 2116 3843 2162 mutuo

567 2207 775 2278 pariter
817 2206 1200 2262 inviolabiliter
1229 2219 1289 2260 se
1332 2219 1360 2257 a
1419 2204 1657 2274 nequitia
1705 2211 2019 2258 tutaverunt
2049 2198 2163 2275 (2),
2274 2201 2611 2268 miscentur,
2658 2200 3047 2257 duodenarium
3082 2200 3325 2258 elliciuut
3351 2217 3650 2259 numerum.
3674 2199 3841 2255 Portus

568 2317 707 2373 quos
773 2300 1140 2358 exsultaturos
1190 2314 1312 2355 cum
1358 2300 1513 2370 Aguo
1563 2300 1902 2354 demonstrat
1956 2311 2168 2367 perma-
2272 2309 2404 2350 vero
2432 2294 2756 2361 duodecim,
2808 2295 3191 2366 Apostolorum
3230 2311 3352 2353 esse
3394 2297 3660 2353 credimus
3679 2308 3841 2350 nume-

569 2396 726 2453 nerc‘.
2271 2403 2392 2442 rum
2414 2432 2428 2455 ,
2464 2389 2554 2459 qui
2586 2390 2637 2443 in
2666 2399 2897 2459 quatuor
2941 2390 3226 2446 virtutibus
3255 2400 3313 2446 ut
3356 2392 3607 2461 pretiosae
3648 2403 3838 2458 marga-

1004 2484 1075 2523 Εἰ
1113 2484 1304 2523 CAN"?
1353 2482 1443 2522 κη
1493 2482 1561 2522 ετ
1602 2481 1736 2521 mh
2272 2481 2389 2536 rita:
2425 2480 2782 2553 fulgentibus,
2812 2483 2954 2538 inter
2995 2493 3213 2539 sanctos
3258 2483 3438 2540 lumen
3466 2482 3721 2539 doctrime
3744 2493 3839 2535 suae

647 2578 735 2634 l6.
791 2577 856 2634 Et
904 2580 1081 2634 civitas
1132 2581 1186 2634 in
1248 2579 1446 2651 quadra
1494 2580 1661 2651 posita
1710 2588 1804 2634 est.
1879 2576 2165 2633 Civitatem
2273 2578 2689 2632 manifestantes
2734 2576 3006 2634 civitatem
3054 2577 3331 2634 etelestem
3377 2577 3586 2648 ingredi
3624 2575 3834 2637 faciunt;

562 2687 724 2743 quam
765 2672 894 2728 dicit
942 2672 1289 2743 quadratam,
1340 2687 1473 2727 auro
1519 2682 1573 2728 et
1617 2672 1875 2743 pretiosis
1918 2671 2164 2741 resplen-
2275 2681 2332 2727 ut
2385 2672 2454 2727 de
2507 2674 2918 2728 conversatione
2975 2687 3204 2737 eorum,
3273 2672 3589 2743 angelorum
3647 2671 3837 2728 laetetur

562 2765 694 2822 dere
722 2766 991 2836 lapidibus
1014 2810 1030 2833 ,
1077 2777 1131 2823 et
1158 2766 1391 2838 plateam
1430 2775 1705 2833 sanctam,
1735 2776 1789 2822 et
1837 2764 2035 2820 [lumen
2066 2779 2166 2835 per
2272 2766 2493 2823 chorus.
2540 2765 2658 2822 Non
2701 2781 2858 2838 posse
2896 2777 3074 2824 autem
3102 2767 3277 2823 claudi
3319 2777 3507 2838 portas
3532 2811 3547 2835 ,
3585 2767 3836 2824 evidenter

567 2858 809 2914 medium
833 2900 847 2923 ,
878 2869 931 2913 et
975 2859 1175 2930 lignum
1221 2862 1346 2915 vita:
1372 2874 1438 2914 ex
1485 2868 1711 2931 utraque
1754 2867 1907 2930 parte
1958 2856 2164 2914 faciens
2271 2859 2572 2914 ostenditur
2600 2859 2744 2915 nulla
2783 2858 3266 2916 contradicentium
3306 2870 3625 2931 tempestate
3651 2865 3836 2929 aposto

564 2952 778 3009 fructus
825 2954 1111 3010 duodecim
1160 2970 1256 3025 per
1300 2954 1586 3011 duodecim
1632 2970 1884 3018 menses,
1935 2963 1991 3009 et
2031 2953 2163 3010 solis
2270 2952 2444 3008 lorum
2492 2951 2793 3009 doctrinam
2844 2956 3080 3025 separari
3144 2970 3173 3009 a
3247 2956 3600 3022 rectitudine,
3649 2949 3833 3010 etiamsi

568 3045 749 3102 lumen
796 3047 867 3101 ibi
921 3062 1027 3101 non
1074 3061 1233 3112 esse,
1284 3050 1409 3119 quia
1453 3049 1636 3120 Agnus
1668 3058 1750 3102 est
1792 3047 1882 3102 lux
1916 3047 2064 3117 ejus;
2109 3054 2164 3102 et
2272 3046 2465 3102 lluctus
2502 3048 2775 3119 gentium,
2808 3056 2866 3102 et
2903 3047 3280 3104 haereticorum
3322 3064 3480 3104 vana:
3526 3044 3831 3119 superstitio-

559 3149 742 3206 portas
770 3138 887 3210 ejus
917 3138 986 3195 de
1006 3139 1231 3210 singulis
1264 3140 1568 3211 margaritis
1588 3180 1606 3208 ,
1639 3148 1821 3194 ternas
1865 3147 2052 3207 portas
2087 3152 2155 3193 ex
2181 3154 2228 3219 ρ
2269 3154 2367 3195 nes
2395 3148 2582 3194 contra
2629 3138 2790 3194 ﬁdem
2817 3153 3005 3194 eorum
3033 3154 3215 3194 veram
3241 3141 3637 3197 insurrexerint
3658 3156 3672 3193 :
3693 3150 3829 3206 sape

492 3302 501 3313 .
556 3242 786 3304 quatuor
838 3234 1121 3304 partibus,
1170 3244 1224 3289 et
1270 3233 1595 3289 claudi'nou
1635 3248 1816 3304 posse.
1868 3232 2155 3290 Civitatem
2260 3234 2398 3298 rati,
2461 3242 2517 3288 ut
2564 3247 2768 3303 spuma:
2813 3232 3198 3297 dissolventur,
3240 3236 3364 3305 quia
3411 3246 3560 3305 petra
3605 3231 3828 3289 Christus

553 3326 772 3398 inquam
808 3328 1119 3399 quadratam
1153 3337 1458 3383 sanctorum
1481 3327 1770 3382 adunatam
1811 3327 2022 3381 turbam
2058 3341 2153 3382 os-
2259 3334 2381 3389 est,
2414 3338 2442 3377 a
2492 3338 2601 3395 quo
2626 3335 2680 3379 et
2724 3338 2818 3394 per
2844 3340 3002 3394 quem
3040 3325 3283 3381 Ecclesia
3312 3326 3589 3383 fundatur.
3616 3324 3827 3392 Ideoque

552 3419 768 3484 tendit,
802 3421 855 3474 in
885 3420 1255 3489 quibus‘nullo
1296 3422 1457 3475 modo
1497 3422 1632 3477 ﬁdes
1654 3420 1918 3476 ﬂuctuare
1953 3423 2146 3488 potuit.
2259 3416 2417 3471 nullis
2461 3415 2713 3471 ﬂuctibus
2772 3416 3153 3474 insanientium
3204 3418 3487 3475 hominum
3541 3423 3823 3490 superatur-

549 3507 697 3565 Sicut
729 3510 842 3566 Noe
875 3512 1184 3580 praecipitur
1224 3512 1393 3582 (Gen.
1438 3529 1522 3577 v1,
1558 3512 1701 3584 Μ),
1733 3523 1789 3566 ιιι
1828 3528 1893 3568 ex
1919 3512 2152 3584 quadra-
2255 3509 2401 3581 Ergo
2429 3508 2681 3566 audiendi
2713 3523 2819 3564 non
2857 3521 2983 3564 sunt
3021 3510 3112 3580 qui
3152 3511 3298 3567 mille
3332 3528 3597 3568 annorum
3624 3520 3823 3580 regnum

551 3602 623 3658 tis
651 3604 810 3673 lignis
853 3602 1055 3659 faceret
1086 3620 1301 3667 arcam,
1336 3622 1453 3671 quae
1483 3606 1666 3661 diluvii
1696 3616 1876 3675 posset
1916 3608 2148 3676 impetus
2255 3614 2530 3661 terrenum
2568 3618 2689 3659 esse
2734 3602 3047 3660 corlirmant
3072 3646 3089 3671 ,
3129 3607 3219 3677 qui
3267 3621 3391 3662 cum
3436 3604 3690 3663 Cerintho
3730 3601 3824 3656 ba!-

547 3695 734 3763 ferre,
783 3699 1051 3768 pretiosos
1097 3699 1304 3769 lapides
1330 3701 1419 3769 qui
1464 3699 1729 3756 ﬂuctuare
1766 3715 1874 3756 non
1917 3709 2148 3772 possunt
2251 3697 2423 3752 retico
2459 3696 2714 3751 sentiunt.
2762 3694 2895 3752 Nam
2923 3713 3149 3769 regnum
3194 3696 3396 3755 Christi
3423 3715 3567 3756 nunc
3598 3708 3821 3752 estsem-

552 3790 606 3845 in
641 3792 1019 3860 persecutione
1045 3803 1261 3848 sanctos
1292 3794 1435 3849 viros
1464 3794 1735 3861 ostendit,
1762 3795 1850 3865 qui
1884 3808 1982 3850 nec
2007 3802 2142 3849 tem-
2249 3791 2516 3862 piternum
2558 3789 2610 3844 in
2657 3791 2856 3846 sanctis
2880 3832 2897 3858 ,
2944 3807 3068 3849 cum
3111 3791 3272 3848 fuerit
3317 3793 3488 3865 gloria
3515 3800 3637 3865 post
3660 3802 3819 3847 resur-

554 3891 763 3955 pestate
794 3896 1199 3955 persecuturum
1247 3889 1491 3952 moveri,
1535 3904 1636 3945 nec
1678 3888 1885 3960 impetu
1941 3888 2135 3958 pluvias
2242 3884 2538 3941 rectionem
2569 3882 2913 3941 manifestata
2947 3896 3281 3941 sanctorum.
3382 3938 3387 3945 ,

1906 4019 2464 4081 COMMENTARIUS.

542 4145 580 4215 a
620 4131 895 4215 proposito
948 4134 1451 4215 deduciureligione
1511 4138 1869 4215 prohiberer‘,
1912 4139 2142 4195 libenter
2245 4136 2659 4215 quam_mi_nime
2704 4152 2916 4208 possem
2958 4138 3309 4215 declinarem.
3364 4144 3479 4215 Ego
3520 4145 3572 4199 in
3602 4143 3683 4199 his
3728 4155 3814 4215 au-

543 4205 618 4256 ita
645 4205 1000 4260 restituisseut
1028 4206 1217 4285 :_Millc
1239 4205 1719 4285 annorumregnum
1747 4211 1969 4266 arbitror
1990 4221 2139 4267 wter-
2244 4205 2619 4285 natationibus
2661 4205 2781 4280 qum
2832 4221 2947 4265 tuto
2983 4213 3257 4285 castigare
3303 4205 3488 4285 ponii,
3541 4216 3675 4270 bona
3728 4212 3817 4266 lido

541 4289 841 4354 numrsse,
890 4288 979 4354 aut
1018 4279 1067 4354 si
1112 4296 1212 4354 non
1246 4281 1318 4333 ita
1353 4279 1679 4354 sentiendum
1710 4292 1781 4337 est
1802 4325 1816 4347 ,
1849 4293 1952 4339 etc,
2163 4352 2194 4354 _
2243 4279 2471 4354 prmstiti
2504 4297 2532 4354 :4
2560 4279 2737 4350 neque
2759 4286 2917 4354 sum,
2950 4283 2995 4336 si
3021 4279 3484 4354 quis'opini'onem
3517 4301 3685 4342 meam
3727 4286 3816 4336 im—

617 4346 701 4429 (1)
749 4347 1085 4404 Adveniemli.
1146 4349 1394 4418 Venturi,
1443 4370 1539 4409 seu
1584 4354 1908 4422 adveniente,
1940 4352 2174 4426 opinor]

2258 4352 2563 4429 trobaverit
2582 4394 2596 4414 ,
2625 4346 2904 4429 continuo
2932 4346 3427 4429 illiu'succénsurus
3448 4403 3463 4426 ,
3496 4353 3815 4429 tantumille

536 4414 968 4499 legim’oportere.
1094 4494 1125 4499 _
1692 4498 1699 4499 ί
1896 4414 1906 4422 ’
1979 4414 1994 4426 ’
2236 4414 2515 4499 meliorem
2542 4424 2936 4499 certioremque
2960 4424 3183 4499 afferat;
3223 4444 3386 4499 quam
3431 4414 3633 4485 tantum
3677 4428 3813 4482 abest

592 4488 689 4571 .(2)
720 4489 1060 4571 Tutaverunt.
1093 4494 1387 4571 Pro__tutati
1428 4507 1554 4571 sunt
1588 4498 1818 4567 positum
1863 4512 1983 4571 esse
2011 4502 2129 4556 exi-
2236 4501 2292 4547 ιιι
2319 4492 2555 4571 rejiciam
2577 4536 2593 4560 ,
2628 4488 2948 4571 utejusd'em
2978 4512 3066 4551 me
3087 4488 3433 4571 defensorem
3477 4503 3578 4555 sim
3622 4500 3812 4555 sincere

534 4561 720 4615 stimo.
769 4561 881 4617 Nos
933 4581 1052 4620 cum
1106 4567 1382 4623 meliorem
1433 4561 1718 4623 lectin'nem
1768 4585 1871 4624 non
1901 4569 2129 4628 habere-
2235 4563 2582 4633 prolessurus
2614 4584 2628 4619 :
2663 4561 2881 4621 libellus
2900 4576 3051 4623 certe
3097 4569 3168 4624 ita
3223 4572 3420 4627 malea
3464 4572 3697 4628 librariis
3729 4582 3808 4622 ac-

533 4647 883 4714 nuam-quam
926 4636 996 4714 in_
1023 4638 1199 4714 veteri
1247 4639 1541 4714 exemplari
1579 4641 1911 4714 invenimus,
1964 4645 2124 4698 etiam
2231 4646 2422 4714 ceptus
2467 4644 2589 4696 est.
2648 4644 2707 4690 ut
2749 4638 2840 4714 vix
2887 4640 3050 4714 omni
3081 4640 3359 4712 diligentia
3415 4643 3623 4699 restitui
3665 4653 3809 4714 posse.

529 4704 578 4756 si
633 4704 855 4785 minime
909 4710 1066 4763 nobis
1098 4710 1206 4785 illa
1254 4704 1606 4779 probaretur,
1665 4713 2125 4782 reliquimus,-ut
2230 4704 2511 4785 νίάῼτυιυτ
2543 4724 2557 4761 ε
2590 4723 2697 4785 (μιςέ
2743 4707 2833 4785 ﬁ};
2881 4704 3483 4785 m_minus'culpandi
3536 4704 3733 4774 εῖηιιίεν
3768 4709 3807 4764 Si

529 4774 860 4860 eruditiores
881 4788 973 4833 aut
992 4774 1369 4860 conjecturam
1386 4774 1625 4838 nostram
1658 4774 2125 4860 recipereut__,faut
2226 4774 2822 4860 conjecturam'alieubi
2866 4782 3154 4860 maluimus
3203 4774 3357 4857 sequi
3385 4829 3400 4853 ,
3445 4803 3607 4860 quam
3636 4790 3808 4841 conta-

532 4842 712 4927 lorum
737 4846 840 4927 ipsi
861 4862 957 4903 suo
979 4842 1201 4906 arbitrio
1226 4853 1557 4927 inquinatum
1580 4842 1926 4927 castiga'rent.
1950 4842 2124 4913 (ihso.
2230 4842 2418 4907 minati
2448 4850 2772 4921 exemplaris
2800 4854 3193 4910 auctoritatem.

522 4913 636 4967 leta
693 4917 861 4970 verba
913 4930 1120 4976 mutare
1175 4922 1357 4989 nolui,
1416 4937 1474 4979 ut
1543 4928 1613 4980 ab
1651 4913 1874 4997 an‘tJiquo
1937 4929 2124 4985 codice

933 5110 1174 5235 DE
1286 5112 2146 5248 MAGNETE
2255 5120 3408 5262 PRESBYTERO

1095 5331 1529 5464 NOTITIA
1609 5342 2186 5493 HISTORICA,
2284 5345 2477 5478 CUM
2562 5352 3213 5502 FRAGMENTll,

1691 5553 1782 5610 EX
1831 5555 1888 5612 D.
1936 5555 2223 5615 LUMPER
2267 5558 2656 5619 DESUMPTA.

1036 5683 1326 5725 Αιιτιουιυε
1369 5680 1577 5728 Pullus.
2204 5676 2329 5731 ruit.
2372 5675 2647 5749 Presbyter
2686 5654 3191 5752 Hierosolgmitauus
3229 5684 3393 5757 fuisse
3432 5686 3667 5741 traditur.
3717 5683 3787 5737 Au

1014 5758 1145 5830 Ejus
1177 5759 1302 5817 Vita:
1328 5761 1604 5835 Synopsis.
2204 5770 2362 5824 etiam
2394 5767 2675 5842 Episcopus
2692 5773 2718 5827 .9
2742 5804 2810 5813 —
2833 5773 3080 5847 Magpes,
3112 5776 3225 5833 sive
3252 5776 3529 5848 Magnetes
3548 5820 3563 5843 ,
3594 5778 3673 5831 vel
3702 5790 3787 5846 po-

586 5840 805 5916 Magnes
836 5848 921 5917 qui
958 5859 1005 5903 et
1043 5850 1304 5909 Macarius
1335 5854 1583 5927 Magnes,
1614 5871 1716 5927 quo
1745 5866 1968 5929 tempore
1995 5858 2105 5920 cla-
2210 5864 2316 5920 tius
2356 5840 2616 5921 Macarius
2652 5864 2899 5936 Magnes,
2920 5840 3224 5927 vdesinentc
3266 5840 3471 5928 saeculo
3513 5840 3671 5931 tertio
3703 5840 3785 5925 'llo

555 5029 3803 5074 ____________________________________
