3942 6286
170 297 275 354 ὖίῦ

1487 297 1760 354 NOTITIA
1798 297 2174 356 HlSTOBlCA.

3349 303 3454 360 546

161 413 337 468 ruisse
365 410 721 466 existimatur.
756 410 831 466 Ita
862 409 1075 482 quidem
1114 427 1226 483 pra:
1259 412 1466 468 caeteris
1509 413 1757 467 doetissi-
1794 415 1835 474 Α
1864 414 1981 468 nius
2021 415 2124 486 (l).
2170 414 2454 487 Complura
2495 431 2623 474 vero
2664 419 2976 475 eorumdem
3017 417 3452 490 Apocriticorum

154 520 284 560 mus
307 503 700 571 Tilmmontius,
751 505 844 576 qui
894 505 960 560 de
1007 507 1108 560 isto
1156 507 1405 563 Ecclesite
1458 509 1751 578 scriptore,

153 598 375 652 obscuri
423 599 653 654 nominis
699 598 850 666 licet,
902 601 1175 672 ipsiusque
1224 602 1521 657 litterarum
1564 618 1754 658 monu-

152 694 357 748 mentis
391 693 521 748 satis
555 693 838 765 diligenter
871 693 1119 748 edisserit
1154 693 1258 768 (l).
1305 693 1621 750 Guilielmus
1643 699 1755 749 'au-

150 795 263 842 tem
324 784 532 840 C-iveus
583 803 687 841 non
742 787 914 842 solum
969 787 1203 842 auctoris
1256 797 1467 843 mtatem
1527 788 1755 844 antehac

151 881 547 952 incompertam
573 925 588 948 ,
622 881 715 936 sed
743 897 848 952 quo
878 881 1037 936 etiam
1086 883 1397 938 charactere
1438 882 1597 936 fuerit
1627 883 1754 937 insi-

150 974 419 1044 signitus,
465 974 728 1044 expiscari
780 975 881 1028 sibi
927 974 1141 1028 demum
1190 975 1403 1030 lienisse
1451 978 1749 1045 profitetur.

151 1068 243 1121 Sic
275 1067 422 1120 enim
455 1067 542 1121 ille
573 1066 681 1138 (2):
713 1065 1011 1122 Germanus
1041 1067 1341 1137 patriarcha
1380 1070 1748 1125 Constantino-

153 1161 428 1230 politanus
458 1161 511 1214 iit
547 1160 856 1230 Dogmatico
894 1161 960 1215 ad
1005 1159 1316 1216 Anthimum
1357 1178 1458 1217 ms.
1501 1169 1639 1233 apud
1679 1164 1749 1219 cl.

152 1253 381 1308 Galeam
404 1294 418 1314 ,
454 1252 540 1307 ubi
572 1251 640 1308 de
669 1252 876 1322 synodo
914 1254 1229 1309 antiochena
1264 1255 1520 1312 adversus
1560 1256 1749 1313 Samo-

150 1358 400 1402 satenum
444 1347 587 1416 agit,
632 1346 746 1402 haec
787 1347 966 1404 habet.
1011 1347 1334 1415 lntererant,
1377 1350 1578 1420 inquit,
1619 1349 1752 1404 Con—

148 1443 272 1496 cilio
296 1441 637 1498 Antiocheno
659 1452 842 1498 contra
873 1442 1088 1497 Paulum
1119 1444 1520 1498 Samosatenum
1545 1442 1749 1514 Grego-

146 1536 262 1591 rius
291 1535 726 1606 Thaumaturgus
750 1579 764 1600 ,
798 1536 899 1590 Leo
929 1535 1196 1591 Tarsensis
1227 1537 1543 1609 (legendum
1570 1538 1751 1608 judice

147 1627 328 1683 Caveo
357 1632 533 1692 Ελενος
560 1645 656 1699 pro
685 1643 855 1697 Λεων,
889 1632 988 1686 levi
1021 1630 1338 1694 mutatione,
1373 1633 1418 1686 is
1455 1633 1597 1687 enim
1634 1643 1752 1688 erat

148 1723 252 1778 hoc
283 1734 530 1794 tempore
561 1727 817 1779 tarsensis
847 1727 1158 1796 episcopus,
1191 1726 1265 1778 uti
1310 1725 1512 1781 diserte
1553 1725 1752 1782 habent

1861 513 2284 584 ἀποσπασμάτια
2302 522 2486 568 extare
2517 525 2811 568 noscuntur
2839 514 2890 567 in
2913 512 3201 583 Nicephori
3226 511 3452 582 patriar-

1858 602 1974 656 chae
2023 604 2581 673 constantinoltolitaui
2631 604 2771 659 libris
2815 605 3170 658 Antirrheticis
3210 604 3452 659 adversus

1858 695 2258 761 Iconomachos;
2283 714 2401 765 qua:
2433 699 2650 754 ineunte
2679 699 2780 754 hoc
2805 705 3004 755 saeculo
3031 700 3109 754 vir
3135 699 3316 754 clarus
3342 700 3456 756 An-

1857 790 2056 843 selmus
2086 789 2382 844 Bandurius
2412 791 2702 846 monachus
2733 792 2964 863 et_abbas
2986 791 3356 847 benedictinns
3383 806 3452 847 ex

1857 883 2014 952 regiis
2045 882 2317 938 codicibus
2355 883 2652 952 descripta,
2698 881 2812 938 fere
2850 900 2878 936 a
2911 898 2970 938 se
3010 884 3061 938 in
3095 883 3265 939 lucem
3297 882 3452 938 emit-

1857 975 2014 1028 tenda
2046 976 2172 1029 viris
2203 975 2428 1029 eruditis
2472 987 2752 1045 receperat
2793 975 2910 1047 (‘2):
2956 975 3149 1031 additis
3189 985 3453 1046 praeterea

1858 1068 2126 1122 nonnullis
2174 1068 2488 1140 fragmentis
2535 1071 2911 1125 commentarii
2952 1070 3192 1150 ejusdem
3240 1070 3455 1126 Macarii

1855 1162 2108 1232 Magnetis
2135 1163 2186 1216 in
2215 1163 2462 1218 Genesim
2485 1204 2498 1229 ,
2531 1180 2595 1220 ex
2621 1179 2721 1219 ms.
2752 1163 2938 1220 codice
2965 1163 3314 1219 ottoboniano
3343 1163 3444 1220 de-

1856 1257 2104 1324 sumptis.

1924 1349 2148 1418 Jamque
2185 1361 2341 1406 antea
2381 1352 2650 1422 integrum
2710 1351 2906 1406 librum
2957 1362 3335 1423 cxcerptorum
3382 1365 3451 1408 ex

1854 1441 2128 1511 scriptoris
2170 1443 2336 1497 nostri
2375 1443 2682 1511 apocritieis
2728 1442 3008 1498 detexerat
3055 1443 3452 1500 eruditissimus

1853 1535 2085 1590 Joannes
2122 1536 2374 1592 Bovinius
2421 1537 2472 1591 in
2513 1536 2796 1606 Nicephori
2843 1535 3218 1592 Antirrheticis
3261 1537 3453 1592 inscri-

1856 1640 2045 1699 ptum:
2093 1630 2154 1683 de
2185 1629 2504 1684 Testiutoniis
2548 1629 2767 1685 Macarii
2809 1629 3087 1702 Magnetis,
3131 1630 3205 1686 uti
3235 1630 3462 1703 ipsemet

1856 1731 2081 1778 testatur
2108 1724 2212 1794 (5).
2269 1729 2323 1781 ο

147 1815 440 1877 Eusebius,
465 1817 748 1888 Synccllus
769 1827 819 1872 et
847 1817 1203 1890 Nicephorns)
1228 1817 1486 1872 Maximus
1513 1818 1750 1873 Bostren-
1779 1819 1828 1886 Β
1926 1815 2060 1869 Dum
2105 1831 2232 1870 vero
2276 1816 2342 1870 ab
2389 1815 2468 1870 his
2517 1816 2811 1870 duumviris
2849 1816 3148 1888 evulganda
3191 1814 3457 1885 ejusmodi

145 1910 233 1972 sis,
260 1916 349 1965 καὶ
373 1909 742 1986 Ἰεροσολύμων
767 1912 964 1984 Μάγνης
988 1933 1064 1971 τις
1091 1912 1251 1987 ἱερεὺς
1277 1914 1364 1966 καὶ
1389 1921 1479 1972 τῆς
1504 1913 1755 1987 ἡμετέρας

147 2000 518 2062 Καππαδοκίας
545 2003 861 2078 Φιρμιλιανὸς
888 2003 914 2057 ὁ
934 2005 1217 2076 Gaudia-tog.
1241 2002 1580 2068 Tlteotecnus,
1608 2003 1753 2057 Pho—

145 2102 318 2161 tinus,
362 2091 678 2158 Marcellus,
715 2106 820 2148 etc.
855 2095 1058 2148 Clarnit
1111 2097 1268 2167 igitur
1297 2112 1438 2151 anno
1467 2096 1610 2162 265,
1648 2112 1755 2169 quo

147 2185 333 2241 habita
361 2196 449 2242 est
476 2187 736 2242 adversus
766 2187 988 2242 Paulum
1020 2189 1316 2244 Antiochim
1348 2190 1618 2260 synodus;
1651 2190 1755 2245 sal-

148 2291 256 2336 tem
280 2296 431 2334 anno
460 2295 566 2334 uno
593 2280 832 2335 alterove
862 2281 1125 2351 sequenti.
1157 2281 1450 2352 Episcopos
1478 2283 1619 2338 enim
1654 2282 1754 2338 hac

159 2373 451 2428 occasione
480 2376 614 2429 κατὰ
644 2377 819 2450 καιρὸν
849 2372 1098 2450 διαφόρως
1129 2379 1215 2429 καὶ
1242 2376 1475 2436 πολλάκις
1505 2375 1556 2428 in
1589 2389 1752 2429 unum

142 2466 338 2520 coiisse
376 2464 545 2519 refert
575 2464 840 2520 EuSebius
871 2466 962 2520 lib.
998 2483 1100 2532 vit,
1133 2482 1254 2536 cap.
1297 2466 1406 2534 28,
1449 2467 1626 2537 quod,
1671 2466 1753 2522 vel

140 2557 210 2614 de
240 2557 472 2612 diversis
492 2557 713 2630 synodis
732 2560 810 2613 vel
834 2559 900 2613 de
912 2559 1139 2613 diversis
1157 2559 1394 2629 ejusdem
1417 2559 1606 2631 synodi
1628 2575 1746 2615 ses-

140 2651 387 2706 sionibns
414 2650 814 2720 intelligendum
847 2660 947 2706 est.
971 2651 1236 2723 Quidquid
1261 2655 1348 2719 sit,
1400 2654 1484 2708 vix
1532 2654 1600 2710 de
1643 2654 1747 2710 alia

142 2745 377 2816 synodo,
423 2761 582 2814 quam
628 2761 748 2816 qua:
789 2759 930 2800 anno
969 2745 1096 2810 265,
1151 2746 1326 2801 habita
1373 2759 1486 2812 est,
1532 2748 1751 2814 intelligi

143 2846 324 2902 potest
363 2836 685 2898 Germanus,
715 2852 833 2892 cum
884 2836 985 2892 hoc
1029 2838 1240 2892 circiter
1283 2854 1422 2892 anno
1464 2837 1750 2908 Gregorius

139 2927 580 3000 Thaumaturgus
599 2929 797 2984 obiisse
814 2930 1021 2984 dicitur.
1043 2930 1174 2984 Cum
1197 2931 1352 3002 igitur
1368 2932 1618 2987 sacerdos
1637 2931 1751 2988 fue-

139 3023 206 3076 rit
229 3021 740 3094 bierosnlymitanus
761 3021 977 3092 Magnes
999 3033 1198 3084 noster,
1249 3022 1594 3094 Hymenmum
1637 3026 1750 3095 epi-

138 3132 369 3190 scopum
386 3133 539 3172 suuin
563 3131 628 3173 eo
645 3117 926 3172 comitatus
953 3127 1052 3172 est.
1079 3117 1266 3172 Plures
1286 3118 1426 3172 enim
1450 3118 1748 3190 presbyteri

1861 1909 2090 1978 pretiosa
2133 1908 2408 1978 scriptoris
2452 1910 2798 1964 velusrissimi
2850 1919 3196 1964 monumenta
3244 1909 3459 1964 solliciti

1859 2000 2306 2068 exspectabamus
2325 2043 2338 2064 ,
2369 2015 2519 2071 Spem
2551 2002 2676 2056 fecit
2704 2000 2960 2070 deinceps
2989 2001 3211 2071 Magnus
3240 1999 3462 2056 Crusius

1859 2089 1938 2164 (Il)
1989 2109 2083 2145 nos
2129 2093 2198 2147 ab
2236 2109 2294 2148 se
2345 2093 2559 2148 tandem
2605 2093 2792 2148 eadem
2843 2103 3096 2163 excerpta
3148 2093 3460 2164 propediem

1859 2187 2025 2243 fuisse
2065 2197 2417 2258 accepturos,
2451 2204 2570 2257 (tua:
2604 2188 2857 2243 nimirum
2899 2204 3020 2243 cum
3059 2204 3125 2244 eo
3162 2188 3463 2244 communi-

1861 2287 1999 2338 carit
2039 2283 2265 2353 ispcmet
2306 2273 2583 2337 Bovinius.
2627 2282 2796 2337 Petita
2839 2290 2965 2337 sunt
3003 2297 3099 2348 ea,
3145 2284 3349 2354 inquit,
3391 2297 3462 2338 ex

1859 2374 1987 2430 libro
2026 2392 2074 2429 IV
2103 2375 2535 2447 Apocriticorum,
2568 2374 2654 2430 ubi
2683 2387 2872 2430 auctor
2895 2375 2962 2430 ad
2991 2377 3274 2432 veritatem
3328 2376 3461 2433 reli-

1855 2467 2032 2535 gionis
2061 2466 2374 2521 christiana:
2413 2467 2790 2522 stabiliendum
2834 2468 3100 2538 imprimis
3128 2470 3237 2540 agit
3266 2479 3455 2526 contra

1856 2575 2089 2630 grarcum
2135 2560 2426 2631 quemdam
2484 2559 2904 2630 philosophum;
2957 2562 3346 2634 speciatimque
3391 2563 3460 2619 de

1857 2651 2169 2708 monarchia
2199 2652 2378 2708 divina
2396 2694 2412 2719 ,
2435 2655 2791 2724 ejusdemque
2815 2653 3100 2723 majestate
3122 2663 3312 2710 contra
3344 2653 3461 2710 idoo

1855 2745 2124 2800 lolatriam
2170 2746 2445 2815 gentilium
2492 2745 2750 2817 di5putat.
2808 2746 3141 2817 Subditque:
3183 2747 3460 2805 Accedent

1857 2835 1981 2892 huic
2029 2838 2181 2905 operi
2233 2839 2394 2893 etiam
2440 2837 2743 2907 fragmenta
2787 2839 3162 2894 commentarii
3210 2842 3454 2911 ejusdem

1854 2927 2071 2982 Macarii
2112 2927 2375 3000 Magnetis
2415 2930 2468 2984 in
2510 2929 2802 2993 Genesim;
2849 2931 2901 2984 in
2943 2931 3136 3002 quibus
3165 2931 3232 2988 de
3264 2934 3454 2990 Adami

1855 3021 2130 3076 creatione
2152 3062 2168 3087 ,
2200 3021 2268 3076 de
2300 3022 2678 3077 benedictione
2703 3021 2808 3077 diei
2839 3023 3082 3094 septimae
3103 3065 3118 3091 ,
3150 3024 3218 3080 de
3248 3026 3454 3096 planta.

1855 3114 2001 3170 tione
2033 3113 2177 3170 horti
2207 3114 2353 3169 Eden
2379 3157 2392 3182 ,
2423 3115 2490 3169 de
2524 3115 2870 3186 impositione
2910 3116 3186 3172 nominum
3228 3119 3452 3190 singulis

136 3211 426 3267 etdiaconi
451 3212 804 3268 huicc0ucilio
825 3211 1195 3267 interfuerunt.
1223 3212 1501 3284 llucusque
1519 3213 1747 3270 Caveus.
1777 3215 1822 3279 C
1858 3209 2146 3264 bestiarum
2179 3208 2467 3280 generibus
2497 3209 2563 3263 ab
2603 3209 2811 3264 Adamo
2857 3209 3024 3275 faeta,
3069 3210 3136 3266 de
3177 3212 3450 3282 adjutorio

213 3303 295 3359 De
321 3305 482 3374 ipsius
506 3304 758 3376 Magnetis
779 3305 1060 3358 litterarum
1082 3307 1436 3361 monumentis.
1455 3336 1525 3347 —
1539 3307 1736 3363 Verum

137 3397 205 3453 ad
241 3399 665 3470 prcsbyteralem
697 3398 956 3469 Magnetis
984 3398 1295 3470 dignitatem
1327 3400 1467 3471 quod
1509 3402 1735 3470 attinet,

139 3490 544 3545 observandum
574 3505 695 3546 cum
727 3490 1090 3559 Tillemontio,
1122 3493 1240 3562 ejus
1270 3509 1464 3548 nomen
1494 3492 1739 3564 Episcopi

140 3585 302 3639 titulo
330 3583 498 3639 fuisse
527 3594 878 3652 przenotatum
917 3587 1236 3664 (ἱερὰρχης)
1271 3588 1322 3641 in
1353 3588 1530 3655 operis
1557 3603 1738 3642 exem-

135 3679 277 3748 plari
309 3677 377 3732 ab
407 3693 473 3730 eo
500 3678 694 3733 litteris
720 3679 1017 3750 consignati
1039 3723 1054 3745 ,
1085 3681 1227 3750 quod
1257 3681 1356 3735 sub
1383 3683 1592 3736 initium
1631 3697 1736 3738 sa:-

133 3773 250 3827 culi
275 3773 401 3826 noni
428 3771 524 3827 fttit
546 3771 814 3827 detectum
841 3773 908 3827 ab
929 3771 1264 3838 ortltodoxis,
1291 3775 1381 3842 qui
1407 3791 1526 3829 cum
1553 3775 1738 3830 lcouo-

134 3865 349 3921 machis
377 3865 744 3922 decertabant.
778 3865 972 3920 Narrat
1003 3866 1223 3922 Photius
1253 3865 1364 3939 (5),
1396 3869 1467 3923 uti
1509 3869 1738 3924 advertit

133 3960 468 4032 Lequienius
493 3959 572 4031 (Δ)
619 3961 758 4014 inter
800 3960 1098 4028 Praesules,
1144 3960 1232 4031 qui
1270 3961 1527 4018 adversus
1567 3960 1736 4035 Chry-

137 4063 440 4108 sostomum
483 4053 536 4106 in
577 4052 797 4124 Synodo
837 4052 903 4107 ad
935 4053 1201 4121 Quercum
1240 4052 1595 4108 Chalcedonis
1642 4069 1733 4109 διι-

135 4146 390 4200 burbium
440 4161 778 4208 convenere,
835 4146 1103 4200 adstitisse
1176 4160 1388 4216 quoque
1443 4146 1733 4202 Macarium

132 4241 416 4312 Magnesia:
443 4282 457 4306 ,
501 4241 615 4294 sive
661 4239 960 4310 Magnetum
1014 4239 1330 4308 Episcopum
1361 4282 1376 4304 ,
1429 4240 1731 4295 delatorem

133 4335 474 4398 Heraclidm,
533 4349 692 4404 quem
759 4336 984 4403 ipsemet
1050 4332 1466 4406 Chrysosmmns
1533 4335 1732 4404 Ephesi

136 4429 466 4499 EpiscOpnm
495 4436 791 4481 creaverat.
829 4427 960 4482 llinc
990 4427 1215 4481 fortasse
1243 4428 1353 4482 sive
1385 4427 1591 4493 fraude,
1621 4432 1734 4483 sive

138 4503 438 4594 ignorantia
462 4565 475 4586 ,
505 4522 748 4594 Episcopi
775 4522 984 4576 titulum
1012 4520 1278 4577 addiderit
1306 4521 1590 4590 librarius,
1619 4521 1730 4576 Ma-

141 4620 312 4690 gnetis
344 4619 652 4673 vetustioris
679 4633 813 4688 opus
829 4617 1156 4672 exseribens.

202 4711 350 4767 Libri
395 4727 428 4764 ν
477 4711 884 4780 Responsiormm
927 4707 1184 4764 adversus‘
1210 4709 1577 4766 Theostltencm
1609 4710 1726 4765 Da-

135 4804 359 4859 masceni
386 4819 492 4858 aevo
520 4801 1025 4856 notissimi.——Utut
1061 4813 1174 4867 eSt,
1215 4803 1428 4872 scripsit
1466 4803 1729 4859 Macarius

135 4896 352 4968 Magnes
381 4895 546 4949 libros
576 4911 608 4947 v
632 4895 988 4970 ’Λποκριτικῶν
1009 4936 1021 4955 ,
1055 4909 1148 4948 seu
1189 4895 1596 4963 reSponsionum
1630 4896 1724 4950 ad-

135 5004 324 5044 versus
354 4986 757 5043 Theosthcnem
799 4987 1066 5040 etlmicum
1089 5028 1104 5049 ,
1147 4987 1490 5056 Evangelium
1527 4988 1728 5043 calum-

137 5081 396 5135 niantem.
445 5081 620 5148 Atque
663 5078 759 5132 hos
802 5079 1016 5148 quidem
1060 5079 1225 5133 libros
1259 5080 1567 5134 llainasceni
1610 5096 1728 5136 ωνο

137 5174 298 5231 fuisse
328 5175 638 5229 notissimos
660 5215 674 5238 ,
716 5173 992 5227 annotavit
1032 5171 1192 5227 modo
1223 5171 1464 5227 laudatus
1495 5171 1727 5242 Lequie-

204 5362 281 5435 (1)
307 5361 640 5435 Tillemont.,
673 5357 1194 5435 Memoiriseuﬂist.
1222 5360 1310 5413 des
1331 5356 1567 5435 EmperL,
1594 5366 1723 5435 tom.

137 5429 222 5499 Iv,
235 5449 352 5504 pag.
379 5431 576 5488 508-31
595 5432 612 5484 Ι
628 5471 641 5494 ,
666 5433 798 5504 dans
823 5430 993 5486 lii-.Vie
1013 5433 1078 5485 de
1098 5430 1410 5504 Cuttstantin
1440 5431 1488 5484 Ie
1507 5429 1686 5485 Grand
1707 5473 1721 5498 ,

137 5503 284 5559 artic.
316 5503 483 5567 scut,
516 5503 648 5556 edit.
685 5503 939 5567 lirnxell.,
971 5519 1090 5572 pag.
1122 5503 1219 5558 1‘27
1248 5514 1296 5558 et
1327 5517 1476 5573 seqq.

204 5577 282 5644 (9.)
313 5576 477 5638 Cave,
507 5574 642 5630 Hist.
668 5577 910 5634 liuet-an,
933 5577 998 5628 ad
1021 5592 1110 5628 an.
1133 5575 1256 5640 265,
1290 5584 1417 5628 tom.
1445 5590 1490 5637 ι,
1515 5588 1567 5643 p.
1595 5573 1718 5629 156.

204 5649 284 5717 (5)
317 5647 469 5703 Phot.
504 5646 639 5717 Bibl.
670 5646 802 5702 Cod.
834 5661 939 5700 ιλιι.

205 5715 283 5788 (ι)
313 5719 570 5786 Lequien.
599 5715 692 5772 Or.
722 5720 918 5773 Christ.
948 5728 1077 5771 tom.
1105 5733 1171 5783 ιι,
1205 5733 1321 5789 pag.
1351 5718 1476 5773 698.
1504 5715 1582 5771 Ne
1606 5731 1724 5770 ver-

141 5793 314 5845 lmlnm
348 5792 450 5845 hoc
480 5789 532 5844 in
567 5792 683 5860 loco
713 5789 780 5844 de
809 5789 1050 5860 Magnete
1079 5791 1345 5848 oi-currit.
1381 5791 1508 5845 falsa
1539 5789 1722 5844 citatio

139 5863 418 5917 Callandii.
451 5861 557 5915 Sed
585 5859 701 5917 haec
729 5859 990 5920 habentur
1019 5861 1070 5916 in
1101 5861 1234 5915 Nota
1263 5860 1367 5934 (5).

1846 3302 2062 3358 femina:
2093 3301 2160 3356 ab
2191 3303 2306 3370 ipso
2337 3302 2448 3356 Deo
2479 3303 2721 3357 instituto
2743 3345 2757 3367 ,
2788 3302 2857 3358 de
2884 3303 3196 3359 seductione
3227 3321 3449 3377 serpen-

1845 3396 1947 3461 tis,
1996 3406 2049 3450 et
2098 3396 2246 3464 lapsu
2296 3397 2590 3466 primorum
2642 3407 2958 3466 parentum,
3001 3408 3056 3453 et
3096 3399 3331 3470 denique
3372 3400 3444 3458 de

1843 3488 2038 3542 tunicis
2073 3487 2310 3558 pelliceis
2337 3503 2364 3540 a
2399 3488 2510 3542 Deo
2541 3487 2847 3542 fabrefactis
2877 3488 3182 3546 disseritur.
3229 3491 3444 3548 Hucus-
3483 3539 3487 3544 .

1841 3595 1945 3650 que
1973 3580 2042 3634 cl.
2071 3579 2322 3635 Crusius.
2384 3579 2600 3636 Utinam
2634 3597 2762 3636 vero
2803 3583 2886 3638 vel
2930 3584 3199 3654 integtum
3229 3585 3442 3641 Macarii

1841 3673 2102 3744 Magnetis
2134 3674 2565 3743 Apocriticorum
2595 3691 2733 3746 opus
2754 3718 2768 3742 ,
2801 3677 2886 3731 vel
2929 3678 3124 3733 saltem
3164 3679 3308 3736 illius
3347 3695 3444 3736 ex-

1841 3779 2026 3840 cerpta
2044 3810 2057 3834 ,
2085 3769 2286 3824 Graecis
2311 3769 2597 3840 latinisque
2621 3770 2818 3826 litteris
2837 3772 3128 3844 aliquando
3156 3775 3440 3844 prodeant.

1912 3861 2280 3933 Fragmentum
2329 3862 2584 3934 Magnetis
2619 3865 2681 3917 de
2714 3862 3040 3919 Ettcltaristia
3078 3867 3199 3921 olim
3235 3886 3266 3922 (ι
3310 3868 3350 3922 Τ
3353 3886 3443 3924 ur-

1838 3958 1984 4010 riauo
2017 3957 2208 4010 editum
2237 3975 2268 4010 a
2301 3955 2578 4012 Gallandio
2609 3959 2790 4012 iterum
2821 3961 3128 4031 evulgatum.
3159 3992 3230 4001 —
3258 3963 3434 4035 Atque

1839 4053 2110 4122 integrmn
2141 4066 2273 4106 sane
2304 4051 2432 4105 illud
2465 4065 2600 4120 opus
2626 4065 2737 4120 pra:
2763 4052 3010 4107 manilius
3043 4053 3295 4109 habuisse
3322 4071 3443 4126 per-

1840 4146 2054 4201 hibetur
2082 4145 2400 4200 Franciscus
2427 4145 2762 4200 Turrianus:
2791 4162 2858 4201 ex
2887 4162 2954 4202 co
2979 4148 3242 4219 siquidem
3273 4150 3440 4206 multa

1840 4241 2035 4310 passim
2071 4239 2358 4306 delibavit,
2391 4238 2588 4310 quibus
2615 4239 2876 4295 adversus
2907 4252 3198 4296 novatores
3229 4258 3436 4298 summa

1838 4332 1964 4389 ﬁdei
2006 4335 2179 4404 capita
2227 4343 2605 4406 propugnaret.
2650 4333 2928 4404 Imprimis
2984 4344 3164 4392 autem
3207 4353 3273 4392 co
3312 4352 3441 4394 usus

1835 4438 1918 4483 est
1947 4430 2028 4483 vir
2057 4428 2250 4482 doctus
2281 4429 2334 4482 in
2369 4437 2598 4482 tractatu
2628 4427 2690 4480 de
2718 4429 3040 4481 sanctissima
3071 4427 3436 4498 Euclraristia;

1837 4539 1994 4594 quem
2027 4521 2263 4592 vulgavit
2287 4519 2543 4574 adversus
2567 4517 2836 4573 Andream
2863 4518 3126 4573 Volanum
3151 4521 3434 4589 Polonum,

1758 4614 2042 4674 DCalvini
2095 4614 2450 4684 discipulum;
2502 4613 2589 4666 ubi
2636 4611 3118 4668 luculentissimum
3173 4613 3434 4684 Magnetis

1836 4711 2199 4768 testimonium
2245 4707 2449 4778 profert
2490 4705 2556 4760 de
2597 4705 2727 4760 reali
2771 4708 3057 4776 prmsentia
3106 4709 3350 4777 corporis
3379 4719 3435 4766 et

1833 4806 2107 4878 sanguinis
2132 4802 2330 4858 Christi
2359 4803 2410 4855 in
2446 4810 2784 4856 sacramento
2805 4799 3164 4857 encharistico
3187 4803 3390 4861 Altaris
3413 4848 3428 4874 ,

1829 4917 1896 4958 ex
1929 4901 2046 4971 ejus
2077 4899 2212 4952 libro
2241 4912 2296 4951 ιιι
2328 4895 2756 4964 Apocriticorum
2786 4895 3152 4966 desumptum.

1903 4995 2070 5063 Quem
2102 4989 2314 5062 quidem
2347 4988 2524 5044 locum
2554 5004 2617 5044 ex
2653 4989 2823 5057 prima
2854 4989 2996 5044 illius
3025 4998 3289 5046 tractatus
3319 4993 3432 5046 edi-

1833 5090 1978 5144 tione
2017 5085 2298 5140 ilorentina
2339 5098 2482 5139 anno
2514 5083 2654 5140 1575
2686 5083 3016 5155 descriptum
3049 5085 3425 5141 exeudendum

1831 5181 2036 5236 curavit
2061 5179 2360 5233 indefessus
2386 5177 2628 5232 Andreas
2653 5177 2970 5234 Gallandius
2999 5181 3049 5233 in
3080 5178 3426 5236 Bibliotheca:

1833 5275 2084 5329 Veterum
2114 5271 2335 5326 Patrum
2381 5279 2527 5326 tomo
2555 5287 2611 5326 ιιι
2635 5313 2648 5335 ,
2681 5288 2710 5324 a
2764 5287 2882 5342 pag.
2915 5270 3232 5336 541—542,
3258 5279 3312 5325 et
3339 5287 3425 5326 rc-

1827 5379 1912 5427 cte
1939 5367 2188 5440 quidem;
2222 5381 2343 5420 nam
2374 5365 2540 5421 editio
2571 5365 2881 5436 parisieusis
2924 5365 3049 5420 anni
3082 5366 3243 5432 {577,
3281 5366 3422 5423 unde

1902 5571 1981 5645 (ι)
2009 5571 2162 5645 Tom.
2198 5586 2244 5634 ι,
2280 5583 2398 5645 pag.
2430 5566 2556 5645 9.7},
2599 5579 2819 5645 operum
2851 5563 2908 5620 S.
2943 5563 3420 5645 D:tinasceni;_I_.e-

1825 5637 1983 5717 qui‘en
2012 5644 2063 5717 i_n
2090 5642 2210 5717 Not.
2238 5641 2462 5717 adopp’.‘
2488 5637 2799 5717 Datnasceni
2819 5677 2834 5695 .
2861 5645 2990 5688 toni.
3023 5637 3376 5717 inpaghg'n.

1921 5717 1977 5783 Ξ)
2011 5713 2243 5773 Fabric.,
2275 5709 2386 5762 Bib.
2421 5707 2611 5783 (ἱιιιινςεἸ
2637 5715 2767 5783 tom.
2800 5720 2851 5771 v,
2875 5720 3002 5783 pag.
3037 5707 3306 5783 (ΜΔ-683Σ

1899 5775 1980 5861 (ὅ)
2007 5785 2218 5848 Bovin.,
2245 5785 2294 5836 in
2324 5789 2434 5834 not.
2464 5777 2528 5862 ad
2550 5775 2838 5859 _Nicepltor.
2867 5775 3180 5847 Gregoram.
3207 5797 3258 5851 p.
3287 5780 3414 5837 794,

1895 5855 2184 5936 (DCrum,
2218 5853 2428 5906 Dissert.
2462 5847 2701 5919 ἡρωίσι,
2735 5846 2763 5918 §
2794 5864 2861 5916 ιι,
2895 5863 3012 5920 pag,
3041 5850 3198 5906 8-“.

1965 5880 1976 5916 θ
2003 5880 2184 5926 hl'llso,
2218 5880 2428 5906 urebar.
2462 5880 2701 5919 ημιοιυιο,
2735 5880 2763 5918 ὃ
2795 5880 2861 5916 η,
2895 5880 3012 5920 μηδ’
3041 5880 3198 5906 ει...
