4030 6288
204 357 307 415 549

1124 351 1214 408 DE
1252 349 1553 409 ABNOBIO
1590 348 1778 408 AFRO
1816 347 2090 407 NOTITIA
2124 346 2511 407 HISTORICA.

3379 348 3483 406 350

200 467 418 539 stupida
445 474 630 524 mente
649 465 832 537 nugati
859 473 1004 530 sunt,
1027 463 1124 521 sed
1164 465 1342 535 potius
1364 479 1493 521 vere
1514 480 1713 536 corpus
1733 474 1788 521 et
1812 466 1866 526 A
1890 466 1978 535 qui
2007 464 2136 520 illud
2163 464 2365 529 vinum,
2396 461 2878 519 immortalitatem‘
2894 466 3294 521 intemeratum
3339 464 3481 523 divi-

201 561 425 631 sanguis
455 558 676 617 Christi.
704 578 725 614 ι
758 558 938 628 Pergit
956 557 1131 614 adhuc
1151 555 1545 627 philosophari:
1577 557 1790 626 «Quan-

203 653 497 725 doquidem
528 667 678 719 vero,
719 669 740 703 ι
772 650 966 721 inquit,
990 664 1184 720 corpus
1211 666 1274 704 ex
1318 660 1459 704 terra
1497 650 1699 715 existit,
1727 665 1789 704 ex

202 755 348 802 terra
365 756 541 801 autem
569 744 722 816 panis
761 752 815 797 et
835 743 1057 807 vinum;
1086 740 1359 813 quomodo
1390 758 1496 796 nim
1527 754 1608 796 esr
1650 740 1789 796 alius

202 853 368 895 ausus
395 838 570 893 dicere
601 853 615 890 :
646 835 777 891 Caro
806 853 917 890 mea
960 850 1073 891 vere
1100 846 1172 889 est
1211 836 1372 899 cibus,
1403 834 1611 905 sanguis
1652 849 1791 888 ruens

200 949 316 988 vere
340 940 412 987 est
432 939 578 1001 potus
601 928 807 1001 (Jonn.,
835 945 910 995 vt,
944 926 1076 999 56)?
1099 926 1322 997 Nempe,
1352 927 1474 997 quia
1503 926 1682 983 nullus
1706 935 1790 981 est

210 1033 424 1080 creator
452 1032 631 1087 terrai,
660 1020 762 1075 nisi
787 1021 873 1075 hic
904 1038 916 1073 :
941 1020 1139 1075 nullius
1164 1028 1248 1075 est
1267 1026 1532 1080 creatura,
1552 1018 1653 1072 nisi
1674 1016 1791 1073 Filii

205 1119 321 1175 Dei.
350 1116 557 1171 Idcirco
585 1114 757 1170 dixit:
793 1114 907 1170 Hoc
934 1124 1005 1169 est
1035 1130 1219 1185 corpus
1241 1129 1408 1168 meum
1431 1130 1451 1169 :
1480 1127 1598 1168 mea
1625 1111 1790 1179 enim,

200 1219 258 1268 et
290 1222 394 1263 non
416 1209 660 1275 alterius,
681 1217 764 1263 est
788 1218 1033 1264 creatura
1060 1216 1237 1263 terras.
1273 1207 1472 1263 Omnes
1499 1205 1643 1262 enim
1671 1215 1790 1275 post

207 1311 409 1358 terram
431 1302 597 1371 geniti
618 1309 763 1366 sunt,
788 1315 982 1370 corpus
998 1318 1026 1353 a
1054 1315 1141 1355 me
1170 1299 1494 1369 accipientes
1515 1316 1530 1365 ;
1551 1312 1650 1369 ego
1669 1312 1795 1352 vero

196 1408 330 1451 ante
370 1404 588 1462 terram,
620 1408 650 1448 a
678 1393 825 1449 nullo
855 1393 991 1448 hanc
1020 1394 1329 1462 accipiens:
1360 1407 1426 1446 ex
1454 1390 1553 1445 hac
1571 1404 1787 1461 corpus,

205 1487 266 1543 id
292 1499 396 1554 est,
427 1503 495 1542 ex
543 1501 663 1542 mea
688 1496 931 1542 creatura
962 1485 1165 1555 accepi.
1196 1499 1413 1539 sumens
1439 1497 1677 1539 carnem.
1710 1480 1792 1536 Ex

204 1597 337 1639 meo
383 1581 542 1654 igitur
586 1596 830 1651 prepono
854 1580 1007 1635 vobis
1045 1579 1334 1634 charisma.
1363 1577 1441 1633 Ex
1473 1587 1614 1633 terra
1644 1575 1794 1632 vobis

196 1676 360 1747 panis
391 1675 461 1730 ad
486 1674 738 1731 alendum
764 1674 1006 1730 exstitit:
1041 1683 1182 1730 terra
1212 1687 1342 1727 vero
1382 1682 1626 1728 creatura
1675 1685 1792 1725 mea

1893 557 2075 611 nitatis
2129 556 2462 626 participanti
2522 557 2762 611 tribuunt
3055 556 3111 611 id
3146 563 3250 622 est,
3282 571 3325 613 ei
3356 571 3478 626 suo,

1893 651 2005 703 sive
2027 664 2096 704 ex
2122 663 2182 704 se
2204 649 2368 719 ipsis;
2395 659 2450 703 et
2475 664 2568 719 per
2593 663 2712 703 eam
2739 648 2805 703 ad
2833 648 3167 703 mansionem
3195 648 3482 720 incorrup-

1892 744 2091 798 tibiiem
2140 743 2403 799 creatoris
2453 742 2735 798 reducunt.
2787 741 2929 797 Caro
2981 742 3125 797 enim
3183 740 3487 799 Salvatoris‘

1894 834 2209 890 manducata
2232 849 2337 891 non
2358 835 2719 904 corrumpitur
2743 834 2819 906 (t)
2842 848 2941 889 nec
2967 832 3185 903 sanguis
3216 832 3300 888 hic
3329 841 3482 903 pota-

1898 938 1985 984 tus
2011 929 2348 985 consumitur
2376 948 2389 984 :
2414 930 2542 1000 quin
2584 928 2758 999 potius
2784 928 2874 997 qui
2917 926 3062 995 edit,
3092 926 3159 983 ad
3187 927 3485 983 incremen-

1900 1031 2009 1077 tum
2061 1021 2250 1075 virium
2304 1022 2488 1085 venit;
2529 1020 2618 1090 qui
2671 1034 2800 1075 vero
2843 1018 3039 1083 editur,
3094 1018 3335 1074 consumi
3373 1033 3481 1074 non

1898 1122 2110 1185 potest:
2142 1116 2265 1185 quia
2303 1116 2481 1170 omnis
2520 1112 2862 1184 consumptio
2890 1110 3100 1169 ratione
3124 1112 3355 1184 quadam
3382 1126 3479 1169 na-

1895 1217 2026 1263 tura:
2053 1218 2273 1279 cognata
2294 1219 2396 1264 est.
2433 1227 2452 1260 l

1970 1302 2087 1357 Hoc
2126 1302 2303 1372 ipsum
2333 1301 2688 1372 fragmentum
2739 1302 3040 1358 indefessus
3063 1310 3118 1357 et
3141 1300 3484 1356 doctissimus

1893 1396 1955 1450 ι).
1988 1395 2146 1450 Pater
2177 1394 2485 1451 Dominicus
2520 1394 2885 1450 Schrammins
2916 1396 2968 1449 in
2998 1405 3143 1450 tumo
3185 1410 3237 1450 Vt
3278 1393 3482 1464 Analy-

1896 1490 1970 1545 sis
2003 1502 2229 1560 operum
2273 1489 2371 1545 SS.
2429 1500 2640 1555 patrum
2684 1500 2739 1546 et
2788 1491 3109 1561 scripturum
3153 1488 3484 1546 ecclesiasti-

1896 1598 2081 1639 corum
2107 1585 2246 1656 typis
2273 1584 2601 1655 Augustanis
2633 1585 2794 1647 178‘,
2818 1601 2848 1640 a
2876 1600 2997 1656 pag.
3022 1584 3292 1651 b18490,
3320 1585 3482 1639 reim-

1898 1676 2056 1747 primi
2089 1676 2331 1742 curavit,
2374 1677 2593 1732 omissis
2632 1686 2808 1732 tamen
2839 1677 3208 1732 Gallaudianis
3250 1676 3393 1730 notis
3416 1690 3484 1731 ex

193 1779 288 1827 est
328 1786 342 1823 :
370 1785 439 1825 ex
464 1779 604 1825 terra
633 1767 879 1824 similiter
928 1768 1132 1823 exstitit
1176 1780 1394 1836 corptIS.
1444 1774 1499 1819 et
1528 1764 1642 1818 lmc
1673 1776 1792 1817 mea
1822 1785 1872 1847 Β
1900 1770 2122 1837 Allatio,
2150 1770 2408 1826 Zacharia
2454 1769 2698 1827 Cretensi
2727 1778 2782 1826 et
2818 1770 3110 1842 Lequienio
3131 1770 3482 1842 depromptis.

192 1875 402 1919 massa.
458 1862 538 1917 Ex
568 1862 765 1917 unione
815 1859 1000 1930 igitur,
1046 1873 1151 1928 qua
1183 1858 1364 1912 unitus
1407 1871 1548 1918 sum,
1579 1863 1794 1909 sanctus

193 1968 324 2010 cum
358 1961 598 2022 terreno,
620 1952 691 2008 do
714 1966 904 2023 panem
932 1960 989 2006 et
1014 1950 1224 2017 vinum,
1239 1947 1434 2018 iubens
1453 1960 1575 2003 esse
1600 1959 1794 2014 corpus

207 2062 395 2102 meum
426 2055 481 2102 et
517 2045 852 2115 sanguinem.
890 2062 911 2097 ι

272 2138 360 2196 lll.
392 2136 637 2193 «Etenim
650 2139 695 2191 si
713 2136 1004 2203 Abraham,
1020 2144 1114 2190 aut
1130 2134 1269 2189 alius
1280 2133 1542 2205 quispiam
1560 2129 1794 2202 oxjustis

193 2245 267 2286 ac
307 2232 509 2287 sanctis
546 2231 811 2286 dixisset:
845 2228 978 2285 Caro
1008 2244 1119 2282 mea
1182 2236 1255 2282 est
1307 2224 1466 2292 cibus,
1511 2236 1559 2280 et
1584 2224 1793 2295 sanguis

190 2341 342 2379 meus
372 2333 544 2395 potus,
569 2322 723 2377 valde
752 2322 970 2378 mentiri
1008 2333 1174 2377 ausus
1202 2327 1371 2385 esset,
1399 2329 1491 2373 aut
1534 2317 1582 2372 si
1623 2317 1790 2372 dixis-

192 2428 308 2486 set,
335 2420 431 2473 hoc
456 2428 526 2472 est
550 2433 737 2486 corpus
783 2432 973 2481 meum,
1015 2416 1097 2471 hic
1126 2424 1201 2469 est
1225 2414 1433 2485 sanguis
1463 2427 1605 2467 meus
1634 2426 1653 2465 :
1685 2425 1792 2465 non

193 2514 347 2568 enim
381 2510 483 2564 hoc
505 2509 695 2581 ipsius,
719 2508 816 2563 sed
846 2508 1066 2563 alterius
1089 2518 1237 2569 esset
1262 2507 1586 2581 substantia,
1619 2517 1793 2574 neque

194 2602 520 2659 manducata
549 2602 713 2655 vitam
741 2598 1188 2654 manducantibus
1211 2598 1496 2670 prmberet.
1515 2595 1790 2668 Siquidem

195 2695 348 2767 quod
373 2709 479 2750 non
510 2694 671 2749 habet
696 2693 920 2748 verbum
945 2693 1138 2748 vivens
1156 2694 1361 2748 unitum
1390 2707 1512 2748 cum
1543 2705 1792 2761 corpore,

194 2788 344 2862 quod
375 2788 474 2842 fuit
505 2797 805 2852 terrenum,
843 2786 910 2841 ad
937 2796 1197 2841 aeternam
1227 2788 1389 2840 vitam
1438 2783 1661 2840 edentes
1689 2797 1794 2836 non

194 2882 516 2938 adduceret.
545 2879 790 2935 Christus
818 2893 948 2948 ergo
974 2878 1246 2948 proprium
1276 2891 1473 2946 corpus
1502 2884 1557 2931 et
1583 2872 1801 2945 sangui-

201 2990 330 3032 nem
367 2973 516 3029 dedit
557 2971 927 3038 credentibus,
956 2971 1201 3027 immisso
1225 2970 1306 3025 eis
1329 2969 1476 3024 vitali
1511 2969 1799 3038 pharmace

1898 1861 2167 1918 Caeterum
2196 1864 2491 1930 optandum
2536 1874 2700 1927 esset,
2733 1874 2791 1917 ut
2819 1864 3083 1935 integrum
3129 1863 3345 1919 Macarii
3378 1863 3486 1918 Ma-

1897 1956 2072 2026 gnetis
2103 1956 2509 2026 Apocriticorum
2528 1971 2662 2028 opus
2691 1955 2886 2027 publici
2911 1954 3200 2027 aliquando
3221 1955 3360 2026 juris
3386 1956 3484 2010 lie-

1899 2058 2015 2117 ret;
2048 2048 2374 2118 sperandum
2402 2049 2598 2118 quippe
2626 2058 2790 2114 esset,
2819 2064 2886 2105 ex
2928 2048 3209 2119 scriptoris
3232 2046 3486 2102 vetustis-

1898 2140 2020 2197 simi
2062 2139 2400 2196 doeumentis
2449 2140 2572 2196 tidei
2611 2139 2927 2196 orthodoxa:
2974 2149 3134 2211 atque
3181 2138 3485 2210 disciplina

1898 2233 2278 2289 ecclesiasticae
2350 2232 2525 2288 lucem
2579 2249 2827 2304 magnam
2900 2233 3015 2289 fore
3062 2230 3481 2289 adfundendam.

1900 2325 2095 2397 Elapso
2127 2326 2379 2397 equidem
2402 2328 2605 2383 saeculo
2650 2329 2719 2385 cl.
2745 2327 3060 2383 Albertinus
3112 2335 3169 2383 et
3219 2324 3323 2382 hoc
3348 2340 3485 2397 opus

1896 2411 2189 2486 vellicavit,
2223 2420 2499 2491 ipsiusque
2544 2421 2780 2476 auctoris
2830 2430 3044 2476 aetatem
3100 2428 3154 2476 et
3201 2419 3485 2475 veritatem

1895 2514 2163 2571 iuliciatus
2193 2523 2276 2569 est
2301 2513 2383 2588 (Ξ)
2414 2515 2498 2571 bis
2522 2515 2703 2570 verbis
2728 2534 2742 2570 :
2784 2533 2802 2567 ε
2844 2513 3051 2578 Verum,
3076 2512 3269 2582 inquit,
3297 2511 3364 2567 ad
3391 2525 3489 2582 po-

1895 2608 2081 2679 pulum
2101 2607 2369 2679 pbaleras.
2388 2610 2521 2677 Quis
2546 2609 2691 2664 enim
2717 2618 2980 2675 veterum,
3011 2609 3174 2663 immo
3193 2607 3353 2663 etiam
3382 2620 3471 2661 re-

1902 2702 2199 2759 centiorum
2225 2718 2319 2772 per
2344 2718 2538 2759 novem
2568 2711 2663 2759 aut
2686 2703 2875 2758 decem
2897 2704 3089 2759 saecula
3114 2701 3371 2773 Magnetis
3393 2699 3491 2755 hu-

1895 2794 2006 2865 jus,
2037 2796 2117 2851 vel
2164 2797 2339 2867 quoad
2380 2813 2577 2855 nomen
2624 2807 2827 2853 tantum
2872 2797 3213 2853 meminerit?
3244 2794 3489 2851 Fictitius

1902 2902 2127 2956 prorsus
2154 2898 2343 2945 auctor
2370 2902 2471 2958 est,
2505 2901 2599 2947 aut
2641 2892 2836 2946 saltem
2876 2905 3049 2945 novus
3086 2889 3281 2960 aliquis
3304 2902 3367 2944 ac
3391 2902 3490 2942 nu-

1902 2996 2068 3052 perus
2093 2981 2393 3049 Graeculus,
2422 2982 2576 3052 cujus
2615 2983 2940 3052 scriptorunt
2980 2980 3247 3036 certitudo
3278 2988 3385 3034 tota
3408 2988 3492 3033 est

193 3069 513 3127 diViDilaliS-
548 3065 753 3123 Deinde
806 3066 1080 3160 εξιιηυιιείι
1101 3062 1331 3160 ῑ-’Ἃρτον
1355 3070 1477 3160 γοῦν
1520 3063 1675 3160 live”
1711 3066 1801 3160 “ni”
1828 3094 1875 3160 ρ
1908 3088 2077 3145 penes
2096 3072 2417 3129 Turrianum
2440 3074 2617 3145 exigui
2637 3073 2823 3143 judicii
2854 3073 3049 3138 virum,
3078 3071 3311 3142 ﬁdeique
3340 3070 3493 3125 valde

194 3168 372 3241 σάρκα
400 3168 487 3220 καὶ
514 3160 641 3219 οἶνον
689 3163 747 3216 τὸ
796 3157 943 3233 αἷμα,
996 3157 1293 3214 ἐπαίδευσεν
1338 3159 1473 3228 ἡμᾶς
1512 3153 1722 3227 senem;
1751 3153 1804 3205 ἐκ

193 3267 291 3328 γῆς
317 3251 445 3312 εἶναι
472 3257 531 3310 τὸ
556 3262 729 3324 σῶμα..
763 3251 820 3307 Id
852 3261 935 3307 est
968 3270 982 3304 :
1014 3265 1137 3305 cum
1179 3249 1337 3318 igitur
1362 3264 1503 3312 eam,
1532 3264 1648 3317 qua:
1674 3260 1803 3301 caro

195 3359 306 3415 est,
333 3356 493 3402 vocat
513 3362 731 3417 panem,
752 3353 805 3399 et
826 3359 971 3407 eum,
996 3343 1085 3413 qui
1115 3342 1357 3412 sanguis,
1385 3349 1543 3395 vocat
1567 3341 1749 3395 vinum
1782 3356 1797 3404 ;

200 3440 389 3496 docuit
414 3454 514 3496 nos
543 3437 933 3493 convenienter
959 3433 1176 3498 rationi,
1196 3448 1259 3488 ex
1284 3442 1428 3487 terra
1453 3447 1576 3488 esse
1601 3446 1798 3501 corpus

193 3532 448 3587 similiter
471 3541 525 3585 et
553 3545 770 3599 panem,
807 3536 861 3584 et
892 3527 1048 3583 unius
1090 3525 1307 3597 generis
1356 3524 1710 3581 substantiam
1737 3524 1794 3580 in

201 3638 434 3692 corpore
463 3631 517 3676 et
542 3637 703 3692 pane.

268 3716 360 3773 ιν.
386 3734 406 3769 t
437 3713 702 3771 Caeterum
747 3714 902 3785 panis
925 3712 1227 3769 communis
1263 3727 1331 3767 ex
1361 3720 1524 3767 terrae
1570 3711 1786 3768 cultura

195 3809 531 3873 elaboratus,
548 3808 651 3863 etsi
678 3822 804 3861 caro
835 3806 1077 3877 quredam
1110 3816 1266 3860 terrae
1292 3814 1394 3871 est,
1426 3814 1602 3859 tamen
1628 3805 1789 3859 vitam

197 3912 464 3957 aeternam
494 3900 737 3971 praebere
772 3915 877 3953 non
904 3899 1181 3969 promittit,
1207 3896 1301 3952 sed
1342 3897 1507 3952 breve
1544 3897 1790 3951 solatium

197 3993 576 4067 praebentibus
600 3991 806 4052 tribuit.
830 3992 938 4045 cito
962 4006 1028 4045 eo
1058 3988 1295 4044 extincto
1322 3989 1440 4043 sine
1467 3988 1648 4044 divino
1677 3986 1790 4057 spi-

197 4086 339 4143 ritu.
382 4084 543 4139 Panis
572 4098 710 4139 vero
741 4084 793 4137 in
830 4084 982 4138 beata
1010 4080 1212 4137 Christi
1263 4089 1403 4135 terra
1432 4080 1625 4135 virtute
1654 4080 1791 4134 divi-

199 4179 392 4236 nitatis
438 4178 601 4234 unitas
642 4177 941 4241 confectus,
972 4176 1088 4232 solo
1130 4184 1289 4245 gustu
1336 4174 1790 4229 immortalitatem

202 4272 410 4328 homini
441 4271 615 4325 atiert.
645 4268 900 4341 Mysticus
926 4268 1071 4323 enim
1121 4265 1273 4337 panis
1302 4280 1425 4321 cum
1458 4265 1789 4321 benedictio-

197 4382 329 4423 nem
356 4365 521 4434 patris
545 4364 740 4419 habeat
783 4361 1216 4431 inseparabilem,
1248 4361 1393 4416 illam
1420 4360 1561 4427 dico,
1588 4378 1707 4431 quae
1739 4362 1789 4415 in

202 4472 438 4527 corpore
468 4465 524 4511 et
542 4456 809 4527 sanguine
838 4454 960 4525 ejus
985 4452 1121 4508 facta
1145 4462 1248 4518 est,
1277 4453 1391 4507 unit
1419 4452 1790 4508 comedentem

203 4564 406 4621 corpus
432 4548 653 4615 Christi,
696 4563 928 4618 eumque
967 4546 1206 4602 membra
1244 4544 1440 4602 Christi
1494 4544 1676 4601 efﬁcit.
1731 4545 1799 4602 Ut

200 4645 350 4704 enim
376 4644 565 4699 charta
592 4644 724 4710 vim,
752 4657 910 4713 quam
943 4656 1037 4711 per
1064 4641 1270 4695 litteras
1297 4640 1536 4711 magistri
1567 4640 1797 4710 accepit,

203 4735 472 4807 discipulo
493 4734 681 4801 tradit,
702 4743 756 4789 et
779 4749 873 4805 per
892 4748 1010 4788 eam
1030 4748 1151 4787 cum
1180 4734 1437 4804 magistro
1466 4734 1612 4788 illum
1637 4734 1752 4789 unit
1782 4750 1795 4786 :

203 4831 282 4887 sic
309 4845 505 4902 corpus
550 4828 697 4900 quod
725 4827 816 4884 ille
859 4826 1011 4899 panis
1045 4826 1302 4897 mysticus
1343 4836 1445 4895 est,
1476 4836 1531 4883 et
1558 4829 1796 4900 sanguis,

1908 3178 2192 3239 suspectae.
2221 3167 2289 3223 Et
2332 3167 2531 3223 audent
2577 3167 2868 3223 adversarii
2911 3166 3114 3235 absque
3168 3162 3491 3219 verecundia

1906 3258 2168 3329 ejusmodi
2194 3260 2508 3330 quisquilias
2531 3274 2629 3331 pro
2652 3270 2894 3315 veterum
2919 3257 3283 3313 monumentis
3307 3257 3358 3311 in
3378 3270 3494 3311 me-

1901 3351 2050 3407 dium
2097 3351 2383 3408 adducere.
2416 3352 2557 3408 Proh
2610 3352 2702 3408 Dei
2749 3364 2912 3422 atque
2940 3352 3212 3406 hominum
3245 3350 3425 3406 ﬁdem.
3467 3370 3486 3402 ι

1901 3444 2102 3499 Verum
2132 3461 2291 3516 quam
2331 3445 2678 3501 temerarium
2718 3443 2880 3501 fuerit
2906 3443 3172 3498 Albertini
3206 3444 3307 3497 hac
3333 3443 3400 3497 de
3428 3458 3491 3496 re

1894 3537 2181 3608 judicium,
2214 3549 2269 3595 et
2302 3540 2594 3612 perdoctus
2634 3538 2842 3594 Caveus
2864 3537 3138 3603 observat,
3170 3544 3227 3593 et
3265 3552 3331 3593 ex
3358 3535 3492 3592 huc-

1896 3646 2065 3702 usque
2091 3631 2248 3688 dictis
2270 3631 2481 3688 abunde
2498 3640 2705 3688 constat
2737 3629 2837 3703 (ὅ).

1968 3830 2046 3905 (Ι)
2066 3830 2198 3887 Caro
2216 3834 2347 3886 enim
2364 3832 2624 3889 Saluatori
2637 3834 2991 3888 smanducata.
3009 3832 3193 3905 Grauia
3211 3832 3369 3905 hujus
3391 3834 3492 3891 loci

1896 3902 2122 3974 exhibet,
2148 3905 2370 3959 Allatius
2426 3907 2475 3959 iii
2522 3905 2744 3960 Emeruit.
2776 3915 2951 3960 contra
3004 3902 3405 3974 Crcyglhorium.
3435 3924 3488 3973 ι).

2039 3973 2183 4054 ρ’ῧτε
2211 3978 2341 4054 σάρξ
2364 3984 2453 4054 eo?
2482 3988 2708 4054 Σωτῆρος
2734 3980 3023 4054 τρωγρμένη
3064 3973 3347 4054 φθέίρεται,
3378 3976 3494 4054 οὔτε

1898 4046 2261 4136 ἐξὲγαῇσκεται
2282 4046 2348 4136 ’ῖὸ
2391 4046 2516 4136 erigat:
2543 4046 2803 4121 πιπᾶὁμενόν
2820 4046 2969 4136 {sibi
3001 4047 3027 4102 ὁ
3053 4046 3261 4124 {prin/on
3290 4053 3381 4136 μὲν
3425 4053 3498 4112 εἰς

1898 4115 2109 4195 quiartqu
2137 4123 2280 4195 Osismi
2302 4115 2562 4195 augeam
2591 4115 2813 4195 αἶρεται·
2844 4120 2904 4175 τὸ
2929 4119 2983 4175 δέ
3013 4115 3332 4194 τρὼγᾶμενόν
3359 4123 3497 4176 ἐστιν

1896 4187 2230 4266 dedat-irritaturos.
2263 4187 2440 4251 ἐπειδῆ
2475 4200 2580 4252 τοῖς·
2624 4187 2948 4266 dammas-ou
2988 4187 3194 4263 φῦσεώέ
3230 4192 3362 4266 λόγῳ
3384 4196 3498 4266 Ᾱτινὶ

1898 4264 2137 4345 deﬂevi;
2150 4263 2391 4385 131:1pr:?
2404 4266 2813 4341 ηὶαχὼριστον.
2846 4282 2864 4314 t
2880 4265 3059 4330 Neque
3078 4279 3204 4319 veru
3235 4262 3360 4317 cari)
3379 4262 3500 4318 Sal-

1902 4343 2102 4385 vatoris
2152 4349 2290 4385 mam
2319 4344 2468 4385 ttcala
2515 4340 2897 4385 currtntttiilttr.
2926 4349 3099 4385 tieuue
3129 4337 3346 4385 sanabis
3402 4349 3495 4385 no-

1902 4335 2102 4386 vatoris
2152 4335 2468 4387 manducata
2515 4335 2897 4405 cui-rumpitur,
2926 4349 3099 4403 neque
3129 4337 3346 4405 sanguis
3402 4349 3495 4405 po-

1815 4408 1870 4468 D
1897 4409 2034 4475 tatus
2063 4406 2396 4458 consumitur
2426 4421 2437 4457 :
2470 4406 2561 4459 sed
2587 4406 2675 4475 qui
2704 4406 2831 4468 edit,
2857 4404 3051 4458 divinis
3082 4404 3368 4459 virtutibus
3397 4420 3492 4456 an-

1896 4474 2101 4543 gescit;
2129 4476 2271 4546 quod
2304 4491 2431 4529 vero
2462 4474 2659 4542 editur,
2690 4476 2935 4530 consumi
2965 4491 3071 4528 nnn
3102 4486 3278 4545 puteSl
3305 4492 3318 4528 :
3352 4489 3491 4544 quo-

1900 4546 2047 4599 niam
2093 4545 2168 4601 rci
2199 4547 2598 4615 cunsntnptibilt
2649 4546 2853 4601 nattirze
2903 4557 3195 4615 cognatum
3222 4545 3489 4615 quodam-

1898 4617 2059 4689 mndn
2088 4630 2193 4684 est,
2225 4614 2445 4689 minime
2472 4618 2540 4670 ab
2561 4633 2622 4672 ea
2652 4614 2987 4689 separabilc.
3014 4636 3033 4689 ρ
3064 4614 3264 4689 Eadem
3293 4631 3360 4670 ex
3388 4615 3488 4670 Al-

1902 4688 2030 4741 latiu
2055 4690 2250 4756 repetit
2270 4686 2615 4756 Lequieuins,
2650 4686 2752 4742 Ιοιῖ.
2779 4698 2850 4742 ett
2881 4729 2895 4755 ,
2925 4703 2976 4757 p.
3006 4687 3134 4742 273.

1972 4758 2344 4829 (‘2)Albertin3
2374 4759 2437 4813 de
2454 4759 2690 4813 Sacram.
2712 4756 3037 4826 Eucharist.,
3065 4759 3156 4815 lih.
3188 4772 3246 4824 tt,
3279 4771 3334 4829 ι).
3355 4756 3485 4814 400.

1973 4827 2054 4902 (5⁷)
2081 4828 2242 4899 Cave,
2270 4827 2410 4885 Hist.
2440 4830 2620 4898 litter.,
2650 4839 2687 4884 t.
2720 4846 2760 4899 ι,
2792 4830 2916 4888 155.

263 4999 2879 5054 ΞΞηΜη-ηὲ-ῇῇ
2945 5001 2989 5054 ,ε
3057 5003 3118 5054 iii
3192 5002 3346 5012 -.-

1003 5147 1245 5272 DE
1315 5137 2135 5275 ARNOBIO
2194 5144 2693 5275 ΑΙΓΒο

879 5369 1676 5541 norma
1768 5369 2768 5487 EISTORIGL

1684 5566 2033 5627 SYNOPSIS.
2672 5602 2683 5613 .

280 5710 323 5766 Ι.
363 5708 612 5764 Arnobius
642 5706 808 5764 Sicca:
835 5706 889 5761 in
924 5706 1100 5777 Africa
1125 5708 1297 5761 rhetor
1322 5707 1494 5762 clarus
1540 5705 1632 5761 sub
1664 5704 1800 5761 Dio-

212 5803 447 5858 cletiano.
491 5799 727 5854 Ethnicaz
770 5799 1112 5867 superstitioni
1155 5798 1394 5855 addictus
1418 5840 1433 5868 ,
1465 5800 1709 5856 divinitus
1737 5800 1806 5855 ad

214 5893 543 5950 christianum
572 5892 867 5963 religionem
892 5899 1117 5946 vocatur.

1980 5705 2045 5762 ll.
2088 5705 2251 5763 Locus
2278 5703 2690 5777 hieronyntianus
2719 5702 2782 5757 de
2806 5701 3033 5759 Aruobio
3059 5704 3385 5775 «rependitur.

1989 5884 2082 5942 ιιι.
2131 5884 2245 5952 Quo
2268 5893 2491 5954 tempore
2518 5880 2673 5938 libros
2711 5894 2786 5937 vn
2811 5880 3053 5939 adversus
3076 5890 3246 5954 gentes
3281 5886 3507 5942 senectia
