4030 6298
545 339 641 393 551

1845 335 1933 392 DE
1971 333 2276 393 ARNOBIO
2313 336 2501 394 AFRO

3747 335 3852 393 552

547 453 727 526 pserit,
775 454 1066 526 inquiritur.
1102 452 1170 507 ld
1208 467 1326 507 vero
1373 453 1644 524 contigisse
1685 469 1818 508 anno
1849 469 1999 509 ecetv
2047 465 2135 508 aut
2164 458 2210 514 Α
2238 454 2572 514 (‘cnstantini
2603 455 2919 524 vicennalia,
2953 457 3066 528 ipse
3098 456 3456 530 Hieronymus
3499 456 3690 512 statim
3716 456 3847 511 sub-

545 549 852 620 insequente,
885 563 948 601 ea:
969 547 1079 617 ipso
1103 557 1310 601 auclore
1336 546 1636 602 ostenditur.

615 642 704 697 IV.
749 643 931 712 Operis
959 642 1228 696 arnobiani
1269 644 1486 714 pretium
1527 645 1814 715 exponitur.
1857 643 2028 698 Multo
2055 644 2136 699 lu-

544 735 790 791 culentius
832 736 1087 790 ethnicam
1127 737 1534 805 superstitionem
1576 737 1936 807 impugnasse,
1981 753 2136 809 quam

542 830 874 884 christianum
899 829 1157 882 veritatem
1186 827 1418 882 docuisse
1445 837 1622 882 auctor
1648 829 1990 884 existimatur.

613 921 677 977 ν.
742 919 820 976 De
863 922 1133 992 praecipuis
1181 921 1347 991 aperis
1404 921 1728 976 editionibus.
1800 919 2134 975 Prtestantior

537 1015 1041 1089 Lugduno-Batava,
1089 1031 1202 1087 quae
1247 1025 1414 1070 tamen
1454 1016 1610 1070 navis
1657 1014 1949 1086 urendisque
1995 1013 2132 1068 haud

537 1120 694 1166 caret.
726 1109 862 1178 Quid
883 1125 1051 1180 operte
1077 1109 1131 1164 in
1154 1118 1382 1164 nostram
1412 1107 1768 1163 adornandum
1793 1108 2056 1164 collatum.

608 1295 650 1352 l.
681 1294 943 1352 Discimus
969 1295 1035 1350 ab
1061 1293 1391 1367 Hieronymo
1410 1292 1674 1366 (Hierom,
1699 1296 1764 1348 de
1791 1291 1900 1348 Vir.
1917 1290 2130 1356 illustr.,

537 1406 656 1460 cap.
687 1390 900 1461 LXXIX),
937 1389 1231 1444 Arnobium
1279 1388 1464 1449 Siccae,
1501 1403 1620 1459 quac
1645 1386 1840 1442 Africae
1878 1385 2134 1442 mediter-

535 1498 715 1539 ranea:
744 1483 870 1537 urbs
897 1489 1046 1545 erat,
1076 1480 1176 1535 sub
1205 1479 1538 1535 Diocletiano
1579 1480 1818 1550 principe
1859 1477 2132 1534 ﬂorentis-

537 1577 673 1630 sime
700 1575 1019 1630 rhetoricam
1045 1573 1296 1630 docuisse
1325 1593 1339 1629 :
1365 1589 1472 1646 quo
1500 1573 1714 1645 quidem
1744 1582 1987 1644 tempore
2018 1574 2134 1629 ido-

539 1669 711 1725 lorum
741 1667 906 1724 cultui
938 1682 996 1723 se
1027 1667 1190 1724 luisse
1219 1666 1491 1722 addictum
1521 1668 1750 1738 ipsemet
1774 1667 2021 1736 deplorat
2051 1667 2133 1725 his

538 1762 755 1818 verbis:
790 1781 808 1813 ι
849 1760 1177 1828 Venerabar,
1210 1775 1244 1816 0
1271 1762 1507 1822 caecitas.
1539 1775 1713 1830 nuper
1748 1759 2129 1817 simulacra....

538 1853 692 1909 Nunc
717 1853 940 1910 doctore
979 1861 1128 1908 tanto
1154 1852 1443 1924 (Christo)
1475 1853 1528 1908 in
1561 1853 1674 1908 vias
1703 1851 1944 1908 veritatis
1974 1851 2134 1908 indu-
2167 1851 2194 1869 “

539 1957 680 2009 ctus.
712 1946 891 2001 omnia
916 1946 1017 2000 ista
1052 1962 1170 2015 qua:
1200 1947 1328 2009 sint.
1357 1946 1470 2002 scio
1495 1964 1509 2001 :
1531 1946 1688 2018 digna
1715 1946 1782 2002 de
1807 1946 1982 2017 dignis
2011 1962 2136 2004 sen-

541 2041 619 2096 tio
651 2038 889 2113 (Arnob.,
917 2041 1034 2094 adv.
1064 2039 1239 2107 Gent.,
1273 2040 1362 2095 lib.
1391 2057 1440 2108 ι,
1468 2057 1586 2112 cap.
1620 2042 1734 2113 15).
1778 2061 1797 2094 ι
1855 2041 2136 2112 Quomodo

508 2186 512 2190 .
543 2144 725 2190 autem
754 2134 1011 2191 acciderit
1041 2143 1095 2189 ut
1119 2133 1481 2190 Christianam
1510 2134 1822 2204 religionem
1853 2137 2138 2204 amplecte-

545 2236 713 2295 retur,
746 2227 883 2283 idem
924 2226 1282 2298 Hieronymus
1318 2227 1441 2282 alibi
1473 2228 1551 2283 sic
1581 2227 1741 2283 tradit
1767 2245 1780 2282 :
1811 2245 1830 2279 ι
1868 2230 2137 2284 Arnobius

544 2321 732 2378 rhetor
759 2321 938 2377 clarus
964 2321 1018 2377 in
1061 2321 1309 2378 Africa...
1333 2365 1348 2389 ,
1389 2338 1510 2378 cum
1551 2324 1602 2378 in
1630 2325 1847 2380 civitate
1876 2324 2044 2381 Siccae
2069 2327 2136 2382 ad

546 2412 959 2470 declamandum
987 2415 1212 2486 juvenes
1241 2415 1500 2483 erudiret,
1525 2426 1579 2472 et
1597 2415 1773 2472 adhuc
1801 2419 2045 2476 ethnicus
2071 2421 2138 2476 ad

545 2508 918 2565 credulitatem
966 2510 1191 2567 somniis
1232 2511 1670 2578 eompeIIeretur.
1704 2528 1878 2582 neque
1923 2514 1992 2569 ab
2019 2517 2138 2587 epi-

549 2616 713 2673 scopo
747 2602 1062 2672 impetraret
1093 2602 1251 2658 ﬁdem
1279 2619 1439 2674 quam
1469 2619 1684 2674 semper
1709 2606 2135 2678 impugnaverat,

549 2697 884 2754 elucubravit
927 2697 1187 2754 adversus
1228 2700 1507 2770 pristinam
1547 2701 1863 2771 religionem
1897 2702 2138 2758 luculen-

550 2791 786 2846 tissimos
816 2791 1014 2859 libros;
1041 2801 1094 2848 et
1117 2792 1330 2848 tandem
1352 2794 1499 2849 velut
1522 2795 1839 2865 quibusdam
1866 2797 2141 2853 obsidibus

551 2883 768 2954 pietatis
797 2883 972 2940 foedus
999 2884 1301 2954 impetravit
1331 2885 1598 2958 (Hieron.,
1630 2888 1682 2942 in
1713 2888 1901 2944 Chron.
1924 2891 1993 2943 ad
2017 2906 2142 2946 ann.

553 2989 874 3038 uncccxtu,
908 2993 1026 3048 pag.
1063 2977 1212 3049 l8l).
1245 2977 1419 3034 Tanto
1467 2980 1624 3050 igitur
1663 2980 1866 3038 lumine
1913 2982 2145 3040 donatus

554 3067 648 3124 fuit
676 3068 962 3132 Arnobius,
993 3071 1116 3140 quin
1137 3079 1191 3126 et
1211 3071 1433 3127 somniis
1452 3073 1707 3129 divinitus
1729 3076 1984 3131 immissis
2009 3077 2146 3133 adeo

2240 550 2352 603 dit:
2383 567 2403 601 ι
2445 549 2557 604 lluc
2586 564 2752 621 usque
2799 551 3076 606 historiam
3120 550 3306 607 scribit
3339 549 3613 607 Eusebius
3635 592 3651 617 ,
3686 549 3847 605 Pam.

2241 643 2367 712 phili
2409 645 2659 716 martyris
2717 645 3149 710 contubernalis,
3183 645 3267 699 cui
3318 659 3416 700 nos
3459 644 3565 699 ista
3603 643 3847 714 subjeci—

2239 751 2378 790 mus.
2410 756 2428 789 ι
2451 737 2584 791 'l‘um
2608 739 2980 794 continenter:
3001 726 3275 806 Arnobius,
3302 738 3493 808 inquit.
3516 738 3718 802 rhetor,
3742 749 3847 793 etc.

2239 829 2316 884 Ne
2335 831 2494 900 igitur
2520 831 2731 886 Eusebii
2760 832 2994 887 narratio
3015 834 3446 904 abrumperetur,
3472 833 3844 902 Hieronymus

2238 923 2399 978 verba
2428 923 2497 978 de
2523 922 2780 990 Arnobio,
2813 925 2966 994 cujus
2993 925 3135 980 nulla
3158 925 3358 980 mentio
3383 925 3523 996 apud
3558 923 3713 979 illum
3735 925 3851 994 epi-

2237 1031 2457 1087 scopum
2482 1017 2880 1080 caesariensem.
2911 1019 3280 1088 superioribus
3309 1019 3633 1074 Eusebianis
3666 1017 3846 1074 διιπε-

2234 1110 2368 1164 cerit
2410 1129 2422 1164 :
2463 1124 2583 1164 cum
2627 1110 2738 1180 jam
2789 1118 2967 1180 postea
3017 1126 3169 1166 suam
3209 1110 3277 1165 de
3328 1109 3519 1165 eodem
3562 1110 3847 1179 scriptore

2239 1203 2555 1258 sententiam
2589 1205 2638 1258 in
2668 1205 2885 1276 proprio
2910 1206 2972 1258 de
3006 1203 3138 1259 Viris
3165 1203 3448 1259 illustribus
3469 1217 3640 1274 Opere
3665 1202 3841 1258 mani-

2241 1295 2433 1352 festam
2464 1296 2711 1353 ediderit.

2310 1389 2396 1444 lll.
2437 1389 2552 1444 lam
2586 1405 2712 1446 vero
2762 1391 2978 1460 prOpius
3014 1389 3428 1461 inspiciendum,
3470 1403 3580 1460 quo
3623 1389 3852 1445 demum

2239 1490 2485 1552 tempore
2516 1483 2780 1538 Arnobius
2811 1483 2975 1538 libros
3001 1498 3072 1537 vn
3101 1482 3357 1538 adversus
3385 1491 3572 1552 gentes
3602 1481 3857 1537 conscri-

2239 1576 2422 1646 pserit.
2457 1576 2510 1630 In
2541 1577 2659 1646 ejus
2695 1577 2871 1646 itaque
2911 1590 3076 1646 opere
3103 1586 3211 1631 tres
3261 1575 3564 1630 notationes
3607 1587 3847 1642 compa-

2238 1677 2374 1730 rent,
2397 1683 2621 1738 quarum
2642 1667 2762 1722 dua:
2781 1667 3190 1739 chronologica',
3215 1665 3367 1722 tertia
3389 1680 3517 1721 vero
3540 1666 3806 1720 historica
3835 1681 3850 1727 ;

2237 1777 2304 1818 ex
2333 1762 2526 1833 quibus
2546 1761 2688 1832 quod
2709 1762 3018 1833 quaerimus,
3047 1760 3255 1816 deﬁniri
3276 1802 3292 1826 ,
3322 1768 3611 1830 utcumque
3633 1758 3842 1812 valeat.

2242 1855 2307 1909 Et
2357 1854 2586 1925 primum
2611 1853 2827 1925 quidem
2868 1853 2946 1909 sic
2991 1853 3229 1924 loquitur
3268 1861 3497 1908 auctor:
3533 1870 3552 1903 ι
3586 1851 3849 1906 Trecenti

2241 1960 2365 2006 sunt
2389 1950 2514 2004 anni
2540 1948 2729 2016 ferme,
2762 1948 2938 2003 minus
2965 1947 3047 2002 vel
3080 1947 3196 2018 plus
3224 1947 3447 2018 aliquid,
3477 1962 3546 2002 ex
3573 1961 3686 2016 quo
3732 1961 3850 2000 ete-

2242 2044 2416 2114 pimus
2457 2057 2578 2097 esse
2606 2039 2914 2106 christiani,
2946 2048 3002 2095 et
3030 2050 3291 2095 terrarum
3323 2041 3373 2094 in
3405 2039 3542 2094 orbe
3565 2036 3791 2094 censeri
3821 2058 3840 2090 ι

2243 2135 2479 2209 (Arnob.,
2509 2136 2600 2191 lib.
2628 2136 2778 2189 tudo.
2813 2132 2986 2202 Gent.,
3009 2151 3128 2204 cap.
3157 2134 3236 2204 6).
3281 2133 3380 2191 Ubi
3432 2133 3661 2190 trecenti
3687 2133 3846 2198 anni,

2242 2239 2300 2284 ut
2327 2246 2448 2286 cum
2473 2229 2744 2284 Dodwello
2769 2229 3050 2297 loquamur
3072 2227 3304 2301 (Dodw.,
3331 2227 3548 2283 Dissert.
3574 2243 3612 2283 ιι
3665 2226 3846 2292 lren.,

2245 2321 2273 2395 ᾗ
2307 2323 2397 2390 56,
2447 2339 2566 2394 pag.
2600 2322 2728 2392 197)
2749 2363 2763 2389 ,
2797 2322 2898 2377 sia
2930 2337 3040 2377 nu
3065 2321 3285 2393 Augusti
3323 2335 3422 2393 pro
3453 2321 3666 2376 illorum
3703 2333 3850 2377 tem-

2241 2435 2433 2492 porum
2474 2419 2818 2488 chronologia
2858 2426 3232 2487 supputentur,
3260 2416 3509 2472 desinent
3544 2416 3598 2471 in
3635 2431 3849 2470 annum

2244 2526 2366 2566 tri-ae
2420 2511 2653 2581 vulgaris
2676 2525 2924 2565 ccxcvtn.
2959 2509 3221 2579 Deinceps
3251 2523 3380 2563 vero
3411 2508 3716 2563 Arnobiana
3747 2509 3851 2563 ist-

2245 2605 2360 2660 haec
2387 2603 2540 2658 nobis
2562 2611 2846 2659 occurrunt
2870 2619 2884 2657 :
2916 2619 2935 2653 ι
2966 2600 3160 2656 λΕἰιιὶε
3181 2601 3315 2656 urbs
3341 2599 3510 2654 Roma
3534 2601 3695 2669 cujus
3719 2615 3849 2655 esse

2246 2700 2298 2754 in
2327 2697 2608 2754 annalibus
2645 2695 2930 2752 indicitur?
2959 2695 3144 2752 Annos
3185 2694 3328 2748 ducit
3371 2694 3761 2764 quinquaginta
3794 2703 3849 2748 ct

2247 2793 2409 2857 mille,
2430 2800 2522 2846 aut
2549 2806 2655 2846 non
2676 2790 2898 2844 multum
2925 2788 2993 2842 ab
3024 2788 3293 2842 hismiuus
3317 2804 3336 2838 ι
3361 2787 3604 2858 (Arnob.,
3637 2785 3733 2840 tib.
3762 2803 3802 2840 ιι
3828 2829 3843 2854 ,

2248 2903 2362 2956 cap.
2393 2886 2508 2956 54).
2541 2885 2696 2939 Auno
2720 2891 2897 2938 autem
2946 2881 3109 2938 Urbis
3157 2879 3386 2936 condita:
3437 2895 3508 2934 IL
3555 2879 3712 2949 juxta
3744 2895 3851 2951 pu-

2256 2981 2512 3034 tationem
2542 2977 2915 3032 varronianam
2958 2974 3248 3046 respondet
3278 2989 3399 3028 serie
3431 2972 3670 3043 vulgaris
3699 2987 3849 3026 anno

2249 3088 2460 3128 ccxcvn
2484 3074 2636 3140 juxta
2663 3069 3003 3140 capitoliuam
3027 3082 3154 3122 vero
3177 3065 3361 3121 incidit
3384 3066 3436 3119 in
3457 3079 3658 3119 annum
3687 3063 3852 3119 Chri-

553 3162 852 3235 perculsus,
878 3173 936 3218 ut
957 3163 1234 3234 pristinam
1258 3164 1587 3235 impietatem
1609 3167 2146 3240 ejuraritverumque
2171 3157 2216 3221 C
2249 3170 2315 3224 sti
2343 3181 2586 3229 ccxcvnt,
2622 3173 2679 3218 ut
2718 3162 2939 3234 proinde
2979 3161 3084 3216 huc
3119 3176 3286 3231 usque
3324 3158 3438 3214 fere
3465 3159 3566 3214 sibi
3615 3173 3853 3214 concors

553 3257 646 3314 Dei
676 3259 878 3314 cultum
923 3257 1083 3315 fuerit
1121 3261 1422 3330 amplexus.
1457 3261 1620 3317 Docet
1663 3265 1806 3317 enim
1838 3265 1928 3320 ille
1950 3307 1964 3331 ,
1991 3263 2149 3321 Chri-

555 3361 695 3409 stum
728 3371 748 3405 ι
778 3368 883 3409 non
907 3369 1005 3426 per
1029 3369 1163 3409 vana
1190 3355 1477 3423 insomnia,
1502 3354 1596 3410 sed
1615 3371 1712 3426 per
1738 3371 1884 3427 parte
1910 3361 2146 3429 speciem

554 3449 911 3520 simplicitatis
941 3463 1202 3520 apparere
1231 3450 1475 3522 (Arnob.,
1505 3451 1623 3505 adv.
1653 3450 1824 3515 Gent.,
1847 3454 1934 3507 lib.
1966 3470 2002 3523 ι,
2029 3471 2146 3525 cap.

555 3535 708 3607 xw),
752 3535 928 3590 adhuc
968 3549 1067 3590 suo
1110 3545 1353 3605 tempore
1388 3539 1733 3592 consuevisse
1757 3555 1771 3592 :
1799 3549 2053 3609 expertus
2095 3541 2147 3596 id

555 3627 832 3692 nimirum,
862 3627 1036 3698 inquit
1062 3627 1390 3694 Dodwellus,
1424 3629 1650 3698 ipsemet
1678 3630 1894 3700 scripsit
1921 3641 2144 3687 auctor:

557 3729 614 3774 ut
641 3727 922 3790 propterea
949 3734 1073 3774 vere
1094 3720 1291 3777 dixerit
1315 3736 1376 3778 se
1397 3721 1465 3778 ab
1493 3723 1610 3790 ipso
1630 3722 1846 3778 Christo
1877 3745 1894 3776 ι
1925 3725 2149 3782 doctore

558 3821 707 3867 tanto
734 3811 786 3866 in
819 3812 931 3867 vias
959 3813 1202 3869 veritatis
1243 3812 1408 3870 fuisse
1453 3814 1729 3872 inductum
1763 3815 1994 3886 (Dodw.,
2025 3817 2149 3874 Dis-

558 3915 679 3960 sert.
732 3903 877 3960 Iren.
907 3921 966 3969 n,
996 3905 1024 3978 ᾗ
1064 3907 1154 3973 57,
1207 3925 1332 3979 pag.
1367 3908 1514 3981 199).
1553 3928 1572 3962 ι
1603 3909 1738 3977 Quid
1771 3919 1949 3968 autem
2004 3923 2152 3984 post-

561 4000 661 4054 hac
689 4000 860 4071 egerit
886 3998 1188 4065 Arnobius,
1217 4015 1391 4072 quove
1415 4016 1558 4057 anno
1584 4018 1615 4058 e
1657 4004 1794 4060 vivis
1822 4007 2147 4074 excesserit,

561 4093 718 4164 plane
749 4094 1138 4163 incompertum
1167 4093 1447 4149 habemus.

634 4187 697 4242 Il.
737 4187 923 4258 Neque
949 4202 1079 4243 vero
1099 4203 1167 4243 ex
1197 4187 1507 4260 Hieronymi
1536 4188 1714 4244 verbis
1734 4190 1894 4245 modo
1915 4191 2153 4248 recitatis

561 4282 844 4354 quisquam
876 4289 1086 4352 arguat,
1119 4281 1185 4336 ad
1218 4296 1416 4336 annum
1461 4281 1650 4337 saltem
1690 4298 1921 4339 cccxxvr
1944 4327 1960 4352 ,
1989 4286 2151 4340 vitam

562 4375 888 4447 produxisse
903 4384 1176 4432 auctorem
1201 4385 1466 4440 nostrum,
1483 4385 1764 4445 propterea
1786 4378 1992 4434 scilicet
2010 4377 2152 4446 quod

563 4470 654 4525 illa
701 4469 942 4539 proxime
985 4469 1261 4541 scripserit
1308 4479 1525 4524 sanctus
1573 4469 1768 4524 Doctor
1811 4481 1932 4540 post
1974 4479 2153 4527 notata

2252 3261 2495 3316 videatur
2523 3267 2728 3313 auctor.
2757 3257 2826 3312 At
2853 3271 2974 3311 cum
3001 3255 3178 3325 priore
3206 3253 3258 3307 in
3300 3253 3417 3308 loco
3448 3251 3609 3307 addat
3629 3293 3645 3319 ,
3678 3254 3854 3306 minus

2252 3355 2329 3408 vel
2356 3354 2470 3423 plus
2499 3351 2723 3420 aliquid;
2754 3349 2806 3403 in
2838 3348 3134 3418 posteriore
3159 3355 3361 3409 autem,
3380 3355 3466 3399 aut
3494 3361 3598 3399 non
3628 3347 3852 3399 inicit—nm

2253 3449 2316 3501 ab
2345 3449 2422 3502 liis
2439 3446 2606 3500 minus
2631 3446 2788 3500 :hinc
2808 3443 3070 3498 dubitatio
3093 3441 3383 3506 suboritur,
3407 3455 3532 3495 num
3556 3438 3851 3511 utrobique

2251 3541 2484 3596 ealculos
2511 3548 2755 3594 accurate
2786 3537 3039 3607 posuerit.

2326 3635 2634 3691 Posthabito
2657 3633 2832 3704 itaque
2854 3643 3077 3702 utroque
3093 3631 3404 3686 charactere
3433 3627 3847 3698 chronologico,

2253 3730 2319 3785 ad
2333 3731 2492 3785 alium
2513 3728 2824 3783 historicum
2847 3727 3145 3797 quicertior
3162 3739 3283 3780 esse
3305 3723 3533 3790 videtur,
3558 3731 3849 3793 propterea

2255 3821 2657 3881 recurrendum.
2687 3821 2776 3876 Sic
2803 3819 2962 3891 igitur
2993 3819 3328 3889 prosequitur
3346 3826 3569 3871 auctor:
3600 3834 3620 3867 ι
3651 3814 3848 3870 Nostra

2254 3917 2466 3988 quidem
2497 3915 2694 3985 scripta
2721 3928 2817 3967 cur
2843 3913 3054 3982 ignibus
3081 3919 3394 3966 meruerunt
3417 3907 3568 3963 dari?
3607 3923 3708 3962 cur
3741 3909 3849 3960 im-

2257 4010 2485 4064 maniter
2527 4005 2896 4064 conventicula
2946 4005 3081 4059 dirui
3114 4003 3248 4077 (ld.,
3307 4002 3397 4057 lib.
3428 4017 3499 4068 tv,
3541 4017 3660 4071 cap.
3712 3997 3849 4070 i8)?

2256 4102 2386 4171 Qua:
2437 4117 2565 4157 sane
2620 4100 2783 4154 verba
2827 4097 3102 4166 scripserit
3152 4097 3422 4150 Arnobius
3475 4103 3595 4164 post
3645 4108 3848 4148 annum

2255 4212 2432 4263 eccm,
2451 4211 2558 4266 quo
2575 4193 2882 4250 Diocletiani
2909 4191 3213 4262 persecutio
3231 4190 3421 4244 scevire
3444 4189 3629 4257 ctepit.
3655 4207 3674 4240 ι
3696 4186 3850 4242 Tunc

2256 4291 2438 4355 enim,
2491 4286 2658 4358 inquit
2688 4285 2987 4348 Eusebius,
3049 4281 3217 4337 rEdes
3265 4298 3440 4337 sacras
3473 4281 3591 4337 solo
3643 4280 3850 4349 aequari

2256 4397 2319 4438 ac
2351 4381 2586 4437 funditus
2627 4379 2885 4444 subverti,
2915 4394 3089 4432 sacros
3125 4377 3409 4430 divinarum
3456 4375 3851 4446 Scripturarunt

2260 4476 2414 4532 libros
2445 4477 2498 4530 io
2532 4475 2709 4530 medio
2739 4474 2854 4529 loro
2884 4472 3214 4528 concremari
3239 4513 3254 4537 ,
3282 4470 3455 4526 oculis
3483 4469 3680 4524 nostris
3711 4467 3853 4522 vidi-

563 4561 898 4618 Constautini
927 4561 1258 4630 vicennalia,
1289 4561 1479 4617 eodem
1507 4560 1703 4617 Christi
1744 4578 1886 4618 anno
1923 4578 2154 4619 cccxxvr
2180 4560 2232 4620 D
2259 4586 2378 4626 mus
2403 4569 2639 4644 (Euseb.,
2672 4567 2810 4622 Hist.
2848 4568 3051 4629 eccles..
3081 4565 3265 4621 lib.vm
3289 4606 3303 4630 ,
3331 4582 3448 4637 cap.
3495 4563 3574 4634 8).
3618 4583 3638 4616 ι
3677 4565 3855 4632 Atque

564 4655 830 4712 celebrata
858 4674 870 4710 :
897 4655 1158 4727 siquidem
1189 4671 1259 4712 ex
1291 4656 1480 4711 iisdem
1511 4655 1690 4711 verbis
1723 4656 2155 4728 llieronymianis

563 4750 924 4821 colligendum
950 4760 1114 4813 esset.
1149 4767 1215 4808 eo
1246 4751 1363 4819 ipso
1389 4766 1529 4806 anno
1551 4767 1871 4807 conversum
1901 4751 2064 4808 fuisse
2089 4752 2155 4807 ad

565 4843 764 4898 Christi
796 4843 954 4899 [idem
997 4845 1296 4900 Arnobinm
1323 4887 1338 4910 ,
1377 4845 1618 4917 adeoque
1664 4845 1822 4917 paulo
1864 4855 1990 4900 ante
2029 4860 2156 4902 suos

566 4936 952 5005 conscripsisse
980 4937 1146 4992 libros
1163 4939 1421 4994 adversus
1442 4949 1647 5008 gentes,
1676 4939 1869 5009 quibus
1894 4940 2024 4994 velut
2045 4942 2158 5011 qui-

565 5026 780 5080 busdam
810 5025 1064 5081 obsidibus
1108 5031 1308 5098 pietatis
1339 5029 1503 5100 ftedus
1528 5032 1808 5104 impetrarit
1833 5048 1845 5084 :
1869 5045 1990 5086 cum
2026 5047 2158 5086 con-

569 5131 651 5176 tra
683 5119 1024 5176 manifestum
1056 5121 1126 5176 sit
1155 5138 1223 5177 ex
1252 5122 1439 5177 eodem
1470 5123 1734 5192 Arnobio,
1767 5135 1823 5179 ut
1852 5140 1974 5180 mox
2005 5126 2150 5182 vide~

568 5214 765 5278 bimus,
795 5227 971 5281 neque
1008 5211 1238 5267 obscure
1276 5224 1535 5282 praeterea
1566 5232 1630 5270 ex
1676 5217 1792 5285 ipso
1832 5217 2158 5288 Hieronymo

567 5315 822 5377 appareat
859 5303 1126 5377 (Hieron,
1158 5307 1222 5359 de
1257 5305 1365 5360 Vir.
1398 5307 1501 5371 ill.,
1533 5308 1632 5363 loc.
1677 5310 1793 5379 cit.)
1816 5351 1830 5370 ,
1861 5326 1954 5366 eos
1992 5311 2158 5366 libros

567 5401 864 5470 imperante
897 5398 1223 5455 Diocletiano
1250 5400 1414 5456 fuisse
1457 5402 1526 5456 ab
1565 5413 1783 5458 auctore
1809 5406 2153 5475 perscriptos.

566 5493 684 5561 Quo
713 5493 872 5562 igitur
899 5493 1255 5565 Hieronymus
1275 5494 1375 5549 sibi
1399 5503 1628 5556 constet.
1653 5495 2045 5552 observandum
2074 5497 2156 5552 in-

569 5595 731 5642 terest
759 5602 879 5641 cum
911 5587 1026 5642 viro
1053 5586 1367 5643 doctissimo
1401 5586 1647 5658 (Nourr.,
1675 5588 1872 5658 Appar.
1915 5588 1985 5641 ad
2011 5587 2154 5642 Bibl.

568 5689 791 5750 patrum,
823 5690 944 5735 tam.
988 5699 1045 5748 ιι,
1093 5699 1210 5754 pag.
1246 5682 1422 5754 9.85),
1453 5697 1520 5738 eo
1565 5680 1816 5737 Chronici
1867 5681 2158 5738 Eusebiani

571 5775 688 5829 loco
715 5786 820 5826 non
851 5773 1115 5831 indicasse
1142 5791 1322 5832 veram
1359 5774 1582 5832 Arnobii
1621 5784 1834 5832 atatem
1879 5774 2155 5830 doctorem

573 5873 886 5924 maximum.
915 5867 1047 5924 Nam
1078 5868 1134 5923 in
1159 5865 1428 5925 Chronico
1453 5879 1571 5941 post
1601 5877 1784 5926 notata
1813 5869 1882 5925 ab
1920 5867 2155 5926 Eusebio

2259 4664 2397 4718 hanc
2422 4663 2688 4718 veriorem
2731 4660 3052 4716 sententiam
3081 4658 3150 4713 de
3181 4667 3421 4728 tempore
3447 4671 3554 4727 quo
3580 4653 3856 4710 scribebat

2258 4756 2562 4822 Arnobius,
2613 4758 2817 4825 primus
2859 4755 3094 4808 omnium
3142 4752 3421 4822 amplexus
3466 4760 3548 4804 est
3589 4748 3854 4803 Baronius

2259 4848 2502 4920 (Baron.,
2531 4848 2599 4901 ad
2625 4865 2746 4900 ann.
2776 4845 2902 4908 502,
2935 4845 2963 4916 §
2998 4844 3124 4916 17),
3155 4858 3313 4914 quem
3357 4840 3551 4896 deinde
3601 4851 3729 4894 sunt
3766 4853 3856 4894 as-

2259 4942 2446 4998 sectati
2495 4940 2796 4995 Dodwellus
2825 4937 3069 5006 (Dodw.,
3104 4936 3202 4990 loc.
3246 4933 3368 5007 cit.)
3389 4975 3404 5001 ,
3435 4933 3632 5003 Pagius
3662 4930 3850 5002 (Pag.,

2260 5036 2328 5088 ad
2355 5051 2477 5088 ann.
2506 5032 2642 5094 502,
2675 5031 2701 5102 §
2734 5030 2836 5101 15)
2868 5030 3083 5099 aliique.
3132 5029 3254 5082 licet
3294 5043 3410 5082 eam
3453 5025 3854 5096 quodammodo

2260 5128 2531 5183 inﬁrmare
2554 5139 2837 5196 aggressus
2867 5123 2937 5177 sit
2972 5121 3346 5177 Tillemontius
3373 5118 3626 5192 (Tillem.,
3660 5117 3715 5171 Μ
3724 5135 3848 5183 em.,

2262 5232 2385 5276 tom.
2413 5237 2486 5286 tv,
2519 5237 2640 5290 pag.
2673 5216 2798 5284 767,
2828 5213 2981 5290 ποι).
3011 5215 3264 5285 Quamvis
3293 5225 3476 5270 autem
3517 5215 3569 5268 in
3605 5212 3706 5267 hoc
3752 5229 3851 5283 po-

2262 5323 2466 5367 stremo
2494 5311 2611 5365 loco
2639 5310 2837 5365 certius
2868 5309 3009 5378 loqui
3041 5306 3287 5362 videatur
3309 5306 3598 5373 Arnobius,
3630 5321 3736 5359 non
3770 5315 3854 5360 est

2263 5414 2441 5459 tamen
2470 5419 2566 5457 cur
2597 5402 2744 5457 illum
2771 5415 3088 5456 censeamus
3117 5415 3239 5456 cum
3271 5399 3542 5453 nonnullis
3571 5397 3701 5451 viris
3722 5413 3851 5452 eru-

2261 5493 2408 5560 ditis,
2441 5494 2496 5548 in
2525 5495 2637 5549 suis
2669 5493 2890 5564 reliquis
2934 5493 3295 5564 putationibus
3323 5491 3460 5545 haud
3499 5490 3601 5545 sibi
3629 5499 3850 5545 consta-

2261 5601 2339 5643 re.
2366 5585 2550 5656 Neque
2591 5587 2731 5640 enim
2775 5585 2992 5639 demum
3025 5599 3132 5640 uno
3174 5584 3363 5638 calatni
3403 5583 3566 5637 ductu
3610 5583 3854 5652 integros

2261 5687 2470 5749 septem
2497 5692 2623 5732 suos
2655 5677 2823 5732 libros
2853 5678 3155 5733 exaraverit
3183 5688 3388 5731 auctor.
3420 5675 3678 5743 Adeoque
3713 5674 3853 5728 duos

2262 5775 2468 5846 priores
2508 5773 2880 5844 perscribens,
2907 5788 3077 5829 annos
3118 5772 3274 5829 Urbis
3313 5771 3544 5826 conditae
3571 5768 3846 5840 primum;

2260 5865 2453 5921 deinde
2480 5881 2610 5921 vero
2638 5880 2808 5921 annos
2837 5879 2960 5920 serie
2987 5865 3313 5931 Christianae,
3348 5863 3464 5932 plus
3492 5859 3687 5929 aliquid
3710 5901 3725 5929 ,
3755 5871 3848 5914 aut
