3942 6322
94 385 198 440 555

1347 375 1625 436 ΝΟΤΙΤΙΑ
1663 376 2048 438 HISTORICA.

3261 373 3363 431 554

88 510 179 547 non
217 491 374 545 multo
418 489 587 543 minus
625 488 790 560 probe
830 489 1062 558 putarit:
1087 489 1352 547 accedens
1394 501 1574 547 autem
1606 492 1672 547 ad
1704 495 1754 553 Α
1781 502 1958 548 autem
1991 491 2156 547 editio
2178 490 2663 562 Lugdune-Batava
2694 490 2914 562 reliquis
2935 490 3212 546 enimvero
3233 504 3370 560 pra:-

87 586 266 641 librum
294 599 372 646 tv.
399 601 508 655 quo
534 591 776 640 tervebat
798 581 1114 638 diocletiana
1168 594 1491 653 persecutio,
1522 601 1589 639 no
1611 586 1676 640 tis

86 677 394 733 certioribus
419 676 728 748 scriptionis
756 692 868 731 suae
914 684 1123 745 tempus
1166 676 1318 731 nobis
1350 675 1666 746 prodiderit.

88 770 282 838 Quibus
312 770 539 841 positis,
571 785 716 824 anno
758 768 972 825 demum
1003 783 1181 836 ecetv,
1224 779 1315 824 aut
1349 771 1485 824 forte
1527 769 1676 824 inse-

85 869 294 933 quente,
323 862 594 934 integrum
623 876 778 919 suum
806 877 943 933 opus
973 862 1242 918 Arnobius
1275 861 1566 932 perfecisse
1592 863 1672 916 vi-

87 955 252 1012 detur.

153 1046 240 1103 1V.
285 1046 439 1103 Nunc
480 1061 612 1104 vero
657 1046 726 1104 de
766 1047 945 1118 operis
985 1047 1278 1103 Arnobiani
1315 1047 1486 1118 pretio
1533 1047 1676 1117 loqui

90 1141 258 1212 placet
296 1157 419 1197 cum
454 1141 570 1195 viro
598 1141 811 1196 erudito
834 1184 850 1207 ,
882 1141 934 1194 in
973 1139 1111 1195 hanc
1141 1140 1312 1196 ferme
1350 1139 1673 1196 sententiam

88 1234 450 1291 edisserente:
483 1253 502 1286 ι
539 1232 854 1289 Recouditac
900 1232 1004 1288 hoc
1047 1232 1326 1302 sapientiae
1366 1240 1675 1303 promptua-

87 1327 212 1382 rium
260 1343 372 1398 quo
421 1327 607 1381 insana
651 1326 889 1397 gentium
941 1325 1129 1395 religio
1176 1325 1502 1395 exploditur,
1549 1339 1674 1378 vera

87 1420 451 1486 confirmatur,
485 1418 630 1475 omni
664 1418 818 1474 laude
861 1417 1036 1487 majus
1063 1428 1168 1474 est.
1199 1419 1331 1484 Quis
1371 1419 1513 1472 enim
1557 1417 1670 1473 elo-

86 1513 311 1582 quentiae
333 1526 551 1578 nervos,
576 1511 839 1566 rationum
866 1510 1120 1580 pondera,
1147 1509 1438 1579 exquisitas
1461 1519 1676 1564 senten—

88 1605 176 1672 tias
201 1603 646 1690 cumervolvit,
681 1618 787 1657 non
809 1601 1070 1672 abripitur
1099 1603 1149 1656 in
1176 1617 1417 1656 amorem
1454 1611 1509 1657 et
1539 1601 1678 1656 desi-

90 1697 291 1756 derium
312 1695 738 1770 tartti=aitcttirisi
759 1694 969 1766 Ubique
992 1695 1284 1766 triumphat
1304 1693 1679 1749 ﬂorentissima

1781 587 2007 640 stautior
2045 585 2167 656 jure
2215 584 2509 652 habeatur,
2563 583 2700 639 haud
2747 585 2928 655 paucis
2977 594 3154 639 tamen
3205 583 3373 639 naevis

1784 677 2176 750 typothetarum
2207 677 2335 732 vitio
2363 677 2589 741 laborat,
2615 678 2743 747 quin
2772 685 2827 732 et
2874 674 3069 732 alicubi
3100 675 3262 731 verba
3291 675 3374 730 in-

1784 782 1929 844 tegra
1956 773 2166 843 penitus
2195 772 2391 826 omissa
2416 773 2468 826 in
2491 785 2552 826 ea
2580 769 2988 840 deprehendas;
3019 769 3216 842 quibus
3249 783 3375 841 pro—

1782 865 1908 921 inde
1939 865 2147 920 mendis
2176 864 2403 935 aliisque
2445 861 2621 918 adhuc
2659 861 2992 932 gravioribus
3017 870 3222 927 scatet,
3255 874 3375 930 quae

1781 959 1927 1014 illam
1954 957 2225 1028 expressit
2258 957 2595 1027 parisiensis.

1852 1051 2087 1105 Ductore
2110 1051 2286 1120 itaque
2306 1049 2644 1121 potissimum
2668 1048 2913 1122 Nourryo
2935 1064 2988 1104 v.
3011 1048 3083 1104 cl.
3108 1049 3197 1118 qui
3224 1047 3378 1104 libris

1779 1143 2090 1198 arnobiauis
2115 1141 2481 1198 etnaculandis
2521 1142 2958 1214 illustrandisque
3003 1156 3182 1211 opera:
3209 1140 3379 1210 pluri-

1780 1252 1927 1291 mum
1959 1235 2188 1292 contulit
2217 1235 2471 1305 (Neam,
2505 1235 2704 1306 Appar.
2736 1236 2805 1290 ad
2828 1235 2966 1291 Bibl.
2993 1247 3217 1308 patrum,
3250 1245 3376 1291 tom.

1780 1343 1852 1394 ll,
1887 1345 2008 1399 pag.
2043 1327 2312 1396 257-570)
2342 1368 2357 1392 ,
2399 1327 2619 1382 editioni
2662 1339 2859 1384 nostra:
2899 1328 3261 1399 perpoliendte
3301 1328 3383 1382 in-

1787 1420 2090 1486 cubuimus,
2123 1419 2498 1476 selectioribus
2522 1420 2860 1477 eruditorum
2893 1422 3035 1476 notis
3063 1421 3130 1477 ad
3155 1420 3380 1478 Arnobii

1782 1523 1983 1569 textum
2034 1514 2292 1583 imprimis
2319 1514 2710 1569 emendandum
2762 1515 3126 1585 comparatis,
3177 1523 3388 1572 nostras

1781 1609 2197 1679 qualescumque
2230 1607 2553 1664 intexentes.
2609 1608 2813 1664 Deinde
2839 1625 2945 1680 quo
2968 1609 3206 1664 auctoris
3228 1609 3389 1665 lectio

1789 1701 1971 1755 utilior
1995 1700 2048 1754 in
2080 1708 2350 1769 posterum
2381 1699 2741 1770 contingeret,
2770 1700 3037 1769 simulque
3063 1700 3281 1756 tardium
3303 1701 3386 1757 le-

89 1790 192 1858 ejus
218 1789 412 1851 dictio.
460 1777 622 1859 atqtte
668 1788 766 1860 ipsi
797 1787 935 1843 adeo
970 1787 1202 1858 gentiles
1245 1803 1343 1843 suo
1369 1787 1683 1858 jugulantur
1715 1816 1764 1877 Β
1790 1800 1998 1846 ctorum
2048 1806 2111 1845 ac
2157 1791 2393 1846 laborem
2441 1792 2798 1848 allevaremus
2821 1834 2837 1860 ,
2870 1793 3196 1849 arnobianos
3225 1793 3389 1850 libros

90 1882 285 1952 gladio.
316 1880 571 1944 Calamus
587 1881 685 1946 ille
710 1881 870 1936 simul
904 1896 1103 1956 omnes,
1123 1890 1366 1938 tacentes
1393 1880 1675 1951 gentilium

90 1977 210 2031 deos
243 1974 506 2046 perfodit.
535 1974 785 2038 coniecit.
817 1973 1016 2039 Verbo,
1045 1974 1317 2036 Arnobius
1345 1972 1474 2028 Afer
1495 1972 1679 2028 adver-

97 2087 177 2140 sus
191 2079 410 2142 gentes,
428 2069 691 2134 abstrusa:
712 2066 1030 2128 eruditionis
1045 2079 1254 2132 auctor,
1273 2066 1689 2132 subtilis,diser-

93 2173 189 2230 tus,
223 2164 446 2234 ingenio
473 2173 528 2218 et
569 2161 814 2224 facundia
846 2171 1106 2231 prtestaus
1126 2204 1142 2229 ,
1172 2161 1480 2217 ethnicismi
1507 2160 1691 2218 debel-

97 2254 224 2310 lator
255 2254 588 2309 fortissimus
623 2272 642 2305 ›
686 2251 928 2324 (Ρνωίαε.
976 2253 1044 2306 ad
1093 2251 1312 2320 Arnob.,
1357 2253 1476 2308 edit.
1517 2251 1692 2325 Lugd.

93 2345 225 2413 Bttl.,
258 2347 450 2416 1651).
486 2346 611 2401 Haec
641 2344 752 2400 ille.

159 2439 618 2509 Quandoquidem
647 2454 777 2495 vero
796 2439 1067 2496 Arnobius
1092 2441 1146 2496 in
1167 2440 1281 2496 suis
1309 2449 1519 2511 septem
1542 2441 1695 2497 libris

95 2533 503 2590 conscribendis
532 2532 730 2603 duplex
751 2533 852 2588 sibi
887 2548 1113 2604 pensum
1143 2533 1532 2590 absolvendum
1566 2549 1693 2604 pro-

97 2628 358 2697 posuerit,
391 2625 648 2680 nimirum
699 2633 757 2680 ut
795 2635 849 2681 et
900 2624 1088 2681 falsam
1115 2625 1398 2696 gentilium
1429 2635 1486 2681 et
1511 2642 1692 2682 veram

97 2722 520 2778 Christianorum
551 2734 672 2775 esse
712 2717 1030 2790 religionem
1066 2719 1381 2776 evinceret:
1414 2719 1584 2774 multo
1612 2719 1697 2773 lu-

99 2815 370 2871 culentius
409 2813 642 2869 ethnica:
693 2812 1091 2883 superstitionis
1135 2812 1465 2882 impietatem
1525 2816 1700 2883 impu-

104 2922 324 2978 gnasse,
365 2921 528 2978 quam
559 2905 867 2960 christianaa
910 2904 1031 2959 lidei
1075 2904 1356 2960 veritatem
1399 2903 1704 2966 ostendisse

101 3006 250 3060 visus
275 3011 383 3059 est.
408 3000 546 3055 Hinc
591 3007 808 3056 sanctus
837 2998 1195 3069 Hieronymus
1221 3015 1234 3052 :
1266 3016 1284 3048 ι
1310 2997 1449 3069 Ego,
1480 3016 1500 3050 ›
1533 2995 1708 3067 inquit

103 3098 378 3170 (Πίθωνι,
411 3096 561 3168 epist.
593 3110 724 3162 Lm,
751 3095 823 3148 al.
854 3109 1034 3160 Lxm,
1075 3093 1144 3148 ad
1190 3091 1460 3163 Tranquill
1489 3133 1505 3159 ,
1544 3092 1572 3163 §
1601 3091 1635 3145 εὶ
1655 3091 1702 3164 ),

109 3215 128 3248 ς
159 3193 454 3264 Origenem
483 3201 702 3263 propter
729 3189 1087 3247 eruditionem
1114 3189 1194 3244 sic
1223 3187 1493 3243 interdum
1521 3187 1703 3257 legeno

104 3290 237 3346 dum
286 3296 540 3350 arbitror,
591 3283 861 3356 quomodo
919 3281 1347 3349 Tertullianum,
1397 3281 1700 3349 Novatum,

107 3381 439 3446 Arnobium,
469 3376 859 3448 Apollinarium
890 3384 946 3432 et
973 3374 1262 3431 nonnullos
1307 3372 1708 3430 ecclesiasticos

107 3478 430 3548 scriptores,
458 3486 664 3545 grtecos
690 3472 891 3542 pariter
916 3479 972 3526 et
1001 3469 1229 3535 latinos;
1260 3477 1315 3524 ut
1342 3467 1478 3524 bona
1517 3481 1706 3522 eorum

109 3572 402 3642 eligamus,
425 3567 764 3635 vitemusque
785 3562 1078 3627 contraria,
1104 3561 1256 3632 juxta
1284 3561 1602 3632 Apostolum
1630 3559 1711 3614 di-

110 3673 368 3720 centem:
424 3659 609 3713 Omnia
639 3657 886 3729 probate;
926 3653 1062 3725 quod
1105 3653 1292 3708 bonum
1341 3663 1432 3716 est,
1482 3661 1641 3706 tenete
1670 3647 1716 3721 (l

120 3758 336 3825 Μαι,
363 3772 416 3821 v,
447 3753 561 3827 21).
601 3771 620 3806 ›
653 3753 914 3808 Cancrum
947 3765 1054 3804 non
1074 3747 1209 3804 adeo
1238 3747 1570 3817 incomperta
1600 3744 1716 3799 fue-

114 3861 247 3908 runt
299 3847 538 3904 Arnobio
579 3844 887 3901 christiana:
934 3840 1209 3911 religionis
1247 3840 1502 3910 mysteria
1530 3879 1544 3903 ,
1590 3835 1718 3908 quin

118 3955 273 3999 recte
300 3940 367 3996 de
393 3939 618 3994 summis
649 3935 769 3992 fidei
800 3932 1067 4005 capitibus
1093 3931 1414 4003 disputarit;
1443 3941 1502 3985 ut
1531 3931 1720 3984 adver—

119 4051 214 4091 sus
247 4031 536 4089 nonnullos
559 4029 883 4085 morosiores
905 4026 1151 4082 homines
1175 4024 1471 4078 luculenter
1492 4021 1718 4076 demou-

119 4135 368 4185 strarunt
404 4124 504 4180 viri
539 4120 866 4187 doctissimi,
910 4118 1187 4189 Nourryus
1227 4113 1474 4186 (Nourr..
1507 4113 1707 4182 Appar.

119 4222 189 4275 ad
217 4217 364 4273 Bibl.
395 4226 614 4287 patrum,
649 4223 770 4269 tom.
803 4229 860 4279 ll,
895 4229 1014 4282 pag.
1038 4210 1164 4274 290,
1194 4205 1302 4263 296
1332 4217 1379 4261 et
1404 4205 1537 4276 seq.)
1561 4246 1574 4270 ,
1609 4203 1718 4259 Ma-

125 4327 297 4368 ranus
320 4309 340 4385 (
366 4308 597 4372 Maran.,
626 4304 799 4360 Divin.
832 4302 903 4357 Β.
935 4301 1012 4358 Ν.
1042 4301 1100 4357 .1.
1137 4299 1221 4368 C.,
1254 4299 1343 4354 lib.
1374 4315 1468 4362 nt,
1499 4315 1614 4368 cap.
1663 4297 1720 4363 4,

126 4406 240 4476 §5,
289 4412 338 4457 et
384 4401 473 4457 lib.
521 4416 592 4468 tv,
625 4415 739 4470 cap.
786 4395 878 4463 22,
911 4395 939 4467 §
967 4395 991 4449 l
1019 4436 1034 4462 ,
1088 4410 1207 4466 pag.
1240 4391 1375 4455 526,
1406 4387 1585 4460 554),
1619 4388 1722 4461 alii

129 4515 268 4572 quos
303 4494 529 4569 proinde
555 4492 840 4550 consulere
868 4504 1047 4560 operae
1070 4487 1298 4559 pretium
1327 4486 1503 4541 fuerit.

1789 1885 1878 1955 qui
1910 1886 2168 1941 hactenus
2193 1885 2482 1954 conjuncta
2506 1886 2926 1955 coutinuatoque
2974 1901 3226 1942 sermone
3255 1902 3384 1957 pro-

1791 1980 2028 2044 dierunt,
2059 1993 2205 2034 nunc
2232 1979 2462 2048 primum
2493 1981 2546 2033 in
2573 1981 2749 2049 capita
2778 1994 2874 2035 seu
2903 1980 3176 2036 sectiones
3204 1980 3389 2036 distri-

1793 2070 2043 2137 buimus;
2090 2085 2316 2138 quarum
2352 2070 2614 2142 analysim
2649 2080 2907 2140 praetcrea
2947 2070 3000 2125 in
3029 2070 3206 2127 iudice
3235 2067 3394 2141 operi

1795 2163 2007 2234 adjecto
2031 2163 2378 2233 subjecimus.
2400 2195 2471 2204 —
2495 2165 2764 2219 llactenus
2789 2163 3122 2222 Gallandius.
3150 2164 3256 2220 Sed
3277 2168 3391 2234 jam

1798 2257 1866 2314 de
1885 2258 2107 2328 singulis
2125 2256 2448 2314 editiouibus
2466 2273 2587 2314 cum
2612 2259 3043 2315 Schoenuemann
3095 2255 3392 2312 videamus.

2268 2434 2485 2476 διειπιο
2514 2434 2711 2476 υΕοιιίο
2738 2433 2932 2475 SEXTO.

2597 2556 2756 2612 1545.

1875 2710 2062 2768 Roma:
2088 2709 2226 2782 apud
2255 2708 2445 2768 Franc.
2474 2709 2802 2768 Priscianen.
2822 2710 3220 2778 Florentinum,
3238 2711 3394 2766 in-l".

1802 2802 2015 2858 Arnobii
2048 2801 2472 2872 Disputationum
2494 2805 2735 2858 adversus
2766 2814 2935 2875 gentes
2959 2803 3074 2858 libri
3103 2813 3237 2869 octo,
3269 2819 3403 2858 nunc

1805 2896 2029 2967 primum
2056 2897 2109 2951 in
2135 2897 2298 2952 lucem
2348 2897 2489 2951 editi.
2520 2928 2588 2941 υ-
2615 2896 2671 2951 In
2703 2898 2814 2952 line
2839 2915 2851 2952 :
2876 2896 3063 2954 Romae
3109 2897 3164 2953 in
3198 2897 3406 2954 adibus

1806 2990 2082 3046 Francisci
2112 2989 2526 3055 Priscianensis,
2556 3006 2760 3046 anxur.
2893 2979 2898 2982 ’

1879 3083 2136 3152 Princeps
2157 3083 2272 3138 hac
2301 3082 2526 3138 Arnobii
2548 3081 2715 3137 editio
2739 3082 2968 3138 debetur
2992 3082 3191 3138 Fausto
3214 3083 3405 3140 Sabaeo

1732 3134 1777 3197 Ο
1811 3174 2087 3240 Brixiauo,
2105 3173 2444 3230 bibliothecae
2467 3174 2722 3228 vaticana:
2744 3183 2870 3229 tunc
2893 3175 3150 3244 temporis
3163 3174 3404 3240 custode,

1812 3266 2032 3323 homine
2061 3266 2275 3322 erudito
2307 3276 2362 3322 et
2391 3265 2583 3337 insigni
2611 3265 2874 3338 imprimis
2902 3266 3290 3332 versilicatore,
3316 3266 3407 3336 qui

1819 3359 2105 3418 Francisco
2147 3360 2189 3426 l,
2222 3360 2499 3417 Gallorum
2550 3359 2697 3431 regi,
2738 3375 2855 3416 eam
2886 3361 3159 3432 inscripsit
3183 3360 3408 3432 cpistola

1822 3452 1937 3508 Ilata
1980 3453 2169 3508 Romte
2213 3463 2268 3509 et
2322 3453 2452 3508 bibl.
2502 3453 2773 3525 palatina,
2823 3452 3039 3509 kalend.
3088 3453 3410 3524 septembris

1821 3563 2038 3605 unum.
2073 3545 2148 3602 Ex
2180 3545 2282 3602 hac
2310 3547 2563 3603 nonnulla
2594 3546 2833 3603 delibare
2870 3549 2923 3603 in
2971 3547 3231 3603 lectorum
3262 3563 3410 3603 com-

1823 3641 2038 3696 modum
2086 3640 2255 3710 juvat.
2304 3640 2670 3695 Intelleximus
2725 3641 2866 3696 enim
2911 3656 2941 3694 a
2986 3639 3168 3695 multis
3195 3639 3409 3710 quidem

1824 3732 1889 3789 de
1904 3734 2002 3788 hac
2021 3731 2256 3789 editione
2273 3733 2434 3788 verba
2459 3748 2579 3789 esse
2601 3731 2760 3798 facta,
2775 3732 2943 3801 ipsam
2963 3740 3142 3789 autem
3160 3732 3415 3802 paucissi-

1823 3826 1926 3882 mis
1965 3836 2170 3880 tantum
2201 3824 2394 3892 visam,
2417 3826 2559 3895 quod
2589 3826 2754 3880 variis
2796 3823 2992 3896 passim
3024 3825 3300 3881 erroribus
3320 3841 3416 3880 an-

1825 3937 1940 3977 sam
1967 3919 2136 3976 dedit.
2170 3918 2528 3990 Prtecipuum,
2565 3919 2708 3990 quod
2735 3919 2986 3989 cuiquam
3009 3918 3414 3975 animadversa-

1828 4015 1975 4072 tione
2001 4013 2220 4084 dignum
2279 4012 2448 4068 videri
2498 4013 2684 4082 possit,
2716 4012 2955 4083 profecto
2995 4012 3098 4069 hoc
3139 4021 3243 4079 est,
3275 4012 3416 4084 quod

1819 4110 1941 4182 jure
1965 4109 2082 4163 belli
2129 4124 2274 4163 suum
2325 4123 2431 4162 esse
2474 4107 2755 4162 Arnobium
2807 4105 2958 4171 dicit,
2987 4123 3133 4178 quem
3163 4107 3368 4164 scilicet
3392 4123 3419 4162 e

1827 4203 1995 4256 media
2047 4199 2277 4255 barbarie
2317 4217 2421 4255 non
2466 4201 2575 4255 sine
2599 4200 2865 4269 dispendio
2894 4209 2948 4256 et
2971 4199 3284 4255 discrimine
3313 4199 3418 4254 eri-

1835 4295 2021 4368 puerit.
2048 4295 2180 4362 Qute
2229 4293 2274 4349 si
2304 4295 2562 4350 attentius
2591 4293 2882 4366 aliquando
2926 4294 3224 4365 perpendas
3264 4303 3319 4350 et
3355 4309 3418 4349 ea

1831 4387 1992 4444 simul
2041 4388 2296 4444 memoria
2325 4399 2698 4458 reputes,qn:e
2725 4387 2792 4442 de
2822 4387 2930 4440 vita
2958 4387 3225 4457 rebusque
3250 4388 3419 4442 nostri

1834 4478 2025 4534 tradita
2070 4479 2317 4550 legimus,
2346 4478 2398 4534 id
2428 4479 2654 4534 innuere
2681 4477 2817 4532 velle
2843 4475 3071 4543 videtur,
3108 4491 3166 4532 se
3199 4475 3421 4532 Arnobii

201 4592 272 4648 ν.
320 4590 426 4647 Sed
466 4599 522 4644 ut
544 4587 610 4643 de
639 4596 859 4642 auctore
898 4583 1113 4639 denmm
1158 4580 1380 4651 ejusque
1404 4593 1569 4650 opere
1597 4592 1719 4632 ser-
1750 4571 1804 4634 D
1831 4573 2298 4644 aliquemcumque
2348 4569 2585 4636 unicum,
2629 4579 2689 4625 ut
2733 4577 2917 4640 postea
2971 4569 3236 4639 apparuit,
3267 4569 3417 4624 codi-

135 4700 353 4744 monem
380 4683 803 4750 concludamus,
833 4695 898 4736 ex
929 4693 1035 4733 uno
1063 4675 1350 4748 superstite
1397 4689 1500 4729 ms.
1540 4672 1727 4730 codice
1835 4682 1952 4724 cem
1979 4667 2034 4722 in
2067 4667 2228 4724 terris
2257 4663 2497 4729 remotis,
2530 4662 2667 4719 forte
2711 4663 2762 4716 in
2792 4661 3114 4730 germanicis
3140 4661 3221 4716 vel
3249 4660 3420 4733 belgi-

136 4779 484 4840 bibliothecte
512 4778 792 4840 vaticante,
820 4773 1144 4845 octingentis
1171 4779 1223 4827 et
1249 4769 1485 4841 amplius
1529 4765 1730 4822 abhinc
1835 4760 1914 4815 cis
1937 4760 2048 4814 oris
2071 4755 2492 4829 deprehendisse
2517 4771 2579 4810 ac
2607 4755 2658 4808 in
2678 4754 2974 4808 vaticanam
3001 4753 3128 4808 bibl.
3155 4753 3420 4809 intulisse.

141 4875 298 4931 annis
327 4874 558 4944 eleganti
591 4873 908 4928 charactere
937 4875 1158 4922 exarato
1183 4882 1197 4929 ;
1229 4865 1318 4934 qui
1350 4870 1533 4932 postea
1559 4859 1612 4914 in
1642 4874 1730 4914 re-
1838 4851 1970 4907 Nam
2002 4850 2143 4944 quod
2178 4850 2244 4944 ad
2272 4845 2688 4944 primamhujus
2707 4845 3032 4944 conjecturae
3060 4855 3265 4917 partem
3286 4848 3426 4944 atti-

142 4972 285 5040 333m
315 4939 694 5022 bibliothecam
724 4960 1080 5033 parisiensem
1109 4957 1349 5023 transiit,
1376 4954 1522 5009 curis
1552 4952 1735 5006 Fausti
1836 4954 1949 5008 net,
1981 4939 2576 5040 szepius‘imversiculis
2601 4939 2713 4994 suis
2740 4939 2954 5040 populos
2982 4950 3147 4996 truces
3172 4950 3219 4996 et
3260 4941 3425 5040 feros,

143 5034 319 5118 ἑαὺωὶ
349 5058 545 5130 prodiit
570 5055 750 5128 operis
770 5052 1066 5110 Arnobiani
1093 5051 1341 5121 princeps
1371 5061 1592 5102 romana
1622 5045 1737 5101 edi-
1839 5039 2153 5130 mediamque
2177 5034 2461 5130 barbariem
2476 5045 2681 5130 crepat,
2703 5034 2847 5130 unde
2862 5050 3072 5130 summo
3096 5051 3217 5092 cum
3242 5035 3431 5130 discri-

150 5155 220 5210 tio
249 5124 395 5208 anno
429 5150 588 5206 1542.
608 5124 766 5203 ⁷Πειηρ
795 5162 923 5202 vero
951 5144 1210 5200 insecutae
1237 5149 1361 5197 sunt
1390 5137 1696 5208 complures
1718 5176 1734 5202 ,
1843 5131 1989 5186 mine
2015 5127 2264 5184 etlabore
2285 5124 2468 5182 etsuis
2483 5125 2618 5183 adeo
2634 5125 2933 5198 sumptibus
2947 5127 3159 5184 codices
3179 5128 3430 5199 antiquos

148 5248 388 5303 virorum
421 5243 780 5310 eruditorum,
812 5239 1046 5304 Canteri,
1073 5235 1292 5302 Ursini,
1319 5231 1735 5297 Elmenltorstii,
1844 5223 2166 5295 protulerit.
2214 5235 2441 5292 quorum
2493 5219 2945 5292 exquirendorum
2988 5237 3147 5277 causa
3193 5237 3222 5276 3
3251 5221 3430 5278 Leone

153 5337 478 5404 Stewecltii,
540 5332 763 5390 Heraldi
829 5331 1171 5400 aliorumque
1229 5326 1409 5383 studio
1472 5323 1739 5394 exiiolitac.
1845 5333 1979 5390 papa
2007 5326 2061 5372 et
2100 5315 2216 5386 ejus
2266 5316 2522 5388 deinceps
2571 5317 2974 5374 successoribus
3024 5319 3218 5374 missus
3267 5327 3430 5375 esset.

154 5435 407 5490 Omnium
446 5427 886 5486 emendatissima
931 5422 1288 5487 existimatur,
1339 5435 1460 5492 qua:
1503 5417 1745 5489 Lugduni
1848 5411 2108 5468 Eumdem
2130 5411 2380 5467 autemiu
2409 5412 2707 5467 vaticanatn
2732 5413 2799 5468 ab
2829 5428 2896 5468 eo
2925 5412 3091 5470 fuisse
3117 5413 3430 5483 repositum,

159 5530 513 5593 Batavorum,
545 5538 689 5579 anno
720 5520 887 5587 1651,
921 5536 989 5575 ex
1017 5517 1333 5574 recensione
1369 5514 1468 5569 viri
1508 5513 1690 5569 celebe

1853 5515 1962 5560 tum
1992 5502 2174 5568 ofﬁcii,
2203 5503 2346 5575 quod
2378 5504 2475 5574 ipsi
2522 5503 2891 5569 incumbebat,
2928 5502 3163 5559 rationes
3182 5504 3430 5574 suadent,

159 5624 279 5679 rimi
305 5622 555 5692 evulgata
581 5626 686 5681 est,
717 5615 940 5685 adjectis
965 5622 1221 5682 praeterea
1255 5607 1479 5680 integris
1506 5605 1743 5660 omnimn
1853 5607 1962 5652 tum
1991 5597 2418 5692 vero‘eXpressis
2445 5595 2613 5692 li‘ttlvii
2647 5595 2844 5692 llrsini,
2870 5595 3039 5692 ipsius
3067 5611 3280 5667 quoque
3327 5599 3434 5654 Ar-

161 5683 568 5774 commentariis
591 5728 606 5764 :
629 5709 696 5764 ad
726 5683 882 5780 quam
911 5703 1254 5776 postmodum
1277 5708 1466 5758 exacta
1489 5697 1588 5755 fuit
1613 5695 1752 5769 pari-
1856 5689 2000 5747 nobii
2052 5687 2310 5752 editoris,
2353 5685 2805 5780 verbis,_epistola
2835 5683 2972 5780 ante‘
3002 5703 3280 5745 romanam
3307 5691 3435 5748 alte-

160 5809 356 5866 sicnsis
384 5805 509 5862 anni
556 5801 714 5859 1666.
743 5776 952 5857 'Priorii
982 5805 1049 5862 et,
1081 5793 1298 5853 selectis
1323 5793 1564 5848 aliorum
1613 5787 1753 5844 notis
1855 5799 1970 5838 ram
2001 5782 2069 5839 ad
2113 5781 2429 5854 Gregorium
2461 5776 2581 5832 XIII
2631 5776 2972 5836 dedicatione
3001 5780 3278 5853 inspersis,
3309 5799 3440 5840 con-

163 5904 441 5969 adornata,
492 5896 848 5971 operibusque
892 5891 1145 5964 Cypriani
1188 5888 1449 5960 subjecta.
1494 5883 1755 5954 Quamvis
1858 5881 2118 5943 lirmatur,
2139 5875 2333 5947 quibus
2365 5871 2658 5931 Arnobium
2687 5869 2919 5942 primum
2966 5877 3277 5934 evaticana
3304 5876 3436 5940 bibl.
