3942 6284
558 340 665 423 35's

1876 330 1966 414 ne
2003 352 2305 414 summo
2332 351 2517 412 anno

3716 332 3814 411 556

554 481 608 536 in
641 480 813 536 lucem
840 477 1099 549 prodiisse
1146 482 1395 532 testatur.
1425 473 1541 530 Jam
1572 474 1672 529 fuit
1715 472 2000 544 aliquando
2026 471 2136 527 Lu-
2164 473 2211 532 A
2251 472 2549 528 affirmatur
2580 472 2633 527 in
2661 471 2950 544 privilegio
2978 484 3008 527 a
3035 468 3204 525 Paulo
3254 468 3338 536 lli,
3373 469 3472 540 ipsi
3500 484 3744 527 concesso
3768 481 3816 527 et

553 570 729 625 doviei
772 567 1041 624 Carrionis
1088 571 1202 623 hinc
1253 567 1436 636 opinio
1464 564 1567 637 (i),
1620 564 1859 620 omnium
1890 564 2144 633 deinceps

554 661 830 716 doctorum
876 660 1151 715 hominum
1199 673 1423 714 assensu
1475 655 1843 728 comprobata,
1900 655 2144 710 codicem

556 752 797 819 Arnobii,
816 753 905 823 qui
925 751 978 807 in
1000 749 1321 808 bibliotheca
1346 751 1489 821 regia
1515 748 1803 819 parisiensi
1826 756 1997 813 extat,
2021 763 2142 802 eum

553 846 725 914 ipsum
753 860 894 907 esse,
923 859 990 899 ex
1032 859 1139 912 quo
1193 843 1439 899 Sabaznm
1468 857 1590 896 eum
1639 840 1742 894 luci
1788 840 1959 906 daret,
1985 839 2142 909 quod,

560 957 675 1013 qua:
694 942 760 994 sit
782 940 835 993 in
864 955 1076 994 romana
1104 938 1270 1008 prima
1300 936 1545 990 librorum
1571 935 1780 989 illorum
1805 932 2146 1002 publicatione

554 1035 861 1106 paginarum
906 1033 1100 1103 aliquot
1125 1034 1180 1086 in
1207 1031 1433 1086 alienum
1455 1031 1621 1085 locum
1647 1029 2001 1097 transpositio,
2034 1037 2147 1082 tan-

552 1126 667 1181 dem
695 1125 789 1185 ltoc
818 1125 872 1179 in
900 1123 1026 1179 libro
1054 1140 1161 1181 esse
1218 1134 1434 1177 constet.
1469 1120 1627 1178 Unde
1654 1121 1956 1191 suspicatur
2000 1119 2147 1175 codi-

550 1236 668 1276 cem
696 1219 840 1274 hunc
880 1234 984 1277 una
1013 1232 1135 1273 eum
1163 1226 1309 1273 textu
1342 1217 1482 1289 typis
1510 1232 1606 1286 per
1632 1216 2052 1271 Priscianensem
2079 1228 2147 1269 ex

550 1312 752 1383 scripto
780 1312 1066 1368 Francisco
1111 1310 1353 1366 oblatum
1381 1308 1570 1364 fuisse.
1604 1308 1756 1377 Quod
1781 1309 1828 1363 si
1866 1317 2012 1364 recte
2056 1306 2149 1362 ille

552 1407 854 1477 conjecisse
876 1404 1143 1475 putandus
1171 1415 1275 1468 est,
1304 1414 1360 1458 ut
1384 1403 1660 1474 probabile
1694 1406 1763 1458 sit
1787 1417 2000 1474 quoque
2015 1401 2141 1469 hoc,

553 1500 695 1571 quod
723 1499 944 1554 alterius
976 1513 1213 1554 romanae
1246 1506 1462 1552 curator
1490 1496 1648 1551 Fulv.
1670 1494 1896 1551 Ursinus
1919 1494 2142 1561 codicis,

552 1611 659 1667 quo
691 1602 956 1660 uteretur,
985 1594 1314 1651 mentionem
1349 1592 1546 1650 nullam
1575 1591 1706 1646 facit
1738 1609 1753 1657 ;
1782 1591 1935 1661 jussu
1965 1590 2145 1661 ponti-

552 1692 667 1747 ﬁcis
698 1690 849 1746 Pauli
870 1690 939 1745 Ill
976 1689 1081 1745 huc
1106 1689 1304 1744 factum
1343 1703 1463 1743 esse
1520 1694 1750 1757 oportet.
1783 1684 1942 1742 Certe
1969 1685 2139 1741 codex

2249 567 2450 637 aliquot
2476 582 2503 619 a
2536 565 2720 621 limine
2766 564 2973 636 paginis
3000 564 3286 635 impresso,
3331 563 3382 617 in
3412 579 3515 633 quo
3547 563 3816 635 typothetae

2249 677 2433 716 errore
2461 659 2674 726 accidit,
2724 667 2781 714 ut
2820 660 2945 714 anni
2991 669 3113 713 ncta
3158 656 3293 712 falso
3331 670 3514 711 unum
3560 655 3675 713 loco
3720 674 3818 714 mi

2253 752 2615 826 (Pontiﬁcalus
2647 751 2804 807 Pauli
2831 769 2968 807 anno
2990 751 3188 819 octavo)
3217 750 3627 806 cxscriberetur.
3661 749 3812 820 Hujus

2250 846 2504 901 editionis
2543 824 2874 915 exemplaria
2924 844 3046 909 tria,
3077 859 3241 898 unum
3294 858 3413 897 cum
3443 842 3817 897 emendationi—

2250 932 2359 993 bus~
2379 950 2434 993 et
2462 940 2625 994 variis
2654 938 2971 993 lectionibus
3016 953 3175 991 manu
3203 936 3319 991 Jac.
3355 935 3705 1008 Dalechampii
3732 952 3818 991 ex-

2248 1035 2430 1097 aratis,
2459 1032 2685 1087 alterum
2730 1047 2851 1087 cum
2905 1032 3047 1087 notis
3096 1041 3147 1087 et
3177 1030 3641 1086 cmendationibus
3661 1047 3689 1085 a
3714 1031 3816 1086 Nic.

2249 1123 2480 1195 Rigaltio
2507 1125 2812 1197 exscriptis,
2843 1125 3057 1181 tertium
3107 1139 3228 1179 cum
3272 1122 3533 1195 glossario
3571 1122 3821 1180 Francisci

2249 1217 2443 1274 Pithmi
2473 1207 2529 1274 et
2554 1218 2731 1274 iudice
2758 1234 2937 1274 rerum
2984 1226 3039 1275 et
3083 1218 3391 1279 verborum,
3440 1232 3644 1273 necnon
3678 1217 3823 1273 resti-

2253 1312 2546 1367 tutionibus
2587 1321 2643 1368 et
2686 1312 3011 1383 conjecturis
3083 1309 3464 1382 marginalibus
3505 1309 3589 1365 Jo.
3635 1309 3815 1365 Passe-

2249 1406 2369 1462 ratii
2415 1421 2546 1462 mss.
2579 1416 2765 1462 extant
2795 1407 2847 1461 in
2897 1403 3146 1462 biblioth.
3187 1404 3331 1476 regia
3358 1403 3658 1475 parisiensi.
3696 1401 3821 1459 Vide

2249 1496 2386 1568 Cat.,
2411 1507 2450 1554 t.
2481 1515 2520 1569 ι,
2550 1514 2605 1571 p.
2637 1499 2763 1555 567.

2962 1637 3124 1697 1546.

554 1788 735 1857 regius
764 1800 832 1840 ex
875 1784 1022 1840 omni
1054 1782 1178 1839 inde
1225 1792 1470 1849 tempore
1516 1793 1614 1850 pro
1644 1778 1800 1833 unico
1828 1778 2057 1840 habitus,
2090 1784 2147 1832 et
2174 1790 2224 1852 Β
2323 1776 2578 1840 Basileae,
2638 1774 2778 1846 apud
2826 1772 3191 1840 Frobenium,
3241 1771 3410 1840 in-S',
3439 1769 3645 1826 Arnobii
3685 1762 3823 1840 Disp.

556 1888 828 1947 tamquam
850 1878 1115 1933 tutissima
1135 1877 1349 1932 critices
1374 1874 1683 1930 arnobiana:
1713 1872 1920 1945 regula,
1954 1872 2148 1942 dignus

553 1971 836 2041 judicatus
861 1978 963 2037 est,
987 1970 1076 2038 qui
1114 1970 1314 2024 iterum
1345 1978 1517 2038 atque
1547 1967 1740 2023 iterum
1771 1983 1800 2019 a
1832 1966 1960 2019 viris
1979 1963 2150 2018 doctis

559 2076 921 2124 excuteretur.
953 2066 1057 2122 Sed
1101 2066 1166 2121 ad
1199 2065 1453 2121 Sabmum
1487 2063 1789 2118 redeamus.
1816 2060 1867 2117 is
1894 2061 2057 2131 igitur
2078 2060 2151 2114 ita

557 2162 838 2232 epistolam
902 2160 1347 2231 nuncupatoriam
1398 2158 1729 2214 exorditur:
1780 2177 1799 2209 ‹
1830 2155 2149 2212 Jamdudum

559 2258 820 2313 bonarum
849 2252 1045 2310 artium
1073 2250 1303 2307 studiosi
1329 2291 1343 2315 ,
1369 2248 1459 2320 qui
1486 2264 1573 2304 me
1601 2263 1705 2302 non
1737 2247 1945 2318 vulgari
1969 2262 2153 2302 amore

558 2358 978 2423 prosequuntur,
1007 2344 1338 2417 quotidianis
1382 2340 1905 2413 expostulationibus
1934 2348 1989 2394 et
2018 2354 2155 2409 pene

558 2445 803 2501 convicio
852 2440 1193 2504 infestarunt,
1221 2438 1363 2509 quod
1395 2453 1514 2492 cum
1564 2434 1741 2490 studio
1772 2434 2072 2489 litterarum
2100 2441 2157 2487 et

559 2534 862 2593 credulitati
903 2541 1102 2588 nostra:
1141 2531 1338 2587 divinas
1379 2527 1663 2599 suﬂ'ragari
1712 2540 1933 2596 possem
1978 2534 2030 2579 et
2058 2523 2153 2579 de-

560 2630 766 2694 berem,
796 2628 848 2682 in
876 2627 993 2682 dies
1036 2639 1216 2679 moras
1263 2622 1430 2679 moris
1454 2630 1852 2675 connecteretn.
1884 2617 1940 2671 In
1993 2631 2153 2672 causa

560 2733 696 2789 erat,
725 2719 866 2793 quod
896 2717 1189 2774 Arnobium
1219 2715 1458 2787 pristinae
1489 2710 2150 2783 religionis—eversorem

560 2817 952 2891 supprimerem
995 2821 1051 2867 et
1082 2809 1212 2865 mihi
1264 2808 1613 2864 vindicarem.
1648 2804 1847 2862 Contra
1891 2819 1990 2875 ego
2019 2802 2156 2860 infe-

561 2911 746 2966 rebam
795 2909 967 2978 ipsum
1019 2904 1181 2959 variis
1220 2911 1274 2958 et
1322 2898 1705 2971 multiplicibus
1756 2897 1965 2953 mendis
1994 2907 2155 2968 atque

563 3002 837 3061 erroribus
865 2999 1298 3065 refertissimum,
1330 3007 1384 3052 et
1413 2995 1638 3051 multum
1669 3002 1930 3048 mutatum
1969 2991 2155 3048 abillo

560 3098 650 3169 qui
695 3096 870 3152 fuerat
898 3093 1166 3167 quondam
1191 3108 1283 3147 ora
1315 3090 1597 3146 doctorum
1627 3088 1901 3143 hominum
1943 3085 2153 3141 subter-

560 3192 745 3263 fugere
765 3202 820 3245 et
847 3188 1047 3244 rubore
1093 3183 1349 3251 suffundi.
1380 3183 1515 3237 Tum
1545 3179 1909 3235 illi—omnem
1936 3192 2152 3249 operam

562 3294 616 3341 et
670 3282 905 3339 studium
955 3281 1007 3335 in
1055 3294 1218 3334 unum
1250 3275 1634 3332 convenientes
1685 3272 2158 3340 adhibuere,ut-—-

564 3381 773 3447 integer
800 3384 855 3429 et
898 3369 1301 3427 abetersus—in
1332 3366 1605 3439 publicum
1646 3364 1883 3436 prodiret
1916 3371 2009 3417 :et
2035 3363 2157 3433 quia

567 3471 684 3543 ejus
713 3468 920 3525 curatio
952 3469 1003 3521 in
1036 3465 1253 3536 longum
1293 3459 1712 3534 protrahebatur
1739 3457 1979 3531 (difficile
2012 3458 2155 3511 enim

562 3574 680 3620 erat
722 3562 921 3618 multos
968 3558 1196 3615 diversis
1225 3554 1454 3626 negotiis
1510 3553 1830 3625 prmpeditos
1874 3551 1941 3605 ad
1971 3550 2155 3605 horam

563 3657 934 3737 prmscriptam
960 3652 1200 3708 invenire
1225 3648 1638 3719 etconveuire),
1664 3644 2005 3716 Hieronymus
2029 3642 2159 3698 Fer-

563 3752 733 3807 rarius
775 3758 830 3806 et
870 3746 1182 3808 Franciscus
1209 3742 1609 3809 Prisciauensis,
1638 3740 1735 3795 viri
1763 3738 2058 3795 doctissimi
2105 3744 2161 3793 et

566 3845 766 3916 ingenii
802 3852 857 3899 et
885 3839 1074 3914 judieii
1123 3834 1604 3910 perspicacissimi,
1658 3831 1960 3887 emendandi
1987 3840 2035 3886 et
2062 3833 2159 3885 im-

567 3937 821 4013 primendi
858 3934 1151 3991 Arnobium
1201 3929 1535 4002 provinciam
1576 3936 1971 3998 susceperunt;
2003 3934 2057 3980 et
2086 3926 2158 3980 ita

568 4030 798 4087 feliciter
821 4037 948 4085 sunt
985 4025 1240 4091 assecuti,
1269 4034 1329 4079 ut
1353 4023 1505 4079 illum
1531 4037 1561 4076 a
1584 4022 1747 4077 variis
1769 4029 1823 4077 et
1843 4019 2157 4083 enormibus

567 4126 713 4182 vitiis
767 4134 929 4197 atque
970 4120 1247 4176 erroribus
1298 4115 1627 4172 vindicarint
1668 4131 1682 4167 :
1731 4122 1843 4169 tum
1902 4111 2163 4182 eleganti-

569 4222 668 4277 bus
698 4229 751 4275 et
778 4214 1158 4290 pulcherrimis
1182 4211 1321 4284 typis
1347 4211 1667 4280 impressum
1696 4208 1749 4264 in
1781 4207 2011 4275 stadium
2040 4221 2163 4278 pro-

568 4314 859 4377 duxerint,
891 4324 979 4366 me
1008 4322 1138 4364 vero
1177 4320 1208 4360 a
1251 4301 1532 4359 calumniis
1575 4309 1629 4356 et
1673 4299 1933 4357 molestiis
1986 4299 2166 4354 absol-

567 4404 767 4467 verint.
820 4421 841 4455 ι
873 4400 1002 4457 Haec
1051 4397 1159 4453 ille.
1214 4395 1293 4452 Ex
1343 4393 1538 4464 quibus
1594 4390 1752 4446 facile
1795 4390 2165 4462 unusquisque

569 4510 897 4570 componere
926 4501 1123 4565 potest,
1151 4505 1270 4561 qua:
1319 4487 1529 4543 diversa
1575 4495 1631 4542 et
1677 4484 1778 4539 sibi
1808 4484 2159 4555 repugnantia
2186 4491 2239 4554 1)

567 4594 766 4666 passim
799 4606 829 4645 a
876 4587 1106 4645 diversis
1134 4585 1329 4653 scripta
1368 4581 1438 4637 de
1469 4579 1571 4635 hac
1625 4576 1859 4639 editione
1902 4576 2157 4645 inveniet,

568 4690 866 4760 quibusque
895 4678 1207 4740 refellendis
1232 4691 1451 4749 operam
1504 4688 1703 4729 navare
1743 4687 1846 4728 nec
1872 4681 2030 4727 vacat
2055 4687 2156 4727 nec

569 4781 737 4837 lubet.
788 4777 902 4832 [ioc
953 4772 1252 4835 addamus,
1293 4767 1584 4829 editionem
1638 4765 1779 4820 hanc
1818 4774 2065 4837 typorum
2111 4773 2165 4829 et

572 4876 771 4933 charta:
796 4869 1058 4941 elegantia
1086 4882 1207 4923 esse
1237 4861 1748 4935 splendidissimam.
1769 4858 1925 4917 Unde
1944 4859 2164 4930 omnino

570 4968 829 5025 miramur
844 4978 963 5018 cum
981 4967 1271 5031 purpurato
1291 4955 1485 5030 Brixia;
1510 4954 1756 5009 litteratae
1773 4965 1989 5009 auctore
2016 4952 2076 5027 (t.
2104 4972 2161 5021 ll,

569 5080 626 5135 p.
662 5055 787 5131 192)
815 5099 828 5125 ,
857 5052 1127 5111 hominem
1155 5049 1240 5107 cui
1272 5048 1347 5103 nil
1373 5048 1701 5120 frequentius
1732 5046 1785 5101 in
1812 5062 1927 5116 ore,
1960 5063 2117 5118 quam
2144 5066 2159 5104 :

571 5155 824 5226 Langueo
838 5156 892 5203 et
904 5141 1439 5216 esurio(2),suinptus
1451 5140 1517 5194 ad
1536 5139 1765 5211 amplam
1785 5154 1900 5194 eam
1918 5138 2164 5195 nitidam-

573 5266 677 5324 quc
699 5245 987 5305 editionem
1007 5238 1345 5315 suppeditare
1368 5236 1630 5308 potuisse.
1654 5233 1769 5293 Hoc
1800 5235 1940 5291 enim
1960 5233 2164 5291 diserte

654 5430 733 5501 (ι)
763 5428 819 5485 Ir.
860 5422 1175 5501 emendate,
1200 5418 1386 5501 iis},
1417 5432 1474 5501 ρ.
1504 5416 1559 5483 9,
1580 5416 1670 5501 τρι.
1699 5418 1795 5501 is,
1825 5420 1935 5501 ed.__
1954 5419 2151 5501 Raris,

576 5489 754 5570 1583',
803 5489 1167 5570 iii-4°.Qnte
1200 5493 1251 5548 in
1306 5489 1665 5570 Scaligeranis
1690 5489 1806 5570 _(_ed.
1838 5506 1873 5570 a_
1896 5489 2154 5570 Cologne',

576 5560 934 5636 4695,'in-8°,
968 5560 1139 5641 p.35)
1173 5577 1335 5634 super
1374 5560 1475 5616 huc
1503 5560 1942 5643 brnobiicodice
1974 5560 2160 5632 legun-

576 5656 687 5713 tur,
721 5660 781 5701 ea
814 5643 1050 5713 Optimus
1066 5645 1388 5713 auctorpec
1415 5648 1627 5713 curiose
1664 5642 1795 5713 satis
1822 5642 2160 5713 commenta.

576 5702 964 5785 tus'esse,i'nee
990 5712 1079 5785 qui
1108 5705 1465 5785 describeret.
1495 5712 1643 5785 recte
1669 5702 1862 5785 legisse
1892 5702 2122 5785 videtur.

652 5785 731 5858 (2)
757 5772 889 5911 Y‘ide
925 5772 1187 5855 quotquot
1210 5778 1302 5834 ille
1330 5791 1399 5833 ex
1425 5772 1898 5848 epigrammatibus
1940 5776 2158 5847 protulit

652 5873 766 5911 emt)
826 5894 840 5911 ο

582 5873 840 5927 exempta.

2253 1870 2493 1924 adversus
2522 1877 2690 1940 gentes
2718 1868 2833 1922 libri
2862 1882 2953 1923 vnt
2976 1909 2989 1932 ,
3020 1882 3154 1920 nunc
3183 1865 3386 1920 demum
3430 1865 3502 1920 sic
3547 1864 3759 1918 accurati
3780 1870 3829 1915 ut

2255 1964 2317 2016 ab
2346 1962 2555 2016 eruditis
2584 1962 2693 2015 sine
2715 1959 2826 2015 ulla
2864 1958 3197 2028 oﬁ'ensatione
3226 1969 3273 2013 et
3303 1975 3418 2013 cum
3457 1959 3647 2028 majore
3672 1955 3831 2010 lectio-

2256 2058 2334 2111 nis
2375 2071 2543 2125 Opera:
2572 2055 2732 2126 pretio
2758 2053 2991 2126 cognosci
3036 2053 3248 2124 possint.
3300 2052 3522 2107 Accessit
3572 2049 3723 2104 index
3757 2063 3835 2102 εο-

2256 2163 2389 2212 rum,
2415 2161 2530 2220 qua:
2562 2154 2741 2200 natatu
2787 2146 2945 2218 digna
2972 2153 3109 2200 sunt.
3161 2143 3544 2214 Sigismundus
3594 2139 3832 2197 Gelenius

2257 2240 2309 2294 in
2335 2240 2561 2309 epistola
2593 2238 2982 2309 nuncupatoria
3012 2237 3079 2292 ad
3107 2235 3410 2291 Gilbertum
3434 2233 3727 2306 Cognatum
3754 2246 3834 2286 ca-

2258 2332 2510 2386 nonicum
2533 2342 2961 2395 nazoretensem,
2988 2338 3269 2400 postquam
3300 2327 3745 2399 comparationem
3760 2324 3835 2377 in-

2255 2437 2339 2482 ter
2368 2424 2712 2481 Lactantium
2736 2434 2789 2481 ct
2820 2425 3115 2479 Arnobium
3145 2423 3492 2479 instituerat:
3531 2439 3549 2475 ι
3578 2418 3681 2475 Sed
3705 2417 3835 2473 hanc

2260 2534 2569 2584 censuram,
2602 2518 2799 2590 pergit,
2832 2517 3034 2573 criticis
3082 2516 3459 2588 relinquimus,
3510 2513 3664 2570 nobis
3717 2510 3837 2567 nihil

2259 2615 2585 2685 sumpsimus
2632 2614 2730 2667 nisi
2758 2610 3119 2683 castigationis
3160 2611 3425 2667 laborem.
3467 2609 3599 2665 Nam
3628 2605 3839 2663 Romani

2260 2715 2319 2762 ut
2368 2706 2617 2763 candoris
2665 2708 2716 2762 in
2769 2705 3236 2772 communicando,
3271 2707 3325 2759 in
3356 2702 3761 2760 transcribendo
3785 2700 3838 2755 fi-

2257 2802 2344 2857 dei
2371 2801 2582 2858 laudem
2607 2812 2978 2871 promerentur
3000 2844 3014 2868 ,
3047 2800 3118 2854 ita
3161 2800 3342 2870 negari
3372 2814 3483 2854 non
3538 2804 3707 2868 potest
3734 2792 3841 2850 nul-

2257 2894 2366 2949 lum
2397 2910 2491 2951 eos
2541 2893 2850 2949 adhibuisse
2877 2893 2931 2947 in
2963 2890 3204 2963 legendis
3233 2891 3428 2962 priscis
3454 2887 3841 2946 characteribus

2258 2988 2608 3045 exercitatum
2649 3006 2663 3043 :
2706 3003 2815 3059 quo
2843 2984 3144 3054 saepissime
3175 2983 3374 3041 factum
3401 2993 3506 3050 est,
3535 2994 3591 3038 ut
3617 2998 3719 3036 non
3742 2989 3843 3033 tam

2260 3083 2528 3139 sinceram
2558 3081 2872 3147 lectionem,
2905 3094 3066 3150 quam
3094 3078 3212 3151 ejus
3243 3078 3469 3151 vestigia
3496 3070 3841 3147 prodiderint,

2262 3193 2356 3248 per
2385 3192 2503 3247 quae
2531 3177 2623 3230 vix
2649 3174 2976 3247 pedetentim
3026 3172 3092 3228 ad
3117 3175 3399 3227 veritatem
3429 3170 3661 3228 evadere
3681 3163 3845 3239 potui-

2260 3285 2398 3325 mus.
2436 3270 2709 3325 Fateberis
2736 3284 2834 3325 nos
2862 3284 2969 3323 non
2999 3284 3133 3324 vana
3160 3268 3392 3339 jactare,
3422 3267 3467 3322 si
3500 3267 3554 3320 in
3582 3279 3689 3319 uno
3716 3273 3844 3332 quo-

2260 3363 2340 3419 vis
2373 3363 2622 3418 ternione
2664 3364 2958 3433 periculum
2999 3348 3177 3418 facere
3226 3362 3486 3427 libuerit;
3513 3368 3697 3415 nostra
3738 3353 3846 3408 hzec

2261 3456 2427 3512 editio
2458 3456 2665 3527 planior
2683 3456 2751 3510 sit
2776 3472 2843 3511 an
2876 3456 2962 3511 illa
2993 3457 3183 3511 altera.
3213 3455 3311 3509 Est
3356 3455 3502 3511 enim
3530 3455 3719 3524 ingens
3747 3447 3849 3503 dis-

2262 3551 2469 3607 crimen
2500 3559 2555 3606 et
2586 3558 2844 3621 quantum
2889 3565 2997 3606 non
3042 3549 3201 3606 facile
3241 3549 3437 3605 credas
3486 3549 3590 3605 nisi
3621 3548 3705 3602 illa
3737 3557 3847 3617 per-

2264 3654 2493 3717 gustata.
2523 3664 2542 3697 »
2572 3675 2645 3685 -
2668 3643 2874 3701 Prmter
2919 3645 3148 3701 indicem
3179 3646 3230 3701 in
3279 3646 3439 3702 titulo
3469 3645 3736 3701 laudatum
3763 3655 3846 3694 ac-

2263 3740 2424 3795 cessit
2472 3739 2633 3797 etiam
2677 3739 2943 3796 indiculus
2991 3750 3272 3797 auctorum
3298 3739 3369 3796 ab
3401 3738 3646 3796 Arnobio
3674 3733 3849 3803 lauda-

2264 3842 2439 3890 torum
2448 3874 2464 3891 ο

2983 3948 3143 4007 1560.

2336 4087 2582 4155 Basileae,
2612 4087 2754 4159 apud
2780 4087 3001 4145 Hieron.
3036 4088 3295 4157 Froben.,
3328 4090 3498 4160 in-8',
3543 4090 3613 4146 D.
3647 4083 3851 4143 Arnobii

2266 4179 2381 4248 Afri
2428 4180 2780 4235 commentarii
2828 4182 2881 4236 in
2925 4197 3099 4237 omnes
3141 4183 3386 4253 psalmos,
3418 4199 3486 4239 ea:
3511 4179 3856 4238 emendatione

2266 4272 2518 4329 Desiderii
2544 4274 2774 4330 Erasmi.
2810 4276 3066 4331 Accedunt
3106 4277 3333 4347 ejusdem
3362 4278 3580 4333 Arnobii
3617 4274 3733 4331 libri
3759 4283 3855 4326 ml

2265 4367 2681 4439 Disputationum
2723 4370 2964 4425 adversus
3013 4380 3202 4442 gentes,
3250 4387 3314 4426 ex
3361 4371 3657 4429 recensione
3695 4366 3858 4439 Sigis-

2267 4463 2444 4517 mundi
2474 4461 2691 4522 Gelenii.
2719 4460 2833 4518 Cal.
2858 4464 2922 4518 de
2941 4464 2993 4519 la
3012 4462 3149 4520 Bibl.
3185 4463 3343 4537 Roy.,
3373 4473 3415 4521 t.
3454 4483 3493 4535 Ι,
3522 4482 3578 4538 p.
3608 4463 3735 4522 567.

2990 4596 3148 4655 1580.

2337 4732 2575 4799 Parisiis,
2628 4732 2767 4804 apud
2810 4733 2973 4789 Mich.
3017 4734 3310 4805 lulianum,
3341 4739 3604 4797 in-folio:
3642 4757 3663 4792 s
3692 4738 3854 4793 Arno-

2267 4826 2336 4880 bii
2361 4828 2478 4881 libri
2507 4837 2621 4882 octo
2639 4844 2671 4882 a
2701 4828 3034 4899 Sigismundo
3071 4828 3280 4887 Gelenio
3316 4836 3565 4902 primum,
3585 4835 3701 4891 dein
3728 4849 3759 4886 α
3788 4830 3850 4885 R.

2268 4917 2544 4976 Laurentio
2592 4921 2942 4992 castigatiores
2980 4924 3150 4978 emissi
3180 4967 3194 4991 ,
3246 4943 3361 4981 cum
3413 4927 3751 4984 Tertulliano.
3793 4926 3855 4980 fi.

2256 5014 2427 5071 Lam.
2456 5015 2527 5071 de
2552 5016 2598 5069 la
2627 5014 2812 5071 Barre.
2836 5016 3109 5087 Praecipua
3140 5018 3299 5090 hujus
3329 5022 3589 5079 editionis
3620 5024 3718 5078 dos
3742 5026 3858 5076 sunt

2267 5117 2579 5178 argumenta
2626 5108 2913 5179 unicuique
2957 5110 3095 5166 libro
3141 5111 3382 5181 przefixa,
3418 5116 3736 5188 marginalia
3763 5114 3856 5169 de-

2269 5201 2414 5267 inde,
2460 5212 2513 5256 et
2539 5200 2697 5256 index
2743 5216 2926 5257 rerum
2984 5206 3438 5263 memorabilium.
3485 5209 3601 5277 Qua
3659 5208 3857 5263 ratione

2274 5302 2475 5348 textum
2512 5292 2901 5360 reformaverit,
2933 5310 3053 5350 cum
3086 5297 3200 5365 ipse
3246 5299 3408 5367 plane
3434 5302 3613 5370 sileat,
3647 5301 3747 5356 nisi
3779 5314 3860 5355 se—

2272 5385 2399 5441 dulo
2431 5390 2828 5456 comparaveris
2883 5404 3004 5445 cum
3030 5390 3345 5460 Geleniana,
3377 5394 3467 5448 vix
3499 5394 3669 5450 dicas.
3697 5391 3860 5452 Scho—

2271 5478 2339 5535 lia
2361 5489 2540 5537 autem
2572 5480 2740 5538 textui
2769 5482 3008 5555 subjecta
3036 5499 3143 5540 non
3166 5487 3346 5558 magni
3372 5496 3505 5544 sunt
3533 5491 3712 5562 pretii.

3013 5618 3174 5676 1582.

2341 5753 2671 5824 Ληιιιθιρὶι,
2719 5770 2787 5812 ex
2831 5753 3047 5812 officina
3085 5758 3285 5816 Christ.
3336 5758 3575 5820 Plautini
3607 5782 3621 5818 :
3650 5760 3854 5819 Arnobii

2270 5846 2341 5903 Β.
2376 5848 2618 5906 “versus
2659 5858 2829 5922 gentes
2853 5847 2970 5906 libri
2994 5864 3201 5923 septem,
3231 5855 3483 5923 recogniti
3505 5866 3555 5914 et
3584 5861 3741 5915 aucti.
3778 5854 3853 5911 Ea
