3942 6278
120 300 235 357 ⁸564

1283 309 1559 370 ARNOBII
1595 313 1870 373 ΝΟΤΙΤΙΑ
1908 313 2367 386 ΕΒΙ¹ΓΙΟΝ11Μ.ΞΞ

3326 324 3434 382 562

120 402 231 484 gna
268 413 408 469 Bibl.
465 415 661 472 Eccles.
711 417 996 488 proferunt
1037 422 1266 493 primam
1320 426 1722 483 Elmenhorstii.
1752 433 1806 491 Α
1831 438 1953 484 tem.
1982 461 2055 471 -—
2075 429 2152 484 Μ.
2185 429 2401 486 Minucii
2429 428 2624 488 Felicis
2653 431 2916 489 Octavius.
2948 433 3128 491 Editio
3155 449 3292 494 nova
3315 480 3332 505 ,
3360 439 3428 494 ad

120 505 351 564 Nurrius
372 523 493 565 eam
525 510 774 565 manibus
807 513 1058 569 versavit.

194 600 381 668 Paris,
433 601 573 657 ino8°
618 621 632 655 :
683 602 1081 661 Arnobius......
1134 625 1251 663 cum
1300 609 1731 669 observationibus

116 692 243 766 Def.
275 694 520 751 Heraldi.
558 696 702 753 Citat
738 697 1022 756 Fabricius
1051 701 1090 755 l.
1122 698 1164 755 1.
1197 718 1267 757 an
1304 711 1487 771 recte,
1520 705 1722 762 dubito.

837 793 1000 850 1604.
1506 858 1511 863 ,

202 882 557 954 Αηινετρὶω,
620 885 761 957 apud
809 883 1000 943 Joach.
1071 887 1480 960 Trognaesium,
1538 891 1723 949 iri-8°:

111 975 469 1032 .1rnobius....
500 994 617 1031 cum
676 977 977 1035 Godescalci
1029 980 1298 1037 Stewecltii
1328 983 1543 1040 Electis.
1580 985 1725 1042 Con-

108 1066 193 1123 fer
228 1084 357 1139 qua:
386 1085 549 1142 supra
580 1070 647 1127 ad
674 1088 877 1129 annum
910 1073 1052 1131 1586
1091 1074 1236 1130 dicta
1267 1087 1414 1135 sunt.
1470 1078 1724 1134 lteratam

110 1162 460 1219 Stewecltius
503 1180 724 1235 operam
776 1167 1015 1223 Arnobio
1058 1183 1156 1224 suo
1196 1170 1488 1241 impendit,
1524 1172 1726 1228 Electis

104 1257 346 1325 primum
384 1260 802 1316 conscribendis
824 1302 841 1325 ,
869 1260 922 1316 in
966 1277 1075 1334 quo
1112 1265 1330 1336 negotio
1360 1265 1478 1321 solo
1509 1265 1725 1337 ingenio

107 1363 166 1403 se
202 1350 481 1406 confisum
530 1366 652 1407 esse
695 1353 930 1419 fatetur;
962 1354 1159 1411 deinde
1205 1373 1328 1414 cum
1372 1358 1574 1414 codicis
1615 1375 1721 1415 ms.

111 1439 391 1497 variantes
437 1440 698 1499 lectiones
745 1459 777 1500 a
822 1445 1114 1503 Francisco
1165 1446 1344 1505 Modio
1393 1450 1493 1520 ipsi
1540 1462 1724 1508 essent

103 1532 502 1603 suppeditata),
533 1537 727 1608 quibus
756 1537 936 1593 denuo
968 1538 1207 1595 laborem
1244 1540 1358 1611 jam
1410 1540 1719 1598 absolutum

103 1642 429 1699 aggressus,
457 1645 564 1685 non
596 1631 772 1687 solum
801 1632 972 1688 electa
1000 1634 1226 1689 meliora
1258 1634 1402 1700 fecit,
1426 1636 1521 1690 sed
1546 1637 1718 1707 ipsum

103 1736 323 1791 quoque
356 1722 586 1778 Arnobii
617 1733 816 1779 textum
846 1725 1069 1780 infinitis
1092 1726 1223 1781 locis
1254 1743 1313 1781 se
1337 1728 1715 1798 interpolasse,

1829 518 2119 576 editionem
2163 537 2439 577 romanam
2468 538 2747 594 expressa,
2786 524 3108 594 quibusdam
3137 536 3316 584 tamen
3378 532 3431 584 in

1830 613 1962 671 locis
1987 633 2018 672 e
2043 631 2148 671 ms.
2179 632 2295 687 reg.
2322 627 2478 672 aucta
2505 625 2561 671 et
2580 617 2887 674 emendata.
2920 619 3185 677 Desiderii
3211 623 3429 678 Heraldi

1829 707 1896 763 ad
1916 707 2140 763 Aruobii
2159 709 2326 765 libros
2350 726 2418 764 vn
2439 710 2938 767 animadversiones
2954 725 3009 768 et
3023 715 3429 786 castigationes.

1903 802 2196 856 Romanam
2227 802 2466 874 intellige
2496 803 2867 871 novissimam,
2898 822 3047 876 qum,
3083 819 3285 879 quanto
3314 809 3431 879 plu-

1830 907 1918 949 res
1947 902 2159 949 veteres
2186 894 2443 950 lectiones
2473 896 2737 961 restituit,
2771 906 2919 952 tanto
2947 901 3287 968 praestantior
3324 901 3429 971 ipsi

1828 988 1943 1041 visa
1982 996 2067 1042 est
2093 1003 2155 1042 ac
2200 988 2398 1058 saepius
2440 987 2674 1044 laudata.
2703 990 2820 1057 Quo
2850 991 3045 1046 factum
3075 1004 3178 1058 est,
3214 1005 3271 1049 ut
3300 1011 3432 1050 non-

1828 1078 1992 1133 nullis
2018 1080 2180 1133 etiam
2211 1081 2261 1133 in
2293 1080 2446 1143 locis,
2474 1081 2562 1135 ubi
2596 1081 2685 1135 illa
2717 1081 2996 1138 Gelenium
3028 1097 3210 1141 secula
3244 1099 3422 1156 esset,

1826 1186 1946 1226 eam
1977 1172 2257 1229 desereret
2283 1183 2337 1228 et
2368 1176 2449 1230 vel
2478 1173 2692 1232 Canteri
2721 1179 3043 1234 sententiam
3071 1181 3426 1250 amplectere-

1828 1273 1914 1318 tur
1955 1267 2040 1321 vel
2079 1266 2147 1322 de
2192 1283 2292 1323 suo
2319 1269 2566 1339 quaadam
2600 1269 2839 1326 inferret.
2872 1271 2946 1326 De
2974 1273 3198 1344 singulis
3228 1276 3280 1329 in
3306 1279 3425 1331 ani-

1826 1358 2330 1426 madversionibus,
2377 1361 2470 1416 sed
2520 1363 2861 1431 paucissimis
2905 1364 3123 1431 verbis,
3164 1366 3424 1437 judicium

1824 1451 1966 1516 tulit,
2000 1452 2224 1524 reliqua:
2258 1454 2338 1507 vel
2365 1469 2526 1510 sensu
2558 1455 2889 1512 declaranda
2926 1459 3011 1513 vel
3052 1461 3213 1516 rebus
3252 1465 3427 1518 omni-

1822 1542 1977 1611 genis
2006 1543 2339 1599 illustrandis
2366 1546 2630 1601 serviunt.
2660 1547 2716 1602 In
2738 1549 2936 1619 quibus
2958 1560 3016 1607 ut
3041 1553 3184 1608 varia
3210 1568 3425 1614 suntex

1822 1633 1971 1689 omni
2022 1635 2357 1706 antiquitatis
2415 1638 2657 1695 doctrina
2712 1640 3027 1714 deprompta
3084 1662 3425 1720 nequaquam

1821 1741 1951 1781 vero
1981 1729 2124 1797 quod
2149 1729 2390 1796 deceret,
2424 1733 2637 1802 quodve
2663 1734 2898 1789 alienum
2930 1747 3071 1793 esset
3100 1740 3184 1796 vel
3213 1742 3420 1811 tritum,

100 1813 415 1870 wrrexisse
436 1857 454 1883 ,
484 1826 539 1871 et
565 1831 714 1888 smpe
745 1834 971 1873 numero
1001 1818 1207 1874 lacunis
1239 1819 1419 1891 magni
1457 1821 1715 1876 momenti
1746 1800 1794 1859 Β
1819 1818 2017 1874 oblitus
2048 1830 2152 1875 est.
2187 1821 2418 1893 Egregie
2442 1841 2657 1898 quoque
2702 1827 2950 1882 instituto
2998 1828 3192 1887 factum
3216 1843 3329 1898 est,
3367 1845 3426 1889 ut

99 1908 382 1977 suppletes
407 1908 631 1965 auxisse
665 1908 927 1965 afﬁrmat.
953 1911 1029 1967 De
1053 1910 1240 1968 codice
1261 1912 1366 1967 hoc
1391 1914 1712 1969 sententiam

97 2013 345 2058 nosuam
387 2018 489 2058 suo
533 2004 654 2059 loco
697 2005 1053 2075 proferemus.
1085 2006 1241 2075 Quod
1271 2006 1452 2063 Electa
1480 2012 1710 2077 attinet,

100 2094 255 2171 (nam
297 2095 369 2152 de
418 2096 505 2154 his
545 2098 828 2155 audiamus
872 2112 1118 2171 Oportet,
1147 2113 1436 2173 antequam
1482 2104 1550 2159 de
1596 2106 1710 2176 ipsa

99 2196 276 2244 textus
322 2189 647 2247 recensione
689 2191 903 2249 dicendi
948 2194 1099 2251 locus
1128 2193 1229 2251 erit
1248 2197 1290 2266 ),
1320 2195 1445 2252 ideo
1475 2197 1577 2253 hoc
1605 2215 1706 2253 no—

99 2279 243 2337 mine
286 2283 571 2353 appellare
618 2285 790 2340 visum
821 2302 942 2343 csse
974 2287 1186 2357 inquit,
1213 2292 1353 2353 quod
1379 2307 1406 2342 e
1435 2290 1671 2360 plurimis
1696 2334 1711 2355 ,

97 2391 207 2440 qua:
235 2377 560 2448 depravata,
593 2396 706 2450 qua:
734 2381 948 2436 obscura
977 2383 1057 2437 hic
1086 2384 1363 2454 reperiret,
1392 2385 1597 2456 elegerit
1622 2386 1720 2440 sibi

97 2487 157 2524 ea:
198 2472 416 2544 ingenio
449 2483 495 2528 et
538 2476 873 2532 membraneis
900 2477 1163 2532 codicibus
1188 2478 1268 2533 vel
1292 2478 1613 2534 emendanda
1637 2479 1718 2534 uel

96 2565 418 2621 illustranda
436 2585 457 2633 ;
487 2568 536 2623 id
569 2570 709 2638 quod
739 2570 1058 2641 plerutnquc
1081 2579 1138 2625 ct
1160 2581 1365 2627 tantum
1390 2590 1496 2627 non
1518 2575 1714 2645 ubique

94 2672 158 2711 ex
200 2659 418 2729 antiqui
465 2676 810 2716 romanorum
841 2665 1107 2719 sermonis
1139 2680 1236 2718 usu
1267 2680 1331 2719 ac
1359 2666 1708 2735 proprietate,

95 2769 197 2810 nec
237 2769 353 2809 non
385 2753 579 2809 ritibus
605 2755 746 2825 apud
781 2756 990 2825 priscos
1025 2757 1359 2812 solemnibus
1396 2757 1538 2813 haud
1576 2758 1711 2815 siui-

93 2858 203 2903 stre
254 2846 503 2917 profecto
527 2847 627 2917 ipsi
674 2848 858 2913 cessit,
908 2859 1012 2904 etc.
1062 2848 1513 2919 quemadmodum
1542 2851 1710 2918 pluri-

92 2954 243 2993 mum
296 2937 356 2993 in
400 2937 643 2995 Varrone
699 2940 766 2993 ad
824 2940 1127 2995 Arnobium
1190 2940 1564 2997 illustrandum
1626 2954 1711 2998 est

94 3033 379 3102 prmsidii,
411 3033 482 3088 ita
515 3032 634 3089 haec
672 3034 965 3090 Stewechii
1017 3035 1197 3089 Elecm
1244 3036 1547 3106 egregium,
1588 3050 1710 3092 meo

87 3125 327 3197 judicio,
353 3124 581 3182 Varroni
607 3135 769 3196 atque
790 3127 934 3180 omni
957 3127 1222 3183 sermonis
1250 3126 1417 3198 priori
1444 3127 1705 3184 doctrinae
1731 3154 1776 3217 Ο

89 3219 475 3291 adjumentum
502 3220 754 3276 all'erunt.
782 3223 951 3290 Quam
977 3222 1028 3277 in
1054 3237 1166 3278 rem
1196 3239 1301 3276 non
1331 3237 1517 3292 parum
1544 3221 1706 3277 etiam

88 3316 345 3387 syllabus
371 3323 751 3371 contentorum
778 3317 1090 3387 prtemissus
1109 3315 1377 3371 conducit.
1399 3315 1505 3371 Sed
1533 3332 1709 3387 neque

90 3426 153 3466 ex
182 3411 306 3473 his,
335 3426 515 3482 neque
540 3426 604 3466 ex
636 3411 774 3480 ipsa,
797 3426 960 3480 quam
994 3411 1240 3469 manibus
1267 3419 1446 3480 teneo,
1473 3411 1711 3466 editione

90 3508 228 3561 satis
258 3504 398 3560 milii
437 3505 643 3577 liquere
682 3503 889 3567 faateor,
930 3520 1037 3575 quo
1069 3514 1227 3583 pacto
1257 3514 1460 3559 textum
1490 3503 1559 3559 ad
1588 3519 1714 3559 suas

89 3598 413 3653 aliorumve
438 3597 779 3663 conjecturas
809 3595 1107 3651 refinxerit.
1139 3595 1190 3650 ls
1225 3606 1405 3663 certe,
1434 3612 1591 3665 quem
1622 3596 1710 3652 ed.

91 3689 487 3762 Trognaasiana
514 3686 703 3761 (1604)
734 3688 896 3754 sistit,
926 3688 994 3741 ab
1017 3686 1302 3743 Ursiniano
1334 3687 1472 3742 haud
1496 3703 1712 3760 magno-

90 3797 221 3851 pere
245 3779 477 3845 differt;
505 3795 572 3836 eo
597 3778 792 3850 saepius
817 3788 996 3835 autem
1025 3778 1315 3835 Stewechii
1355 3779 1616 3837 lectiones
1647 3781 1699 3835 in

91 3875 348 3946 margine
399 3873 609 3941 laudat,
665 3875 735 3928 ita
778 3890 883 3928 non
924 3889 1238 3943 numquam,
1272 3883 1328 3929 ut
1365 3873 1605 3940 nescias,
1638 3891 1706 3929 an

94 3967 319 4024 diversa
348 3966 528 4035 aliqua
560 3984 590 4021 a
620 3966 911 4024 Stewecbii
948 3972 1267 4023 recensione
1298 3982 1392 4037 per
1421 3967 1521 4021 hos
1552 3976 1706 4039 typo-

92 4060 339 4131 graphos
364 4058 487 4112 data
510 4057 596 4113 sit.
613 4056 768 4125 Quod
792 4059 836 4113 si
871 4058 1292 4129 praecipitandus
1321 4057 1479 4126 paulo
1498 4074 1526 4111 a
1552 4058 1708 4114 nobis

93 4154 400 4209 divinatum
437 4152 596 4209 fuerit
642 4168 877 4222 vereque
921 4151 1086 4208 editio
1132 4152 1515 4223 Antwerpiana
1563 4168 1706 4209 anno

98 4246 233 4303 1604
269 4245 344 4300 ad
380 4245 549 4316 ipsius
570 4244 860 4302 Stewcchii
888 4244 1306 4316 descriptionem
1326 4260 1581 4316 expressa
1604 4247 1706 4315 sit;

96 4337 349 4393 laudabis
375 4336 605 4394 fortasse
635 4336 869 4393 hominis
894 4338 1295 4404 verecundiam,
1320 4337 1411 4408 qui
1435 4339 1705 4410 margines

99 4431 217 4487 libri
253 4430 730 4488 emendationibus
751 4442 805 4487 et
825 4431 1152 4500 conjecturis
1181 4432 1402 4501 opplere
1431 4432 1703 4499 maluerit,

1817 1920 1993 1968 textus
2023 1915 2249 1970 Arnobii
2279 1918 2508 1973 seorsim
2540 1935 2661 1973 cum
2702 1919 2883 1975 indice
2922 1937 3100 1978 rerum
3139 1928 3421 1995 peculiari,

1815 2002 2014 2060 deinde
2049 2005 2552 2063 animadversiones
2594 2010 2811 2066 Heraldi
2842 2023 2896 2068 et
2925 2014 3055 2084 ipsa:
3085 2031 3205 2071 cum
3231 2018 3424 2076 indici-

1817 2094 1915 2150 bus
1943 2106 1996 2151 et
2027 2106 2330 2162 auctorum,
2364 2100 2455 2169 qui
2483 2102 2633 2156 varie
2662 2103 3001 2160 illustrantur
3030 2108 3109 2161 vel
3127 2112 3420 2166 emendan-

1815 2196 1922 2251 tur,
1953 2197 2008 2244 et
2036 2205 2215 2245 rerum
2255 2192 2661 2248 exhiberentur.
2695 2194 2933 2267 Denique
2975 2200 3148 2254 notari
3184 2215 3424 2259 meretur

1817 2290 1872 2336 et
1903 2280 2026 2348 hoc,
2059 2283 2202 2353 quod
2231 2286 2394 2339 animi
2422 2302 2581 2342 causa
2614 2302 2777 2358 opera
2817 2290 2935 2345 haec
2978 2290 3219 2348 instituta
3260 2295 3326 2351 sit
3366 2306 3423 2353 et

1816 2374 1956 2427 intra
1982 2374 2212 2431 duorum
2240 2378 2505 2433 mensium
2536 2381 2769 2450 Spatium
2808 2383 2873 2436 ad
2916 2383 3077 2439 linem
3120 2386 3375 2456 perdocta
3403 2404 3420 2453 ;

1815 2466 1946 2523 item
1977 2470 2119 2539 quod
2151 2471 2379 2541 epistola
2408 2471 2735 2529 dedicatoria
2758 2517 2773 2540 ,
2803 2492 2925 2547 quae
2968 2479 3188 2534 omnino
3231 2483 3420 2552 prwfa-

1818 2560 1980 2616 tionis
2020 2563 2198 2618 locum
2245 2565 2510 2632 sustinet,
2542 2566 2665 2623 data
2707 2567 2772 2623 sit
2819 2570 3045 2626 Lutetia:
3092 2572 3278 2640 Paris,
3309 2574 3419 2631 kal.

1816 2663 1973 2708 mart.
2036 2671 2216 2721 ωηεν,
2251 2667 2307 2711 ut
2348 2657 2485 2713 adeo
2525 2660 2611 2714 vix
2661 2662 2942 2731 probabile
2989 2664 3252 2735 videatur,
3295 2680 3420 2726 ante

1816 2743 1957 2800 hunc
1983 2761 2182 2801 annum
2217 2747 2432 2804 Heraldi
2462 2765 2681 2820 operam
2711 2769 2832 2810 esse
2852 2756 3176 2827 evulgatam.

2529 2845 2689 2902 1610.

1883 2932 2205 3007 llamburgi,
2248 2937 2470 2993 in-folio
2507 2959 2521 2993 :
2556 2941 2885 2998 Arnobii.....
2936 2945 2975 2999 l.
3026 2962 3119 3001 vn.
3171 2946 3416 3005 Gebhart.

1809 3021 2221 3083 Elmenltorstius
2265 3031 2469 3085 collatis
2513 3033 2725 3089 diversis
2771 3037 3036 3092 codicibus
3076 3045 3329 3099 recensuit
3369 3056 3417 3100 et

1809 3117 2241 3175 observationibus
2272 3120 2389 3196 (sic)
2417 3123 2717 3181 illustravit.

1884 3211 2320 3271 Elmenhorstius
2359 3216 2594 3273 lectori:
2635 3238 2653 3272 ‹
2691 3220 2759 3276 Ut
2792 3222 3021 3280 instituti
3061 3232 3231 3282 nostri
3277 3231 3417 3287 ratio

1811 3303 1904 3359 tibi
1954 3316 2207 3362 constare
2254 3311 2460 3380 possit,
2493 3312 2630 3367 scito
2675 3330 2762 3369 me
2806 3316 2857 3370 in
2893 3319 2993 3374 hac
3021 3336 3159 3375 nova
3190 3324 3419 3379 Arnobii

1811 3396 2049 3453 editione
2090 3402 2420 3456 recensenda
2463 3406 2737 3475 principue
2784 3423 2939 3463 usum
2987 3412 3173 3467 codice
3205 3426 3417 3471 vetusto

1814 3490 2087 3547 Francisci
2111 3491 2287 3551 Sabaei
2305 3494 2570 3565 Brixiani,
2596 3497 2779 3555 lloma:
2802 3517 2947 3557 anno
2970 3504 3106 3559 1549.
3124 3505 3412 3577 impresso.

1813 3582 1916 3639 Ubi
1945 3586 1991 3640 is
2019 3598 2305 3658 corruptus
2334 3600 2428 3645 aut
2458 3593 2772 3661 mendosus,
2812 3596 2881 3650 ad
2926 3608 3182 3669 excerpta
3226 3617 3415 3659 manu-

1811 3678 2010 3749 scripta
2041 3688 2096 3735 et
2120 3681 2403 3738 doctorum
2436 3686 2675 3740 virorum
2718 3689 3127 3748 ertieudatianes
3170 3694 3412 3763 confugi,

1810 3773 2148 3846 optimasque
2187 3793 2252 3832 ex
2297 3778 2403 3832 illis
2445 3779 2751 3852 desumpsi,
2783 3791 2838 3838 et
2868 3787 3038 3841 textui
3065 3786 3425 3855 Arnobiano,

1808 3882 2117 3939 quamquam
2139 3874 2290 3934 raro,
2316 3872 2546 3938 inserui;
2577 3878 2787 3930 ratione
2815 3893 3009 3948 nempe
3034 3880 3146 3948 ipsa
3165 3880 3421 3951 jubente,

1807 3958 1983 4028 adjeci
2012 3976 2228 4031 quoque
2270 3963 2537 4018 variarum
2594 3965 2884 4022 lectionum
2941 3971 3311 4039 collectanea,
3354 3976 3409 4030 in

1807 4053 2001 4123 quibus
2031 4069 2145 4119 cos,
2177 4070 2407 4124 quorum
2445 4057 2852 4116 cmendationes
2886 4064 3054 4131 probo
3084 4074 3139 4118 et
3189 4081 3409 4137 sequor,

1810 4147 2052 4202 nomino.
2094 4146 2153 4201 In
2183 4150 2652 4207 observationibus
2685 4153 2820 4209 meis
2849 4153 2903 4209 id
2934 4156 3269 4225 potissimum
3300 4161 3406 4232 egi,

1808 4249 1869 4294 ut
1897 4258 2116 4298 sensum
2144 4243 2404 4309 auctoris,
2428 4260 2588 4316 quem
2621 4246 2890 4302 edendum
2943 4251 3175 4320 suscepi,
3209 4252 3415 4310 edisse-

1809 4348 2007 4400 rerem,
2038 4333 2385 4405 breviterque
2411 4346 2466 4392 et
2492 4347 2700 4407 aperte,
2731 4340 2817 4394 ubi
2847 4340 2894 4394 is
2912 4340 3195 4406 obscurus,
3223 4343 3413 4401 diluci-

1807 4426 2014 4483 darem.
2067 4427 2229 4484 Certe
2274 4428 2697 4485 eruditissimum
2746 4431 3063 4502 scriptorem
3115 4434 3412 4491 innumeris

98 4544 251 4597 quam
290 4525 375 4582 νει
409 4526 771 4582 certissimam
804 4527 855 4580 in
888 4526 1082 4582 sel-3cm
1111 4526 1373 4596 recipere,
1406 4525 1559 4581 Nunc
1577 4541 1705 4582 vero
1730 4514 1783 4574 D
1810 4518 2228 4577 faedissimornm
2261 4521 2579 4576 mendorum
2620 4523 2788 4577 naevis
2816 4522 3072 4588 liberavi,
3105 4534 3160 4580 et
3188 4526 3413 4582 infinitis

99 4622 139 4677 is
176 4626 362 4695 ipsum
395 4630 606 4677 textum
640 4621 1087 4691 interpolavisse,
1129 4621 1432 4675 correxisse
1471 4632 1524 4676 et
1570 4621 1704 4677 inte-

97 4718 336 4786 griorem
367 4714 584 4769 dedisse
612 4712 717 4769 dici
753 4713 951 4783 possit,
981 4712 1198 4768 videant
1226 4713 1338 4767 alii.
1367 4712 1702 4784 Quamquam

99 4810 237 4863 enim
268 4810 324 4863 in
355 4806 578 4872 eadem,
612 4805 758 4863 unde
789 4805 1144 4876 praecedentia
1174 4804 1530 4868 adduximus.
1567 4821 1704 4876 pra:—

98 4901 298 4958 fatione
324 4902 394 4957 de
426 4915 523 4956 sua
546 4901 598 4956 in
629 4909 772 4957 textu
795 4898 1110 4956 adornando
1131 4914 1294 4969 opera
1325 4915 1434 4970 prae
1460 4914 1519 4954 se
1540 4898 1701 4964 ferat,

96 5010 154 5049 se
202 5010 423 5052 summo
468 4992 703 5049 candore
724 5034 738 5058 ,
769 4993 882 5048 suis
919 4993 1117 5061 ubique
1156 4991 1316 5059 locis,
1350 5001 1501 5061 atque
1529 4991 1657 5045 adeo
1680 5031 1696 5058 ,

96 5090 193 5161 ipsi
222 5106 429 5161 quoque
455 5088 674 5159 margini
712 5088 929 5143 nomina
973 5101 1161 5143 eorum
1200 5085 1581 5155 adscripsisse,
1611 5084 1701 5155 qui

97 5196 222 5241 ante
247 5186 426 5256 ipSum
453 5197 644 5238 manus
661 5180 1025 5237 auxiliatriccs
1048 5179 1289 5236 Arnobio
1310 5179 1697 5249 porrexisseut,

96 5276 349 5349 idemque
390 5292 453 5332 se
492 5275 758 5331 facturum
788 5275 953 5329 fuisse
984 5274 1036 5328 in
1068 5273 1157 5341 iis,
1185 5289 1302 5346 qua!
1330 5272 1552 5329 Ursiana
1579 5287 1703 5343 pro-

97 5368 221 5439 fert,
238 5371 341 5426 1ιίμί
370 5368 460 5425 hic
478 5369 683 5433 omnia,
702 5384 795 5424 sua
824 5367 999 5423 aliena
1027 5366 1497 5422 miscuissetzlnec
1523 5376 1700 5421 tamen

93 5462 237 5518 circa
265 5461 518 5518 lectionis
547 5460 858 5516 varietatem
882 5460 1169 5516 sedulitate
1197 5475 1304 5514 non
1332 5457 1498 5530 ipsius
1521 5467 1697 5514 textus

91 5554 389 5625 sospitator
418 5552 518 5610 sibi
550 5554 715 5610 videri
759 5561 989 5624 poterat.

820 5647 842 5701 1
854 5645 979 5702 605.

163 5741 412 5808 Parisiis,
445 5740 585 5812 apud
624 5740 860 5797 Marcum
902 5739 1063 5812 Orry,
1098 5739 1181 5794 via
1217 5736 1450 5794 Jacobea
1471 5778 1486 5802 ,
1517 5737 1583 5793 ad
1612 5738 1697 5793 in-

89 5832 242 5906 sigue
270 5834 474 5891 Leonis
503 5834 780 5901 salientis,
808 5830 953 5888 iit-8°
983 5851 997 5888 :
1029 5828 1363 5889 Arnobii.....
1404 5828 1546 5885 Libri
1571 5830 1702 5903 {sep-

624 5928 896 6025 ΡΑνιΊιοι,ζ
944 5925 1033 5986 V.‘

1806 4613 1924 4684 ejus
1955 4614 2089 4669 locis
2118 4614 2257 4669 male
2285 4613 2519 4678 affectis,
2552 4614 2861 4681 salubriter,
2889 4625 2945 4668 ut
2973 4616 3204 4683 confido,
3232 4618 3407 4672 medi-

1804 4709 1981 4761 cinam
2019 4706 2256 4761 adhibui.
2285 4706 2396 4761 Nec
2439 4717 2615 4761 tamen
2648 4706 2954 4773 dissimulo,
2988 4709 3215 4777 plurima
3243 4711 3404 4767 etiam

1804 4813 1948 4853 nunc
1969 4798 2208 4854 residere
2234 4797 2363 4852 falsa
2386 4808 2440 4853 et
2459 4808 2733 4868 corrupta,
2752 4816 2871 4870 qua:
2895 4801 3040 4857 nullo
3064 4802 3224 4859 nnido
3251 4805 3408 4861 intel—

1805 4889 1921 4963 ligi,
1952 4901 2045 4945 aut
2072 4890 2276 4960 absque
2303 4905 2406 4959 ope
2436 4890 2676 4946 melioris
2716 4891 2921 4948 codicis
2967 4896 3146 4950 sanari
3186 4907 3409 4966 queant.

1807 4982 1882 5040 Ea
1912 5000 2013 5055 ego
2040 4984 2107 5040 de
2151 4983 2410 5046 industria
2458 4985 2655 5039 intacta
2704 4985 2940 5054 prieterii
2981 4999 3035 5042 et
3079 4988 3408 5048 felicioribus

1807 5076 2033 5149 ingeniis
2057 5075 2377 5144 corrigenda
2407 5077 2617 5148 reliqui.
2650 5076 2768 5134 Rei.
2806 5099 2824 5130 ›
2852 5078 3004 5136 Nosti
3029 5080 3139 5151 jam
3169 5086 3405 5149 codices,

1805 5187 2034 5242 quorum
2063 5170 2308 5240 speciosa
2334 5172 2700 5228 ostentatione
2732 5175 2920 5229 titulus
2951 5177 3212 5246 superbit.
3249 5179 3305 5234 Si
3336 5178 3405 5233 de

1806 5265 2212 5321 Elmenliorstio
2237 5266 2564 5337 interroges,
2594 5268 2638 5322 si
2668 5285 2774 5323 non
2803 5269 3098 5339 ingenium,
3122 5281 3270 5327 certe
3293 5288 3407 5325 ma-

1808 5361 1996 5416 turitas
2022 5370 2079 5416 et
2102 5361 2343 5416 studium
2374 5361 2452 5416 illi
2480 5360 2672 5417 defuit.
2698 5362 2899 5418 Textus
2919 5362 2986 5417 ad
3009 5364 3226 5418 verbum
3266 5379 3406 5434 pene

1800 5454 1867 5510 ad
1894 5471 2172 5510 romanam
2201 5456 2430 5511 alteram
2462 5456 2767 5526 descriptus
2792 5467 2893 5510 est.
2928 5454 3061 5510 llinc
3086 5455 3246 5510 etiam
3275 5472 3407 5511 con-

1795 5548 2036 5618 jecturas
2065 5558 2120 5603 et
2144 5548 2577 5614 emendationes,
2610 5563 2744 5617 quas
2781 5545 2899 5601 sine
2924 5558 3205 5601 auctorum
3236 5548 3404 5603 uomi-

1803 5641 1961 5697 nibus
2003 5641 2053 5695 in
2097 5640 2337 5711 margine
2385 5646 2640 5711 posuerat
2685 5636 2946 5703 Ursinus,
2995 5652 3184 5693 omnes
3224 5637 3403 5695 Fulvii

1803 5736 2020 5792 nomine
2063 5735 2307 5791 laudatas
2350 5729 2669 5799 desumpsit,
2708 5739 2765 5785 et
2807 5730 3129 5785 intermixtis
3173 5730 3296 5787 aliis
3332 5730 3411 5813 ad,

1802 5830 2005 5886 calcem
2035 5829 2468 5885 Observationum
2506 5822 2759 5894 subjecit,
2806 5839 2904 5879 suo
2928 5823 3130 5895 judicio
3163 5841 3287 5880 raro
3316 5825 3400 5881 in-

2922 5914 3000 5980 12
