4030 6282
169 326 277 383 565

535 739 868 750 ..μή-ἠέ
854 749 868 750 7

891 745 1174 756 E

179 728 1029 791 Ἥ

900 964 905 973 ι

1221 343 1672 407 DISSERTATIO
1710 347 1774 409 IN
1818 352 2189 428 ARNOBIUM,
2230 361 2383 418 CAP.
2424 359 2469 417 ῐ.

162 443 200 498 2
234 454 364 502 tom.
400 449 569 521 iu-8°,
597 453 791 525 quibus
821 455 1075 516 Titulus:
1103 461 1315 519 Arnobii
1353 468 1458 537 afri
1503 452 1758 538 Disputa-

166 540 366 596 tiomnu
394 544 637 603 adversus
662 558 833 618 gentes
856 551 975 607 libri
996 564 1207 624 septem.
1234 587 1305 599 -—
1333 558 1645 633 Recognorit
1673 580 1766 619 no-

344 1054 346 1057 τ
445 925 2094 1109 DISSERTATIO
2201 946 3180 1119 PRZ-EVIA

3361 367 3466 427 366

1868 477 1932 530 tis
1978 478 2206 549 priorum
2252 480 2590 548 interpretum
2641 479 2841 535 selectis
2888 481 3208 554 aliorumque
3260 496 3308 541 et
3360 491 3471 546 suis

1873 568 2167 639 illustravit,
2198 570 2287 626 lo.
2317 571 2585 628 Comedus
2616 572 2859 629 Oremus.

3194 765 3463 826 Eg

624 1258 816 1408 25η
844 1285 1320 1494 septem
1373 1270 1909 1421 avsonii
1971 1276 2986 1463 bisputetiouum

978 1573 1543 1653 ADVERSUS
1599 1581 2014 1661 GENTES
2068 1586 2483 1667 LIBROS.

1289 1758 1639 1833 (AUCTORE
1678 1764 1821 1824 Ι)οΜ
1858 1768 1947 1826 LE
1986 1770 2325 1847 NOURRY.)

780 1954 1782 2001 -——-———-——-=.-=-_=.-p

668 2064 898 2123 CAPUT
923 2063 1214 2123 PRIMUM.

577 2182 816 2256 Analysis
846 2183 1029 2237 horum
1059 2182 1327 2240 librorum.

689 2312 982 2355 ABTICULUS
1008 2314 1221 2354 PRIMUS.

681 2410 901 2477 Analysls
922 2414 1036 2465 libri
1056 2416 1217 2477 primi.

223 2516 310 2571 Ab
332 2516 450 2585 ipso
474 2515 652 2585 operis
675 2517 760 2570 sui
788 2516 1013 2571 exordio
1043 2516 1316 2573 Arnobius
1342 2516 1585 2572 declarat
1616 2518 1748 2574 illud

143 2621 175 2660 a
204 2620 272 2662 se
289 2616 616 2677 susceptum,
647 2615 707 2661 ut
725 2610 963 2662 veterem
988 2622 1053 2663 ac
1089 2609 1286 2678 saepius
1316 2611 1599 2680 repetitam
1626 2628 1750 2681 pro-

147 2698 397 2769 pulsaret
422 2699 744 2755 calumniam
776 2739 792 2762 .
825 2714 929 2770 qua
958 2700 1167 2755 etlmini
1194 2708 1416 2770 propter
1444 2703 1751 2759 abdicatum

144 2790 599 2861 repudiatumque
624 2807 652 2844 a
676 2790 986 2846 cbristianis
1009 2790 1265 2847 falsorum
1280 2792 1505 2850 deorum
1522 2795 1748 2861 cultum,

144 2896 243 2939 eos
304 2882 636 2953 publicarum
687 2883 928 2939 omnium
974 2884 1340 2941 calamitatum
1384 2902 1448 2942 ac
1487 2887 1749 2944 malorum

144 2988 369 3032 causam
391 2987 445 3033 et
476 2986 727 3034 auctores
752 2992 877 3033 esse
903 2985 1011 3035 tam
1044 2977 1201 3045 falso,
1231 2990 1388 3050 quam
1422 2991 1626 3038 temere
1653 2998 1746 3038 ac-

140 3067 427 3124 cusabant.
450 3069 568 3138 Qun
592 3078 773 3126 autem
797 3071 1011 3140 gravior
1038 3080 1122 3127 est
1149 3071 1264 3128 hac
1306 3074 1618 3128 criminatio
1635 3116 1650 3142 ,
1679 3090 1749 3131 eo

143 3161 238 3219 ille
262 3162 430 3232 magis
458 3161 526 3217 ad
543 3170 685 3229 eam,
713 3164 964 3233 sepositis
987 3174 1162 3218 tanien
1182 3167 1414 3234 partium
1426 3166 1638 3235 studiis,
1662 3183 1749 3223 re-

142 3250 438 3309 fellendam
482 3253 771 3324 impulsum
809 3270 869 3310 se
897 3254 1064 3311 luisse
1095 3256 1410 3325 proﬁtetur;
1442 3274 1510 3314 ne
1538 3260 1747 3315 cunctis

143 3344 432 3403 silentibus
477 3345 787 3402 cbristianis
811 3386 828 3413 ,
858 3358 951 3403 aut
978 3363 1102 3403 vera
1134 3348 1407 3405 videretur
1434 3351 1701 3422 aliquibus
1722 3390 1742 3421 ,

142 3447 238 3494 aut
267 3438 469 3495 ethnici
495 3452 716 3495 causam
738 3453 803 3495 se
829 3439 1129 3497 obtinuisse
1156 3443 1533 3512 gloriarentur.

214 3528 556 3586 Manifestum
580 3531 758 3602 itaque
786 3530 913 3587 facit
938 3547 968 3587 ιι
984 3533 1296 3590 cbristiamc
1324 3539 1601 3608 religionis
1620 3551 1743 3597 ortu

142 3623 212 3680 ad
242 3636 341 3680 sua
363 3634 532 3696 usque
558 3636 822 3695 tempora,
855 3626 989 3682 nihil
1018 3628 1072 3682 in
1097 3628 1487 3687 elementorum
1518 3634 1748 3704 qualita-

143 3718 311 3784 tibus,
350 3718 530 3773 intota
559 3717 745 3773 mundi
772 3717 1046 3785 machina,
1074 3724 1129 3776 in
1155 3732 1427 3780 astrorum
1453 3739 1644 3794 cursu,
1688 3728 1743 3782 in

141 3818 527 3880 tempestatum
555 3848 574 3876 ,
613 3810 823 3865 dierum
846 3851 862 3876 ,
900 3824 963 3867 ac
992 3812 1228 3868 noctium
1272 3814 1659 3885 vicissitudine,
1688 3820 1744 3874 in

141 3902 353 3959 telluris
381 3910 438 3956 et
463 3901 774 3957 animalium
802 3900 1186 3970 facundiam,
1233 3904 1286 3960 in
1319 3907 1542 3975 privatis
1570 3911 1744 3979 publi-

138 3998 334 4068 cisque
374 3994 651 4050 hminum
706 3995 955 4066 negotiis,
996 4011 1063 4052 ac
1103 3997 1266 4052 solito
1291 3998 1509 4063 vivendi
1543 4014 1743 4073 genere

141 4099 235 4146 aut
250 4096 538 4152 mutatam,
561 4096 658 4143 aut
681 4088 1001 4152 relaxatam,
1029 4096 1089 4144 et
1110 4088 1450 4146 dissolutum.
1596 4146 1597 4149 η

212 4182 402 4253 Neque
425 4180 555 4236 sinit
582 4180 683 4236 sibi
700 4180 1024 4237 abetbnicis
1038 4180 1200 4251 obiici
1225 4191 1447 4252 propter
1474 4184 1608 4241 deos
1638 4187 1739 4242 im-

139 4277 361 4347 pietate;
394 4275 694 4331 sceleribus
718 4317 733 4341 ,
761 4290 826 4329 ac
870 4284 1182 4346 contemptu
1204 4275 1621 4334 cbristianorum
1651 4283 1737 4335 ot-

142 4369 344 4437 lensos,
375 4370 633 4425 mundum
663 4369 990 4439 pestilentia,
1017 4369 1395 4439 grandinibus,
1428 4372 1735 4440 sterilitate,

144 4463 323 4531 bellis,
342 4463 571 4532 aliisque
590 4462 987 4517 calamitatibus
1013 4462 1186 4517 obrui.
1218 4463 1298 4518 Ex
1322 4464 1451 4533 ipsis
1470 4466 1736 4536 siquidem

143 4557 419 4628 gentilium
446 4555 689 4613 historiis
711 4565 872 4625 atque
900 4555 1182 4611 annalibus
1206 4571 1545 4627 compertum
1573 4559 1740 4615 habe-

1790 1948 2862 2009 [31M

1768 2076 1822 2135 Α
1847 2073 2081 2135 bendum
2115 2079 2236 2138 ideo
2264 2090 2471 2142 tantum
2503 2090 2738 2151 animum
2777 2099 2958 2169 appuli
2987 2140 3003 2168 ,
3052 2113 3109 2161 ut
3135 2106 3454 2179 religionem

1858 2170 2206 2232 Christianam
2260 2179 2328 2235 ab
2366 2180 2718 2253 iniquissimis
2768 2191 3055 2251 calumniis
3099 2170 3454 2258 vindicarem.

1857 2263 1993 2331 Quid
2024 2282 2171 2337 vero,
2199 2274 2368 2341 pergit
2393 2273 2504 2344 ille,
2530 2277 2573 2331 si
2609 2278 2723 2336 haec
2752 2282 2818 2338 ad
2846 2300 3037 2344 causas
3062 2293 3336 2349 naturales
3355 2311 3445 2352 re-

1855 2354 2078 2415 ferenda
2125 2375 2266 2432 sunt,
2310 2366 2376 2422 ad
2415 2385 2593 2427 acrem
2645 2374 3126 2455 vehementemque
3152 2387 3453 2446 elemento-

1855 2464 1973 2507 rum
2004 2456 2286 2527 impulsum
2313 2508 2326 2529 ,
2358 2465 2423 2521 ad
2455 2470 2627 2527 varios
2654 2471 2892 2533 siderum
2923 2490 3120 2549 motus,
3158 2482 3225 2538 ad
3272 2495 3452 2543 certas

1853 2558 2033 2604 rerum
2065 2552 2480 2630 vicissitudines,
2522 2580 2587 2620 ex
2613 2568 2808 2637 quibus
2837 2571 2978 2630 bona
3008 2585 3062 2631 et
3090 2577 3230 2632 mala
3251 2577 3448 2648 ﬂuunt,

1853 2642 2107 2710 reﬂuunt,
2150 2664 2212 2705 ac
2249 2655 2685 2724 reciprocantur?
2711 2662 3018 2734 Praeterea,
3050 2685 3173 2739 quae
3210 2670 3444 2730 homini-

1851 2732 1975 2801 bus,
2004 2742 2183 2797 omnia
2225 2749 2605 2807 commoditate
2632 2770 2726 2809 sua
2760 2760 3111 2818 metientibus
3132 2804 3150 2828 ,
3203 2766 3343 2821 mala
3369 2768 3453 2823 vi-

1856 2827 2069 2901 dentur,
2116 2851 2176 2890 ea
2221 2853 2367 2896 certe
2421 2845 2515 2899 tuti
2554 2859 2761 2903 natura:
2797 2862 2851 2907 et
2886 2856 3089 2911 mundo
3119 2857 3267 2914 utilia
3304 2871 3451 2920 sunt.

1855 2920 2006 2989 Quod
2038 2927 2250 2996 quidem
2283 2944 2468 2991 auctor
2496 2948 2680 2995 noster
2713 2941 2949 3001 Platonis
2974 2950 3322 3019 auctoritate,
3356 2968 3451 3008 va-

1855 3014 2056 3085 riisque
2104 3032 2415 3094 nautarum,
2454 3030 2620 3096 Solis,
2652 3037 2933 3104 torrentis,
2967 3039 3180 3111 plurim,
3214 3044 3447 3115 hyemis,

1853 3109 2076 3175 aestatis,
2128 3116 2343 3184 veratri,
2399 3117 2669 3190 luporum,
2718 3136 2773 3181 et
2807 3109 3140 3199 serpentium
3186 3138 3451 3207 exetuplis

1852 3198 2155 3258 conﬁrmat.
2192 3203 2317 3263 lude
2339 3221 2519 3267 autem
2540 3214 2633 3269 ille
2657 3217 3099 3292 colligitsuperbi
3129 3238 3252 3281 esse
3275 3198 3452 3284 hoini-

1850 3293 1935 3347 nis
1960 3292 2055 3350 has
2082 3297 2289 3356 abditas
2315 3320 2505 3361 causas
2528 3307 2748 3377 rimari;
2781 3313 2881 3367 nisi
2899 3315 3046 3384 prius
3074 3320 3284 3376 noverit
3303 3323 3450 3393 quis,

1777 3405 1826 3465 Β
1852 3392 1903 3440 et
1932 3388 2071 3444 unde
2093 3390 2207 3462 ipse
2227 3435 2239 3456 .
2272 3411 2334 3451 ac
2353 3413 2449 3453 cur
2468 3401 2700 3458 mundus
2724 3415 2937 3462 creatus
2960 3406 3050 3462 sit.

1856 3568 1863 3571 _
1926 3503 2094 3568 Quam
2123 3518 2455 3578 praepostere
2482 3521 2661 3569 autem
2680 3514 2882 3573 ethnici
2899 3518 2951 3573 in
2963 3519 3312 3591 christianos,
3340 3533 3452 3582 tre-

1855 3597 2026 3652 centis
2056 3598 2270 3657 circiter
2291 3604 2488 3661 abhinc
2513 3608 2671 3664 annis
2698 3620 2919 3666 exortus
2940 3653 2957 3678 ,
2986 3613 3126 3670 mala
3151 3618 3334 3671 omnia
3356 3633 3444 3673 re-

1852 3682 2118 3747 lundenda
2144 3709 2266 3752 esse
2291 3695 2655 3767 clamitarent,
2702 3718 2769 3757 eo
2798 3702 2977 3760 adhuc
3002 3706 3095 3763 ille
3116 3708 3252 3764 scite
3292 3724 3450 3765 coar-

1850 3782 1983 3852 guit,
2015 3786 2155 3856 quod
2187 3790 2377 3846 mediis
2406 3802 2527 3861 post
2551 3809 2741 3850 eorum
2770 3805 2947 3853 ortum
2970 3800 3126 3856 annis
3149 3811 3206 3857 et
3229 3809 3443 3874 tempo~

1849 3878 1996 3934 ribus
2022 3924 2037 3947 ,
2094 3883 2515 3943 innumerabiles
2565 3889 2803 3947 victoriae
2869 3903 3186 3962 reportatae,
3244 3896 3444 3966 prolati

1849 3972 2212 4032 Romanorum
2264 3976 2427 4046 lines,
2471 3984 2810 4056 maritimaque
2859 4000 3092 4043 annona:
3114 3987 3218 4044 fuit
3265 3989 3445 4046 abun-

1846 4064 2050 4123 dantia.

1918 4178 2116 4236 Contra
2149 4192 2325 4240 tamen
2350 4187 2613 4258 urgebant
2636 4192 2864 4262 gentiles
2898 4206 2993 4264 per
3030 4194 3120 4250 illa
3148 4193 3267 4266 ipsa
3297 4206 3437 4255 tem-

1849 4286 2000 4341 pora,
2045 4289 2201 4345 aequo
2245 4277 2471 4335 deorum
2517 4281 2571 4337 in
2614 4282 2938 4341 christianos
2998 4286 3142 4355 odio,
3199 4299 3442 4348 vastatos

1847 4362 2136 4434 aliquando
2169 4371 2477 4428 sterilitate
2513 4389 2671 4444 agros
2696 4418 2710 4440 ,
2773 4386 2829 4432 et
2864 4377 3005 4432 bella
3038 4393 3441 4453 nonnumquam

1847 4458 2135 4517 infeliciter
2171 4465 2438 4522 confecta.
2489 4467 2627 4534 Quid
2651 4482 2782 4539 ergo
2810 4511 2825 4535 ,
2877 4471 2951 4525 ait
2988 4482 3178 4529 auctor
3215 4476 3441 4531 noster?

1845 4551 2113 4627 Numquid
2136 4557 2208 4612 dii
2231 4561 2364 4615 mira
2396 4561 2553 4630 plane
2573 4562 2929 4618 inconstantia
2958 4565 3063 4620 diti
3096 4574 3320 4637 possunt
3349 4569 3438 4624 iu-

145 4664 263 4706 mus
300 4650 556 4705 homines
594 4658 720 4704 ante
758 4647 1004 4703 auditum
1035 4660 1289 4720 umquam
1315 4653 1737 4708 christianorum
1786 4719 1800 4720 η
1839 4648 2107 4717 juriarnm
2127 4652 2228 4707 sibi
2276 4668 2303 4706 a
2350 4653 2657 4709 christianis
2679 4655 2948 4711 illatarum
2976 4657 3199 4713 alternis
3235 4660 3441 4717 vicibus

145 4755 341 4798 nomen
368 4749 590 4796 vexatos
610 4739 775 4795 fuisse
788 4750 882 4794 aut
908 4719 1234 4804 iisdem,ant
1260 4740 1733 4812 lrequentioribus,
1763 4719 1809 4783 (ἶ
1844 4758 2116 4800 memores
2136 4759 2197 4801 et
2222 4747 2603 4803 immemores?
2634 4748 2903 4805 Praeterea
2924 4749 3204 4807 christiani
3235 4753 3437 4826 ubique

148 4843 307 4904 atque
327 4834 622 4901 majoribus
647 4834 811 4888 etiam
838 4833 1096 4899 claribus,
1128 4833 1363 4903 lapidum
1394 4836 1592 4904 imbre,
1622 4849 1735 4895 ter-

144 4939 220 4980 rae
244 4925 479 4982 motibus
508 4936 563 4981 et
592 4925 847 4988 hiatibus,
881 4924 1084 4979 diluvio
1106 4965 1123 4991 ,
1177 4926 1429 4981 irieendio
1449 4969 1466 4995 ,
1497 4928 1732 4986 ferarum

145 5018 477 5085 crudelitate,
507 5033 717 5075 veneno
748 5027 1061 5087 serpentum
1086 5056 1106 5085 ,
1154 5025 1320 5088 atque
1348 5020 1563 5077 urbium
1592 5024 1734 5079 inte-

143 5122 355 5180 grarum
385 5112 669 5167 eversione
714 5126 781 5167 ac
826 5110 1002 5165 ruina.
1039 5110 1254 5165 Certum
1282 5127 1493 5181 quoque
1511 5124 1595 5169 est
1626 5124 1732 5173 tam

145 5203 375 5260 crudelia
430 5205 569 5261 bella
616 5205 685 5260 ab
739 5205 1049 5269 Atlantieis,
1086 5205 1343 5277 Assyriis,
1385 5206 1684 5263 Bactrianis
1714 5250 1731 5274 ,

144 5293 339 5361 Persis,
371 5298 597 5365 Graecis,
643 5297 907 5369 Troianis,
942 5309 991 5354 et
1036 5298 1313 5366 Romanis,
1358 5317 1387 5353 a
1428 5300 1598 5369 Nino,
1630 5304 1735 5357 Zo—

145 5405 367 5462 roastre,
401 5394 601 5459 Xerxe,
632 5393 940 5450 Alexandro
958 5393 1171 5463 Magno,
1198 5405 1255 5449 et
1276 5394 1402 5450 aliis
1427 5396 1555 5451 olim
1581 5409 1731 5468 gesta

142 5479 321 5553 fuisse,
344 5501 502 5557 quam
530 5497 657 5557 post
681 5485 881 5541 Christi
909 5496 1084 5541 ortum
1109 5487 1392 5543 imminuta
1416 5488 1654 5545 fuerunt.

211 5575 366 5634 Unde
391 5594 543 5649 ergo,
572 5580 888 5649 inquiehant
908 5578 1132 5643 ethnici,
1174 5588 1256 5633 tot
1279 5583 1546 5652 tantisque
1576 5583 1732 5638 malis

144 5670 369 5728 mundus
406 5672 693 5741 premitur,
724 5686 791 5726 ac
836 5681 1042 5726 tantum
1073 5687 1178 5727 non
1208 5673 1570 5744 opprimitur?
1590 5676 1728 5744 Quid

143 5762 207 5814 ad
234 5778 340 5829 tae,
370 5765 662 5837 respondet
711 5764 1025 5820 Arnobius!
1058 5762 1178 5820 Non
1210 5766 1323 5823 mei
1347 5770 1588 5825 muneris
1608 5779 1726 5837 est,

143 5851 327 5927 inquit,
346 5859 596 5915 occultas
634 5858 754 5915 illas
783 5856 1019 5914 rationes
1054 5856 1294 5927 pandere
1320 5898 1338 5926 ,
1378 5862 1471 5932 qui
1500 5862 1570 5920 ad
1595 5863 1727 5920 scri-

1844 4841 2110 4891 terrarum
2140 4852 2261 4891 cum
2288 4838 2540 4893 omnibus
2566 4840 2876 4895 nationibus
2898 4843 3139 4912 permisti
3160 4843 3431 4901 vivebant.

1842 4928 1960 4996 Quo
1987 4946 2116 5003 ergo
2134 4932 2254 5000 jure
2275 4932 2448 4986 adseri
2483 4943 2657 5003 putest
2680 4934 2736 4989 in
2765 4950 2952 4991 eorum
2980 4937 3237 4994 ultionem
3264 4954 3294 4994 a
3324 4939 3434 4997 Ro-

1840 5026 2013 5079 manis
2057 5026 2227 5079 vietos
2244 5026 2412 5081 fuisse
2438 5028 2768 5085 Alamannos
2796 5071 2813 5095 ,
2865 5030 3060 5087 Persas
3083 5043 3139 5088 et.
3168 5035 3433 5107 Scythas;

1840 5117 2082 5171 inaribus
2105 5127 2161 5172 et
2191 5117 2409 5173 locustis
2435 5130 2709 5176 corrosnm
2736 5134 3219 5198 consumptamque
3249 5129 3429 5183 Asiam

1841 5223 1906 5262 ac
1934 5209 2142 5279 Syriam
2164 5250 2179 5276 ,
2203 5213 2425 5269 minime
2461 5227 2590 5270 vero
2618 5215 2935 5287 HiSpauiam
2956 5230 3010 5274 et
3040 5219 3263 5277 Galliam
3284 5237 3305 5287 ;
3325 5222 3431 5278 Ge-

1842 5301 1984 5355 tulos
2014 5313 2068 5356 et
2096 5303 2445 5374 Tinguimios
2495 5309 2703 5379 frugum
2738 5311 3015 5368 laborasse
3051 5315 3250 5385 impia,
3282 5313 3432 5371 Mau—

1840 5409 1931 5448 ros
1952 5410 2080 5451 vero
2092 5405 2250 5467 atque
2275 5397 2542 5455 Nomadas
2570 5401 2900 5471 amplissima
2928 5418 3108 5461 messe
3132 5406 3429 5477 locupleta-

1838 5498 1951 5555 tos,
1984 5491 2083 5544 hos
2109 5492 2341 5562 denique
2370 5491 2511 5549 fame
2538 5506 2758 5551 enectos
2777 5539 2792 5561 ,
2838 5498 2973 5553 alios
2999 5500 3053 5551 in
3085 5498 3272 5556 eadem
3302 5500 3435 5558 civi-

1836 5592 1947 5638 tate
1989 5596 2170 5639 rerum
2211 5587 2449 5642 omnium
2489 5589 2640 5657 copia
2677 5589 3020 5647 abundasse?
3058 5590 3190 5648 Nam
3233 5596 3277 5651 si
3310 5610 3433 5668 quae

1836 5673 2061 5730 deorum
2090 5676 2280 5734 fuisset
2304 5682 2530 5750 aequitas
2555 5691 2609 5734 et
2628 5679 2858 5749 justitia,
2889 5683 3127 5739 omnium
3150 5700 3281 5744 sane
3308 5689 3433 5745 illo-

1836 5782 1955 5823 rum
1983 5770 2323 5840 populorum,
2348 5780 2473 5827 eum
2494 5771 2686 5842 quibus
2711 5772 2992 5830 christiani
3025 5778 3306 5849 arqualitcr
3327 5782 3429 5838 de-

1835 5863 2054 5933 gobaut,
2081 5877 2183 5921 una
2208 5868 2507 5938 eademque
2534 5882 2660 5926 esse
2682 5868 3058 5948 debebatqsors
3088 5884 3143 5931 et
3190 5877 3432 5941 fortuna.
