  <div class='ocr_page' id='page_1' title='image "/cluster/home/n/w/nwhite01/storage/ocr_20150623/5/umn.31951002477299b/193.png"; bbox 0 0 3942 6290; ppageno 0'>
   <div class='ocr_carea' id='block_1_1' title="bbox 493 340 595 398">
    <p class='ocr_par' dir='ltr' id='par_1_1' title="bbox 493 340 595 398">
     <span class='ocr_line' id='line_1_1' title="bbox 493 340 595 398; baseline -0.049 0"><span class='ocrx_word' id='word_1_1' title='bbox 493 340 595 398; x_wconf 79' lang='grc'><strong>567</strong></span> 
     </span>
    </p>
   </div>
   <div class='ocr_carea' id='block_1_2' title="bbox 1757 325 2521 387">
    <p class='ocr_par' dir='ltr' id='par_1_2' title="bbox 1757 325 2521 387">
     <span class='ocr_line' id='line_1_2' title="bbox 1757 325 2521 387; baseline -0.008 -1"><span class='ocrx_word' id='word_1_2' title='bbox 1757 327 2206 387; x_wconf 78' lang='lat' dir='ltr'><strong>DISSERTATIO</strong></span> <span class='ocrx_word' id='word_1_3' title='bbox 2244 326 2402 382; x_wconf 63' lang='grc' dir='ltr'><strong>ΡΒιἘ</strong></span> <span class='ocrx_word' id='word_1_4' title='bbox 2417 325 2521 381; x_wconf 70' lang='lat' dir='ltr'><strong>VIA</strong></span> 
     </span>
    </p>
   </div>
   <div class='ocr_carea' id='block_1_3' title="bbox 3690 326 3791 382">
    <p class='ocr_par' dir='ltr' id='par_1_3' title="bbox 3690 326 3791 382">
     <span class='ocr_line' id='line_1_3' title="bbox 3690 326 3791 382; baseline -0.02 1"><span class='ocrx_word' id='word_1_5' title='bbox 3690 326 3791 382; x_wconf 74' lang='lat'><strong>568</strong></span> 
     </span>
    </p>
   </div>
   <div class='ocr_carea' id='block_1_4' title="bbox 570 440 3793 516">
    <p class='ocr_par' dir='ltr' id='par_1_4' title="bbox 570 440 3793 516">
     <span class='ocr_line' id='line_1_4' title="bbox 570 440 3793 516; baseline -0.005 -4"><span class='ocrx_word' id='word_1_6' title='bbox 570 460 702 513; x_wconf 88' lang='lat' dir='ltr'><strong>Post</strong></span> <span class='ocrx_word' id='word_1_7' title='bbox 744 454 859 510; x_wconf 82' lang='lat' dir='ltr'><strong>haec</strong></span> <span class='ocrx_word' id='word_1_8' title='bbox 907 451 1176 508; x_wconf 84' lang='lat' dir='ltr'><strong>Arnobius</strong></span> <span class='ocrx_word' id='word_1_9' title='bbox 1215 452 1378 506; x_wconf 89' lang='lat' dir='ltr'><strong>variis</strong></span> <span class='ocrx_word' id='word_1_10' title='bbox 1420 451 1712 508; x_wconf 72' lang='lat' dir='ltr'><strong>rationibus</strong></span> <span class='ocrx_word' id='word_1_11' title='bbox 1758 450 2095 507; x_wconf 81' lang='lat' dir='ltr'><strong>demonstrat</strong></span> <span class='ocrx_word' id='word_1_12' title='bbox 2120 448 2172 507; x_wconf 81' lang='grc' dir='ltr'><strong>Λ</strong></span> <span class='ocrx_word' id='word_1_13' title='bbox 2200 448 2268 502; x_wconf 80' lang='lat' dir='ltr'><strong>At</strong></span> <span class='ocrx_word' id='word_1_14' title='bbox 2295 447 2415 516; x_wconf 91' lang='lat' dir='ltr'><strong>quis</strong></span> <span class='ocrx_word' id='word_1_15' title='bbox 2445 445 2615 500; x_wconf 89' lang='lat' dir='ltr'><strong>nescit</strong></span> <span class='ocrx_word' id='word_1_16' title='bbox 2642 444 2832 500; x_wconf 88' lang='lat' dir='ltr'><strong>Jovem</strong></span> <span class='ocrx_word' id='word_1_17' title='bbox 2855 456 2961 499; x_wconf 89' lang='lat' dir='ltr'><strong>non</strong></span> <span class='ocrx_word' id='word_1_18' title='bbox 2987 442 3163 498; x_wconf 90' lang='lat' dir='ltr'><strong>solum</strong></span> <span class='ocrx_word' id='word_1_19' title='bbox 3182 442 3377 498; x_wconf 87' lang='lat' dir='ltr'><strong>fratres</strong></span> <span class='ocrx_word' id='word_1_20' title='bbox 3398 440 3674 507; x_wconf 87' lang='lat' dir='ltr'><strong>habuisse,</strong></span> <span class='ocrx_word' id='word_1_21' title='bbox 3697 441 3793 497; x_wconf 89' lang='lat' dir='ltr'><strong>sed</strong></span> 
     </span>
    </p>
   </div>
   <div class='ocr_carea' id='block_1_5' title="bbox 502 542 2090 611">
    <p class='ocr_par' dir='ltr' id='par_1_5' title="bbox 502 542 2090 611">
     <span class='ocr_line' id='line_1_5' title="bbox 502 542 2090 611; baseline -0.007 -7"><span class='ocrx_word' id='word_1_22' title='bbox 502 554 638 604; x_wconf 91' lang='lat' dir='ltr'><strong>iram</strong></span> <span class='ocrx_word' id='word_1_23' title='bbox 678 550 728 601; x_wconf 89' lang='lat' dir='ltr'><strong>in</strong></span> <span class='ocrx_word' id='word_1_24' title='bbox 768 546 900 599; x_wconf 88' lang='lat' dir='ltr'><strong>deos</strong></span> <span class='ocrx_word' id='word_1_25' title='bbox 939 542 1270 598; x_wconf 82' lang='lat' dir='ltr'><strong>immortales</strong></span> <span class='ocrx_word' id='word_1_26' title='bbox 1297 542 1493 599; x_wconf 84' lang='lat' dir='ltr'><strong>cadere</strong></span> <span class='ocrx_word' id='word_1_27' title='bbox 1533 544 1751 598; x_wconf 85' lang='lat' dir='ltr'><strong>omnino</strong></span> <span class='ocrx_word' id='word_1_28' title='bbox 1779 558 1885 595; x_wconf 92' lang='lat' dir='ltr'><strong>non</strong></span> <span class='ocrx_word' id='word_1_29' title='bbox 1909 556 2090 611; x_wconf 84' lang='lat' dir='ltr'><strong>posse.</strong></span> 
     </span>
    </p>
   </div>
   <div class='ocr_carea' id='block_1_6' title="bbox 501 634 2092 711">
    <p class='ocr_par' dir='ltr' id='par_1_6' title="bbox 501 634 2092 711">
     <span class='ocr_line' id='line_1_6' title="bbox 501 634 2092 711; baseline -0.006 -15"><span class='ocrx_word' id='word_1_30' title='bbox 501 641 636 711; x_wconf 93' lang='lat' dir='ltr'><strong>Quid</strong></span> <span class='ocrx_word' id='word_1_31' title='bbox 663 654 791 709; x_wconf 86' lang='lat' dir='ltr'><strong>ergo</strong></span> <span class='ocrx_word' id='word_1_32' title='bbox 816 638 959 692; x_wconf 91' lang='lat' dir='ltr'><strong>dictu</strong></span> <span class='ocrx_word' id='word_1_33' title='bbox 992 636 1160 706; x_wconf 86' lang='lat' dir='ltr'><strong>magis</strong></span> <span class='ocrx_word' id='word_1_34' title='bbox 1187 636 1500 703; x_wconf 87' lang='lat' dir='ltr'><strong>absurdum,</strong></span> <span class='ocrx_word' id='word_1_35' title='bbox 1533 653 1687 705; x_wconf 90' lang='lat' dir='ltr'><strong>quam</strong></span> <span class='ocrx_word' id='word_1_36' title='bbox 1734 636 1857 689; x_wconf 88' lang='lat' dir='ltr'><strong>illos</strong></span> <span class='ocrx_word' id='word_1_37' title='bbox 1885 635 1955 690; x_wconf 93' lang='lat' dir='ltr'><strong>ob</strong></span> <span class='ocrx_word' id='word_1_38' title='bbox 1977 634 2092 688; x_wconf 58' lang='lat' dir='ltr'><strong>illa.</strong></span> 
     </span>
    </p>
   </div>
   <div class='ocr_carea' id='block_1_7' title="bbox 502 727 2090 799">
    <p class='ocr_par' dir='ltr' id='par_1_7' title="bbox 502 727 2090 799">
     <span class='ocr_line' id='line_1_7' title="bbox 502 727 2090 799; baseline -0.007 -9"><span class='ocrx_word' id='word_1_39' title='bbox 502 746 583 790; x_wconf 88' lang='lat' dir='ltr'><strong>tas</strong></span> <span class='ocrx_word' id='word_1_40' title='bbox 606 733 707 789; x_wconf 86' lang='lat' dir='ltr'><strong>sibi</strong></span> <span class='ocrx_word' id='word_1_41' title='bbox 732 747 761 785; x_wconf 90' lang='lat' dir='ltr'><strong>a</strong></span> <span class='ocrx_word' id='word_1_42' title='bbox 783 729 1093 785; x_wconf 89' lang='lat' dir='ltr'><strong>christianis</strong></span> <span class='ocrx_word' id='word_1_43' title='bbox 1119 729 1344 799; x_wconf 85' lang='lat' dir='ltr'><strong>injurias</strong></span> <span class='ocrx_word' id='word_1_44' title='bbox 1381 728 1457 783; x_wconf 89' lang='lat' dir='ltr'><strong>ira</strong></span> <span class='ocrx_word' id='word_1_45' title='bbox 1488 729 1566 782; x_wconf 91' lang='lat' dir='ltr'><strong>sic</strong></span> <span class='ocrx_word' id='word_1_46' title='bbox 1592 727 1877 790; x_wconf 86' lang='lat' dir='ltr'><strong>incitatos;</strong></span> <span class='ocrx_word' id='word_1_47' title='bbox 1909 736 1968 780; x_wconf 86' lang='grc' dir='ltr'><strong>ιιι</strong></span> <span class='ocrx_word' id='word_1_48' title='bbox 1997 741 2090 781; x_wconf 78' lang='lat' dir='ltr'><strong>ea-</strong></span> 
     </span>
    </p>
   </div>
   <div class='ocr_carea' id='block_1_8' title="bbox 500 818 2095 894">
    <p class='ocr_par' dir='ltr' id='par_1_8' title="bbox 500 818 2095 894">
     <span class='ocr_line' id='line_1_8' title="bbox 500 818 2095 894; baseline -0.006 -13"><span class='ocrx_word' id='word_1_49' title='bbox 500 841 617 882; x_wconf 88' lang='lat' dir='ltr'><strong>rum</strong></span> <span class='ocrx_word' id='word_1_50' title='bbox 665 838 872 894; x_wconf 68' lang='lat' dir='ltr'><strong>poznas,</strong></span> <span class='ocrx_word' id='word_1_51' title='bbox 916 832 1023 875; x_wconf 91' lang='lat' dir='ltr'><strong>tam</strong></span> <span class='ocrx_word' id='word_1_52' title='bbox 1057 820 1125 875; x_wconf 88' lang='lat' dir='ltr'><strong>ab</strong></span> <span class='ocrx_word' id='word_1_53' title='bbox 1156 821 1309 891; x_wconf 85' lang='lat' dir='ltr'><strong>ipsis,</strong></span> <span class='ocrx_word' id='word_1_54' title='bbox 1352 836 1511 891; x_wconf 89' lang='lat' dir='ltr'><strong>quam</strong></span> <span class='ocrx_word' id='word_1_55' title='bbox 1542 821 1609 875; x_wconf 89' lang='lat' dir='ltr'><strong>ab</strong></span> <span class='ocrx_word' id='word_1_56' title='bbox 1641 818 1965 885; x_wconf 75' lang='lat' dir='ltr'><strong>insontibus,</strong></span> <span class='ocrx_word' id='word_1_57' title='bbox 2020 818 2095 872; x_wconf 89' lang='lat' dir='ltr'><strong>uti</strong></span> 
     </span>
    </p>
   </div>
   <div class='ocr_carea' id='block_1_9' title="bbox 498 909 2090 984">
    <p class='ocr_par' dir='ltr' id='par_1_9' title="bbox 498 909 2090 984">
     <span class='ocr_line' id='line_1_9' title="bbox 498 909 2090 984; baseline -0.004 -15"><span class='ocrx_word' id='word_1_58' title='bbox 498 918 714 973; x_wconf 72' lang='lat' dir='ltr'><strong>aiebant</strong></span> <span class='ocrx_word' id='word_1_59' title='bbox 732 959 747 983; x_wconf 97' lang='lat'><strong>,</strong></span> <span class='ocrx_word' id='word_1_60' title='bbox 771 914 1004 971; x_wconf 91' lang='lat' dir='ltr'><strong>ethnicis</strong></span> <span class='ocrx_word' id='word_1_61' title='bbox 1032 915 1142 967; x_wconf 93' lang='lat' dir='ltr'><strong>ullo</strong></span> <span class='ocrx_word' id='word_1_62' title='bbox 1171 914 1375 984; x_wconf 79' lang='lat' dir='ltr'><strong>absque</strong></span> <span class='ocrx_word' id='word_1_63' title='bbox 1402 913 1713 969; x_wconf 89' lang='lat' dir='ltr'><strong>discrimine</strong></span> <span class='ocrx_word' id='word_1_64' title='bbox 1744 909 2090 982; x_wconf 85' lang='lat' dir='ltr'><strong>repetierint?</strong></span> 
     </span>
    </p>
   </div>
   <div class='ocr_carea' id='block_1_10' title="bbox 501 1004 2096 1078">
    <p class='ocr_par' dir='ltr' id='par_1_10' title="bbox 501 1004 2096 1078">
     <span class='ocr_line' id='line_1_10' title="bbox 501 1004 2096 1078; baseline -0.006 -12"><span class='ocrx_word' id='word_1_65' title='bbox 501 1008 634 1066; x_wconf 72' lang='lat' dir='ltr'><strong>.‘Nam</strong></span> <span class='ocrx_word' id='word_1_66' title='bbox 682 1008 836 1063; x_wconf 87' lang='lat' dir='ltr'><strong>facile</strong></span> <span class='ocrx_word' id='word_1_67' title='bbox 884 1015 1134 1078; x_wconf 72' lang='lat' dir='ltr'><strong>poterant</strong></span> <span class='ocrx_word' id='word_1_68' title='bbox 1183 1007 1472 1076; x_wconf 86' lang='lat' dir='ltr'><strong>separatim</strong></span> <span class='ocrx_word' id='word_1_69' title='bbox 1509 1021 1630 1062; x_wconf 89' lang='lat' dir='ltr'><strong>reos</strong></span> <span class='ocrx_word' id='word_1_70' title='bbox 1671 1004 1987 1076; x_wconf 80' lang='lat' dir='ltr'><strong>suppliciis,</strong></span> <span class='ocrx_word' id='word_1_71' title='bbox 2031 1016 2096 1057; x_wconf 91' lang='lat' dir='ltr'><strong>ac</strong></span> 
     </span>
    </p>
   </div>
   <div class='ocr_carea' id='block_1_11' title="bbox 500 1098 2096 1159">
    <p class='ocr_par' dir='ltr' id='par_1_11' title="bbox 500 1098 2096 1159">
     <span class='ocr_line' id='line_1_11' title="bbox 500 1098 2096 1159; baseline -0.005 0"><span class='ocrx_word' id='word_1_72' title='bbox 500 1104 640 1159; x_wconf 84' lang='lat' dir='ltr'><strong>bene</strong></span> <span class='ocrx_word' id='word_1_73' title='bbox 664 1103 885 1157; x_wconf 86' lang='lat' dir='ltr'><strong>meritos</strong></span> <span class='ocrx_word' id='word_1_74' title='bbox 913 1100 1190 1157; x_wconf 91' lang='lat' dir='ltr'><strong>beneficiis</strong></span> <span class='ocrx_word' id='word_1_75' title='bbox 1217 1099 1467 1155; x_wconf 82' lang='lat' dir='ltr'><strong>adiicere.</strong></span> <span class='ocrx_word' id='word_1_76' title='bbox 1502 1101 1582 1155; x_wconf 93' lang='lat' dir='ltr'><strong>Dii</strong></span> <span class='ocrx_word' id='word_1_77' title='bbox 1608 1102 1753 1155; x_wconf 91' lang='lat' dir='ltr'><strong>enim</strong></span> <span class='ocrx_word' id='word_1_78' title='bbox 1785 1099 2038 1155; x_wconf 78' lang='lat' dir='ltr'><strong>etelestes</strong></span> <span class='ocrx_word' id='word_1_79' title='bbox 2052 1098 2096 1151; x_wconf 92' lang='lat' dir='ltr'><strong>si</strong></span> 
     </span>
    </p>
   </div>
   <div class='ocr_carea' id='block_1_12' title="bbox 502 1190 2097 1268">
    <p class='ocr_par' dir='ltr' id='par_1_12' title="bbox 502 1190 2097 1268">
     <span class='ocr_line' id='line_1_12' title="bbox 502 1190 2097 1268; baseline -0.005 -16"><span class='ocrx_word' id='word_1_80' title='bbox 502 1199 592 1268; x_wconf 90' lang='lat' dir='ltr'><strong>qui</strong></span> <span class='ocrx_word' id='word_1_81' title='bbox 620 1198 747 1263; x_wconf 87' lang='lat' dir='ltr'><strong>sint,</strong></span> <span class='ocrx_word' id='word_1_82' title='bbox 779 1212 884 1250; x_wconf 90' lang='lat' dir='ltr'><strong>non</strong></span> <span class='ocrx_word' id='word_1_83' title='bbox 911 1205 1136 1264; x_wconf 82' lang='lat' dir='ltr'><strong>possunt</strong></span> <span class='ocrx_word' id='word_1_84' title='bbox 1177 1203 1269 1249; x_wconf 87' lang='lat' dir='ltr'><strong>aut</strong></span> <span class='ocrx_word' id='word_1_85' title='bbox 1310 1195 1592 1265; x_wconf 76' lang='lat' dir='ltr'><strong>gentilium</strong></span> <span class='ocrx_word' id='word_1_86' title='bbox 1623 1193 1931 1249; x_wconf 84' lang='lat' dir='ltr'><strong>adulatione</strong></span> <span class='ocrx_word' id='word_1_87' title='bbox 1958 1190 2097 1245; x_wconf 88' lang='lat' dir='ltr'><strong>deli-</strong></span> 
     </span>
    </p>
   </div>
   <div class='ocr_carea' id='block_1_13' title="bbox 502 1283 2098 1359">
    <p class='ocr_par' dir='ltr' id='par_1_13' title="bbox 502 1283 2098 1359">
     <span class='ocr_line' id='line_1_13' title="bbox 502 1283 2098 1359; baseline -0.006 -13"><span class='ocrx_word' id='word_1_88' title='bbox 502 1293 627 1354; x_wconf 89' lang='lat' dir='ltr'><strong>niri,</strong></span> <span class='ocrx_word' id='word_1_89' title='bbox 660 1300 751 1345; x_wconf 88' lang='lat' dir='ltr'><strong>aut</strong></span> <span class='ocrx_word' id='word_1_90' title='bbox 774 1300 991 1359; x_wconf 85' lang='lat' dir='ltr'><strong>propter</strong></span> <span class='ocrx_word' id='word_1_91' title='bbox 1020 1287 1438 1343; x_wconf 91' lang='lat' dir='ltr'><strong>christianorum</strong></span> <span class='ocrx_word' id='word_1_92' title='bbox 1465 1297 1834 1356; x_wconf 89' lang='lat' dir='ltr'><strong>contemptum</strong></span> <span class='ocrx_word' id='word_1_93' title='bbox 1874 1283 2057 1339; x_wconf 79' lang='lat' dir='ltr'><strong>dolere</strong></span> <span class='ocrx_word' id='word_1_94' title='bbox 2081 1322 2098 1349; x_wconf 92' lang='lat'><strong>,</strong></span> 
     </span>
    </p>
   </div>
   <div class='ocr_carea' id='block_1_14' title="bbox 501 1376 2101 1456">
    <p class='ocr_par' dir='ltr' id='par_1_14' title="bbox 501 1376 2101 1456">
     <span class='ocr_line' id='line_1_14' title="bbox 501 1376 2101 1456; baseline -0.007 -15"><span class='ocrx_word' id='word_1_95' title='bbox 501 1393 662 1456; x_wconf 87' lang='lat' dir='ltr'><strong>atque</strong></span> <span class='ocrx_word' id='word_1_96' title='bbox 717 1384 897 1438; x_wconf 85' lang='lat' dir='ltr'><strong>irasci.</strong></span> <span class='ocrx_word' id='word_1_97' title='bbox 945 1381 1310 1450; x_wconf 86' lang='lat' dir='ltr'><strong>Quamobrem</strong></span> <span class='ocrx_word' id='word_1_98' title='bbox 1357 1392 1545 1437; x_wconf 91' lang='lat' dir='ltr'><strong>auctor</strong></span> <span class='ocrx_word' id='word_1_99' title='bbox 1592 1393 1776 1437; x_wconf 88' lang='lat' dir='ltr'><strong>noster</strong></span> <span class='ocrx_word' id='word_1_100' title='bbox 1824 1376 2101 1434; x_wconf 84' lang='lat' dir='ltr'><strong>concludit</strong></span> 
     </span>
    </p>
   </div>
   <div class='ocr_carea' id='block_1_15' title="bbox 500 1470 2101 1544">
    <p class='ocr_par' dir='ltr' id='par_1_15' title="bbox 500 1470 2101 1544">
     <span class='ocr_line' id='line_1_15' title="bbox 500 1470 2101 1544; baseline -0.005 -11"><span class='ocrx_word' id='word_1_101' title='bbox 500 1477 601 1533; x_wconf 88' lang='lat' dir='ltr'><strong>has</strong></span> <span class='ocrx_word' id='word_1_102' title='bbox 631 1476 883 1533; x_wconf 90' lang='lat' dir='ltr'><strong>ridiculas</strong></span> <span class='ocrx_word' id='word_1_103' title='bbox 913 1476 1319 1531; x_wconf 90' lang='lat' dir='ltr'><strong>criminationes</strong></span> <span class='ocrx_word' id='word_1_104' title='bbox 1351 1476 1463 1529; x_wconf 90' lang='lat' dir='ltr'><strong>sola</strong></span> <span class='ocrx_word' id='word_1_105' title='bbox 1507 1475 1873 1544; x_wconf 84' lang='lat' dir='ltr'><strong>haruspicum,</strong></span> <span class='ocrx_word' id='word_1_106' title='bbox 1903 1470 2101 1527; x_wconf 85' lang='lat' dir='ltr'><strong>ariolo—</strong></span> 
     </span>
    </p>
   </div>
   <div class='ocr_carea' id='block_1_16' title="bbox 502 1566 1641 1632">
    <p class='ocr_par' dir='ltr' id='par_1_16' title="bbox 502 1566 1641 1632">
     <span class='ocr_line' id='line_1_16' title="bbox 502 1566 1641 1632; baseline -0.006 -8"><span class='ocrx_word' id='word_1_107' title='bbox 502 1586 642 1632; x_wconf 87' lang='lat' dir='ltr'><strong>rum,</strong></span> <span class='ocrx_word' id='word_1_108' title='bbox 674 1577 728 1625; x_wconf 89' lang='lat' dir='ltr'><strong>et</strong></span> <span class='ocrx_word' id='word_1_109' title='bbox 758 1579 934 1622; x_wconf 89' lang='lat' dir='ltr'><strong>vatum</strong></span> <span class='ocrx_word' id='word_1_110' title='bbox 958 1566 1178 1622; x_wconf 86' lang='lat' dir='ltr'><strong>avaritia</strong></span> <span class='ocrx_word' id='word_1_111' title='bbox 1206 1582 1327 1621; x_wconf 87' lang='lat' dir='ltr'><strong>esse</strong></span> <span class='ocrx_word' id='word_1_112' title='bbox 1359 1568 1641 1622; x_wconf 87' lang='lat' dir='ltr'><strong>confictas.</strong></span> 
     </span>
    </p>
   </div>
   <div class='ocr_carea' id='block_1_17' title="bbox 575 1656 2105 1731">
    <p class='ocr_par' dir='ltr' id='par_1_17' title="bbox 575 1656 2105 1731">
     <span class='ocr_line' id='line_1_17' title="bbox 575 1656 2105 1731; baseline -0.003 -15"><span class='ocrx_word' id='word_1_113' title='bbox 575 1661 759 1731; x_wconf 80' lang='lat' dir='ltr'><strong>Neque</strong></span> <span class='ocrx_word' id='word_1_114' title='bbox 781 1661 975 1716; x_wconf 91' lang='lat' dir='ltr'><strong>minori</strong></span> <span class='ocrx_word' id='word_1_115' title='bbox 1010 1659 1342 1729; x_wconf 78' lang='lat' dir='ltr'><strong>impudentia</strong></span> <span class='ocrx_word' id='word_1_116' title='bbox 1370 1659 1574 1714; x_wconf 92' lang='lat' dir='ltr'><strong>ethnici</strong></span> <span class='ocrx_word' id='word_1_117' title='bbox 1603 1659 1947 1729; x_wconf 90' lang='lat' dir='ltr'><strong>objectabant</strong></span> <span class='ocrx_word' id='word_1_118' title='bbox 1972 1656 2105 1711; x_wconf 86' lang='lat' dir='ltr'><strong>deos</strong></span> 
     </span>
    </p>
   </div>
   <div class='ocr_carea' id='block_1_18' title="bbox 499 1752 2107 1823">
    <p class='ocr_par' dir='ltr' id='par_1_18' title="bbox 499 1752 2107 1823">
     <span class='ocr_line' id='line_1_18' title="bbox 499 1752 2107 1823; baseline -0.001 -15"><span class='ocrx_word' id='word_1_119' title='bbox 499 1754 623 1810; x_wconf 85' lang='lat' dir='ltr'><strong>ideo</strong></span> <span class='ocrx_word' id='word_1_120' title='bbox 648 1756 697 1809; x_wconf 90' lang='lat' dir='ltr'><strong>in</strong></span> <span class='ocrx_word' id='word_1_121' title='bbox 726 1754 975 1808; x_wconf 86' lang='lat' dir='ltr'><strong>homines</strong></span> <span class='ocrx_word' id='word_1_122' title='bbox 1001 1753 1191 1808; x_wconf 57' lang='lat' dir='ltr'><strong>saevire</strong></span> <span class='ocrx_word' id='word_1_123' title='bbox 1210 1769 1224 1816; x_wconf 87' lang='lat'><strong>;</strong></span> <span class='ocrx_word' id='word_1_124' title='bbox 1245 1753 1365 1821; x_wconf 91' lang='lat' dir='ltr'><strong>quia</strong></span> <span class='ocrx_word' id='word_1_125' title='bbox 1397 1753 1676 1808; x_wconf 73' lang='lat' dir='ltr'><strong>chrisﬁani</strong></span> <span class='ocrx_word' id='word_1_126' title='bbox 1695 1752 1957 1823; x_wconf 90' lang='lat' dir='ltr'><strong>quosdam</strong></span> <span class='ocrx_word' id='word_1_127' title='bbox 1980 1752 2107 1807; x_wconf 86' lang='lat' dir='ltr'><strong>hac-</strong></span> 
     </span>
    </p>
   </div>
   <div class='ocr_carea' id='block_1_19' title="bbox 2196 534 3797 606">
    <p class='ocr_par' dir='ltr' id='par_1_19' title="bbox 2196 534 3797 606">
     <span class='ocr_line' id='line_1_19' title="bbox 2196 534 3797 606; baseline -0.002 -14"><span class='ocrx_word' id='word_1_128' title='bbox 2196 554 2329 593; x_wconf 88' lang='lat' dir='ltr'><strong>avos</strong></span> <span class='ocrx_word' id='word_1_129' title='bbox 2359 540 2520 593; x_wconf 88' lang='lat' dir='ltr'><strong>etiam</strong></span> <span class='ocrx_word' id='word_1_130' title='bbox 2550 547 2605 593; x_wconf 91' lang='lat' dir='ltr'><strong>et</strong></span> <span class='ocrx_word' id='word_1_131' title='bbox 2644 537 2825 601; x_wconf 90' lang='lat' dir='ltr'><strong>avias,</strong></span> <span class='ocrx_word' id='word_1_132' title='bbox 2858 547 3064 606; x_wconf 90' lang='lat' dir='ltr'><strong>patrem</strong></span> <span class='ocrx_word' id='word_1_133' title='bbox 3094 546 3149 591; x_wconf 90' lang='lat' dir='ltr'><strong>et</strong></span> <span class='ocrx_word' id='word_1_134' title='bbox 3186 546 3413 590; x_wconf 88' lang='lat' dir='ltr'><strong>matrem</strong></span> <span class='ocrx_word' id='word_1_135' title='bbox 3438 576 3453 598; x_wconf 85' lang='lat'><strong>.</strong></span> <span class='ocrx_word' id='word_1_136' title='bbox 3494 551 3561 591; x_wconf 75' lang='lat' dir='ltr'><strong>ex</strong></span> <span class='ocrx_word' id='word_1_137' title='bbox 3601 534 3797 604; x_wconf 78' lang='lat' dir='ltr'><strong>quibus</strong></span> 
     </span>
    </p>
   </div>
   <div class='ocr_carea' id='block_1_20' title="bbox 2195 626 3796 696">
    <p class='ocr_par' dir='ltr' id='par_1_20' title="bbox 2195 626 3796 696">
     <span class='ocr_line' id='line_1_20' title="bbox 2195 626 3796 696; baseline -0.003 -11"><span class='ocrx_word' id='word_1_138' title='bbox 2195 631 2355 685; x_wconf 90' lang='lat' dir='ltr'><strong>solito</strong></span> <span class='ocrx_word' id='word_1_139' title='bbox 2401 629 2677 683; x_wconf 90' lang='lat' dir='ltr'><strong>hominum</strong></span> <span class='ocrx_word' id='word_1_140' title='bbox 2728 643 2879 682; x_wconf 90' lang='lat' dir='ltr'><strong>more</strong></span> <span class='ocrx_word' id='word_1_141' title='bbox 2910 637 3067 681; x_wconf 86' lang='lat' dir='ltr'><strong>natus</strong></span> <span class='ocrx_word' id='word_1_142' title='bbox 3112 628 3229 681; x_wconf 87' lang='lat' dir='ltr'><strong>est?</strong></span> <span class='ocrx_word' id='word_1_143' title='bbox 3272 626 3484 682; x_wconf 87' lang='lat' dir='ltr'><strong>Ethnici</strong></span> <span class='ocrx_word' id='word_1_144' title='bbox 3528 628 3709 696; x_wconf 86' lang='lat' dir='ltr'><strong>itaque</strong></span> <span class='ocrx_word' id='word_1_145' title='bbox 3752 626 3796 680; x_wconf 91' lang='lat' dir='ltr'><strong>si</strong></span> 
     </span>
    </p>
   </div>
   <div class='ocr_carea' id='block_1_21' title="bbox 2196 718 3795 788">
    <p class='ocr_par' dir='ltr' id='par_1_21' title="bbox 2196 718 3795 788">
     <span class='ocr_line' id='line_1_21' title="bbox 2196 718 3795 788; baseline -0.002 -11"><span class='ocrx_word' id='word_1_146' title='bbox 2196 722 2340 777; x_wconf 90' lang='lat' dir='ltr'><strong>hunc</strong></span> <span class='ocrx_word' id='word_1_147' title='bbox 2353 722 2563 788; x_wconf 88' lang='lat' dir='ltr'><strong>Jovem,</strong></span> <span class='ocrx_word' id='word_1_148' title='bbox 2582 736 2688 776; x_wconf 90' lang='lat' dir='ltr'><strong>non</strong></span> <span class='ocrx_word' id='word_1_149' title='bbox 2706 721 2965 786; x_wconf 89' lang='lat' dir='ltr'><strong>colerent,</strong></span> <span class='ocrx_word' id='word_1_150' title='bbox 2991 718 3084 775; x_wconf 89' lang='lat' dir='ltr'><strong>sed</strong></span> <span class='ocrx_word' id='word_1_151' title='bbox 3102 736 3206 775; x_wconf 88' lang='lat' dir='ltr'><strong>una</strong></span> <span class='ocrx_word' id='word_1_152' title='bbox 3225 731 3369 776; x_wconf 89' lang='lat' dir='ltr'><strong>esset</strong></span> <span class='ocrx_word' id='word_1_153' title='bbox 3395 719 3611 773; x_wconf 89' lang='lat' dir='ltr'><strong>illorum</strong></span> <span class='ocrx_word' id='word_1_154' title='bbox 3634 727 3795 788; x_wconf 86' lang='lat' dir='ltr'><strong>atque</strong></span> 
     </span>
    </p>
   </div>
   <div class='ocr_carea' id='block_1_22' title="bbox 2195 815 3795 886">
    <p class='ocr_par' dir='ltr' id='par_1_22' title="bbox 2195 815 3795 886">
     <span class='ocr_line' id='line_1_22' title="bbox 2195 815 3795 886; baseline -0.004 -12"><span class='ocrx_word' id='word_1_155' title='bbox 2195 817 2610 874; x_wconf 82' lang='lat' dir='ltr'><strong>Christianorum</strong></span> <span class='ocrx_word' id='word_1_156' title='bbox 2641 816 2853 886; x_wconf 87' lang='lat' dir='ltr'><strong>religio,</strong></span> <span class='ocrx_word' id='word_1_157' title='bbox 2886 816 3029 870; x_wconf 88' lang='lat' dir='ltr'><strong>nulla</strong></span> <span class='ocrx_word' id='word_1_158' title='bbox 3068 816 3303 886; x_wconf 87' lang='lat' dir='ltr'><strong>amplius</strong></span> <span class='ocrx_word' id='word_1_159' title='bbox 3331 815 3470 872; x_wconf 89' lang='lat' dir='ltr'><strong>foret</strong></span> <span class='ocrx_word' id='word_1_160' title='bbox 3497 815 3645 871; x_wconf 85' lang='lat' dir='ltr'><strong>Jnvis</strong></span> <span class='ocrx_word' id='word_1_161' title='bbox 3672 815 3751 869; x_wconf 90' lang='lat' dir='ltr'><strong>ira</strong></span> <span class='ocrx_word' id='word_1_162' title='bbox 3780 856 3795 881; x_wconf 94' lang='lat'><strong>,</strong></span> 
     </span>
    </p>
   </div>
   <div class='ocr_carea' id='block_1_23' title="bbox 2192 907 3799 981">
    <p class='ocr_par' dir='ltr' id='par_1_23' title="bbox 2192 907 3799 981">
     <span class='ocr_line' id='line_1_23' title="bbox 2192 907 3799 981; baseline -0.004 -14"><span class='ocrx_word' id='word_1_163' title='bbox 2192 920 2285 967; x_wconf 89' lang='lat' dir='ltr'><strong>aut</strong></span> <span class='ocrx_word' id='word_1_164' title='bbox 2329 912 2374 966; x_wconf 91' lang='lat' dir='ltr'><strong>si</strong></span> <span class='ocrx_word' id='word_1_165' title='bbox 2428 926 2548 981; x_wconf 75' lang='lat' dir='ltr'><strong>quze</strong></span> <span class='ocrx_word' id='word_1_166' title='bbox 2589 918 2764 976; x_wconf 85' lang='lat' dir='ltr'><strong>esset,</strong></span> <span class='ocrx_word' id='word_1_167' title='bbox 2798 908 2986 965; x_wconf 88' lang='lat' dir='ltr'><strong>falsam</strong></span> <span class='ocrx_word' id='word_1_168' title='bbox 3030 908 3366 980; x_wconf 76' lang='lat' dir='ltr'><strong>patefaceret</strong></span> <span class='ocrx_word' id='word_1_169' title='bbox 3411 907 3556 963; x_wconf 87' lang='lat' dir='ltr'><strong>illius</strong></span> <span class='ocrx_word' id='word_1_170' title='bbox 3602 907 3799 962; x_wconf 89' lang='lat' dir='ltr'><strong>divini-</strong></span> 
     </span>
    </p>
   </div>
   <div class='ocr_carea' id='block_1_24' title="bbox 2201 1013 2386 1060">
    <p class='ocr_par' dir='ltr' id='par_1_24' title="bbox 2201 1013 2386 1060">
     <span class='ocr_line' id='line_1_24' title="bbox 2201 1013 2386 1060; baseline 0 -2"><span class='ocrx_word' id='word_1_171' title='bbox 2201 1013 2386 1060; x_wconf 88' lang='lat' dir='ltr'><strong>tatem.</strong></span> 
     </span>
    </p>
   </div>
   <div class='ocr_carea' id='block_1_25' title="bbox 2273 1093 3801 1153">
    <p class='ocr_par' dir='ltr' id='par_1_25' title="bbox 2273 1093 3801 1153">
     <span class='ocr_line' id='line_1_25' title="bbox 2273 1093 3801 1153; baseline -0.002 -1"><span class='ocrx_word' id='word_1_172' title='bbox 2273 1097 2549 1153; x_wconf 89' lang='lat' dir='ltr'><strong>lnstahaot</strong></span> <span class='ocrx_word' id='word_1_173' title='bbox 2573 1096 2925 1152; x_wconf 90' lang='lat' dir='ltr'><strong>nihilominus</strong></span> <span class='ocrx_word' id='word_1_174' title='bbox 2950 1094 3153 1151; x_wconf 90' lang='lat' dir='ltr'><strong>ethnici</strong></span> <span class='ocrx_word' id='word_1_175' title='bbox 3179 1094 3309 1150; x_wconf 91' lang='lat' dir='ltr'><strong>deos</strong></span> <span class='ocrx_word' id='word_1_176' title='bbox 3335 1108 3463 1149; x_wconf 91' lang='lat' dir='ltr'><strong>suos</strong></span> <span class='ocrx_word' id='word_1_177' title='bbox 3486 1093 3801 1150; x_wconf 46' lang='lat' dir='ltr'><strong>christianis</strong></span> 
     </span>
    </p>
   </div>
   <div class='ocr_carea' id='block_1_26' title="bbox 2204 1187 3801 1260">
    <p class='ocr_par' dir='ltr' id='par_1_26' title="bbox 2204 1187 3801 1260">
     <span class='ocr_line' id='line_1_26' title="bbox 2204 1187 3801 1260; baseline -0.002 -14"><span class='ocrx_word' id='word_1_178' title='bbox 2204 1206 2327 1246; x_wconf 89' lang='lat' dir='ltr'><strong>esse</strong></span> <span class='ocrx_word' id='word_1_179' title='bbox 2378 1192 2615 1246; x_wconf 89' lang='lat' dir='ltr'><strong>infensos</strong></span> <span class='ocrx_word' id='word_1_180' title='bbox 2640 1233 2655 1256; x_wconf 94' lang='lat'><strong>,</strong></span> <span class='ocrx_word' id='word_1_181' title='bbox 2719 1207 2824 1245; x_wconf 91' lang='lat' dir='ltr'><strong>non</strong></span> <span class='ocrx_word' id='word_1_182' title='bbox 2865 1200 3149 1260; x_wconf 91' lang='lat' dir='ltr'><strong>propterea</strong></span> <span class='ocrx_word' id='word_1_183' title='bbox 3183 1188 3401 1259; x_wconf 88' lang='lat' dir='ltr'><strong>quidem</strong></span> <span class='ocrx_word' id='word_1_184' title='bbox 3437 1188 3578 1258; x_wconf 90' lang='lat' dir='ltr'><strong>quod</strong></span> <span class='ocrx_word' id='word_1_185' title='bbox 3629 1187 3801 1243; x_wconf 89' lang='lat' dir='ltr'><strong>Deum</strong></span> 
     </span>
    </p>
   </div>
   <div class='ocr_carea' id='block_1_27' title="bbox 2205 1283 3809 1355">
    <p class='ocr_par' dir='ltr' id='par_1_27' title="bbox 2205 1283 3809 1355">
     <span class='ocr_line' id='line_1_27' title="bbox 2205 1283 3809 1355; baseline -0.002 -17"><span class='ocrx_word' id='word_1_186' title='bbox 2205 1286 2628 1355; x_wconf 85' lang='lat' dir='ltr'><strong>omnipotentem</strong></span> <span class='ocrx_word' id='word_1_187' title='bbox 2660 1295 3085 1350; x_wconf 88' lang='lat' dir='ltr'><strong>venerareutur;</strong></span> <span class='ocrx_word' id='word_1_188' title='bbox 3114 1284 3208 1338; x_wconf 90' lang='lat' dir='ltr'><strong>scd</strong></span> <span class='ocrx_word' id='word_1_189' title='bbox 3237 1284 3358 1354; x_wconf 84' lang='lat' dir='ltr'><strong>quia</strong></span> <span class='ocrx_word' id='word_1_190' title='bbox 3397 1283 3668 1338; x_wconf 88' lang='lat' dir='ltr'><strong>hominem</strong></span> <span class='ocrx_word' id='word_1_191' title='bbox 3703 1301 3809 1337; x_wconf 75' lang='lat' dir='ltr'><strong>na-</strong></span> 
     </span>
    </p>
   </div>
   <div class='ocr_carea' id='block_1_28' title="bbox 2205 1376 3808 1448">
    <p class='ocr_par' dir='ltr' id='par_1_28' title="bbox 2205 1376 3808 1448">
     <span class='ocr_line' id='line_1_28' title="bbox 2205 1376 3808 1448; baseline 0 -16"><span class='ocrx_word' id='word_1_192' title='bbox 2205 1390 2337 1443; x_wconf 91' lang='lat' dir='ltr'><strong>tum,</strong></span> <span class='ocrx_word' id='word_1_193' title='bbox 2360 1376 2543 1432; x_wconf 66' lang='lat' dir='ltr'><strong>infami</strong></span> <span class='ocrx_word' id='word_1_194' title='bbox 2567 1378 2742 1433; x_wconf 89' lang='lat' dir='ltr'><strong>crucis</strong></span> <span class='ocrx_word' id='word_1_195' title='bbox 2770 1378 3035 1448; x_wconf 90' lang='lat' dir='ltr'><strong>supplicio</strong></span> <span class='ocrx_word' id='word_1_196' title='bbox 3063 1377 3467 1447; x_wconf 88' lang='lat' dir='ltr'><strong>interemptum,</strong></span> <span class='ocrx_word' id='word_1_197' title='bbox 3494 1376 3659 1430; x_wconf 89' lang='lat' dir='ltr'><strong>Deum</strong></span> <span class='ocrx_word' id='word_1_198' title='bbox 3677 1392 3808 1432; x_wconf 89' lang='lat' dir='ltr'><strong>esse</strong></span> 
     </span>
    </p>
   </div>
   <div class='ocr_carea' id='block_1_29' title="bbox 2202 1469 3809 1541">
    <p class='ocr_par' dir='ltr' id='par_1_29' title="bbox 2202 1469 3809 1541">
     <span class='ocr_line' id='line_1_29' title="bbox 2202 1469 3809 1541; baseline -0.002 -13"><span class='ocrx_word' id='word_1_199' title='bbox 2202 1472 2609 1535; x_wconf 88' lang='lat' dir='ltr'><strong>contendentes,</strong></span> <span class='ocrx_word' id='word_1_200' title='bbox 2634 1471 2963 1541; x_wconf 88' lang='lat' dir='ltr'><strong>quotidiauis</strong></span> <span class='ocrx_word' id='word_1_201' title='bbox 2992 1486 3113 1526; x_wconf 93' lang='lat' dir='ltr'><strong>eum</strong></span> <span class='ocrx_word' id='word_1_202' title='bbox 3147 1470 3632 1540; x_wconf 87' lang='lat' dir='ltr'><strong>supplicationibus</strong></span> <span class='ocrx_word' id='word_1_203' title='bbox 3671 1469 3809 1524; x_wconf 87' lang='lat' dir='ltr'><strong>ado-</strong></span> 
     </span>
    </p>
   </div>
   <div class='ocr_carea' id='block_1_30' title="bbox 2207 1561 3811 1633">
    <p class='ocr_par' dir='ltr' id='par_1_30' title="bbox 2207 1561 3811 1633">
     <span class='ocr_line' id='line_1_30' title="bbox 2207 1561 3811 1633; baseline -0.003 -13"><span class='ocrx_word' id='word_1_204' title='bbox 2207 1575 2409 1621; x_wconf 88' lang='lat' dir='ltr'><strong>rarent.</strong></span> <span class='ocrx_word' id='word_1_205' title='bbox 2460 1564 2663 1620; x_wconf 80' lang='lat' dir='ltr'><strong>Verum</strong></span> <span class='ocrx_word' id='word_1_206' title='bbox 2707 1563 2775 1617; x_wconf 90' lang='lat' dir='ltr'><strong>ab</strong></span> <span class='ocrx_word' id='word_1_207' title='bbox 2819 1562 3008 1618; x_wconf 83' lang='lat' dir='ltr'><strong>iisdem</strong></span> <span class='ocrx_word' id='word_1_208' title='bbox 3039 1562 3271 1617; x_wconf 91' lang='lat' dir='ltr'><strong>ethnicis</strong></span> <span class='ocrx_word' id='word_1_209' title='bbox 3314 1563 3505 1633; x_wconf 77' lang='lat' dir='ltr'><strong>quterit</strong></span> <span class='ocrx_word' id='word_1_210' title='bbox 3535 1561 3811 1616; x_wconf 82' lang='lat' dir='ltr'><strong>Arnobius</strong></span> 
     </span>
    </p>
   </div>
   <div class='ocr_carea' id='block_1_31' title="bbox 2211 1652 3808 1728">
    <p class='ocr_par' dir='ltr' id='par_1_31' title="bbox 2211 1652 3808 1728">
     <span class='ocr_line' id='line_1_31' title="bbox 2211 1652 3808 1728; baseline -0.004 -16"><span class='ocrx_word' id='word_1_211' title='bbox 2211 1658 2428 1728; x_wconf 89' lang='lat' dir='ltr'><strong>quinam</strong></span> <span class='ocrx_word' id='word_1_212' title='bbox 2471 1657 2548 1711; x_wconf 89' lang='lat' dir='ltr'><strong>illi</strong></span> <span class='ocrx_word' id='word_1_213' title='bbox 2596 1658 2704 1711; x_wconf 91' lang='lat' dir='ltr'><strong>sint</strong></span> <span class='ocrx_word' id='word_1_214' title='bbox 2727 1657 2824 1722; x_wconf 92' lang='lat' dir='ltr'><strong>dii,</strong></span> <span class='ocrx_word' id='word_1_215' title='bbox 2852 1656 2941 1726; x_wconf 88' lang='lat' dir='ltr'><strong>qui</strong></span> <span class='ocrx_word' id='word_1_216' title='bbox 2965 1654 3243 1709; x_wconf 79' lang='lat' dir='ltr'><strong>Christum</strong></span> <span class='ocrx_word' id='word_1_217' title='bbox 3273 1670 3301 1707; x_wconf 91' lang='lat' dir='ltr'><strong>a</strong></span> <span class='ocrx_word' id='word_1_218' title='bbox 3334 1654 3491 1709; x_wconf 92' lang='lat' dir='ltr'><strong>nobis</strong></span> <span class='ocrx_word' id='word_1_219' title='bbox 3529 1654 3632 1708; x_wconf 91' lang='lat' dir='ltr'><strong>coli</strong></span> <span class='ocrx_word' id='word_1_220' title='bbox 3662 1652 3808 1707; x_wconf 80' lang='lat' dir='ltr'><strong>iudi-</strong></span> 
     </span>
    </p>
   </div>
   <div class='ocr_carea' id='block_1_32' title="bbox 2209 1746 3814 1821">
    <p class='ocr_par' dir='ltr' id='par_1_32' title="bbox 2209 1746 3814 1821">
     <span class='ocr_line' id='line_1_32' title="bbox 2209 1746 3814 1821; baseline -0.002 -17"><span class='ocrx_word' id='word_1_221' title='bbox 2209 1767 2315 1821; x_wconf 84' lang='lat' dir='ltr'><strong>guc</strong></span> <span class='ocrx_word' id='word_1_222' title='bbox 2370 1750 2634 1807; x_wconf 85' lang='lat' dir='ltr'><strong>ferebant.</strong></span> <span class='ocrx_word' id='word_1_223' title='bbox 2681 1748 2798 1804; x_wconf 89' lang='lat' dir='ltr'><strong>Non</strong></span> <span class='ocrx_word' id='word_1_224' title='bbox 2855 1749 3044 1815; x_wconf 85' lang='lat' dir='ltr'><strong>Janus,</strong></span> <span class='ocrx_word' id='word_1_225' title='bbox 3086 1748 3304 1819; x_wconf 89' lang='lat' dir='ltr'><strong>inquit,</strong></span> <span class='ocrx_word' id='word_1_226' title='bbox 3348 1763 3454 1802; x_wconf 88' lang='lat' dir='ltr'><strong>non</strong></span> <span class='ocrx_word' id='word_1_227' title='bbox 3504 1746 3814 1815; x_wconf 89' lang='lat' dir='ltr'><strong>Saturnus,</strong></span> 
     </span>
    </p>
   </div>
   <div class='ocr_carea' id='block_1_33' title="bbox 502 1836 3813 1912">
    <p class='ocr_par' dir='ltr' id='par_1_33' title="bbox 502 1836 3813 1912">
     <span class='ocr_line' id='line_1_33' title="bbox 502 1836 3813 1912; baseline -0.002 -11"><span class='ocrx_word' id='word_1_228' title='bbox 502 1858 659 1902; x_wconf 87' lang='lat' dir='ltr'><strong>tenus</strong></span> <span class='ocrx_word' id='word_1_229' title='bbox 682 1846 951 1901; x_wconf 85' lang='lat' dir='ltr'><strong>inauditos</strong></span> <span class='ocrx_word' id='word_1_230' title='bbox 977 1847 1151 1900; x_wconf 89' lang='lat' dir='ltr'><strong>cultus</strong></span> <span class='ocrx_word' id='word_1_231' title='bbox 1181 1846 1231 1899; x_wconf 90' lang='lat' dir='ltr'><strong>in</strong></span> <span class='ocrx_word' id='word_1_232' title='bbox 1262 1855 1433 1899; x_wconf 87' lang='lat' dir='ltr'><strong>totmn</strong></span> <span class='ocrx_word' id='word_1_233' title='bbox 1467 1847 1654 1901; x_wconf 89' lang='lat' dir='ltr'><strong>orbem</strong></span> <span class='ocrx_word' id='word_1_234' title='bbox 1672 1857 1933 1900; x_wconf 89' lang='lat' dir='ltr'><strong>terrarum</strong></span> <span class='ocrx_word' id='word_1_235' title='bbox 1954 1845 2103 1898; x_wconf 73' lang='lat' dir='ltr'><strong>invo-</strong></span> <span class='ocrx_word' id='word_1_236' title='bbox 2136 1836 2182 1895; x_wconf 88' lang='lat' dir='ltr'><strong>B</strong></span> <span class='ocrx_word' id='word_1_237' title='bbox 2211 1845 2412 1910; x_wconf 85' lang='lat' dir='ltr'><strong>Fauna,</strong></span> <span class='ocrx_word' id='word_1_238' title='bbox 2436 1844 2578 1898; x_wconf 86' lang='lat' dir='ltr'><strong>Bona</strong></span> <span class='ocrx_word' id='word_1_239' title='bbox 2606 1844 2729 1908; x_wconf 89' lang='lat' dir='ltr'><strong>dea,</strong></span> <span class='ocrx_word' id='word_1_240' title='bbox 2753 1840 3036 1912; x_wconf 85' lang='lat' dir='ltr'><strong>Indigetes,</strong></span> <span class='ocrx_word' id='word_1_241' title='bbox 3064 1839 3429 1910; x_wconf 66' lang='lat' dir='ltr'><strong>Esculapius,</strong></span> <span class='ocrx_word' id='word_1_242' title='bbox 3450 1839 3612 1895; x_wconf 88' lang='lat' dir='ltr'><strong>Liber</strong></span> <span class='ocrx_word' id='word_1_243' title='bbox 3635 1850 3813 1910; x_wconf 87' lang='lat' dir='ltr'><strong>pater,</strong></span> 
     </span>
    </p>
   </div>
   <div class='ocr_carea' id='block_1_34' title="bbox 504 1939 2108 2010">
    <p class='ocr_par' dir='ltr' id='par_1_34' title="bbox 504 1939 2108 2010">
     <span class='ocr_line' id='line_1_34' title="bbox 504 1939 2108 2010; baseline -0.003 -14"><span class='ocrx_word' id='word_1_244' title='bbox 504 1950 718 1997; x_wconf 75' lang='lat' dir='ltr'><strong>xerunt.</strong></span> <span class='ocrx_word' id='word_1_245' title='bbox 736 1939 915 1997; x_wconf 89' lang='lat' dir='ltr'><strong>Unum</strong></span> <span class='ocrx_word' id='word_1_246' title='bbox 949 1941 1146 2010; x_wconf 85' lang='lat' dir='ltr'><strong>quippe</strong></span> <span class='ocrx_word' id='word_1_247' title='bbox 1171 1955 1235 1995; x_wconf 92' lang='lat' dir='ltr'><strong>ac</strong></span> <span class='ocrx_word' id='word_1_248' title='bbox 1257 1956 1443 1995; x_wconf 79' lang='lat' dir='ltr'><strong>verum</strong></span> <span class='ocrx_word' id='word_1_249' title='bbox 1472 1940 1662 2005; x_wconf 86' lang='lat' dir='ltr'><strong>Deum,</strong></span> <span class='ocrx_word' id='word_1_250' title='bbox 1685 1955 1971 2009; x_wconf 87' lang='lat' dir='ltr'><strong>rerumque</strong></span> <span class='ocrx_word' id='word_1_251' title='bbox 1991 1954 2108 1993; x_wconf 90' lang='lat' dir='ltr'><strong>om-</strong></span> 
     </span>
    </p>
   </div>
   <div class='ocr_carea' id='block_1_35' title="bbox 507 2014 2107 2100">
    <p class='ocr_par' dir='ltr' id='par_1_35' title="bbox 507 2014 2107 2100">
     <span class='ocr_line' id='line_1_35' title="bbox 507 2014 2107 2100; baseline -0.001 -14"><span class='ocrx_word' id='word_1_252' title='bbox 507 2032 655 2087; x_wconf 88' lang='lat' dir='ltr'><strong>nium</strong></span> <span class='ocrx_word' id='word_1_253' title='bbox 695 2031 1007 2097; x_wconf 90' lang='lat' dir='ltr'><strong>dominum,</strong></span> <span class='ocrx_word' id='word_1_254' title='bbox 1039 2032 1255 2086; x_wconf 89' lang='lat' dir='ltr'><strong>intimas</strong></span> <span class='ocrx_word' id='word_1_255' title='bbox 1300 2032 1479 2086; x_wconf 85' lang='lat' dir='ltr'><strong>cordis</strong></span> <span class='ocrx_word' id='word_1_256' title='bbox 1534 2032 1703 2087; x_wconf 89' lang='lat' dir='ltr'><strong>nostri</strong></span> <span class='ocrx_word' id='word_1_257' title='bbox 1751 2014 2107 2100; x_wconf 81' lang='lat' dir='ltr'><strong>cogitationes</strong></span> 
     </span>
    </p>
   </div>
   <div class='ocr_carea' id='block_1_36' title="bbox 506 2124 2109 2196">
    <p class='ocr_par' dir='ltr' id='par_1_36' title="bbox 506 2124 2109 2196">
     <span class='ocr_line' id='line_1_36' title="bbox 506 2124 2109 2196; baseline 0 -17"><span class='ocrx_word' id='word_1_258' title='bbox 506 2132 945 2196; x_wconf 83' lang='lat' dir='ltr'><strong>cognoscentem,</strong></span> <span class='ocrx_word' id='word_1_259' title='bbox 977 2137 1327 2187; x_wconf 88' lang='lat' dir='ltr'><strong>venerantur,</strong></span> <span class='ocrx_word' id='word_1_260' title='bbox 1367 2124 1574 2191; x_wconf 91' lang='lat' dir='ltr'><strong>colunt,</strong></span> <span class='ocrx_word' id='word_1_261' title='bbox 1607 2124 1855 2194; x_wconf 86' lang='lat' dir='ltr'><strong>diligunt,</strong></span> <span class='ocrx_word' id='word_1_262' title='bbox 1888 2133 1943 2179; x_wconf 92' lang='lat' dir='ltr'><strong>et</strong></span> <span class='ocrx_word' id='word_1_263' title='bbox 1975 2138 2109 2193; x_wconf 86' lang='lat' dir='ltr'><strong>quo-</strong></span> 
     </span>
    </p>
   </div>
   <div class='ocr_carea' id='block_1_37' title="bbox 509 2218 2108 2289">
    <p class='ocr_par' dir='ltr' id='par_1_37' title="bbox 509 2218 2108 2289">
     <span class='ocr_line' id='line_1_37' title="bbox 509 2218 2108 2289; baseline -0.001 -15"><span class='ocrx_word' id='word_1_264' title='bbox 509 2221 640 2277; x_wconf 90' lang='lat' dir='ltr'><strong>tidie</strong></span> <span class='ocrx_word' id='word_1_265' title='bbox 667 2220 941 2277; x_wconf 87' lang='lat' dir='ltr'><strong>invocant.</strong></span> <span class='ocrx_word' id='word_1_266' title='bbox 967 2219 1067 2286; x_wconf 89' lang='lat' dir='ltr'><strong>Qui</strong></span> <span class='ocrx_word' id='word_1_267' title='bbox 1095 2234 1225 2273; x_wconf 90' lang='lat' dir='ltr'><strong>vero</strong></span> <span class='ocrx_word' id='word_1_268' title='bbox 1249 2218 1408 2289; x_wconf 89' lang='lat' dir='ltr'><strong>hujus</strong></span> <span class='ocrx_word' id='word_1_269' title='bbox 1446 2219 1559 2274; x_wconf 89' lang='lat' dir='ltr'><strong>veri</strong></span> <span class='ocrx_word' id='word_1_270' title='bbox 1588 2219 1680 2274; x_wconf 82' lang='lat' dir='ltr'><strong>Dei</strong></span> <span class='ocrx_word' id='word_1_271' title='bbox 1714 2219 1919 2274; x_wconf 91' lang='lat' dir='ltr'><strong>cultum</strong></span> <span class='ocrx_word' id='word_1_272' title='bbox 1952 2219 2108 2272; x_wconf 86' lang='lat' dir='ltr'><strong>dam-</strong></span> 
     </span>
    </p>
   </div>
   <div class='ocr_carea' id='block_1_38' title="bbox 509 2310 2106 2383">
    <p class='ocr_par' dir='ltr' id='par_1_38' title="bbox 509 2310 2106 2383">
     <span class='ocr_line' id='line_1_38' title="bbox 509 2310 2106 2383; baseline -0.003 -15"><span class='ocrx_word' id='word_1_273' title='bbox 509 2324 621 2378; x_wconf 89' lang='lat' dir='ltr'><strong>nat,</strong></span> <span class='ocrx_word' id='word_1_274' title='bbox 657 2315 701 2369; x_wconf 92' lang='lat' dir='ltr'><strong>is</strong></span> <span class='ocrx_word' id='word_1_275' title='bbox 744 2315 860 2369; x_wconf 85' lang='lat' dir='ltr'><strong>sive</strong></span> <span class='ocrx_word' id='word_1_276' title='bbox 896 2312 1126 2383; x_wconf 82' lang='lat' dir='ltr'><strong>Jupiter,</strong></span> <span class='ocrx_word' id='word_1_277' title='bbox 1154 2311 1267 2366; x_wconf 87' lang='lat' dir='ltr'><strong>sive</strong></span> <span class='ocrx_word' id='word_1_278' title='bbox 1306 2312 1517 2381; x_wconf 80' lang='lat' dir='ltr'><strong>Apollo,</strong></span> <span class='ocrx_word' id='word_1_279' title='bbox 1567 2319 1660 2365; x_wconf 88' lang='lat' dir='ltr'><strong>aut</strong></span> <span class='ocrx_word' id='word_1_280' title='bbox 1699 2310 1834 2365; x_wconf 87' lang='lat' dir='ltr'><strong>alius</strong></span> <span class='ocrx_word' id='word_1_281' title='bbox 1856 2310 2066 2364; x_wconf 88' lang='lat' dir='ltr'><strong>dicatur</strong></span> <span class='ocrx_word' id='word_1_282' title='bbox 2090 2352 2106 2376; x_wconf 93' lang='lat'><strong>,</strong></span> 
     </span>
    </p>
   </div>
   <div class='ocr_carea' id='block_1_39' title="bbox 510 2402 2106 2473">
    <p class='ocr_par' dir='ltr' id='par_1_39' title="bbox 510 2402 2106 2473">
     <span class='ocr_line' id='line_1_39' title="bbox 510 2402 2106 2473; baseline -0.002 -13"><span class='ocrx_word' id='word_1_283' title='bbox 510 2405 605 2460; x_wconf 91' lang='lat' dir='ltr'><strong>Dei</strong></span> <span class='ocrx_word' id='word_1_284' title='bbox 650 2419 847 2460; x_wconf 89' lang='lat' dir='ltr'><strong>nomen</strong></span> <span class='ocrx_word' id='word_1_285' title='bbox 895 2420 1000 2459; x_wconf 92' lang='lat' dir='ltr'><strong>non</strong></span> <span class='ocrx_word' id='word_1_286' title='bbox 1046 2411 1301 2458; x_wconf 88' lang='lat' dir='ltr'><strong>meretur.</strong></span> <span class='ocrx_word' id='word_1_287' title='bbox 1334 2403 1440 2459; x_wconf 88' lang='lat' dir='ltr'><strong>Sed</strong></span> <span class='ocrx_word' id='word_1_288' title='bbox 1469 2404 1591 2473; x_wconf 89' lang='lat' dir='ltr'><strong>quia</strong></span> <span class='ocrx_word' id='word_1_289' title='bbox 1628 2413 1838 2472; x_wconf 78' lang='lat' dir='ltr'><strong>tempus</strong></span> <span class='ocrx_word' id='word_1_290' title='bbox 1866 2402 2106 2457; x_wconf 90' lang='lat' dir='ltr'><strong>nondum</strong></span> 
     </span>
    </p>
   </div>
   <div class='ocr_carea' id='block_1_40' title="bbox 509 2495 2108 2567">
    <p class='ocr_par' dir='ltr' id='par_1_40' title="bbox 509 2495 2108 2567">
     <span class='ocr_line' id='line_1_40' title="bbox 509 2495 2108 2567; baseline -0.001 -16"><span class='ocrx_word' id='word_1_291' title='bbox 509 2504 627 2551; x_wconf 83' lang='lat' dir='ltr'><strong>erat</strong></span> <span class='ocrx_word' id='word_1_292' title='bbox 648 2497 949 2567; x_wconf 84' lang='lat' dir='ltr'><strong>patefacere</strong></span> <span class='ocrx_word' id='word_1_293' title='bbox 978 2496 1196 2564; x_wconf 90' lang='lat' dir='ltr'><strong>quinam</strong></span> <span class='ocrx_word' id='word_1_294' title='bbox 1232 2495 1282 2549; x_wconf 93' lang='lat' dir='ltr'><strong>hi</strong></span> <span class='ocrx_word' id='word_1_295' title='bbox 1314 2495 1515 2563; x_wconf 90' lang='lat' dir='ltr'><strong>aliique</strong></span> <span class='ocrx_word' id='word_1_296' title='bbox 1546 2496 1826 2566; x_wconf 84' lang='lat' dir='ltr'><strong>gentilium</strong></span> <span class='ocrx_word' id='word_1_297' title='bbox 1849 2495 1921 2550; x_wconf 90' lang='lat' dir='ltr'><strong>dii</strong></span> <span class='ocrx_word' id='word_1_298' title='bbox 1959 2495 2069 2549; x_wconf 88' lang='lat' dir='ltr'><strong>sint</strong></span> <span class='ocrx_word' id='word_1_299' title='bbox 2093 2536 2108 2558; x_wconf 90' lang='lat'><strong>,</strong></span> 
     </span>
    </p>
   </div>
   <div class='ocr_carea' id='block_1_41' title="bbox 512 2589 2110 2662">
    <p class='ocr_par' dir='ltr' id='par_1_41' title="bbox 512 2589 2110 2662">
     <span class='ocr_line' id='line_1_41' title="bbox 512 2589 2110 2662; baseline -0.001 -17"><span class='ocrx_word' id='word_1_300' title='bbox 512 2589 585 2645; x_wconf 87' lang='lat' dir='ltr'><strong>ibi</strong></span> <span class='ocrx_word' id='word_1_301' title='bbox 632 2602 823 2646; x_wconf 88' lang='lat' dir='ltr'><strong>auctor</strong></span> <span class='ocrx_word' id='word_1_302' title='bbox 864 2601 1050 2645; x_wconf 88' lang='lat' dir='ltr'><strong>noster</strong></span> <span class='ocrx_word' id='word_1_303' title='bbox 1078 2591 1253 2661; x_wconf 85' lang='lat' dir='ltr'><strong>palam</strong></span> <span class='ocrx_word' id='word_1_304' title='bbox 1298 2590 1582 2662; x_wconf 84' lang='lat' dir='ltr'><strong>profitetur</strong></span> <span class='ocrx_word' id='word_1_305' title='bbox 1612 2590 1752 2646; x_wconf 89' lang='lat' dir='ltr'><strong>hanc</strong></span> <span class='ocrx_word' id='word_1_306' title='bbox 1789 2606 1912 2646; x_wconf 64' lang='lat' dir='ltr'><strong>esse</strong></span> <span class='ocrx_word' id='word_1_307' title='bbox 1947 2591 2110 2645; x_wconf 89' lang='lat' dir='ltr'><strong>totius</strong></span> 
     </span>
    </p>
   </div>
   <div class='ocr_carea' id='block_1_42' title="bbox 510 2684 2114 2755">
    <p class='ocr_par' dir='ltr' id='par_1_42' title="bbox 510 2684 2114 2755">
     <span class='ocr_line' id='line_1_42' title="bbox 510 2684 2114 2755; baseline -0.001 -17"><span class='ocrx_word' id='word_1_308' title='bbox 510 2685 820 2739; x_wconf 78' lang='lat' dir='ltr'><strong>christiana:</strong></span> <span class='ocrx_word' id='word_1_309' title='bbox 846 2684 1123 2755; x_wconf 81' lang='lat' dir='ltr'><strong>religionis</strong></span> <span class='ocrx_word' id='word_1_310' title='bbox 1160 2698 1447 2738; x_wconf 89' lang='lat' dir='ltr'><strong>summam.</strong></span> <span class='ocrx_word' id='word_1_311' title='bbox 1491 2684 1656 2740; x_wconf 92' lang='lat' dir='ltr'><strong>Deum</strong></span> <span class='ocrx_word' id='word_1_312' title='bbox 1683 2684 1831 2739; x_wconf 90' lang='lat' dir='ltr'><strong>illum</strong></span> <span class='ocrx_word' id='word_1_313' title='bbox 1846 2699 2029 2739; x_wconf 90' lang='lat' dir='ltr'><strong>verum</strong></span> <span class='ocrx_word' id='word_1_314' title='bbox 2058 2692 2114 2737; x_wconf 90' lang='lat' dir='ltr'><strong>et</strong></span> 
     </span>
    </p>
   </div>
   <div class='ocr_carea' id='block_1_43' title="bbox 514 2775 2115 2857">
    <p class='ocr_par' dir='ltr' id='par_1_43' title="bbox 514 2775 2115 2857">
     <span class='ocr_line' id='line_1_43' title="bbox 514 2775 2115 2857; baseline -0.002 -27"><span class='ocrx_word' id='word_1_315' title='bbox 514 2778 755 2842; x_wconf 90' lang='lat' dir='ltr'><strong>unicum,</strong></span> <span class='ocrx_word' id='word_1_316' title='bbox 814 2778 951 2831; x_wconf 80' lang='lat' dir='ltr'><strong>sicut</strong></span> <span class='ocrx_word' id='word_1_317' title='bbox 1005 2776 1254 2831; x_wconf 87' lang='lat' dir='ltr'><strong>Christus</strong></span> <span class='ocrx_word' id='word_1_318' title='bbox 1294 2775 1496 2841; x_wconf 88' lang='lat' dir='ltr'><strong>docuit,</strong></span> <span class='ocrx_word' id='word_1_319' title='bbox 1545 2778 1727 2857; x_wconf 79' lang='lat' dir='ltr'><strong>animo</strong></span> <span class='ocrx_word' id='word_1_320' title='bbox 1765 2777 1979 2831; x_wconf 84' lang='lat' dir='ltr'><strong>sincero</strong></span> <span class='ocrx_word' id='word_1_321' title='bbox 2004 2817 2017 2837; x_wconf 90' lang='lat'><strong>,</strong></span> <span class='ocrx_word' id='word_1_322' title='bbox 2052 2790 2115 2828; x_wconf 92' lang='lat' dir='ltr'><strong>ac</strong></span> 
     </span>
    </p>
   </div>
   <div class='ocr_carea' id='block_1_44' title="bbox 510 2870 2111 2942">
    <p class='ocr_par' dir='ltr' id='par_1_44' title="bbox 510 2870 2111 2942">
     <span class='ocr_line' id='line_1_44' title="bbox 510 2870 2111 2942; baseline -0.002 -17"><span class='ocrx_word' id='word_1_323' title='bbox 510 2880 783 2940; x_wconf 77' lang='lat' dir='ltr'><strong>prostrato</strong></span> <span class='ocrx_word' id='word_1_324' title='bbox 796 2886 1023 2941; x_wconf 89' lang='lat' dir='ltr'><strong>corpore</strong></span> <span class='ocrx_word' id='word_1_325' title='bbox 1037 2871 1236 2937; x_wconf 90' lang='lat' dir='ltr'><strong>colere,</strong></span> <span class='ocrx_word' id='word_1_326' title='bbox 1255 2870 1825 2942; x_wconf 85' lang='lat' dir='ltr'><strong>adorare,collatisquc</strong></span> <span class='ocrx_word' id='word_1_327' title='bbox 1840 2871 2111 2942; x_wconf 87' lang='lat' dir='ltr'><strong>precibus,</strong></span> 
     </span>
    </p>
   </div>
   <div class='ocr_carea' id='block_1_45' title="bbox 510 2965 2116 3036">
    <p class='ocr_par' dir='ltr' id='par_1_45' title="bbox 510 2965 2116 3036">
     <span class='ocr_line' id='line_1_45' title="bbox 510 2965 2116 3036; baseline -0.001 -17"><span class='ocrx_word' id='word_1_328' title='bbox 510 2967 578 3020; x_wconf 91' lang='lat' dir='ltr'><strong>ab</strong></span> <span class='ocrx_word' id='word_1_329' title='bbox 604 2967 697 3021; x_wconf 90' lang='lat' dir='ltr'><strong>illo</strong></span> <span class='ocrx_word' id='word_1_330' title='bbox 719 2966 1013 3036; x_wconf 89' lang='lat' dir='ltr'><strong>deposcere</strong></span> <span class='ocrx_word' id='word_1_331' title='bbox 1047 2981 1172 3020; x_wconf 89' lang='lat' dir='ltr'><strong>vera</strong></span> <span class='ocrx_word' id='word_1_332' title='bbox 1205 2965 1366 3030; x_wconf 89' lang='lat' dir='ltr'><strong>bona,</strong></span> <span class='ocrx_word' id='word_1_333' title='bbox 1394 2974 1449 3019; x_wconf 89' lang='lat' dir='ltr'><strong>et</strong></span> <span class='ocrx_word' id='word_1_334' title='bbox 1474 2965 1697 3020; x_wconf 89' lang='lat' dir='ltr'><strong>honesta</strong></span> <span class='ocrx_word' id='word_1_335' title='bbox 1721 3007 1736 3030; x_wconf 93' lang='lat'><strong>,</strong></span> <span class='ocrx_word' id='word_1_336' title='bbox 1774 2981 1836 3020; x_wconf 90' lang='lat' dir='ltr'><strong>ac</strong></span> <span class='ocrx_word' id='word_1_337' title='bbox 1864 2966 2116 3018; x_wconf 57' lang='lat' dir='ltr'><strong>vitaemoc</strong></span> 
     </span>
    </p>
   </div>
   <div class='ocr_carea' id='block_1_46' title="bbox 510 3059 2116 3131">
    <p class='ocr_par' dir='ltr' id='par_1_46' title="bbox 510 3059 2116 3131">
     <span class='ocr_line' id='line_1_46' title="bbox 510 3059 2116 3131; baseline -0.002 -14"><span class='ocrx_word' id='word_1_338' title='bbox 510 3075 741 3131; x_wconf 82' lang='lat' dir='ltr'><strong>rumque</strong></span> <span class='ocrx_word' id='word_1_339' title='bbox 772 3060 1151 3114; x_wconf 87' lang='lat' dir='ltr'><strong>innocentiam.</strong></span> <span class='ocrx_word' id='word_1_340' title='bbox 1180 3059 1310 3127; x_wconf 86' lang='lat' dir='ltr'><strong>Quis</strong></span> <span class='ocrx_word' id='word_1_341' title='bbox 1354 3068 1530 3114; x_wconf 92' lang='lat' dir='ltr'><strong>autem</strong></span> <span class='ocrx_word' id='word_1_342' title='bbox 1563 3060 1771 3115; x_wconf 83' lang='lat' dir='ltr'><strong>inficias</strong></span> <span class='ocrx_word' id='word_1_343' title='bbox 1815 3059 1969 3114; x_wconf 82' lang='lat' dir='ltr'><strong>iverit</strong></span> <span class='ocrx_word' id='word_1_344' title='bbox 2004 3073 2116 3113; x_wconf 83' lang='lat' dir='ltr'><strong>nte-</strong></span> 
     </span>
    </p>
   </div>
   <div class='ocr_carea' id='block_1_47' title="bbox 2211 1934 3813 2005">
    <p class='ocr_par' dir='ltr' id='par_1_47' title="bbox 2211 1934 3813 2005">
     <span class='ocr_line' id='line_1_47' title="bbox 2211 1934 3813 2005; baseline -0.005 -12"><span class='ocrx_word' id='word_1_345' title='bbox 2211 1939 2528 2003; x_wconf 82' lang='lat' dir='ltr'><strong>Mercurius,</strong></span> <span class='ocrx_word' id='word_1_346' title='bbox 2558 1938 2745 2003; x_wconf 88' lang='lat' dir='ltr'><strong>Diana,</strong></span> <span class='ocrx_word' id='word_1_347' title='bbox 2777 1937 2991 2005; x_wconf 78' lang='lat' dir='ltr'><strong>Apollo,</strong></span> <span class='ocrx_word' id='word_1_348' title='bbox 3032 1934 3232 1999; x_wconf 85' lang='lat' dir='ltr'><strong>Venus,</strong></span> <span class='ocrx_word' id='word_1_349' title='bbox 3250 1935 3439 1999; x_wconf 83' lang='lat' dir='ltr'><strong>Ceres,</strong></span> <span class='ocrx_word' id='word_1_350' title='bbox 3461 1934 3813 2002; x_wconf 84' lang='lat' dir='ltr'><strong>Proserpina,</strong></span> 
     </span>
    </p>
   </div>
   <div class='ocr_carea' id='block_1_48' title="bbox 2213 2025 3816 2098">
    <p class='ocr_par' dir='ltr' id='par_1_48' title="bbox 2213 2025 3816 2098">
     <span class='ocr_line' id='line_1_48' title="bbox 2213 2025 3816 2098; baseline -0.004 -9"><span class='ocrx_word' id='word_1_351' title='bbox 2213 2033 2490 2098; x_wconf 83' lang='lat' dir='ltr'><strong>Hercules,</strong></span> <span class='ocrx_word' id='word_1_352' title='bbox 2521 2031 2740 2087; x_wconf 87' lang='lat' dir='ltr'><strong>Titanes</strong></span> <span class='ocrx_word' id='word_1_353' title='bbox 2766 2072 2782 2096; x_wconf 93' lang='lat'><strong>,</strong></span> <span class='ocrx_word' id='word_1_354' title='bbox 2816 2029 3075 2094; x_wconf 87' lang='lat' dir='ltr'><strong>Bocores,</strong></span> <span class='ocrx_word' id='word_1_355' title='bbox 3105 2028 3239 2098; x_wconf 80' lang='lat' dir='ltr'><strong>Apis</strong></span> <span class='ocrx_word' id='word_1_356' title='bbox 3279 2042 3376 2082; x_wconf 82' lang='lat' dir='ltr'><strong>seu</strong></span> <span class='ocrx_word' id='word_1_357' title='bbox 3402 2026 3642 2097; x_wconf 83' lang='lat' dir='ltr'><strong>Serapis,</strong></span> <span class='ocrx_word' id='word_1_358' title='bbox 3666 2025 3772 2082; x_wconf 83' lang='lat' dir='ltr'><strong>Isis</strong></span> <span class='ocrx_word' id='word_1_359' title='bbox 3798 2068 3816 2093; x_wconf 94' lang='lat'><strong>,</strong></span> 
     </span>
    </p>
   </div>
   <div class='ocr_carea' id='block_1_49' title="bbox 2214 2119 3811 2195">
    <p class='ocr_par' dir='ltr' id='par_1_49' title="bbox 2214 2119 3811 2195">
     <span class='ocr_line' id='line_1_49' title="bbox 2214 2119 3811 2195; baseline -0.004 -15"><span class='ocrx_word' id='word_1_360' title='bbox 2214 2135 2268 2181; x_wconf 89' lang='lat' dir='ltr'><strong>et</strong></span> <span class='ocrx_word' id='word_1_361' title='bbox 2296 2124 2426 2195; x_wconf 90' lang='lat' dir='ltr'><strong>Opis</strong></span> <span class='ocrx_word' id='word_1_362' title='bbox 2466 2122 2579 2189; x_wconf 89' lang='lat' dir='ltr'><strong>tilii,</strong></span> <span class='ocrx_word' id='word_1_363' title='bbox 2606 2137 2742 2192; x_wconf 91' lang='lat' dir='ltr'><strong>quos</strong></span> <span class='ocrx_word' id='word_1_364' title='bbox 2783 2120 3024 2175; x_wconf 88' lang='lat' dir='ltr'><strong>humano</strong></span> <span class='ocrx_word' id='word_1_365' title='bbox 3052 2135 3203 2175; x_wconf 91' lang='lat' dir='ltr'><strong>more</strong></span> <span class='ocrx_word' id='word_1_366' title='bbox 3232 2119 3463 2191; x_wconf 86' lang='lat' dir='ltr'><strong>genitos,</strong></span> <span class='ocrx_word' id='word_1_367' title='bbox 3501 2135 3606 2172; x_wconf 91' lang='lat' dir='ltr'><strong>non</strong></span> <span class='ocrx_word' id='word_1_368' title='bbox 3642 2133 3811 2173; x_wconf 91' lang='lat' dir='ltr'><strong>secus</strong></span> 
     </span>
    </p>
   </div>
   <div class='ocr_carea' id='block_1_50' title="bbox 2212 2214 3805 2291">
    <p class='ocr_par' dir='ltr' id='par_1_50' title="bbox 2212 2214 3805 2291">
     <span class='ocr_line' id='line_1_50' title="bbox 2212 2214 3805 2291; baseline -0.004 -19"><span class='ocrx_word' id='word_1_369' title='bbox 2212 2229 2372 2291; x_wconf 90' lang='lat' dir='ltr'><strong>atque</strong></span> <span class='ocrx_word' id='word_1_370' title='bbox 2405 2219 2538 2273; x_wconf 87' lang='lat' dir='ltr'><strong>alios</strong></span> <span class='ocrx_word' id='word_1_371' title='bbox 2586 2218 2827 2273; x_wconf 75' lang='lat' dir='ltr'><strong>homines</strong></span> <span class='ocrx_word' id='word_1_372' title='bbox 2870 2217 3101 2281; x_wconf 84' lang='lat' dir='ltr'><strong>vixisse,</strong></span> <span class='ocrx_word' id='word_1_373' title='bbox 3141 2224 3198 2269; x_wconf 90' lang='lat' dir='ltr'><strong>et</strong></span> <span class='ocrx_word' id='word_1_374' title='bbox 3239 2224 3479 2269; x_wconf 89' lang='lat' dir='ltr'><strong>mortuos</strong></span> <span class='ocrx_word' id='word_1_375' title='bbox 3507 2227 3629 2269; x_wconf 90' lang='lat' dir='ltr'><strong>esse</strong></span> <span class='ocrx_word' id='word_1_376' title='bbox 3653 2214 3805 2267; x_wconf 82' lang='lat' dir='ltr'><strong>anti-</strong></span> 
     </span>
    </p>
   </div>
   <div class='ocr_carea' id='block_1_51' title="bbox 2213 2306 3825 2384">
    <p class='ocr_par' dir='ltr' id='par_1_51' title="bbox 2213 2306 3825 2384">
     <span class='ocr_line' id='line_1_51' title="bbox 2213 2306 3825 2384; baseline -0.003 -17"><span class='ocrx_word' id='word_1_377' title='bbox 2213 2314 2485 2384; x_wconf 67' lang='lat' dir='ltr'><strong>quissimm</strong></span> <span class='ocrx_word' id='word_1_378' title='bbox 2519 2311 2801 2383; x_wconf 82' lang='lat' dir='ltr'><strong>gentilium</strong></span> <span class='ocrx_word' id='word_1_379' title='bbox 2860 2309 3102 2365; x_wconf 70' lang='lat' dir='ltr'><strong>historiae</strong></span> <span class='ocrx_word' id='word_1_380' title='bbox 3139 2307 3517 2378; x_wconf 88' lang='lat' dir='ltr'><strong>prodiderunt.</strong></span> <span class='ocrx_word' id='word_1_381' title='bbox 3547 2306 3825 2378; x_wconf 85' lang='lat' dir='ltr'><strong>Numquid</strong></span> 
     </span>
    </p>
   </div>
   <div class='ocr_carea' id='block_1_52' title="bbox 2215 2400 3828 2470">
    <p class='ocr_par' dir='ltr' id='par_1_52' title="bbox 2215 2400 3828 2470">
     <span class='ocr_line' id='line_1_52' title="bbox 2215 2400 3828 2470; baseline -0.003 -11"><span class='ocrx_word' id='word_1_382' title='bbox 2215 2406 2359 2460; x_wconf 91' lang='lat' dir='ltr'><strong>enim</strong></span> <span class='ocrx_word' id='word_1_383' title='bbox 2388 2404 2673 2459; x_wconf 87' lang='lat' dir='ltr'><strong>voluerunt</strong></span> <span class='ocrx_word' id='word_1_384' title='bbox 2705 2418 2766 2459; x_wconf 89' lang='lat' dir='ltr'><strong>se</strong></span> <span class='ocrx_word' id='word_1_385' title='bbox 2808 2401 2877 2457; x_wconf 90' lang='lat' dir='ltr'><strong>ab</strong></span> <span class='ocrx_word' id='word_1_386' title='bbox 2902 2401 3139 2457; x_wconf 86' lang='lat' dir='ltr'><strong>ethnicis</strong></span> <span class='ocrx_word' id='word_1_387' title='bbox 3167 2401 3297 2466; x_wconf 91' lang='lat' dir='ltr'><strong>coli,</strong></span> <span class='ocrx_word' id='word_1_388' title='bbox 3322 2416 3386 2455; x_wconf 90' lang='lat' dir='ltr'><strong>ac</strong></span> <span class='ocrx_word' id='word_1_389' title='bbox 3415 2400 3653 2470; x_wconf 68' lang='lat' dir='ltr'><strong>pristina:</strong></span> <span class='ocrx_word' id='word_1_390' title='bbox 3683 2414 3828 2455; x_wconf 82' lang='lat' dir='ltr'><strong>con-</strong></span> 
     </span>
    </p>
   </div>
   <div class='ocr_carea' id='block_1_53' title="bbox 2216 2493 3830 2564">
    <p class='ocr_par' dir='ltr' id='par_1_53' title="bbox 2216 2493 3830 2564">
     <span class='ocr_line' id='line_1_53' title="bbox 2216 2493 3830 2564; baseline -0.004 -8"><span class='ocrx_word' id='word_1_391' title='bbox 2216 2501 2438 2556; x_wconf 92' lang='lat' dir='ltr'><strong>ditionis</strong></span> <span class='ocrx_word' id='word_1_392' title='bbox 2465 2514 2580 2553; x_wconf 74' lang='lat' dir='ltr'><strong>sua:</strong></span> <span class='ocrx_word' id='word_1_393' title='bbox 2603 2499 2972 2564; x_wconf 89' lang='lat' dir='ltr'><strong>immemores,</strong></span> <span class='ocrx_word' id='word_1_394' title='bbox 3000 2496 3327 2552; x_wconf 84' lang='lat' dir='ltr'><strong>christianos</strong></span> <span class='ocrx_word' id='word_1_395' title='bbox 3348 2493 3621 2550; x_wconf 85' lang='lat' dir='ltr'><strong>Christum</strong></span> <span class='ocrx_word' id='word_1_396' title='bbox 3639 2494 3830 2550; x_wconf 88' lang='lat' dir='ltr'><strong>colen-</strong></span> 
     </span>
    </p>
   </div>
   <div class='ocr_carea' id='block_1_54' title="bbox 2221 2572 3796 2648">
    <p class='ocr_par' dir='ltr' id='par_1_54' title="bbox 2221 2572 3796 2648">
     <span class='ocr_line' id='line_1_54' title="bbox 2221 2572 3796 2648; baseline -0.005 -1"><span class='ocrx_word' id='word_1_397' title='bbox 2221 2603 2302 2648; x_wconf 91' lang='lat' dir='ltr'><strong>tes</strong></span> <span class='ocrx_word' id='word_1_398' title='bbox 2333 2572 2729 2647; x_wconf 52' lang='lat' dir='ltr'><strong>sinémaximis</strong></span> <span class='ocrx_word' id='word_1_399' title='bbox 2759 2593 2851 2645; x_wconf 59' lang='lat' dir='ltr'><strong>ira:</strong></span> <span class='ocrx_word' id='word_1_400' title='bbox 2884 2589 3120 2645; x_wconf 87' lang='lat' dir='ltr'><strong>motibus</strong></span> <span class='ocrx_word' id='word_1_401' title='bbox 3151 2586 3296 2644; x_wconf 88' lang='lat' dir='ltr'><strong>ferre</strong></span> <span class='ocrx_word' id='word_1_402' title='bbox 3328 2604 3434 2642; x_wconf 90' lang='lat' dir='ltr'><strong>non</strong></span> <span class='ocrx_word' id='word_1_403' title='bbox 3464 2587 3796 2643; x_wconf 84' lang='lat' dir='ltr'><strong>valuerunt?</strong></span> 
     </span>
    </p>
   </div>
   <div class='ocr_carea' id='block_1_55' title="bbox 2293 2680 3832 2754">
    <p class='ocr_par' dir='ltr' id='par_1_55' title="bbox 2293 2680 3832 2754">
     <span class='ocr_line' id='line_1_55' title="bbox 2293 2680 3832 2754; baseline -0.004 -13"><span class='ocrx_word' id='word_1_404' title='bbox 2293 2686 2397 2741; x_wconf 83' lang='lat' dir='ltr'><strong>Fas</strong></span> <span class='ocrx_word' id='word_1_405' title='bbox 2423 2702 2553 2742; x_wconf 88' lang='lat' dir='ltr'><strong>vero</strong></span> <span class='ocrx_word' id='word_1_406' title='bbox 2576 2686 2621 2741; x_wconf 91' lang='lat' dir='ltr'><strong>si</strong></span> <span class='ocrx_word' id='word_1_407' title='bbox 2653 2684 2883 2740; x_wconf 87' lang='lat' dir='ltr'><strong>ethnicis</strong></span> <span class='ocrx_word' id='word_1_408' title='bbox 2914 2684 3014 2739; x_wconf 91' lang='lat' dir='ltr'><strong>fuit</strong></span> <span class='ocrx_word' id='word_1_409' title='bbox 3033 2683 3298 2754; x_wconf 88' lang='lat' dir='ltr'><strong>quosdam</strong></span> <span class='ocrx_word' id='word_1_410' title='bbox 3323 2681 3378 2736; x_wconf 91' lang='lat' dir='ltr'><strong>in</strong></span> <span class='ocrx_word' id='word_1_411' title='bbox 3409 2680 3635 2737; x_wconf 89' lang='lat' dir='ltr'><strong>deorum</strong></span> <span class='ocrx_word' id='word_1_412' title='bbox 3660 2697 3832 2751; x_wconf 83' lang='lat' dir='ltr'><strong>prop-</strong></span> 
     </span>
    </p>
   </div>
   <div class='ocr_carea' id='block_1_56' title="bbox 2224 2775 3836 2848">
    <p class='ocr_par' dir='ltr' id='par_1_56' title="bbox 2224 2775 3836 2848">
     <span class='ocr_line' id='line_1_56' title="bbox 2224 2775 3836 2848; baseline -0.002 -12"><span class='ocrx_word' id='word_1_413' title='bbox 2224 2789 2309 2836; x_wconf 86' lang='lat' dir='ltr'><strong>ter</strong></span> <span class='ocrx_word' id='word_1_414' title='bbox 2347 2781 2537 2836; x_wconf 89' lang='lat' dir='ltr'><strong>collata</strong></span> <span class='ocrx_word' id='word_1_415' title='bbox 2565 2780 2689 2845; x_wconf 88' lang='lat' dir='ltr'><strong>sibi,</strong></span> <span class='ocrx_word' id='word_1_416' title='bbox 2724 2790 2785 2834; x_wconf 93' lang='lat' dir='ltr'><strong>ut</strong></span> <span class='ocrx_word' id='word_1_417' title='bbox 2820 2782 2963 2848; x_wconf 78' lang='lat' dir='ltr'><strong>putat</strong></span> <span class='ocrx_word' id='word_1_418' title='bbox 2984 2786 3112 2844; x_wconf 87' lang='lat' dir='ltr'><strong>aut,</strong></span> <span class='ocrx_word' id='word_1_419' title='bbox 3143 2775 3402 2835; x_wconf 83' lang='lat' dir='ltr'><strong>beneficia</strong></span> <span class='ocrx_word' id='word_1_420' title='bbox 3436 2791 3719 2832; x_wconf 88' lang='lat' dir='ltr'><strong>numerum</strong></span> <span class='ocrx_word' id='word_1_421' title='bbox 3752 2792 3836 2832; x_wconf 88' lang='lat' dir='ltr'><strong>re-</strong></span> 
     </span>
    </p>
   </div>
   <div class='ocr_carea' id='block_1_57' title="bbox 2229 2870 3834 2943">
    <p class='ocr_par' dir='ltr' id='par_1_57' title="bbox 2229 2870 3834 2943">
     <span class='ocr_line' id='line_1_57' title="bbox 2229 2870 3834 2943; baseline -0.004 -12"><span class='ocrx_word' id='word_1_422' title='bbox 2229 2878 2394 2943; x_wconf 89' lang='lat' dir='ltr'><strong>ferre,</strong></span> <span class='ocrx_word' id='word_1_423' title='bbox 2424 2877 2677 2931; x_wconf 87' lang='lat' dir='ltr'><strong>Liberum</strong></span> <span class='ocrx_word' id='word_1_424' title='bbox 2708 2875 2918 2929; x_wconf 83' lang='lat' dir='ltr'><strong>scilicet</strong></span> <span class='ocrx_word' id='word_1_425' title='bbox 2953 2882 3173 2943; x_wconf 89' lang='lat' dir='ltr'><strong>propter</strong></span> <span class='ocrx_word' id='word_1_426' title='bbox 3195 2872 3326 2934; x_wconf 90' lang='lat' dir='ltr'><strong>vini,</strong></span> <span class='ocrx_word' id='word_1_427' title='bbox 3352 2870 3609 2926; x_wconf 87' lang='lat' dir='ltr'><strong>Cererem</strong></span> <span class='ocrx_word' id='word_1_428' title='bbox 3630 2870 3791 2940; x_wconf 90' lang='lat' dir='ltr'><strong>panis</strong></span> <span class='ocrx_word' id='word_1_429' title='bbox 3817 2912 3834 2938; x_wconf 92' lang='lat'><strong>,</strong></span> 
     </span>
    </p>
   </div>
   <div class='ocr_carea' id='block_1_58' title="bbox 2223 2963 3834 3041">
    <p class='ocr_par' dir='ltr' id='par_1_58' title="bbox 2223 2963 3834 3041">
     <span class='ocr_line' id='line_1_58' title="bbox 2223 2963 3834 3041; baseline -0.004 -14"><span class='ocrx_word' id='word_1_430' title='bbox 2223 2971 2597 3041; x_wconf 61' lang='lat' dir='ltr'><strong>Esculapium</strong></span> <span class='ocrx_word' id='word_1_431' title='bbox 2643 2968 2966 3032; x_wconf 89' lang='lat' dir='ltr'><strong>herbarum,</strong></span> <span class='ocrx_word' id='word_1_432' title='bbox 3006 2967 3300 3022; x_wconf 78' lang='lat' dir='ltr'><strong>Minervam</strong></span> <span class='ocrx_word' id='word_1_433' title='bbox 3349 2965 3508 3033; x_wconf 73' lang='lat' dir='ltr'><strong>olem,</strong></span> <span class='ocrx_word' id='word_1_434' title='bbox 3550 2963 3834 3035; x_wconf 82' lang='lat' dir='ltr'><strong>Triptole-</strong></span> 
     </span>
    </p>
   </div>
   <div class='ocr_carea' id='block_1_59' title="bbox 2223 3056 3840 3129">
    <p class='ocr_par' dir='ltr' id='par_1_59' title="bbox 2223 3056 3840 3129">
     <span class='ocr_line' id='line_1_59' title="bbox 2223 3056 3840 3129; baseline -0.004 -12"><span class='ocrx_word' id='word_1_435' title='bbox 2223 3080 2370 3118; x_wconf 91' lang='lat' dir='ltr'><strong>mum</strong></span> <span class='ocrx_word' id='word_1_436' title='bbox 2405 3062 2570 3117; x_wconf 82' lang='lat' dir='ltr'><strong>aratri</strong></span> <span class='ocrx_word' id='word_1_437' title='bbox 2620 3061 3008 3124; x_wconf 88' lang='lat' dir='ltr'><strong>inventionem,</strong></span> <span class='ocrx_word' id='word_1_438' title='bbox 3042 3068 3206 3129; x_wconf 88' lang='lat' dir='ltr'><strong>atquc</strong></span> <span class='ocrx_word' id='word_1_439' title='bbox 3247 3056 3535 3113; x_wconf 78' lang='lat' dir='ltr'><strong>Herculem</strong></span> <span class='ocrx_word' id='word_1_440' title='bbox 3560 3098 3575 3122; x_wconf 88' lang='lat'><strong>,</strong></span> <span class='ocrx_word' id='word_1_441' title='bbox 3610 3066 3840 3126; x_wconf 86' lang='lat' dir='ltr'><strong>propter</strong></span> 
     </span>
    </p>
   </div>
   <div class='ocr_carea' id='block_1_60' title="bbox 511 3146 3839 3223">
    <p class='ocr_par' dir='ltr' id='par_1_60' title="bbox 511 3146 3839 3223">
     <span class='ocr_line' id='line_1_60' title="bbox 511 3146 3839 3223; baseline -0.005 -16"><span class='ocrx_word' id='word_1_442' title='bbox 511 3153 700 3208; x_wconf 90' lang='lat' dir='ltr'><strong>liorem</strong></span> <span class='ocrx_word' id='word_1_443' title='bbox 728 3167 848 3209; x_wconf 90' lang='lat' dir='ltr'><strong>esse</strong></span> <span class='ocrx_word' id='word_1_444' title='bbox 893 3152 1084 3207; x_wconf 90' lang='lat' dir='ltr'><strong>horum</strong></span> <span class='ocrx_word' id='word_1_445' title='bbox 1122 3166 1358 3217; x_wconf 84' lang='lat' dir='ltr'><strong>causam,</strong></span> <span class='ocrx_word' id='word_1_446' title='bbox 1395 3168 1553 3223; x_wconf 81' lang='lat' dir='ltr'><strong>quant</strong></span> <span class='ocrx_word' id='word_1_447' title='bbox 1585 3166 1793 3215; x_wconf 83' lang='lat' dir='ltr'><strong>eorum,</strong></span> <span class='ocrx_word' id='word_1_448' title='bbox 1820 3151 1908 3221; x_wconf 89' lang='lat' dir='ltr'><strong>qui</strong></span> <span class='ocrx_word' id='word_1_449' title='bbox 1933 3149 2112 3204; x_wconf 89' lang='lat' dir='ltr'><strong>Gran-</strong></span> <span class='ocrx_word' id='word_1_450' title='bbox 2141 3153 2186 3215; x_wconf 89' lang='lat' dir='ltr'><strong>C</strong></span> <span class='ocrx_word' id='word_1_451' title='bbox 2221 3154 2430 3210; x_wconf 86' lang='lat' dir='ltr'><strong>devicta</strong></span> <span class='ocrx_word' id='word_1_452' title='bbox 2463 3162 2741 3217; x_wconf 88' lang='lat' dir='ltr'><strong>monstra;</strong></span> <span class='ocrx_word' id='word_1_453' title='bbox 2769 3160 2971 3222; x_wconf 91' lang='lat' dir='ltr'><strong>quanto</strong></span> <span class='ocrx_word' id='word_1_454' title='bbox 3018 3150 3190 3220; x_wconf 84' lang='lat' dir='ltr'><strong>magis</strong></span> <span class='ocrx_word' id='word_1_455' title='bbox 3218 3146 3467 3204; x_wconf 81' lang='lat' dir='ltr'><strong>Christus</strong></span> <span class='ocrx_word' id='word_1_456' title='bbox 3501 3150 3687 3202; x_wconf 79' lang='lat' dir='ltr'><strong>divino</strong></span> <span class='ocrx_word' id='word_1_457' title='bbox 3732 3147 3839 3201; x_wconf 83' lang='grc' dir='ltr'><strong>ιιο-</strong></span> 
     </span>
    </p>
   </div>
   <div class='ocr_carea' id='block_1_61' title="bbox 512 3244 2116 3312">
    <p class='ocr_par' dir='ltr' id='par_1_61' title="bbox 512 3244 2116 3312">
     <span class='ocr_line' id='line_1_61' title="bbox 512 3244 2116 3312; baseline -0.001 -12"><span class='ocrx_word' id='word_1_458' title='bbox 512 3245 686 3310; x_wconf 86' lang='lat' dir='ltr'><strong>dules,</strong></span> <span class='ocrx_word' id='word_1_459' title='bbox 721 3246 849 3301; x_wconf 85' lang='lat' dir='ltr'><strong>Aios</strong></span> <span class='ocrx_word' id='word_1_460' title='bbox 890 3246 1166 3310; x_wconf 84' lang='lat' dir='ltr'><strong>Locutius,</strong></span> <span class='ocrx_word' id='word_1_461' title='bbox 1206 3245 1539 3300; x_wconf 88' lang='lat' dir='ltr'><strong>Limcntinos</strong></span> <span class='ocrx_word' id='word_1_462' title='bbox 1565 3288 1580 3312; x_wconf 91' lang='lat'><strong>,</strong></span> <span class='ocrx_word' id='word_1_463' title='bbox 1609 3244 1847 3311; x_wconf 89' lang='lat' dir='ltr'><strong>Faunos,</strong></span> <span class='ocrx_word' id='word_1_464' title='bbox 1871 3244 2071 3298; x_wconf 85' lang='lat' dir='ltr'><strong>Fatuas</strong></span> <span class='ocrx_word' id='word_1_465' title='bbox 2099 3284 2116 3309; x_wconf 90' lang='lat'><strong>,</strong></span> 
     </span>
    </p>
   </div>
   <div class='ocr_carea' id='block_1_62' title="bbox 512 3336 2117 3409">
    <p class='ocr_par' dir='ltr' id='par_1_62' title="bbox 512 3336 2117 3409">
     <span class='ocr_line' id='line_1_62' title="bbox 512 3336 2117 3409; baseline -0.001 -18"><span class='ocrx_word' id='word_1_466' title='bbox 512 3338 700 3409; x_wconf 90' lang='lat' dir='ltr'><strong>genios</strong></span> <span class='ocrx_word' id='word_1_467' title='bbox 725 3337 996 3391; x_wconf 85' lang='lat' dir='ltr'><strong>civitatum</strong></span> <span class='ocrx_word' id='word_1_468' title='bbox 1020 3379 1035 3401; x_wconf 91' lang='lat'><strong>,</strong></span> <span class='ocrx_word' id='word_1_469' title='bbox 1078 3338 1299 3400; x_wconf 84' lang='lat' dir='ltr'><strong>Pausos,</strong></span> <span class='ocrx_word' id='word_1_470' title='bbox 1328 3336 1577 3391; x_wconf 85' lang='lat' dir='ltr'><strong>Bcllooas</strong></span> <span class='ocrx_word' id='word_1_471' title='bbox 1611 3337 1837 3391; x_wconf 88' lang='lat' dir='ltr'><strong>adorant</strong></span> <span class='ocrx_word' id='word_1_472' title='bbox 1869 3352 1932 3391; x_wconf 90' lang='lat' dir='ltr'><strong>ac</strong></span> <span class='ocrx_word' id='word_1_473' title='bbox 1961 3350 2117 3389; x_wconf 88' lang='lat' dir='ltr'><strong>reve-</strong></span> 
     </span>
    </p>
   </div>
   <div class='ocr_carea' id='block_1_63' title="bbox 511 3426 2119 3496">
    <p class='ocr_par' dir='ltr' id='par_1_63' title="bbox 511 3426 2119 3496">
     <span class='ocr_line' id='line_1_63' title="bbox 511 3426 2119 3496; baseline -0.005 -10"><span class='ocrx_word' id='word_1_474' title='bbox 511 3428 739 3486; x_wconf 84' lang='lat' dir='ltr'><strong>rentur?</strong></span> <span class='ocrx_word' id='word_1_475' title='bbox 770 3428 1151 3483; x_wconf 84' lang='lat' dir='ltr'><strong>Verumtamen</strong></span> <span class='ocrx_word' id='word_1_476' title='bbox 1186 3426 1259 3481; x_wconf 89' lang='lat' dir='ltr'><strong>dii</strong></span> <span class='ocrx_word' id='word_1_477' title='bbox 1297 3427 1395 3481; x_wconf 93' lang='lat' dir='ltr'><strong>hos</strong></span> <span class='ocrx_word' id='word_1_478' title='bbox 1424 3428 1641 3496; x_wconf 91' lang='lat' dir='ltr'><strong>impune</strong></span> <span class='ocrx_word' id='word_1_479' title='bbox 1672 3426 1874 3492; x_wconf 82' lang='lat' dir='ltr'><strong>ferunt,</strong></span> <span class='ocrx_word' id='word_1_480' title='bbox 1904 3426 2119 3480; x_wconf 90' lang='lat' dir='ltr'><strong>sinunt-</strong></span> 
     </span>
    </p>
   </div>
   <div class='ocr_carea' id='block_1_64' title="bbox 511 3521 2124 3599">
    <p class='ocr_par' dir='ltr' id='par_1_64' title="bbox 511 3521 2124 3599">
     <span class='ocr_line' id='line_1_64' title="bbox 511 3521 2124 3599; baseline -0.003 -19"><span class='ocrx_word' id='word_1_481' title='bbox 511 3540 619 3593; x_wconf 91' lang='lat' dir='ltr'><strong>que</strong></span> <span class='ocrx_word' id='word_1_482' title='bbox 648 3522 857 3592; x_wconf 88' lang='lat' dir='ltr'><strong>publica</strong></span> <span class='ocrx_word' id='word_1_483' title='bbox 878 3521 1073 3599; x_wconf 84' lang='lat' dir='ltr'><strong>scortis</strong></span> <span class='ocrx_word' id='word_1_484' title='bbox 1099 3530 1153 3576; x_wconf 92' lang='lat' dir='ltr'><strong>et</strong></span> <span class='ocrx_word' id='word_1_485' title='bbox 1181 3521 1555 3575; x_wconf 86' lang='lat' dir='ltr'><strong>meretricibus</strong></span> <span class='ocrx_word' id='word_1_486' title='bbox 1573 3536 1725 3576; x_wconf 90' lang='lat' dir='ltr'><strong>saera</strong></span> <span class='ocrx_word' id='word_1_487' title='bbox 1755 3522 1890 3585; x_wconf 79' lang='lat' dir='ltr'><strong>fieri,</strong></span> <span class='ocrx_word' id='word_1_488' title='bbox 1922 3521 2124 3592; x_wconf 81' lang='lat' dir='ltr'><strong>magni-</strong></span> 
     </span>
    </p>
   </div>
   <div class='ocr_carea' id='block_1_65' title="bbox 514 3612 2118 3687">
    <p class='ocr_par' dir='ltr' id='par_1_65' title="bbox 514 3612 2118 3687">
     <span class='ocr_line' id='line_1_65' title="bbox 514 3612 2118 3687; baseline 0.002 -18"><span class='ocrx_word' id='word_1_489' title='bbox 514 3616 616 3672; x_wconf 85' lang='lat' dir='ltr'><strong>ﬁca</strong></span> <span class='ocrx_word' id='word_1_490' title='bbox 643 3615 856 3682; x_wconf 85' lang='lat' dir='ltr'><strong>felibus,</strong></span> <span class='ocrx_word' id='word_1_491' title='bbox 885 3612 1201 3681; x_wconf 87' lang='lat' dir='ltr'><strong>scarabaeis,</strong></span> <span class='ocrx_word' id='word_1_492' title='bbox 1221 3624 1276 3668; x_wconf 92' lang='lat' dir='ltr'><strong>et</strong></span> <span class='ocrx_word' id='word_1_493' title='bbox 1307 3613 1516 3669; x_wconf 90' lang='lat' dir='ltr'><strong>buculis</strong></span> <span class='ocrx_word' id='word_1_494' title='bbox 1544 3612 1871 3669; x_wconf 72' lang='lat' dir='ltr'><strong>exmdificari</strong></span> <span class='ocrx_word' id='word_1_495' title='bbox 1895 3619 2118 3687; x_wconf 88' lang='lat' dir='ltr'><strong>templa,</strong></span> 
     </span>
    </p>
   </div>
   <div class='ocr_carea' id='block_1_66' title="bbox 516 3705 2122 3775">
    <p class='ocr_par' dir='ltr' id='par_1_66' title="bbox 516 3705 2122 3775">
     <span class='ocr_line' id='line_1_66' title="bbox 516 3705 2122 3775; baseline 0.001 -11"><span class='ocrx_word' id='word_1_496' title='bbox 516 3723 640 3764; x_wconf 89' lang='lat' dir='ltr'><strong>cum</strong></span> <span class='ocrx_word' id='word_1_497' title='bbox 662 3706 744 3761; x_wconf 89' lang='lat' dir='ltr'><strong>ira</strong></span> <span class='ocrx_word' id='word_1_498' title='bbox 784 3706 839 3760; x_wconf 89' lang='lat' dir='ltr'><strong>in</strong></span> <span class='ocrx_word' id='word_1_499' title='bbox 879 3705 1205 3761; x_wconf 82' lang='lat' dir='ltr'><strong>christianos</strong></span> <span class='ocrx_word' id='word_1_500' title='bbox 1243 3705 1468 3775; x_wconf 88' lang='lat' dir='ltr'><strong>perciti,</strong></span> <span class='ocrx_word' id='word_1_501' title='bbox 1507 3705 1757 3761; x_wconf 85' lang='lat' dir='ltr'><strong>inhibent</strong></span> <span class='ocrx_word' id='word_1_502' title='bbox 1800 3723 1868 3763; x_wconf 90' lang='lat' dir='ltr'><strong>ne</strong></span> <span class='ocrx_word' id='word_1_503' title='bbox 1909 3710 1976 3763; x_wconf 90' lang='lat' dir='ltr'><strong>ab</strong></span> <span class='ocrx_word' id='word_1_504' title='bbox 2016 3710 2122 3766; x_wconf 89' lang='lat' dir='ltr'><strong>illis</strong></span> 
     </span>
    </p>
   </div>
   <div class='ocr_carea' id='block_1_67' title="bbox 522 3799 2121 3871">
    <p class='ocr_par' dir='ltr' id='par_1_67' title="bbox 522 3799 2121 3871">
     <span class='ocr_line' id='line_1_67' title="bbox 522 3799 2121 3871; baseline 0.002 -16"><span class='ocrx_word' id='word_1_505' title='bbox 522 3814 769 3856; x_wconf 89' lang='lat' dir='ltr'><strong>summus</strong></span> <span class='ocrx_word' id='word_1_506' title='bbox 797 3800 1052 3855; x_wconf 89' lang='lat' dir='ltr'><strong>adoretur</strong></span> <span class='ocrx_word' id='word_1_507' title='bbox 1083 3799 1270 3865; x_wconf 89' lang='lat' dir='ltr'><strong>Pater,</strong></span> <span class='ocrx_word' id='word_1_508' title='bbox 1313 3814 1341 3851; x_wconf 90' lang='lat' dir='ltr'><strong>a</strong></span> <span class='ocrx_word' id='word_1_509' title='bbox 1376 3814 1484 3868; x_wconf 92' lang='lat' dir='ltr'><strong>quo</strong></span> <span class='ocrx_word' id='word_1_510' title='bbox 1511 3799 1586 3853; x_wconf 92' lang='lat' dir='ltr'><strong>illi</strong></span> <span class='ocrx_word' id='word_1_511' title='bbox 1610 3799 1824 3869; x_wconf 89' lang='lat' dir='ltr'><strong>ipsimet</strong></span> <span class='ocrx_word' id='word_1_512' title='bbox 1841 3802 2121 3871; x_wconf 87' lang='lat' dir='ltr'><strong>gentilium</strong></span> 
     </span>
    </p>
   </div>
   <div class='ocr_carea' id='block_1_68' title="bbox 518 3889 2122 3964">
    <p class='ocr_par' dir='ltr' id='par_1_68' title="bbox 518 3889 2122 3964">
     <span class='ocr_line' id='line_1_68' title="bbox 518 3889 2122 3964; baseline 0.004 -19"><span class='ocrx_word' id='word_1_513' title='bbox 518 3889 592 3945; x_wconf 90' lang='lat' dir='ltr'><strong>dii</strong></span> <span class='ocrx_word' id='word_1_514' title='bbox 619 3892 863 3961; x_wconf 90' lang='lat' dir='ltr'><strong>accipere</strong></span> <span class='ocrx_word' id='word_1_515' title='bbox 893 3889 1195 3946; x_wconf 87' lang='lat' dir='ltr'><strong>debuerant</strong></span> <span class='ocrx_word' id='word_1_516' title='bbox 1223 3891 1483 3961; x_wconf 77' lang='lat' dir='ltr'><strong>quidquid</strong></span> <span class='ocrx_word' id='word_1_517' title='bbox 1517 3892 1770 3957; x_wconf 83' lang='lat' dir='ltr'><strong>numinis,</strong></span> <span class='ocrx_word' id='word_1_518' title='bbox 1803 3897 2082 3964; x_wconf 90' lang='lat' dir='ltr'><strong>potestatis</strong></span> <span class='ocrx_word' id='word_1_519' title='bbox 2107 3939 2122 3963; x_wconf 93' lang='lat'><strong>,</strong></span> 
     </span>
    </p>
   </div>
   <div class='ocr_carea' id='block_1_69' title="bbox 521 3981 1494 4039">
    <p class='ocr_par' dir='ltr' id='par_1_69' title="bbox 521 3981 1494 4039">
     <span class='ocr_line' id='line_1_69' title="bbox 521 3981 1494 4039; baseline -0.002 -2"><span class='ocrx_word' id='word_1_520' title='bbox 521 3982 940 4039; x_wconf 81' lang='lat' dir='ltr'><strong>immortalitatis</strong></span> <span class='ocrx_word' id='word_1_521' title='bbox 959 3981 1157 4038; x_wconf 87' lang='lat' dir='ltr'><strong>habere</strong></span> <span class='ocrx_word' id='word_1_522' title='bbox 1182 3982 1494 4037; x_wconf 91' lang='lat' dir='ltr'><strong>creduntur.</strong></span> 
     </span>
    </p>
   </div>
   <div class='ocr_carea' id='block_1_70' title="bbox 594 4075 2115 4146">
    <p class='ocr_par' dir='ltr' id='par_1_70' title="bbox 594 4075 2115 4146">
     <span class='ocr_line' id='line_1_70' title="bbox 594 4075 2115 4146; baseline 0.003 -15"><span class='ocrx_word' id='word_1_523' title='bbox 594 4076 701 4131; x_wconf 87' lang='lat' dir='ltr'><strong>Sed</strong></span> <span class='ocrx_word' id='word_1_524' title='bbox 741 4084 798 4131; x_wconf 94' lang='lat' dir='ltr'><strong>ut</strong></span> <span class='ocrx_word' id='word_1_525' title='bbox 836 4075 889 4130; x_wconf 90' lang='lat' dir='ltr'><strong>id</strong></span> <span class='ocrx_word' id='word_1_526' title='bbox 922 4075 1256 4130; x_wconf 89' lang='lat' dir='ltr'><strong>manifestius</strong></span> <span class='ocrx_word' id='word_1_527' title='bbox 1289 4084 1500 4146; x_wconf 90' lang='lat' dir='ltr'><strong>pateat,</strong></span> <span class='ocrx_word' id='word_1_528' title='bbox 1529 4092 1595 4132; x_wconf 80' lang='lat' dir='ltr'><strong>ex</strong></span> <span class='ocrx_word' id='word_1_529' title='bbox 1621 4076 1901 4135; x_wconf 85' lang='lat' dir='ltr'><strong>effectibus</strong></span> <span class='ocrx_word' id='word_1_530' title='bbox 1936 4080 2115 4137; x_wconf 83' lang='lat' dir='ltr'><strong>Arno-</strong></span> 
     </span>
    </p>
   </div>
   <div class='ocr_carea' id='block_1_71' title="bbox 518 4170 2121 4242">
    <p class='ocr_par' dir='ltr' id='par_1_71' title="bbox 518 4170 2121 4242">
     <span class='ocr_line' id='line_1_71' title="bbox 518 4170 2121 4242; baseline 0.002 -15"><span class='ocrx_word' id='word_1_531' title='bbox 518 4170 643 4227; x_wconf 87' lang='lat' dir='ltr'><strong>bius</strong></span> <span class='ocrx_word' id='word_1_532' title='bbox 668 4171 879 4242; x_wconf 90' lang='lat' dir='ltr'><strong>probat,</strong></span> <span class='ocrx_word' id='word_1_533' title='bbox 908 4170 1056 4224; x_wconf 93' lang='lat' dir='ltr'><strong>illum</strong></span> <span class='ocrx_word' id='word_1_534' title='bbox 1096 4185 1283 4225; x_wconf 83' lang='lat' dir='ltr'><strong>verum</strong></span> <span class='ocrx_word' id='word_1_535' title='bbox 1317 4171 1482 4225; x_wconf 91' lang='lat' dir='ltr'><strong>Deum</strong></span> <span class='ocrx_word' id='word_1_536' title='bbox 1524 4186 1702 4226; x_wconf 91' lang='lat' dir='ltr'><strong>rerum</strong></span> <span class='ocrx_word' id='word_1_537' title='bbox 1733 4174 1974 4229; x_wconf 90' lang='lat' dir='ltr'><strong>omnium</strong></span> <span class='ocrx_word' id='word_1_538' title='bbox 1995 4190 2121 4231; x_wconf 88' lang='lat' dir='ltr'><strong>esse</strong></span> 
     </span>
    </p>
   </div>
   <div class='ocr_carea' id='block_1_72' title="bbox 524 4261 2124 4335">
    <p class='ocr_par' dir='ltr' id='par_1_72' title="bbox 524 4261 2124 4335">
     <span class='ocr_line' id='line_1_72' title="bbox 524 4261 2124 4335; baseline 0.001 -16"><span class='ocrx_word' id='word_1_539' title='bbox 524 4263 801 4335; x_wconf 88' lang='lat' dir='ltr'><strong>opificem,</strong></span> <span class='ocrx_word' id='word_1_540' title='bbox 831 4262 1103 4331; x_wconf 82' lang='lat' dir='ltr'><strong>Apolline,</strong></span> <span class='ocrx_word' id='word_1_541' title='bbox 1131 4261 1418 4328; x_wconf 83' lang='lat' dir='ltr'><strong>Mercurio,</strong></span> <span class='ocrx_word' id='word_1_542' title='bbox 1443 4272 1496 4316; x_wconf 92' lang='lat' dir='ltr'><strong>et</strong></span> <span class='ocrx_word' id='word_1_543' title='bbox 1526 4262 1647 4318; x_wconf 90' lang='lat' dir='ltr'><strong>aliis</strong></span> <span class='ocrx_word' id='word_1_544' title='bbox 1667 4305 1682 4329; x_wconf 96' lang='lat'><strong>,</strong></span> <span class='ocrx_word' id='word_1_545' title='bbox 1714 4265 1962 4320; x_wconf 89' lang='lat' dir='ltr'><strong>omnibus</strong></span> <span class='ocrx_word' id='word_1_546' title='bbox 1982 4265 2124 4320; x_wconf 85' lang='lat' dir='ltr'><strong>ficti-</strong></span> 
     </span>
    </p>
   </div>
   <div class='ocr_carea' id='block_1_73' title="bbox 521 4352 2119 4428">
    <p class='ocr_par' dir='ltr' id='par_1_73' title="bbox 521 4352 2119 4428">
     <span class='ocr_line' id='line_1_73' title="bbox 521 4352 2119 4428; baseline 0.003 -20"><span class='ocrx_word' id='word_1_547' title='bbox 521 4356 614 4409; x_wconf 85' lang='lat' dir='ltr'><strong>tiis</strong></span> <span class='ocrx_word' id='word_1_548' title='bbox 653 4353 965 4410; x_wconf 84' lang='lat' dir='ltr'><strong>numinibus</strong></span> <span class='ocrx_word' id='word_1_549' title='bbox 1004 4352 1398 4421; x_wconf 87' lang='lat' dir='ltr'><strong>antiquiorem,</strong></span> <span class='ocrx_word' id='word_1_550' title='bbox 1442 4353 1732 4417; x_wconf 88' lang='lat' dir='ltr'><strong>infinitum,</strong></span> <span class='ocrx_word' id='word_1_551' title='bbox 1775 4357 2070 4428; x_wconf 87' lang='lat' dir='ltr'><strong>ingenitum</strong></span> <span class='ocrx_word' id='word_1_552' title='bbox 2102 4400 2119 4423; x_wconf 89' lang='lat'><strong>,</strong></span> 
     </span>
    </p>
   </div>
   <div class='ocr_carea' id='block_1_74' title="bbox 521 4451 2127 4522">
    <p class='ocr_par' dir='ltr' id='par_1_74' title="bbox 521 4451 2127 4522">
     <span class='ocr_line' id='line_1_74' title="bbox 521 4451 2127 4522; baseline -0.001 -14"><span class='ocrx_word' id='word_1_553' title='bbox 521 4453 883 4509; x_wconf 69' lang='lat' dir='ltr'><strong>immortalem</strong></span> <span class='ocrx_word' id='word_1_554' title='bbox 906 4492 924 4518; x_wconf 91' lang='lat'><strong>,</strong></span> <span class='ocrx_word' id='word_1_555' title='bbox 963 4462 1273 4518; x_wconf 27' lang='lat' dir='ltr'><strong>mteruum,‘</strong></span> <span class='ocrx_word' id='word_1_556' title='bbox 1304 4452 1558 4522; x_wconf 89' lang='lat' dir='ltr'><strong>nulloque</strong></span> <span class='ocrx_word' id='word_1_557' title='bbox 1584 4451 1725 4518; x_wconf 91' lang='lat' dir='ltr'><strong>loco,</strong></span> <span class='ocrx_word' id='word_1_558' title='bbox 1754 4461 1807 4507; x_wconf 93' lang='lat' dir='ltr'><strong>et</strong></span> <span class='ocrx_word' id='word_1_559' title='bbox 1837 4453 1981 4506; x_wconf 89' lang='lat' dir='ltr'><strong>nulla</strong></span> <span class='ocrx_word' id='word_1_560' title='bbox 2001 4467 2127 4507; x_wconf 87' lang='lat' dir='ltr'><strong>cor-</strong></span> 
     </span>
    </p>
   </div>
   <div class='ocr_carea' id='block_1_75' title="bbox 520 4545 2124 4617">
    <p class='ocr_par' dir='ltr' id='par_1_75' title="bbox 520 4545 2124 4617">
     <span class='ocr_line' id='line_1_75' title="bbox 520 4545 2124 4617; baseline -0.002 -14"><span class='ocrx_word' id='word_1_561' title='bbox 520 4563 688 4617; x_wconf 85' lang='lat' dir='ltr'><strong>porca</strong></span> <span class='ocrx_word' id='word_1_562' title='bbox 703 4545 1371 4616; x_wconf 81' lang='lat' dir='ltr'><strong>formacircumscriptum.</strong></span> <span class='ocrx_word' id='word_1_563' title='bbox 1391 4545 1729 4614; x_wconf 85' lang='lat' dir='ltr'><strong>Quapropter</strong></span> <span class='ocrx_word' id='word_1_564' title='bbox 1742 4545 1897 4599; x_wconf 90' lang='lat' dir='ltr'><strong>sicuti</strong></span> <span class='ocrx_word' id='word_1_565' title='bbox 1924 4545 2124 4600; x_wconf 88' lang='lat' dir='ltr'><strong>mirum</strong></span> 
     </span>
    </p>
   </div>
   <div class='ocr_carea' id='block_1_76' title="bbox 521 4638 2126 4711">
    <p class='ocr_par' dir='ltr' id='par_1_76' title="bbox 521 4638 2126 4711">
     <span class='ocr_line' id='line_1_76' title="bbox 521 4638 2126 4711; baseline -0.002 -16"><span class='ocrx_word' id='word_1_566' title='bbox 521 4656 632 4696; x_wconf 85' lang='lat' dir='ltr'><strong>non</strong></span> <span class='ocrx_word' id='word_1_567' title='bbox 661 4652 763 4703; x_wconf 87' lang='lat' dir='ltr'><strong>est.</strong></span> <span class='ocrx_word' id='word_1_568' title='bbox 802 4640 848 4695; x_wconf 91' lang='lat' dir='ltr'><strong>si</strong></span> <span class='ocrx_word' id='word_1_569' title='bbox 872 4640 1014 4711; x_wconf 89' lang='lat' dir='ltr'><strong>quis,</strong></span> <span class='ocrx_word' id='word_1_570' title='bbox 1042 4640 1237 4710; x_wconf 90' lang='lat' dir='ltr'><strong>qualis,</strong></span> <span class='ocrx_word' id='word_1_571' title='bbox 1268 4648 1609 4710; x_wconf 89' lang='lat' dir='ltr'><strong>quantusque</strong></span> <span class='ocrx_word' id='word_1_572' title='bbox 1638 4638 1710 4694; x_wconf 92' lang='lat' dir='ltr'><strong>sit</strong></span> <span class='ocrx_word' id='word_1_573' title='bbox 1735 4640 2030 4709; x_wconf 80' lang='lat' dir='ltr'><strong>ignoretur,</strong></span> <span class='ocrx_word' id='word_1_574' title='bbox 2050 4639 2126 4692; x_wconf 79' lang='lat' dir='ltr'><strong>ita</strong></span> 
     </span>
    </p>
   </div>
   <div class='ocr_carea' id='block_1_77' title="bbox 524 4732 2129 4788">
    <p class='ocr_par' dir='ltr' id='par_1_77' title="bbox 524 4732 2129 4788">
     <span class='ocr_line' id='line_1_77' title="bbox 524 4732 2129 4788; baseline 0 -1"><span class='ocrx_word' id='word_1_575' title='bbox 524 4749 751 4788; x_wconf 78' lang='lat' dir='ltr'><strong>summa:</strong></span> <span class='ocrx_word' id='word_1_576' title='bbox 794 4734 1081 4788; x_wconf 79' lang='lat' dir='ltr'><strong>dementia:</strong></span> <span class='ocrx_word' id='word_1_577' title='bbox 1107 4741 1192 4786; x_wconf 88' lang='lat' dir='ltr'><strong>est</strong></span> <span class='ocrx_word' id='word_1_578' title='bbox 1230 4732 1284 4787; x_wconf 90' lang='lat' dir='ltr'><strong>in</strong></span> <span class='ocrx_word' id='word_1_579' title='bbox 1328 4732 1550 4787; x_wconf 91' lang='lat' dir='ltr'><strong>dubium</strong></span> <span class='ocrx_word' id='word_1_580' title='bbox 1587 4747 1782 4787; x_wconf 80' lang='lat' dir='ltr'><strong>vocare</strong></span> <span class='ocrx_word' id='word_1_581' title='bbox 1813 4742 1989 4787; x_wconf 92' lang='lat' dir='ltr'><strong>utrum</strong></span> <span class='ocrx_word' id='word_1_582' title='bbox 2032 4732 2129 4787; x_wconf 78' lang='lat' dir='ltr'><strong>ille</strong></span> 
     </span>
    </p>
   </div>
   <div class='ocr_carea' id='block_1_78' title="bbox 527 4822 2130 4895">
    <p class='ocr_par' dir='ltr' id='par_1_78' title="bbox 527 4822 2130 4895">
     <span class='ocr_line' id='line_1_78' title="bbox 527 4822 2130 4895; baseline 0 -18"><span class='ocrx_word' id='word_1_583' title='bbox 527 4839 717 4879; x_wconf 84' lang='lat' dir='ltr'><strong>revera</strong></span> <span class='ocrx_word' id='word_1_584' title='bbox 739 4823 955 4878; x_wconf 79' lang='lat' dir='ltr'><strong>existat.</strong></span> <span class='ocrx_word' id='word_1_585' title='bbox 980 4822 1098 4876; x_wconf 91' lang='lat' dir='ltr'><strong>Non</strong></span> <span class='ocrx_word' id='word_1_586' title='bbox 1124 4822 1414 4879; x_wconf 90' lang='lat' dir='ltr'><strong>defuerunt</strong></span> <span class='ocrx_word' id='word_1_587' title='bbox 1442 4833 1619 4880; x_wconf 90' lang='lat' dir='ltr'><strong>tamen</strong></span> <span class='ocrx_word' id='word_1_588' title='bbox 1648 4824 1952 4895; x_wconf 81' lang='lat' dir='ltr'><strong>philosOpbi</strong></span> <span class='ocrx_word' id='word_1_589' title='bbox 1981 4865 1997 4891; x_wconf 90' lang='lat'><strong>,</strong></span> <span class='ocrx_word' id='word_1_590' title='bbox 2029 4823 2130 4894; x_wconf 82' lang='lat' dir='ltr'><strong>qui</strong></span> 
     </span>
    </p>
   </div>
   <div class='ocr_carea' id='block_1_79' title="bbox 526 4917 2124 4989">
    <p class='ocr_par' dir='ltr' id='par_1_79' title="bbox 526 4917 2124 4989">
     <span class='ocr_line' id='line_1_79' title="bbox 526 4917 2124 4989; baseline -0.001 -16"><span class='ocrx_word' id='word_1_591' title='bbox 526 4928 621 4973; x_wconf 88' lang='lat' dir='ltr'><strong>aut</strong></span> <span class='ocrx_word' id='word_1_592' title='bbox 648 4917 778 4971; x_wconf 92' lang='lat' dir='ltr'><strong>illud</strong></span> <span class='ocrx_word' id='word_1_593' title='bbox 809 4928 1140 4988; x_wconf 84' lang='lat' dir='ltr'><strong>negaverunt</strong></span> <span class='ocrx_word' id='word_1_594' title='bbox 1161 4959 1175 4986; x_wconf 93' lang='lat'><strong>,</strong></span> <span class='ocrx_word' id='word_1_595' title='bbox 1232 4929 1325 4973; x_wconf 89' lang='lat' dir='ltr'><strong>aut</strong></span> <span class='ocrx_word' id='word_1_596' title='bbox 1358 4934 1573 4988; x_wconf 86' lang='lat' dir='ltr'><strong>semper</strong></span> <span class='ocrx_word' id='word_1_597' title='bbox 1598 4919 2001 4989; x_wconf 79' lang='lat' dir='ltr'><strong>exquisierunt,</strong></span> <span class='ocrx_word' id='word_1_598' title='bbox 2034 4918 2124 4972; x_wconf 90' lang='lat' dir='ltr'><strong>vel</strong></span> 
     </span>
    </p>
   </div>
   <div class='ocr_carea' id='block_1_80' title="bbox 527 5011 2126 5086">
    <p class='ocr_par' dir='ltr' id='par_1_80' title="bbox 527 5011 2126 5086">
     <span class='ocr_line' id='line_1_80' title="bbox 527 5011 2126 5086; baseline 0.001 -21"><span class='ocrx_word' id='word_1_599' title='bbox 527 5013 620 5086; x_wconf 90' lang='lat' dir='ltr'><strong>qui</strong></span> <span class='ocrx_word' id='word_1_600' title='bbox 686 5011 922 5068; x_wconf 87' lang='lat' dir='ltr'><strong>fortuitis</strong></span> <span class='ocrx_word' id='word_1_601' title='bbox 967 5011 1179 5067; x_wconf 86' lang='lat' dir='ltr'><strong>casibus</strong></span> <span class='ocrx_word' id='word_1_602' title='bbox 1229 5022 1641 5082; x_wconf 88' lang='lat' dir='ltr'><strong>atomorumque</strong></span> <span class='ocrx_word' id='word_1_603' title='bbox 1673 5012 2126 5068; x_wconf 86' lang='lat' dir='ltr'><strong>concursionibus</strong></span> 
     </span>
    </p>
   </div>
   <div class='ocr_carea' id='block_1_81' title="bbox 526 5103 2127 5175">
    <p class='ocr_par' dir='ltr' id='par_1_81' title="bbox 526 5103 2127 5175">
     <span class='ocr_line' id='line_1_81' title="bbox 526 5103 2127 5175; baseline 0 -14"><span class='ocrx_word' id='word_1_604' title='bbox 526 5105 706 5161; x_wconf 87' lang='lat' dir='ltr'><strong>omnia</strong></span> <span class='ocrx_word' id='word_1_605' title='bbox 735 5104 988 5160; x_wconf 86' lang='lat' dir='ltr'><strong>fabricata</strong></span> <span class='ocrx_word' id='word_1_606' title='bbox 1032 5103 1197 5159; x_wconf 87' lang='lat' dir='ltr'><strong>fuisse</strong></span> <span class='ocrx_word' id='word_1_607' title='bbox 1246 5105 1626 5175; x_wconf 89' lang='lat' dir='ltr'><strong>opinabantur.</strong></span> <span class='ocrx_word' id='word_1_608' title='bbox 1658 5105 1762 5161; x_wconf 89' lang='lat' dir='ltr'><strong>Sed</strong></span> <span class='ocrx_word' id='word_1_609' title='bbox 1792 5120 1914 5161; x_wconf 92' lang='lat' dir='ltr'><strong>cum</strong></span> <span class='ocrx_word' id='word_1_610' title='bbox 1945 5105 2127 5161; x_wconf 84' lang='lat' dir='ltr'><strong>stultis</strong></span> 
     </span>
    </p>
   </div>
   <div class='ocr_carea' id='block_1_82' title="bbox 526 5196 2124 5265">
    <p class='ocr_par' dir='ltr' id='par_1_82' title="bbox 526 5196 2124 5265">
     <span class='ocr_line' id='line_1_82' title="bbox 526 5196 2124 5265; baseline -0.001 -12"><span class='ocrx_word' id='word_1_611' title='bbox 526 5196 930 5253; x_wconf 86' lang='lat' dir='ltr'><strong>adsertionibus</strong></span> <span class='ocrx_word' id='word_1_612' title='bbox 973 5196 1349 5251; x_wconf 88' lang='lat' dir='ltr'><strong>contradicere</strong></span> <span class='ocrx_word' id='word_1_613' title='bbox 1392 5196 1610 5265; x_wconf 86' lang='lat' dir='ltr'><strong>majoris</strong></span> <span class='ocrx_word' id='word_1_614' title='bbox 1645 5198 1887 5252; x_wconf 66' lang='lat' dir='ltr'><strong>stultitia:</strong></span> <span class='ocrx_word' id='word_1_615' title='bbox 1933 5198 2023 5265; x_wconf 90' lang='lat' dir='ltr'><strong>sit,</strong></span> <span class='ocrx_word' id='word_1_616' title='bbox 2055 5211 2124 5252; x_wconf 83' lang='lat' dir='ltr'><strong>ea</strong></span> 
     </span>
    </p>
   </div>
   <div class='ocr_carea' id='block_1_83' title="bbox 522 5287 2130 5360">
    <p class='ocr_par' dir='ltr' id='par_1_83' title="bbox 522 5287 2130 5360">
     <span class='ocr_line' id='line_1_83' title="bbox 522 5287 2130 5360; baseline -0.001 -16"><span class='ocrx_word' id='word_1_617' title='bbox 522 5298 744 5360; x_wconf 87' lang='lat' dir='ltr'><strong>propter</strong></span> <span class='ocrx_word' id='word_1_618' title='bbox 773 5287 1065 5352; x_wconf 80' lang='lat' dir='ltr'><strong>Arnobius,</strong></span> <span class='ocrx_word' id='word_1_619' title='bbox 1095 5288 1179 5342; x_wconf 92' lang='lat' dir='ltr'><strong>his</strong></span> <span class='ocrx_word' id='word_1_620' title='bbox 1211 5288 1611 5357; x_wconf 70' lang='lat' dir='ltr'><strong>praetermissis,</strong></span> <span class='ocrx_word' id='word_1_621' title='bbox 1629 5288 1848 5345; x_wconf 77' lang='lat' dir='ltr'><strong>cuilibet</strong></span> <span class='ocrx_word' id='word_1_622' title='bbox 1872 5305 1902 5343; x_wconf 86' lang='lat' dir='ltr'><strong>a</strong></span> <span class='ocrx_word' id='word_1_623' title='bbox 1930 5300 2130 5344; x_wconf 81' lang='lat' dir='ltr'><strong>natura</strong></span> 
     </span>
    </p>
   </div>
   <div class='ocr_carea' id='block_1_84' title="bbox 524 5380 2129 5453">
    <p class='ocr_par' dir='ltr' id='par_1_84' title="bbox 524 5380 2129 5453">
     <span class='ocr_line' id='line_1_84' title="bbox 524 5380 2129 5453; baseline -0.001 -15"><span class='ocrx_word' id='word_1_624' title='bbox 524 5383 747 5438; x_wconf 89' lang='lat' dir='ltr'><strong>insitum</strong></span> <span class='ocrx_word' id='word_1_625' title='bbox 777 5397 898 5438; x_wconf 74' lang='lat' dir='ltr'><strong>esse</strong></span> <span class='ocrx_word' id='word_1_626' title='bbox 926 5380 1170 5448; x_wconf 90' lang='lat' dir='ltr'><strong>adserit;</strong></span> <span class='ocrx_word' id='word_1_627' title='bbox 1206 5391 1261 5436; x_wconf 92' lang='lat' dir='ltr'><strong>ut</strong></span> <span class='ocrx_word' id='word_1_628' title='bbox 1293 5380 1437 5436; x_wconf 91' lang='lat' dir='ltr'><strong>hunc</strong></span> <span class='ocrx_word' id='word_1_629' title='bbox 1465 5392 1723 5453; x_wconf 79' lang='lat' dir='ltr'><strong>agnoscat</strong></span> <span class='ocrx_word' id='word_1_630' title='bbox 1762 5398 1944 5453; x_wconf 90' lang='lat' dir='ltr'><strong>regem</strong></span> <span class='ocrx_word' id='word_1_631' title='bbox 1976 5398 2129 5437; x_wconf 87' lang='lat' dir='ltr'><strong>sum-</strong></span> 
     </span>
    </p>
   </div>
   <div class='ocr_carea' id='block_1_85' title="bbox 532 5473 2126 5543">
    <p class='ocr_par' dir='ltr' id='par_1_85' title="bbox 532 5473 2126 5543">
     <span class='ocr_line' id='line_1_85' title="bbox 532 5473 2126 5543; baseline 0.001 -15"><span class='ocrx_word' id='word_1_632' title='bbox 532 5490 681 5529; x_wconf 81' lang='lat' dir='ltr'><strong>mum</strong></span> <span class='ocrx_word' id='word_1_633' title='bbox 707 5516 722 5541; x_wconf 93' lang='lat'><strong>,</strong></span> <span class='ocrx_word' id='word_1_634' title='bbox 763 5484 817 5530; x_wconf 87' lang='lat' dir='ltr'><strong>et</strong></span> <span class='ocrx_word' id='word_1_635' title='bbox 858 5475 1097 5529; x_wconf 89' lang='lat' dir='ltr'><strong>omnium</strong></span> <span class='ocrx_word' id='word_1_636' title='bbox 1139 5473 1555 5530; x_wconf 86' lang='lat' dir='ltr'><strong>moderatorem.</strong></span> <span class='ocrx_word' id='word_1_637' title='bbox 1588 5474 1728 5543; x_wconf 88' lang='lat' dir='ltr'><strong>Quin</strong></span> <span class='ocrx_word' id='word_1_638' title='bbox 1773 5476 1939 5529; x_wconf 91' lang='lat' dir='ltr'><strong>immo</strong></span> <span class='ocrx_word' id='word_1_639' title='bbox 1980 5475 2126 5530; x_wconf 87' lang='lat' dir='ltr'><strong>haud</strong></span> 
     </span>
    </p>
   </div>
   <div class='ocr_carea' id='block_1_86' title="bbox 525 5564 2129 5637">
    <p class='ocr_par' dir='ltr' id='par_1_86' title="bbox 525 5564 2129 5637">
     <span class='ocr_line' id='line_1_86' title="bbox 525 5564 2129 5637; baseline 0.001 -17"><span class='ocrx_word' id='word_1_640' title='bbox 525 5567 838 5621; x_wconf 85' lang='lat' dir='ltr'><strong>dubitanter</strong></span> <span class='ocrx_word' id='word_1_641' title='bbox 862 5565 1149 5621; x_wconf 88' lang='lat' dir='ltr'><strong>adseverat</strong></span> <span class='ocrx_word' id='word_1_642' title='bbox 1182 5564 1328 5630; x_wconf 88' lang='lat' dir='ltr'><strong>fore,</strong></span> <span class='ocrx_word' id='word_1_643' title='bbox 1355 5574 1412 5620; x_wconf 93' lang='lat' dir='ltr'><strong>ut</strong></span> <span class='ocrx_word' id='word_1_644' title='bbox 1439 5567 1689 5621; x_wconf 88' lang='lat' dir='ltr'><strong>animalia</strong></span> <span class='ocrx_word' id='word_1_645' title='bbox 1717 5576 1771 5621; x_wconf 91' lang='lat' dir='ltr'><strong>et</strong></span> <span class='ocrx_word' id='word_1_646' title='bbox 1808 5581 1941 5620; x_wconf 82' lang='lat' dir='ltr'><strong>saxa</strong></span> <span class='ocrx_word' id='word_1_647' title='bbox 1971 5567 2129 5637; x_wconf 81' lang='lat' dir='ltr'><strong>ipsa,</strong></span> 
     </span>
    </p>
   </div>
   <div class='ocr_carea' id='block_1_87' title="bbox 532 5657 2125 5729">
    <p class='ocr_par' dir='ltr' id='par_1_87' title="bbox 532 5657 2125 5729">
     <span class='ocr_line' id='line_1_87' title="bbox 532 5657 2125 5729; baseline 0.004 -19"><span class='ocrx_word' id='word_1_648' title='bbox 532 5658 578 5710; x_wconf 85' lang='lat' dir='ltr'><strong>si</strong></span> <span class='ocrx_word' id='word_1_649' title='bbox 623 5657 762 5712; x_wconf 88' lang='lat' dir='ltr'><strong>forte</strong></span> <span class='ocrx_word' id='word_1_650' title='bbox 789 5659 1159 5728; x_wconf 85' lang='lat' dir='ltr'><strong>loquerentur,</strong></span> <span class='ocrx_word' id='word_1_651' title='bbox 1193 5659 1246 5714; x_wconf 87' lang='lat' dir='ltr'><strong>id</strong></span> <span class='ocrx_word' id='word_1_652' title='bbox 1275 5672 1462 5729; x_wconf 91' lang='lat' dir='ltr'><strong>aperte</strong></span> <span class='ocrx_word' id='word_1_653' title='bbox 1491 5659 1775 5728; x_wconf 84' lang='lat' dir='ltr'><strong>palamque</strong></span> <span class='ocrx_word' id='word_1_654' title='bbox 1801 5660 2125 5720; x_wconf 82' lang='lat' dir='ltr'><strong>clamarent.</strong></span> 
     </span>
    </p>
   </div>
   <div class='ocr_carea' id='block_1_88' title="bbox 528 5749 2128 5822">
    <p class='ocr_par' dir='ltr' id='par_1_88' title="bbox 528 5749 2128 5822">
     <span class='ocr_line' id='line_1_88' title="bbox 528 5749 2128 5822; baseline 0.004 -19"><span class='ocrx_word' id='word_1_655' title='bbox 528 5749 755 5806; x_wconf 80' lang='lat' dir='ltr'><strong>Frusu-a</strong></span> <span class='ocrx_word' id='word_1_656' title='bbox 799 5751 961 5822; x_wconf 77' lang='lat' dir='ltr'><strong>igitur</strong></span> <span class='ocrx_word' id='word_1_657' title='bbox 987 5751 1192 5807; x_wconf 88' lang='lat' dir='ltr'><strong>ethnici</strong></span> <span class='ocrx_word' id='word_1_658' title='bbox 1219 5751 1411 5810; x_wconf 85' lang='lat' dir='ltr'><strong>Jovem</strong></span> <span class='ocrx_word' id='word_1_659' title='bbox 1440 5767 1712 5808; x_wconf 90' lang='lat' dir='ltr'><strong>summum</strong></span> <span class='ocrx_word' id='word_1_660' title='bbox 1739 5751 1899 5807; x_wconf 90' lang='lat' dir='ltr'><strong>deum</strong></span> <span class='ocrx_word' id='word_1_661' title='bbox 1926 5752 2128 5821; x_wconf 66' lang='lat' dir='ltr'><strong>praedi-</strong></span> 
     </span>
    </p>
   </div>
   <div class='ocr_carea' id='block_1_89' title="bbox 524 5843 2161 5930">
    <p class='ocr_par' dir='ltr' id='par_1_89' title="bbox 524 5843 2161 5930">
     <span class='ocr_line' id='line_1_89' title="bbox 524 5843 2161 5930; baseline 0.003 -29"><span class='ocrx_word' id='word_1_662' title='bbox 524 5853 666 5927; x_wconf 62' lang='lat' dir='ltr'><strong>cant.</strong></span> <span class='ocrx_word' id='word_1_663' title='bbox 697 5843 1182 5921; x_wconf 26' lang='lat' dir='ltr'><strong>Summusgetenim</strong></span> <span class='ocrx_word' id='word_1_664' title='bbox 1215 5845 1353 5903; x_wconf 83' lang='lat' dir='ltr'><strong>Deus</strong></span> <span class='ocrx_word' id='word_1_665' title='bbox 1385 5844 1654 5916; x_wconf 87' lang='lat' dir='ltr'><strong>ingenitus</strong></span> <span class='ocrx_word' id='word_1_666' title='bbox 1678 5853 1987 5904; x_wconf 74' lang='lat' dir='ltr'><strong>ettcternus</strong></span> <span class='ocrx_word' id='word_1_667' title='bbox 2011 5856 2118 5906; x_wconf 85' lang='lat' dir='ltr'><strong>est.</strong></span> <span class='ocrx_word' id='word_1_668' title='bbox 2142 5919 2161 5930; x_wconf 27' lang='grc' dir='ltr'><em>ί</em></span> 
     </span>
    </p>
   </div>
   <div class='ocr_carea' id='block_1_90' title="bbox 2153 4504 2209 4563">
    <p class='ocr_par' dir='ltr' id='par_1_90' title="bbox 2153 4504 2209 4563">
     <span class='ocr_line' id='line_1_90' title="bbox 2153 4504 2209 4563; baseline 0 0"><span class='ocrx_word' id='word_1_669' title='bbox 2153 4504 2209 4563; x_wconf 87' lang='grc' dir='ltr'><strong>Ι)</strong></span> 
     </span>
    </p>
   </div>
   <div class='ocr_carea' id='block_1_91' title="bbox 2227 3239 3841 3310">
    <p class='ocr_par' dir='ltr' id='par_1_91' title="bbox 2227 3239 3841 3310">
     <span class='ocr_line' id='line_1_91' title="bbox 2227 3239 3841 3310; baseline -0.004 -9"><span class='ocrx_word' id='word_1_670' title='bbox 2227 3262 2361 3302; x_wconf 91' lang='lat' dir='ltr'><strong>nore</strong></span> <span class='ocrx_word' id='word_1_671' title='bbox 2405 3245 2474 3300; x_wconf 90' lang='lat' dir='ltr'><strong>ab</strong></span> <span class='ocrx_word' id='word_1_672' title='bbox 2527 3243 2838 3300; x_wconf 91' lang='lat' dir='ltr'><strong>hominibus</strong></span> <span class='ocrx_word' id='word_1_673' title='bbox 2888 3241 3167 3297; x_wconf 83' lang='lat' dir='ltr'><strong>habendus</strong></span> <span class='ocrx_word' id='word_1_674' title='bbox 3216 3249 3331 3304; x_wconf 89' lang='lat' dir='ltr'><strong>est,</strong></span> <span class='ocrx_word' id='word_1_675' title='bbox 3380 3239 3469 3310; x_wconf 88' lang='lat' dir='ltr'><strong>qui</strong></span> <span class='ocrx_word' id='word_1_676' title='bbox 3515 3239 3620 3293; x_wconf 88' lang='lat' dir='ltr'><strong>illis</strong></span> <span class='ocrx_word' id='word_1_677' title='bbox 3676 3239 3841 3308; x_wconf 88' lang='lat' dir='ltr'><strong>longe</strong></span> 
     </span>
    </p>
   </div>
   <div class='ocr_carea' id='block_1_92' title="bbox 2234 3334 3841 3411">
    <p class='ocr_par' dir='ltr' id='par_1_92' title="bbox 2234 3334 3841 3411">
     <span class='ocr_line' id='line_1_92' title="bbox 2234 3334 3841 3411; baseline -0.004 -15"><span class='ocrx_word' id='word_1_678' title='bbox 2234 3338 2441 3411; x_wconf 88' lang='lat' dir='ltr'><strong>majora</strong></span> <span class='ocrx_word' id='word_1_679' title='bbox 2471 3350 2521 3394; x_wconf 86' lang='lat' dir='ltr'><strong>et</strong></span> <span class='ocrx_word' id='word_1_680' title='bbox 2556 3338 2767 3393; x_wconf 82' lang='lat' dir='ltr'><strong>infinita</strong></span> <span class='ocrx_word' id='word_1_681' title='bbox 2812 3335 3273 3391; x_wconf 86' lang='lat' dir='ltr'><strong>abundantissime</strong></span> <span class='ocrx_word' id='word_1_682' title='bbox 3293 3334 3521 3389; x_wconf 92' lang='lat' dir='ltr'><strong>contulit</strong></span> <span class='ocrx_word' id='word_1_683' title='bbox 3548 3374 3563 3398; x_wconf 94' lang='lat'><strong>,</strong></span> <span class='ocrx_word' id='word_1_684' title='bbox 3592 3334 3683 3406; x_wconf 88' lang='lat' dir='ltr'><strong>qui</strong></span> <span class='ocrx_word' id='word_1_685' title='bbox 3707 3348 3841 3390; x_wconf 84' lang='lat' dir='ltr'><strong>vera</strong></span> 
     </span>
    </p>
   </div>
   <div class='ocr_carea' id='block_1_93' title="bbox 2231 3426 3831 3502">
    <p class='ocr_par' dir='ltr' id='par_1_93' title="bbox 2231 3426 3831 3502">
     <span class='ocr_line' id='line_1_93' title="bbox 2231 3426 3831 3502; baseline -0.004 -15"><span class='ocrx_word' id='word_1_686' title='bbox 2231 3434 2323 3487; x_wconf 92' lang='lat' dir='ltr'><strong>Dei</strong></span> <span class='ocrx_word' id='word_1_687' title='bbox 2352 3430 2660 3502; x_wconf 86' lang='lat' dir='ltr'><strong>cognitione</strong></span> <span class='ocrx_word' id='word_1_688' title='bbox 2698 3443 2798 3484; x_wconf 91' lang='lat' dir='ltr'><strong>nos</strong></span> <span class='ocrx_word' id='word_1_689' title='bbox 2848 3428 3172 3493; x_wconf 82' lang='lat' dir='ltr'><strong>imbuenda,</strong></span> <span class='ocrx_word' id='word_1_690' title='bbox 3222 3426 3537 3497; x_wconf 83' lang='lat' dir='ltr'><strong>superbiam</strong></span> <span class='ocrx_word' id='word_1_691' title='bbox 3579 3434 3831 3481; x_wconf 87' lang='lat' dir='ltr'><strong>nostram</strong></span> 
     </span>
    </p>
   </div>
   <div class='ocr_carea' id='block_1_94' title="bbox 2229 3518 3840 3591">
    <p class='ocr_par' dir='ltr' id='par_1_94' title="bbox 2229 3518 3840 3591">
     <span class='ocr_line' id='line_1_94' title="bbox 2229 3518 3840 3591; baseline -0.002 -12"><span class='ocrx_word' id='word_1_692' title='bbox 2229 3522 2548 3591; x_wconf 80' lang='lat' dir='ltr'><strong>frangendo,</strong></span> <span class='ocrx_word' id='word_1_693' title='bbox 2578 3539 2606 3575; x_wconf 91' lang='lat' dir='ltr'><strong>a</strong></span> <span class='ocrx_word' id='word_1_694' title='bbox 2637 3522 2788 3577; x_wconf 83' lang='lat' dir='ltr'><strong>falsis</strong></span> <span class='ocrx_word' id='word_1_695' title='bbox 2818 3520 3188 3591; x_wconf 84' lang='lat' dir='ltr'><strong>opinionibus,</strong></span> <span class='ocrx_word' id='word_1_696' title='bbox 3221 3530 3385 3591; x_wconf 91' lang='lat' dir='ltr'><strong>atque</strong></span> <span class='ocrx_word' id='word_1_697' title='bbox 3413 3520 3577 3590; x_wconf 90' lang='lat' dir='ltr'><strong>impio</strong></span> <span class='ocrx_word' id='word_1_698' title='bbox 3606 3518 3840 3577; x_wconf 87' lang='lat' dir='ltr'><strong>deorum</strong></span> 
     </span>
    </p>
   </div>
   <div class='ocr_carea' id='block_1_95' title="bbox 2235 3611 3842 3684">
    <p class='ocr_par' dir='ltr' id='par_1_95' title="bbox 2235 3611 3842 3684">
     <span class='ocr_line' id='line_1_95' title="bbox 2235 3611 3842 3684; baseline -0.003 -12"><span class='ocrx_word' id='word_1_699' title='bbox 2235 3618 2380 3673; x_wconf 91' lang='lat' dir='ltr'><strong>cultu</strong></span> <span class='ocrx_word' id='word_1_700' title='bbox 2411 3616 2476 3671; x_wconf 89' lang='lat' dir='ltr'><strong>ad</strong></span> <span class='ocrx_word' id='word_1_701' title='bbox 2496 3630 2677 3671; x_wconf 85' lang='lat' dir='ltr'><strong>veram</strong></span> <span class='ocrx_word' id='word_1_702' title='bbox 2698 3658 2714 3681; x_wconf 92' lang='lat'><strong>,</strong></span> <span class='ocrx_word' id='word_1_703' title='bbox 2742 3615 2817 3669; x_wconf 92' lang='lat' dir='ltr'><strong>uti</strong></span> <span class='ocrx_word' id='word_1_704' title='bbox 2846 3614 2961 3684; x_wconf 89' lang='lat' dir='ltr'><strong>ipse</strong></span> <span class='ocrx_word' id='word_1_705' title='bbox 2990 3611 3267 3669; x_wconf 84' lang='lat' dir='ltr'><strong>Arnobius</strong></span> <span class='ocrx_word' id='word_1_706' title='bbox 3291 3611 3519 3667; x_wconf 86' lang='lat' dir='ltr'><strong>salutari</strong></span> <span class='ocrx_word' id='word_1_707' title='bbox 3543 3612 3842 3682; x_wconf 80' lang='lat' dir='ltr'><strong>experien-</strong></span> 
     </span>
    </p>
   </div>
   <div class='ocr_carea' id='block_1_96' title="bbox 2228 3705 3253 3779">
    <p class='ocr_par' dir='ltr' id='par_1_96' title="bbox 2228 3705 3253 3779">
     <span class='ocr_line' id='line_1_96' title="bbox 2228 3705 3253 3779; baseline -0.004 -14"><span class='ocrx_word' id='word_1_708' title='bbox 2228 3712 2300 3766; x_wconf 89' lang='lat' dir='ltr'><strong>tia</strong></span> <span class='ocrx_word' id='word_1_709' title='bbox 2332 3721 2577 3774; x_wconf 90' lang='lat' dir='ltr'><strong>noverat,</strong></span> <span class='ocrx_word' id='word_1_710' title='bbox 2614 3708 2931 3779; x_wconf 77' lang='lat' dir='ltr'><strong>religionem</strong></span> <span class='ocrx_word' id='word_1_711' title='bbox 2973 3705 3253 3762; x_wconf 80' lang='lat' dir='ltr'><strong>traduxit?</strong></span> 
     </span>
    </p>
   </div>
   <div class='ocr_carea' id='block_1_97' title="bbox 2302 3798 3833 3873">
    <p class='ocr_par' dir='ltr' id='par_1_97' title="bbox 2302 3798 3833 3873">
     <span class='ocr_line' id='line_1_97' title="bbox 2302 3798 3833 3873; baseline -0.002 -15"><span class='ocrx_word' id='word_1_712' title='bbox 2302 3807 2373 3858; x_wconf 80' lang='lat' dir='ltr'><strong>At</strong></span> <span class='ocrx_word' id='word_1_713' title='bbox 2397 3804 2486 3858; x_wconf 89' lang='lat' dir='ltr'><strong>ille</strong></span> <span class='ocrx_word' id='word_1_714' title='bbox 2505 3845 2521 3870; x_wconf 93' lang='lat'><strong>,</strong></span> <span class='ocrx_word' id='word_1_715' title='bbox 2556 3802 2871 3873; x_wconf 89' lang='lat' dir='ltr'><strong>inquiehant</strong></span> <span class='ocrx_word' id='word_1_716' title='bbox 2894 3800 3120 3865; x_wconf 88' lang='lat' dir='ltr'><strong>ethnici,</strong></span> <span class='ocrx_word' id='word_1_717' title='bbox 3148 3800 3329 3855; x_wconf 88' lang='lat' dir='ltr'><strong>crucis</strong></span> <span class='ocrx_word' id='word_1_718' title='bbox 3361 3799 3604 3870; x_wconf 91' lang='lat' dir='ltr'><strong>patibulo</strong></span> <span class='ocrx_word' id='word_1_719' title='bbox 3628 3798 3833 3855; x_wconf 67' lang='lat' dir='ltr'><strong>al‘fixus</strong></span> 
     </span>
    </p>
   </div>
   <div class='ocr_carea' id='block_1_98' title="bbox 2228 3892 3844 3965">
    <p class='ocr_par' dir='ltr' id='par_1_98' title="bbox 2228 3892 3844 3965">
     <span class='ocr_line' id='line_1_98' title="bbox 2228 3892 3844 3965; baseline -0.004 -12"><span class='ocrx_word' id='word_1_720' title='bbox 2228 3897 2454 3954; x_wconf 90' lang='lat' dir='ltr'><strong>interiit.</strong></span> <span class='ocrx_word' id='word_1_721' title='bbox 2490 3896 2630 3965; x_wconf 92' lang='lat' dir='ltr'><strong>Quid</strong></span> <span class='ocrx_word' id='word_1_722' title='bbox 2673 3894 2831 3951; x_wconf 80' lang='lat' dir='ltr'><strong>inde?</strong></span> <span class='ocrx_word' id='word_1_723' title='bbox 2876 3893 2994 3950; x_wconf 88' lang='lat' dir='ltr'><strong>Non</strong></span> <span class='ocrx_word' id='word_1_724' title='bbox 3038 3894 3181 3950; x_wconf 90' lang='lat' dir='ltr'><strong>enim</strong></span> <span class='ocrx_word' id='word_1_725' title='bbox 3221 3908 3368 3948; x_wconf 89' lang='lat' dir='ltr'><strong>mors</strong></span> <span class='ocrx_word' id='word_1_726' title='bbox 3398 3892 3637 3959; x_wconf 88' lang='lat' dir='ltr'><strong>Christi,</strong></span> <span class='ocrx_word' id='word_1_727' title='bbox 3677 3892 3844 3948; x_wconf 89' lang='lat' dir='ltr'><strong>sicuti</strong></span> 
     </span>
    </p>
   </div>
   <div class='ocr_carea' id='block_1_99' title="bbox 2230 3984 3841 4060">
    <p class='ocr_par' dir='ltr' id='par_1_99' title="bbox 2230 3984 3841 4060">
     <span class='ocr_line' id='line_1_99' title="bbox 2230 3984 3841 4060; baseline -0.003 -15"><span class='ocrx_word' id='word_1_728' title='bbox 2230 4004 2331 4045; x_wconf 90' lang='lat' dir='ltr'><strong>nec</strong></span> <span class='ocrx_word' id='word_1_729' title='bbox 2366 3988 2706 4060; x_wconf 67' lang='lat' dir='ltr'><strong>Pythagorae,</strong></span> <span class='ocrx_word' id='word_1_730' title='bbox 2738 4003 2839 4042; x_wconf 89' lang='lat' dir='ltr'><strong>nec</strong></span> <span class='ocrx_word' id='word_1_731' title='bbox 2867 3986 3138 4052; x_wconf 88' lang='lat' dir='ltr'><strong>Socratis,</strong></span> <span class='ocrx_word' id='word_1_732' title='bbox 3164 3985 3377 4041; x_wconf 89' lang='lat' dir='ltr'><strong>illorum</strong></span> <span class='ocrx_word' id='word_1_733' title='bbox 3396 3984 3658 4041; x_wconf 86' lang='lat' dir='ltr'><strong>doctrinae</strong></span> <span class='ocrx_word' id='word_1_734' title='bbox 3679 4000 3841 4055; x_wconf 84' lang='lat' dir='ltr'><strong>egre-</strong></span> 
     </span>
    </p>
   </div>
   <div class='ocr_carea' id='block_1_100' title="bbox 2226 4079 3839 4154">
    <p class='ocr_par' dir='ltr' id='par_1_100' title="bbox 2226 4079 3839 4154">
     <span class='ocr_line' id='line_1_100' title="bbox 2226 4079 3839 4154; baseline -0.002 -17"><span class='ocrx_word' id='word_1_735' title='bbox 2226 4085 2434 4154; x_wconf 87' lang='lat' dir='ltr'><strong>giisque</strong></span> <span class='ocrx_word' id='word_1_736' title='bbox 2462 4083 2616 4138; x_wconf 88' lang='lat' dir='ltr'><strong>factis</strong></span> <span class='ocrx_word' id='word_1_737' title='bbox 2644 4081 2816 4137; x_wconf 91' lang='lat' dir='ltr'><strong>ullum</strong></span> <span class='ocrx_word' id='word_1_738' title='bbox 2843 4080 3024 4135; x_wconf 89' lang='lat' dir='ltr'><strong>attulit</strong></span> <span class='ocrx_word' id='word_1_739' title='bbox 3067 4080 3475 4135; x_wconf 90' lang='lat' dir='ltr'><strong>detrimentum.</strong></span> <span class='ocrx_word' id='word_1_740' title='bbox 3500 4079 3639 4147; x_wconf 86' lang='lat' dir='ltr'><strong>Quid</strong></span> <span class='ocrx_word' id='word_1_741' title='bbox 3681 4094 3839 4147; x_wconf 88' lang='lat' dir='ltr'><strong>vero,</strong></span> 
     </span>
    </p>
   </div>
   <div class='ocr_carea' id='block_1_101' title="bbox 2233 4172 3841 4249">
    <p class='ocr_par' dir='ltr' id='par_1_101' title="bbox 2233 4172 3841 4249">
     <span class='ocr_line' id='line_1_101' title="bbox 2233 4172 3841 4249; baseline -0.002 -17"><span class='ocrx_word' id='word_1_742' title='bbox 2233 4178 2376 4249; x_wconf 93' lang='lat' dir='ltr'><strong>quod</strong></span> <span class='ocrx_word' id='word_1_743' title='bbox 2405 4178 2550 4232; x_wconf 90' lang='lat' dir='ltr'><strong>nulla</strong></span> <span class='ocrx_word' id='word_1_744' title='bbox 2580 4177 2770 4231; x_wconf 90' lang='lat' dir='ltr'><strong>mortis</strong></span> <span class='ocrx_word' id='word_1_745' title='bbox 2797 4174 3014 4229; x_wconf 88' lang='lat' dir='ltr'><strong>infamia</strong></span> <span class='ocrx_word' id='word_1_746' title='bbox 3050 4173 3314 4228; x_wconf 88' lang='lat' dir='ltr'><strong>innocens</strong></span> <span class='ocrx_word' id='word_1_747' title='bbox 3347 4172 3510 4227; x_wconf 92' lang='lat' dir='ltr'><strong>homo</strong></span> <span class='ocrx_word' id='word_1_748' title='bbox 3529 4213 3545 4235; x_wconf 87' lang='lat'><em>.</em></span> <span class='ocrx_word' id='word_1_749' title='bbox 3569 4173 3841 4243; x_wconf 82' lang='lat' dir='ltr'><strong>quemad-</strong></span> 
     </span>
    </p>
   </div>
   <div class='ocr_carea' id='block_1_102' title="bbox 2232 4263 3844 4337">
    <p class='ocr_par' dir='ltr' id='par_1_102' title="bbox 2232 4263 3844 4337">
     <span class='ocr_line' id='line_1_102' title="bbox 2232 4263 3844 4337; baseline -0.003 -13"><span class='ocrx_word' id='word_1_750' title='bbox 2232 4270 2451 4324; x_wconf 89' lang='lat' dir='ltr'><strong>modum</strong></span> <span class='ocrx_word' id='word_1_751' title='bbox 2496 4267 2766 4337; x_wconf 83' lang='lat' dir='ltr'><strong>Aquilius,</strong></span> <span class='ocrx_word' id='word_1_752' title='bbox 2804 4265 3128 4332; x_wconf 83' lang='lat' dir='ltr'><strong>Trebonius,</strong></span> <span class='ocrx_word' id='word_1_753' title='bbox 3176 4275 3233 4320; x_wconf 88' lang='lat' dir='ltr'><strong>et</strong></span> <span class='ocrx_word' id='word_1_754' title='bbox 3262 4263 3502 4335; x_wconf 79' lang='lat' dir='ltr'><strong>Regulus</strong></span> <span class='ocrx_word' id='word_1_755' title='bbox 3545 4263 3687 4318; x_wconf 87' lang='lat' dir='ltr'><strong>inuri</strong></span> <span class='ocrx_word' id='word_1_756' title='bbox 3725 4278 3844 4319; x_wconf 79' lang='lat' dir='ltr'><strong>um-</strong></span> 
     </span>
    </p>
   </div>
   <div class='ocr_carea' id='block_1_103' title="bbox 2231 4356 3839 4431">
    <p class='ocr_par' dir='ltr' id='par_1_103' title="bbox 2231 4356 3839 4431">
     <span class='ocr_line' id='line_1_103' title="bbox 2231 4356 3839 4431; baseline -0.002 -15"><span class='ocrx_word' id='word_1_757' title='bbox 2231 4377 2391 4431; x_wconf 89' lang='lat' dir='ltr'><strong>quam</strong></span> <span class='ocrx_word' id='word_1_758' title='bbox 2443 4356 2818 4429; x_wconf 85' lang='lat' dir='ltr'><strong>potest?Quid</strong></span> <span class='ocrx_word' id='word_1_759' title='bbox 2855 4358 3076 4426; x_wconf 91' lang='lat' dir='ltr'><strong>iusuper</strong></span> <span class='ocrx_word' id='word_1_760' title='bbox 3098 4356 3352 4412; x_wconf 89' lang='lat' dir='ltr'><strong>irrisione</strong></span> <span class='ocrx_word' id='word_1_761' title='bbox 3399 4356 3570 4426; x_wconf 83' lang='lat' dir='ltr'><strong>magis</strong></span> <span class='ocrx_word' id='word_1_762' title='bbox 3611 4356 3839 4427; x_wconf 85' lang='lat' dir='ltr'><strong>dignum</strong></span> 
     </span>
    </p>
   </div>
   <div class='ocr_carea' id='block_1_104' title="bbox 2235 4449 3839 4521">
    <p class='ocr_par' dir='ltr' id='par_1_104' title="bbox 2235 4449 3839 4521">
     <span class='ocr_line' id='line_1_104' title="bbox 2235 4449 3839 4521; baseline -0.003 -12"><span class='ocrx_word' id='word_1_763' title='bbox 2235 4455 2338 4510; x_wconf 90' lang='lat' dir='ltr'><strong>hac</strong></span> <span class='ocrx_word' id='word_1_764' title='bbox 2371 4452 2839 4521; x_wconf 80' lang='lat' dir='ltr'><strong>argumentatione</strong></span> <span class='ocrx_word' id='word_1_765' title='bbox 2866 4450 3168 4521; x_wconf 77' lang='lat' dir='ltr'><strong>gentilium,</strong></span> <span class='ocrx_word' id='word_1_766' title='bbox 3209 4451 3300 4519; x_wconf 88' lang='lat' dir='ltr'><strong>qui</strong></span> <span class='ocrx_word' id='word_1_767' title='bbox 3338 4449 3594 4504; x_wconf 89' lang='lat' dir='ltr'><strong>Liberum</strong></span> <span class='ocrx_word' id='word_1_768' title='bbox 3627 4460 3839 4518; x_wconf 89' lang='lat' dir='ltr'><strong>patrem</strong></span> 
     </span>
    </p>
   </div>
   <div class='ocr_carea' id='block_1_105' title="bbox 2234 4540 3842 4612">
    <p class='ocr_par' dir='ltr' id='par_1_105' title="bbox 2234 4540 3842 4612">
     <span class='ocr_line' id='line_1_105' title="bbox 2234 4540 3842 4612; baseline -0.004 -11"><span class='ocrx_word' id='word_1_769' title='bbox 2234 4563 2265 4601; x_wconf 84' lang='lat' dir='ltr'><strong>a</strong></span> <span class='ocrx_word' id='word_1_770' title='bbox 2289 4544 2566 4601; x_wconf 87' lang='lat' dir='ltr'><strong>Titanibus</strong></span> <span class='ocrx_word' id='word_1_771' title='bbox 2583 4543 2924 4598; x_wconf 88' lang='lat' dir='ltr'><strong>membratim</strong></span> <span class='ocrx_word' id='word_1_772' title='bbox 2947 4541 3306 4612; x_wconf 85' lang='lat' dir='ltr'><strong>discerptum.</strong></span> <span class='ocrx_word' id='word_1_773' title='bbox 3336 4540 3709 4611; x_wconf 65' lang='lat' dir='ltr'><strong>Esculapium</strong></span> <span class='ocrx_word' id='word_1_774' title='bbox 3737 4542 3842 4596; x_wconf 90' lang='lat' dir='ltr'><strong>ful-</strong></span> 
     </span>
    </p>
   </div>
   <div class='ocr_carea' id='block_1_106' title="bbox 2231 4636 3837 4709">
    <p class='ocr_par' dir='ltr' id='par_1_106' title="bbox 2231 4636 3837 4709">
     <span class='ocr_line' id='line_1_106' title="bbox 2231 4636 3837 4709; baseline -0.004 -13"><span class='ocrx_word' id='word_1_775' title='bbox 2231 4642 2376 4696; x_wconf 89' lang='lat' dir='ltr'><strong>mine</strong></span> <span class='ocrx_word' id='word_1_776' title='bbox 2403 4637 2727 4709; x_wconf 87' lang='lat' dir='ltr'><strong>perculsum.</strong></span> <span class='ocrx_word' id='word_1_777' title='bbox 2753 4636 3039 4692; x_wconf 86' lang='lat' dir='ltr'><strong>Herculem</strong></span> <span class='ocrx_word' id='word_1_778' title='bbox 3067 4636 3246 4691; x_wconf 88' lang='lat' dir='ltr'><strong>vivum</strong></span> <span class='ocrx_word' id='word_1_779' title='bbox 3272 4636 3636 4697; x_wconf 88' lang='lat' dir='ltr'><strong>combustum.</strong></span> <span class='ocrx_word' id='word_1_780' title='bbox 3667 4637 3837 4705; x_wconf 83' lang='lat' dir='ltr'><strong>Atym</strong></span> 
     </span>
    </p>
   </div>
   <div class='ocr_carea' id='block_1_107' title="bbox 2232 4731 3840 4800">
    <p class='ocr_par' dir='ltr' id='par_1_107' title="bbox 2232 4731 3840 4800">
     <span class='ocr_line' id='line_1_107' title="bbox 2232 4731 3840 4800; baseline -0.003 -11"><span class='ocrx_word' id='word_1_781' title='bbox 2232 4734 2555 4799; x_wconf 88' lang='lat' dir='ltr'><strong>abscissum,</strong></span> <span class='ocrx_word' id='word_1_782' title='bbox 2580 4732 2867 4787; x_wconf 84' lang='lat' dir='ltr'><strong>Romulum</strong></span> <span class='ocrx_word' id='word_1_783' title='bbox 2897 4746 2930 4785; x_wconf 90' lang='lat' dir='ltr'><strong>a</strong></span> <span class='ocrx_word' id='word_1_784' title='bbox 2959 4731 3306 4787; x_wconf 89' lang='lat' dir='ltr'><strong>senatoribus</strong></span> <span class='ocrx_word' id='word_1_785' title='bbox 3321 4731 3585 4794; x_wconf 89' lang='lat' dir='ltr'><strong>occisum,</strong></span> <span class='ocrx_word' id='word_1_786' title='bbox 3613 4744 3840 4800; x_wconf 81' lang='lat' dir='ltr'><strong>supers-</strong></span> 
     </span>
    </p>
   </div>
   <div class='ocr_carea' id='block_1_108' title="bbox 2235 4822 3657 4894">
    <p class='ocr_par' dir='ltr' id='par_1_108' title="bbox 2235 4822 3657 4894">
     <span class='ocr_line' id='line_1_108' title="bbox 2235 4822 3657 4894; baseline -0.004 -11"><span class='ocrx_word' id='word_1_787' title='bbox 2235 4828 2416 4883; x_wconf 90' lang='lat' dir='ltr'><strong>titioso</strong></span> <span class='ocrx_word' id='word_1_788' title='bbox 2439 4826 2587 4882; x_wconf 91' lang='lat' dir='ltr'><strong>cultu</strong></span> <span class='ocrx_word' id='word_1_789' title='bbox 2615 4824 3005 4894; x_wconf 72' lang='lat' dir='ltr'><strong>tedtflcatisque</strong></span> <span class='ocrx_word' id='word_1_790' title='bbox 3037 4822 3251 4893; x_wconf 83' lang='lat' dir='ltr'><strong>templis</strong></span> <span class='ocrx_word' id='word_1_791' title='bbox 3276 4822 3657 4878; x_wconf 82' lang='lat' dir='ltr'><strong>honorabant?</strong></span> 
     </span>
    </p>
   </div>
   <div class='ocr_carea' id='block_1_109' title="bbox 2302 4915 3841 4990">
    <p class='ocr_par' dir='ltr' id='par_1_109' title="bbox 2302 4915 3841 4990">
     <span class='ocr_line' id='line_1_109' title="bbox 2302 4915 3841 4990; baseline -0.004 -15"><span class='ocrx_word' id='word_1_792' title='bbox 2302 4921 2549 4976; x_wconf 89' lang='lat' dir='ltr'><strong>Christus</strong></span> <span class='ocrx_word' id='word_1_793' title='bbox 2576 4933 2738 4990; x_wconf 88' lang='lat' dir='ltr'><strong>porro</strong></span> <span class='ocrx_word' id='word_1_794' title='bbox 2763 4933 2795 4973; x_wconf 89' lang='lat' dir='ltr'><strong>a</strong></span> <span class='ocrx_word' id='word_1_795' title='bbox 2822 4931 3037 4972; x_wconf 90' lang='lat' dir='ltr'><strong>summo</strong></span> <span class='ocrx_word' id='word_1_796' title='bbox 3078 4917 3224 4986; x_wconf 72' lang='lat' dir='ltr'><strong>Rege</strong></span> <span class='ocrx_word' id='word_1_797' title='bbox 3248 4915 3315 4971; x_wconf 87' lang='lat' dir='ltr'><strong>ad</strong></span> <span class='ocrx_word' id='word_1_798' title='bbox 3354 4930 3454 4971; x_wconf 89' lang='lat' dir='ltr'><strong>nos</strong></span> <span class='ocrx_word' id='word_1_799' title='bbox 3486 4916 3686 4971; x_wconf 90' lang='lat' dir='ltr'><strong>missus</strong></span> <span class='ocrx_word' id='word_1_800' title='bbox 3706 4954 3722 4981; x_wconf 97' lang='lat'><strong>,</strong></span> <span class='ocrx_word' id='word_1_801' title='bbox 3754 4916 3841 4970; x_wconf 84' lang='lat' dir='ltr'><strong>in-</strong></span> 
     </span>
    </p>
   </div>
   <div class='ocr_carea' id='block_1_110' title="bbox 2233 5008 3838 5083">
    <p class='ocr_par' dir='ltr' id='par_1_110' title="bbox 2233 5008 3838 5083">
     <span class='ocr_line' id='line_1_110' title="bbox 2233 5008 3838 5083; baseline -0.004 -14"><span class='ocrx_word' id='word_1_802' title='bbox 2233 5013 2474 5069; x_wconf 89' lang='lat' dir='ltr'><strong>numeris</strong></span> <span class='ocrx_word' id='word_1_803' title='bbox 2497 5053 2513 5079; x_wconf 95' lang='lat'><strong>,</strong></span> <span class='ocrx_word' id='word_1_804' title='bbox 2571 5027 2691 5083; x_wconf 73' lang='lat' dir='ltr'><strong>qum</strong></span> <span class='ocrx_word' id='word_1_805' title='bbox 2721 5009 2987 5082; x_wconf 88' lang='lat' dir='ltr'><strong>patravit,</strong></span> <span class='ocrx_word' id='word_1_806' title='bbox 3017 5008 3293 5064; x_wconf 87' lang='lat' dir='ltr'><strong>miraculis</strong></span> <span class='ocrx_word' id='word_1_807' title='bbox 3325 5018 3434 5063; x_wconf 87' lang='lat' dir='ltr'><strong>tam</strong></span> <span class='ocrx_word' id='word_1_808' title='bbox 3464 5017 3639 5071; x_wconf 89' lang='lat' dir='ltr'><strong>certo,</strong></span> <span class='ocrx_word' id='word_1_809' title='bbox 3670 5023 3838 5079; x_wconf 87' lang='lat' dir='ltr'><strong>quam</strong></span> 
     </span>
    </p>
   </div>
   <div class='ocr_carea' id='block_1_111' title="bbox 2229 5099 3839 5171">
    <p class='ocr_par' dir='ltr' id='par_1_111' title="bbox 2229 5099 3839 5171">
     <span class='ocr_line' id='line_1_111' title="bbox 2229 5099 3839 5171; baseline -0.003 -10"><span class='ocrx_word' id='word_1_810' title='bbox 2229 5106 2510 5162; x_wconf 89' lang='lat' dir='ltr'><strong>evidenter</strong></span> <span class='ocrx_word' id='word_1_811' title='bbox 2536 5119 2698 5159; x_wconf 89' lang='lat' dir='ltr'><strong>verus</strong></span> <span class='ocrx_word' id='word_1_812' title='bbox 2728 5117 2851 5159; x_wconf 89' lang='lat' dir='ltr'><strong>esse</strong></span> <span class='ocrx_word' id='word_1_813' title='bbox 2885 5103 3025 5156; x_wconf 91' lang='lat' dir='ltr'><strong>Deus</strong></span> <span class='ocrx_word' id='word_1_814' title='bbox 3045 5100 3452 5171; x_wconf 89' lang='lat' dir='ltr'><strong>comprobatur.</strong></span> <span class='ocrx_word' id='word_1_815' title='bbox 3485 5099 3673 5171; x_wconf 83' lang='lat' dir='ltr'><strong>Neque</strong></span> <span class='ocrx_word' id='word_1_816' title='bbox 3688 5102 3839 5157; x_wconf 87' lang='lat' dir='ltr'><strong>enim</strong></span> 
     </span>
    </p>
   </div>
   <div class='ocr_carea' id='block_1_112' title="bbox 2233 5193 3842 5271">
    <p class='ocr_par' dir='ltr' id='par_1_112' title="bbox 2233 5193 3842 5271">
     <span class='ocr_line' id='line_1_112' title="bbox 2233 5193 3842 5271; baseline -0.004 -15"><span class='ocrx_word' id='word_1_817' title='bbox 2233 5201 2437 5271; x_wconf 86' lang='lat' dir='ltr'><strong>magica</strong></span> <span class='ocrx_word' id='word_1_818' title='bbox 2464 5198 2660 5253; x_wconf 86' lang='lat' dir='ltr'><strong>virtute</strong></span> <span class='ocrx_word' id='word_1_819' title='bbox 2685 5236 2702 5262; x_wconf 96' lang='lat'><strong>,</strong></span> <span class='ocrx_word' id='word_1_820' title='bbox 2736 5196 2813 5251; x_wconf 91' lang='lat' dir='ltr'><strong>uti</strong></span> <span class='ocrx_word' id='word_1_821' title='bbox 2841 5194 3062 5265; x_wconf 87' lang='lat' dir='ltr'><strong>quidam</strong></span> <span class='ocrx_word' id='word_1_822' title='bbox 3108 5193 3575 5264; x_wconf 88' lang='lat' dir='ltr'><strong>impudentissime</strong></span> <span class='ocrx_word' id='word_1_823' title='bbox 3612 5195 3842 5249; x_wconf 63' lang='lat' dir='ltr'><strong>mentiec</strong></span> 
     </span>
    </p>
   </div>
   <div class='ocr_carea' id='block_1_113' title="bbox 2232 5285 3838 5359">
    <p class='ocr_par' dir='ltr' id='par_1_113' title="bbox 2232 5285 3838 5359">
     <span class='ocr_line' id='line_1_113' title="bbox 2232 5285 3838 5359; baseline -0.003 -13"><span class='ocrx_word' id='word_1_824' title='bbox 2232 5292 2450 5356; x_wconf 85' lang='lat' dir='ltr'><strong>bantur,</strong></span> <span class='ocrx_word' id='word_1_825' title='bbox 2488 5304 2552 5345; x_wconf 91' lang='lat' dir='ltr'><strong>ea</strong></span> <span class='ocrx_word' id='word_1_826' title='bbox 2580 5289 2837 5359; x_wconf 86' lang='lat' dir='ltr'><strong>perfecit;</strong></span> <span class='ocrx_word' id='word_1_827' title='bbox 2869 5287 2961 5356; x_wconf 92' lang='lat' dir='ltr'><strong>qui</strong></span> <span class='ocrx_word' id='word_1_828' title='bbox 3010 5288 3129 5341; x_wconf 90' lang='lat' dir='ltr'><strong>solo</strong></span> <span class='ocrx_word' id='word_1_829' title='bbox 3171 5301 3272 5342; x_wconf 88' lang='lat' dir='ltr'><strong>suo</strong></span> <span class='ocrx_word' id='word_1_830' title='bbox 3314 5286 3481 5341; x_wconf 89' lang='lat' dir='ltr'><strong>verbo</strong></span> <span class='ocrx_word' id='word_1_831' title='bbox 3515 5294 3567 5341; x_wconf 85' lang='lat' dir='ltr'><strong>et</strong></span> <span class='ocrx_word' id='word_1_832' title='bbox 3616 5285 3838 5341; x_wconf 87' lang='lat' dir='ltr'><strong>nomine</strong></span> 
     </span>
    </p>
   </div>
   <div class='ocr_carea' id='block_1_114' title="bbox 2234 5377 3834 5455">
    <p class='ocr_par' dir='ltr' id='par_1_114' title="bbox 2234 5377 3834 5455">
     <span class='ocr_line' id='line_1_114' title="bbox 2234 5377 3834 5455; baseline -0.006 -16"><span class='ocrx_word' id='word_1_833' title='bbox 2234 5381 2816 5455; x_wconf 84' lang='lat' dir='ltr'><strong>quaelibetmorborum</strong></span> <span class='ocrx_word' id='word_1_834' title='bbox 2839 5393 3038 5449; x_wconf 87' lang='lat' dir='ltr'><strong>genera</strong></span> <span class='ocrx_word' id='word_1_835' title='bbox 3063 5380 3293 5440; x_wconf 89' lang='lat' dir='ltr'><strong>sanavit,</strong></span> <span class='ocrx_word' id='word_1_836' title='bbox 3311 5377 3512 5449; x_wconf 84' lang='lat' dir='ltr'><strong>fugavit</strong></span> <span class='ocrx_word' id='word_1_837' title='bbox 3528 5377 3834 5441; x_wconf 67' lang='lat' dir='ltr'><strong>daamunas,</strong></span> 
     </span>
    </p>
   </div>
   <div class='ocr_carea' id='block_1_115' title="bbox 2238 5470 3837 5545">
    <p class='ocr_par' dir='ltr' id='par_1_115' title="bbox 2238 5470 3837 5545">
     <span class='ocr_line' id='line_1_115' title="bbox 2238 5470 3837 5545; baseline -0.004 -15"><span class='ocrx_word' id='word_1_838' title='bbox 2238 5487 2526 5532; x_wconf 85' lang='lat' dir='ltr'><strong>ventorum</strong></span> <span class='ocrx_word' id='word_1_839' title='bbox 2570 5472 3038 5545; x_wconf 87' lang='lat' dir='ltr'><strong>procellarumque</strong></span> <span class='ocrx_word' id='word_1_840' title='bbox 3091 5470 3301 5526; x_wconf 89' lang='lat' dir='ltr'><strong>sedavit</strong></span> <span class='ocrx_word' id='word_1_841' title='bbox 3351 5470 3637 5536; x_wconf 86' lang='lat' dir='ltr'><strong>turbines,</strong></span> <span class='ocrx_word' id='word_1_842' title='bbox 3689 5470 3837 5525; x_wconf 89' lang='lat' dir='ltr'><strong>sicco</strong></span> 
     </span>
    </p>
   </div>
   <div class='ocr_carea' id='block_1_116' title="bbox 2238 5565 3835 5642">
    <p class='ocr_par' dir='ltr' id='par_1_116' title="bbox 2238 5565 3835 5642">
     <span class='ocr_line' id='line_1_116' title="bbox 2238 5565 3835 5642; baseline -0.004 -16"><span class='ocrx_word' id='word_1_843' title='bbox 2238 5570 2378 5642; x_wconf 87' lang='lat' dir='ltr'><strong>pede</strong></span> <span class='ocrx_word' id='word_1_844' title='bbox 2408 5586 2557 5624; x_wconf 85' lang='lat' dir='ltr'><strong>mare</strong></span> <span class='ocrx_word' id='word_1_845' title='bbox 2585 5568 2851 5632; x_wconf 87' lang='lat' dir='ltr'><strong>calcavit,</strong></span> <span class='ocrx_word' id='word_1_846' title='bbox 2910 5566 3047 5621; x_wconf 88' lang='lat' dir='ltr'><strong>alios</strong></span> <span class='ocrx_word' id='word_1_847' title='bbox 3073 5582 3240 5637; x_wconf 88' lang='lat' dir='ltr'><strong>seque</strong></span> <span class='ocrx_word' id='word_1_848' title='bbox 3283 5568 3457 5636; x_wconf 91' lang='lat' dir='ltr'><strong>ipsum</strong></span> <span class='ocrx_word' id='word_1_849' title='bbox 3498 5565 3779 5621; x_wconf 82' lang='lat' dir='ltr'><strong>suscitavit</strong></span> <span class='ocrx_word' id='word_1_850' title='bbox 3802 5580 3835 5619; x_wconf 88' lang='lat' dir='ltr'><strong>a</strong></span> 
     </span>
    </p>
   </div>
   <div class='ocr_carea' id='block_1_117' title="bbox 2236 5656 3833 5731">
    <p class='ocr_par' dir='ltr' id='par_1_117' title="bbox 2236 5656 3833 5731">
     <span class='ocr_line' id='line_1_117' title="bbox 2236 5656 3833 5731; baseline -0.004 -14"><span class='ocrx_word' id='word_1_851' title='bbox 2236 5662 2489 5726; x_wconf 89' lang='lat' dir='ltr'><strong>mortuis,</strong></span> <span class='ocrx_word' id='word_1_852' title='bbox 2512 5675 2577 5715; x_wconf 87' lang='lat' dir='ltr'><strong>ac</strong></span> <span class='ocrx_word' id='word_1_853' title='bbox 2604 5668 2788 5731; x_wconf 85' lang='lat' dir='ltr'><strong>postea</strong></span> <span class='ocrx_word' id='word_1_854' title='bbox 2820 5658 3067 5728; x_wconf 89' lang='lat' dir='ltr'><strong>plurimis</strong></span> <span class='ocrx_word' id='word_1_855' title='bbox 3095 5674 3216 5715; x_wconf 88' lang='lat' dir='ltr'><strong>sese</strong></span> <span class='ocrx_word' id='word_1_856' title='bbox 3246 5659 3474 5728; x_wconf 62' lang='lat' dir='ltr'><strong>praebuit</strong></span> <span class='ocrx_word' id='word_1_857' title='bbox 3499 5656 3791 5713; x_wconf 89' lang='lat' dir='ltr'><strong>videndum</strong></span> <span class='ocrx_word' id='word_1_858' title='bbox 3817 5671 3833 5721; x_wconf 91' lang='lat'><strong>;</strong></span> 
     </span>
    </p>
   </div>
   <div class='ocr_carea' id='block_1_118' title="bbox 2232 5750 3836 5826">
    <p class='ocr_par' dir='ltr' id='par_1_118' title="bbox 2232 5750 3836 5826">
     <span class='ocr_line' id='line_1_118' title="bbox 2232 5750 3836 5826; baseline -0.004 -17"><span class='ocrx_word' id='word_1_859' title='bbox 2232 5753 2327 5826; x_wconf 87' lang='lat' dir='ltr'><strong>qui</strong></span> <span class='ocrx_word' id='word_1_860' title='bbox 2349 5753 2500 5810; x_wconf 88' lang='lat' dir='ltr'><strong>dedit</strong></span> <span class='ocrx_word' id='word_1_861' title='bbox 2516 5751 2795 5824; x_wconf 85' lang='lat' dir='ltr'><strong>discipulis</strong></span> <span class='ocrx_word' id='word_1_862' title='bbox 2834 5750 3077 5807; x_wconf 90' lang='lat' dir='ltr'><strong>omnium</strong></span> <span class='ocrx_word' id='word_1_863' title='bbox 3110 5751 3329 5823; x_wconf 87' lang='lat' dir='ltr'><strong>linguis,</strong></span> <span class='ocrx_word' id='word_1_864' title='bbox 3359 5751 3522 5807; x_wconf 91' lang='lat' dir='ltr'><strong>etiam</strong></span> <span class='ocrx_word' id='word_1_865' title='bbox 3550 5750 3652 5805; x_wconf 91' lang='lat' dir='ltr'><strong>sibi</strong></span> <span class='ocrx_word' id='word_1_866' title='bbox 3685 5750 3836 5804; x_wconf 55' lang='lat' dir='ltr'><strong>ineo.</strong></span> 
     </span>
    </p>
   </div>
   <div class='ocr_carea' id='block_1_119' title="bbox 2227 5841 3832 5922">
    <p class='ocr_par' dir='ltr' id='par_1_119' title="bbox 2227 5841 3832 5922">
     <span class='ocr_line' id='line_1_119' title="bbox 2227 5841 3832 5922; baseline -0.006 -14"><span class='ocrx_word' id='word_1_867' title='bbox 2227 5847 2417 5922; x_wconf 73' lang='lat' dir='ltr'><strong>goitis,</strong></span> <span class='ocrx_word' id='word_1_868' title='bbox 2450 5843 2706 5917; x_wconf 89' lang='lat' dir='ltr'><strong>loquendi</strong></span> <span class='ocrx_word' id='word_1_869' title='bbox 2730 5843 3041 5901; x_wconf 87' lang='lat' dir='ltr'><strong>facultatem</strong></span> <span class='ocrx_word' id='word_1_870' title='bbox 3065 5860 3080 5913; x_wconf 86' lang='lat'><strong>;</strong></span> <span class='ocrx_word' id='word_1_871' title='bbox 3109 5845 3202 5918; x_wconf 90' lang='lat' dir='ltr'><strong>qui</strong></span> <span class='ocrx_word' id='word_1_872' title='bbox 3228 5854 3400 5902; x_wconf 83' lang='lat' dir='ltr'><strong>totout</strong></span> <span class='ocrx_word' id='word_1_873' title='bbox 3421 5841 3685 5902; x_wconf 87' lang='lat' dir='ltr'><strong>mundum</strong></span> <span class='ocrx_word' id='word_1_874' title='bbox 3703 5842 3832 5899; x_wconf 77' lang='lat' dir='ltr'><strong>doc-</strong></span> 
     </span>
    </p>
   </div>
  </div>
