3942 6284
191 346 299 404 369

1428 346 1495 402 IN
1535 346 1924 415 ARNOBIUM,
1963 351 2117 408 CAP.
2162 354 2201 409 l.

3382 361 3489 417 570

188 462 329 518 trina
356 475 457 517 sua
484 468 709 531 repente
750 460 1079 531 complevit;
1110 463 1201 534 qui
1232 464 1443 519 vatibus
1468 472 1524 519 et
1545 463 1792 535 ltaruspi—
1823 468 1873 528 Α
1899 468 2188 537 antiquitas
2232 479 2310 526 tot
2356 480 2732 545 tantorumque
2760 489 3006 530 errorum
3054 486 3108 531 et
3146 476 3448 534 fabularum
3470 519 3491 549 ,

187 556 341 612 cibus
364 555 641 610 silentium
682 553 962 624 imposuit,
994 571 1057 611 ac
1085 571 1364 628 magorum
1399 558 1612 629 penitus
1639 573 1790 613 com-

186 652 384 709 minuit
407 649 797 721 arrogantiam.

256 748 447 819 Neque
485 748 570 803 his
611 750 813 820 opponi
844 758 1095 819 poterant
1116 761 1320 807 curata:
1349 752 1417 806 ab
1448 750 1788 809 ethnicorum

186 841 292 898 diis
311 843 544 897 infirmze
568 842 952 898 nonnullorum
978 843 1256 899 hominum
1282 846 1635 902 valetudines.
1652 845 1788 902 Nam

187 933 289 990 hoc
340 934 561 991 interim
616 935 787 1006 gratis
819 935 967 998 dato.
998 945 1207 993 certum
1236 947 1356 992 erat
1404 953 1433 992 a
1475 940 1626 994 nullo
1668 954 1789 995 um-

184 1047 344 1105 quam
370 1032 649 1104 gentilium
680 1032 803 1099 deo,
836 1034 993 1088 sicuti
1034 1049 1062 1086 a
1095 1033 1334 1101 Christo,
1363 1034 1524 1105 aegris
1556 1035 1788 1090 homini-

185 1126 307 1193 bus,
342 1127 457 1181 sola
494 1124 733 1180 adhibita
786 1141 949 1179 manu
983 1135 1076 1180 aut
1101 1141 1256 1193 voce,
1291 1127 1555 1182 redditam
1585 1127 1788 1182 sanita-

183 1226 316 1275 tem.
349 1218 532 1274 Gratis
554 1218 715 1273 etiam
742 1219 1011 1274 Arnobius
1037 1220 1285 1274 concedit
1303 1219 1420 1275 fieri
1450 1221 1711 1291 patuisse,
1731 1230 1788 1277 ut

183 1311 320 1367 deus
345 1311 545 1381 aliquis
573 1327 738 1366 unum
768 1321 854 1365 aut
884 1312 1113 1367 alterum
1148 1328 1348 1381 aegrum
1379 1311 1651 1367 hominem
1670 1313 1787 1384 qui-

181 1402 414 1459 busdam
444 1404 849 1459 medicamentis
879 1406 1168 1459 sanaverit.
1206 1406 1275 1459 At
1324 1406 1489 1459 multa
1516 1447 1531 1470 ,
1567 1406 1781 1475 inquit,

181 1505 316 1551 sunt
364 1495 527 1550 millia
565 1495 867 1562 hominum,
900 1497 988 1565 qui
1016 1498 1118 1552 etsi
1149 1502 1202 1551 in
1247 1497 1459 1567 templis
1485 1498 1783 1567 sepissime

179 1588 444 1658 prostrati
474 1586 845 1658 Esculapium
874 1589 1117 1660 aliosque
1147 1589 1281 1644 deos
1311 1591 1508 1660 saepius
1535 1591 1784 1661 repetitis

180 1679 439 1750 precibus
467 1689 521 1735 et
547 1680 686 1735 votis
727 1681 1100 1750 fatigaverint;
1145 1681 1350 1736 nullum
1380 1690 1556 1736 tamen
1591 1698 1658 1737 ne
1684 1683 1784 1737 mi-

1894 563 2086 636 quibus
2110 565 2423 622 earumdem
2454 568 2736 639 gentilium
2772 568 2896 624 libri
2921 580 3151 637 scatent,
3186 581 3357 627 mater
3382 587 3491 628 non

1894 654 2092 711 fuerit?
2119 658 2255 726 Quid
2287 674 2441 722 vero.
2470 660 2613 732 quod
2646 660 2848 716 falsitas
2893 661 3051 733 longe
3092 662 3300 720 facilius
3327 664 3380 719 in
3410 680 3494 721 re-

1894 749 2225 805 centioribus
2254 754 2469 824 scriptis
2498 770 2658 825 quam
2692 755 2744 809 in
2776 754 3188 825 antiquissimis,
3214 768 3391 829 potest
3422 763 3493 817 ab

1892 844 2142 899 omnibus
2171 846 2545 917 deprehendi?

1963 938 2231 994 Instabam
2263 941 2464 996 ethnici
2499 942 2665 997 libros
2704 942 3122 999 Christianorum
3152 944 3220 1000 ab
3259 945 3491 1002 indoctis

1891 1029 2200 1086 hominibus
2230 1032 2348 1087 rudi
2375 1033 2727 1105 impoliteque
2756 1049 3009 1092 sermone
3029 1048 3298 1102 exaratos,
3328 1039 3494 1095 solm-

1890 1124 2073 1178 cismis
2099 1134 2153 1178 et
2180 1125 2528 1181 barbarismis
2557 1129 2755 1199 ubique
2781 1128 2918 1184 fmde
2943 1129 3300 1199 coinquinari.
3334 1130 3491 1198 Esto,

1890 1216 2182 1286 respondet
2212 1219 2500 1274 Arnobius.
2534 1220 2702 1290 Major
2733 1221 2975 1291 profecto
3004 1225 3083 1277 eis
3115 1222 3248 1278 fides
3284 1223 3490 1281 idcirco

1891 1310 2138 1366 habenda
2180 1322 2296 1375 est;
2344 1313 2468 1383 quia
2517 1330 2545 1367 a
2594 1325 2777 1371 mente
2822 1316 3090 1384 simplici,
3140 1327 3193 1371 et
3237 1317 3488 1375 lenocinii

1886 1404 2103 1474 ignara,
2140 1405 2472 1475 prodierunt.
2503 1406 2781 1463 Sermonis
2810 1410 2953 1463 enim
2983 1409 3245 1480 elegantis
3273 1420 3327 1465 et
3358 1412 3493 1481 poli-

1888 1496 2037 1551 tioris
2066 1497 2259 1551 famam
2279 1538 2293 1560 ,
2327 1514 2612 1568 pompam,
2644 1509 2806 1569 atque
2834 1512 3150 1555 ornamenta
3180 1501 3297 1555 foro
3320 1502 3491 1557 relin-

1885 1590 2113 1662 quenda,
2140 1592 2336 1646 veritas
2364 1606 2468 1647 nou
2497 1602 2755 1648 sectatur.
2781 1594 2985 1650 Deinde
3012 1594 3128 1649 haec
3151 1594 3263 1663 ipsa
3288 1595 3489 1650 veritas

1887 1683 2027 1737 inter
2056 1683 2324 1737 sermonis
2346 1684 2493 1749 vitia,
2524 1686 2665 1740 sicut
2697 1685 2870 1741 bonus
2896 1685 3039 1740 inter
3066 1700 3263 1757 vepres
3290 1695 3343 1741 et
3372 1688 3487 1756 Spi-

181 1773 387 1827 nimnm
432 1772 647 1842 quidem
685 1772 988 1827 invenerint
1025 1774 1422 1839 levamentum,
1458 1778 1585 1846 quin
1618 1776 1784 1832 immo
1814 1792 1862 1851 B
1891 1789 1984 1827 nas
2013 1773 2219 1829 fructus
2241 1814 2257 1839 ,
2299 1775 2518 1845 prodest
2550 1791 2764 1844 semper
2804 1775 3027 1831 homini,
3071 1776 3151 1831 Ad
3181 1776 3296 1832 htcc
3322 1792 3484 1843 vero,

180 1866 338 1936 pejus
367 1865 531 1919 etiam
564 1875 749 1935 postea
782 1881 843 1921 se
872 1865 1175 1922 habuerint.

252 1956 437 2026 Neque
455 1958 653 2025 patitur
683 1956 786 2012 sibi
814 1956 882 2011 ab
911 1957 1018 2012 alio
1044 1958 1227 2027 gentili
1257 1958 1419 2028 objici
1456 1959 1584 2015 ferri
1625 1976 1654 2015 a
1680 1962 1783 2019 diis

180 2064 338 2119 opem
374 2063 481 2103 non
515 2048 670 2103 malis
699 2048 938 2118 quidem,
983 2049 1077 2104 scd
1118 2050 1274 2105 bonis
1307 2050 1515 2121 piisqne
1554 2053 1783 2109 homini-

181 2140 306 2193 bus.
340 2137 588 2193 Christns
630 2141 897 2210 siquidem
946 2142 1104 2196 malis
1129 2142 1379 2198 omnibus
1413 2144 1695 2214 aequaliter
1720 2160 1784 2202 ac

181 2232 339 2287 bonis
391 2234 675 2287 succurrit.
726 2232 929 2289 Deinde
989 2250 1119 2289 vero
1163 2235 1207 2288 si
1245 2235 1318 2290 dii
1371 2235 1526 2292 bonis
1575 2247 1779 2294 tantum

179 2329 378 2383 auxilio
406 2327 642 2394 fuerunt,
674 2329 726 2383 id
756 2344 861 2383 non
887 2328 1085 2384 divina:
1112 2331 1321 2397 virtuti,
1354 2331 1446 2386 sed
1491 2332 1646 2388 alicui
1674 2334 1782 2390 for-

182 2423 318 2477 tuito
347 2422 496 2476 casui
523 2424 627 2476 erit
659 2421 1025 2491 proculdubio
1044 2421 1411 2479 tribuendum.

258 2513 392 2567 Vera
438 2525 617 2568 autem
654 2528 777 2569 esse
815 2512 1012 2569 Christi
1055 2516 1315 2570 miracula
1361 2525 1548 2572 auctor
1592 2527 1777 2574 noster

177 2607 358 2664 adhuc
401 2608 639 2664 ostendit
691 2625 758 2664 ex
797 2607 889 2662 illa
935 2624 1155 2679 prorsus
1203 2610 1432 2665 mirabili
1481 2621 1775 2681 potestate,

175 2716 347 2771 quam
372 2700 523 2756 dedit
551 2702 713 2756 etiam
743 2700 944 2756 infirme
976 2701 1151 2771 plebis
1189 2702 1514 2767 hominibus,
1547 2705 1776 2774 piscato-

176 2795 352 2861 ribus,
381 2794 684 2864 opifictbus,
709 2795 993 2850 rusticanis
1025 2796 1279 2865 quaelibet
1315 2796 1433 2853 solo
1472 2798 1641 2867 ipsius
1679 2814 1779 2855 no-

176 2891 326 2945 mine
351 2891 586 2960 prodigia
611 2890 822 2946 edendi.
854 2889 971 2945 Non
1002 2891 1144 2944 enim
1172 2889 1400 2959 Jupiter,
1429 2907 1526 2948 nec
1549 2891 1780 2948 Zoroas-

178 2991 294 3038 tres
344 2983 655 3049 Armcnius,
683 2982 1017 3055 Pamphilus,
1055 2984 1396 3054 Apollonius,
1440 2982 1775 3055 Damigerus,

179 3077 483 3141 Dardanus,
511 3076 692 3137 Velus.
717 3075 983 3142 Julianus,
1011 3076 1263 3143 Behulus,
1285 3087 1376 3129 aut
1401 3077 1622 3147 quilibet
1641 3077 1778 3132 alius

178 3168 382 3240 aliquid
417 3169 499 3222 his
529 3168 791 3240 prodigiis
830 3168 1007 3223 simile
1049 3168 1250 3236 edidit,
1281 3167 1374 3223 sed
1408 3184 1476 3223 ne
1507 3170 1775 3239 pustulam

178 3262 396 3334 quidem
430 3262 564 3332 pari,
590 3276 653 3317 ac
684 3262 929 3318 Christus
959 3262 1181 3333 ejusque
1208 3263 1473 3333 discipuli,
1500 3263 1663 3319 modo
1690 3279 1776 3321 sa-

179 3354 345 3410 navit.
387 3353 456 3409 Et
495 3369 626 3410 sane
654 3363 870 3424 quantae
899 3353 1280 3425 magnitudinis
1315 3364 1371 3410 et
1398 3358 1680 3426 potest..tis
1707 3357 1779 3411 sit

180 3448 297 3520 ipse
322 3448 591 3513 Christus,
625 3448 874 3503 sublimis
904 3457 958 3503 et
986 3448 1054 3502 ab
1086 3448 1267 3503 intima
1298 3449 1478 3505 radice
1505 3450 1668 3516 Deus,
1694 3460 1774 3505 ta-

178 3542 338 3598 metsi
370 3542 681 3596 hominibus
707 3542 834 3596 olim
864 3542 1185 3614 incognitus,
1220 3532 1305 3600 vel
1329 3545 1480 3607 solis,
1508 3562 1628 3614 qua:
1655 3546 1773 3616 ipso

177 3634 443 3691 moriente
469 3633 610 3690 facta
630 3644 776 3701 sunt,
801 3635 1072 3690 miraculis
1095 3636 1500 3693 evidentissime
1519 3637 1772 3695 demons-

176 3738 375 3785 tratum
400 3737 505 3784 εει.

248 3823 434 3893 Neque
456 3823 708 3879 audiendi
740 3834 895 3879 erant
932 3827 1191 3895 gentiles,
1235 3827 1323 3897 qui
1354 3827 1470 3883 iure
1495 3828 1620 3884 falsa
1650 3845 1770 3887 esse

176 3918 502 3975 intolerabili
573 3935 796 3991 prorsus
857 3921 1078 3977 audacia
1145 3922 1511 3979 clamitabant.
1584 3924 1773 3981 Testes

174 4014 453 4069 enimvero
485 4014 890 4085 locupletissimi
912 4057 925 4077 .
961 4031 1059 4071 nec
1096 4014 1253 4072 facile
1278 4017 1519 4084 creduli,
1554 4034 1615 4074 ea
1640 4034 1770 4089 pos-

175 4108 305 4163 teris
340 4107 694 4175 tradiderunt,
720 4126 836 4173 quae
862 4109 961 4163 nisi
986 4110 1096 4179 ipsa
1123 4108 1241 4165 luce
1264 4109 1493 4166 fuissent
1516 4111 1769 4179 clariora,

173 4204 244 4258 illi
271 4214 421 4258 certe
446 4219 506 4256 ea
531 4201 870 4273 pr;cdicando
898 4204 950 4258 iu
978 4220 1266 4260 commune
1288 4204 1564 4260 hominum
1586 4205 1768 4260 odium

170 4297 470 4353 voluis-eut
497 4298 663 4366 gratis
690 4299 987 4354 incurrere.
1020 4299 1083 4353 Et
1108 4313 1240 4354 sane
1275 4299 1322 4358 si
1347 4298 1477 4354 falsa
1515 4300 1620 4355 sint
1655 4299 1770 4355 haec

177 4389 456 4454 miracula,
485 4405 587 4457 qua
607 4432 621 4455 ,
655 4405 869 4460 qutcso,
902 4390 1045 4446 fatali
1073 4391 1482 4462 desperatione,
1513 4403 1769 4463 certoque

175 4483 368 4553 rapitis
398 4483 635 4551 periculo
654 4525 669 4549 ,
707 4499 736 4537 a
759 4482 956 4539 Christi
999 4485 1280 4556 discipulis
1310 4486 1578 4555 publicata
1606 4496 1767 4555 sunt,

169 4590 232 4630 ac
254 4575 548 4630 christiana
589 4576 776 4647 religio
811 4576 875 4631 iis
905 4578 1139 4633 stabilita
1174 4593 1239 4634 ac
1276 4578 1613 4645 conﬁrmata,
1643 4580 1767 4636 bre-

1882 1885 2003 1925 cum
2032 1869 2099 1924 de
2128 1869 2290 1925 rebus
2334 1871 2401 1925 ab
2430 1870 2793 1926 ostentatione
2819 1870 3085 1925 submotis
3114 1869 3324 1939 agitur,
3357 1871 3485 1941 quid

1884 1963 2058 2034 rcipsa
2080 2003 2094 2025 ,
2128 1977 2234 2016 non
2264 1962 2536 2032 quomodo
2570 1964 2809 2028 dicatur,
2842 1964 3076 2032 spectari
3119 1962 3298 2018 debet.
3332 1963 3484 2032 Qua—

1884 2054 2126 2110 mobrem
2172 2054 2417 2109 nonnulli
2454 2055 2730 2124 sapientia:
2759 2053 2964 2117 dediti,
3010 2055 3219 2109 tametsi
3262 2070 3396 2124 pure
3422 2064 3481 2110 et

1888 2160 2079 2203 ornate
2107 2149 2249 2219 loqui
2278 2150 2582 2219 potuerint;
2612 2164 2827 2204 omnem
2861 2157 3038 2204 tamen
3071 2150 3337 2205 sernmnis
3365 2151 3485 2205 cul-

1889 2253 2000 2296 tum
2049 2242 2373 2310 rejecerunt.
2405 2243 2645 2312 Denique
2689 2242 2868 2297 nullus
2896 2257 3077 2297 sermo
3119 2252 3311 2298 natura
3352 2259 3483 2309 sua,

1888 2335 1963 2390 ttti
1994 2336 2185 2403 probat
2216 2336 2519 2400 Arnobius,
2556 2336 2652 2391 sed
2693 2336 2969 2392 hominum
3011 2335 3290 2390 dumtaxat
3319 2335 3485 2393 bene-

1885 2429 2081 2501 placito
2113 2439 2197 2483 est
2227 2430 2468 2485 vitiosus.

1952 2522 2077 2578 Haec
2104 2538 2265 2593 porro
2284 2521 2484 2578 ethnici
2506 2537 2628 2577 cum
2653 2537 2849 2593 negare
2870 2536 2975 2577 non
3000 2532 3240 2592 possent,
3267 2538 3296 2577 a
3317 2521 3483 2577 chris-

1881 2618 2041 2673 tiauis
2069 2616 2412 2688 postulabant
2450 2632 2548 2671 cur
2574 2615 2848 2680 Christus,
2894 2618 2938 2671 si
2972 2616 3113 2671 Deus
3144 2618 3213 2671 sit
3285 2615 3478 2671 humao

1881 2727 2003 2766 nam
2039 2710 2264 2765 formam
2296 2709 2489 2774 induit,
2520 2718 2573 2764 et
2612 2724 2764 2763 more
2792 2710 3149 2777 interemptus
3178 2718 3261 2763 est
3289 2707 3480 2763 huma-

1884 2802 1995 2858 no?
2030 2804 2120 2857 llis
2151 2803 2423 2858 Arnobius
2465 2801 2618 2856 facile
2657 2801 2939 2865 satisfacit,
2971 2802 3151 2871 aitque
3171 2799 3471 2866 Christum,

1883 2896 2005 2966 quia
2037 2896 2088 2949 in
2117 2893 2432 2966 primigenia
2467 2905 2522 2948 et
2556 2893 2873 2963 incorporea
2919 2909 3012 2947 sua
3059 2899 3247 2947 natura
3274 2908 3303 2946 a
3332 2890 3482 2946 nullo

1884 3003 2136 3059 umquam
2166 2987 2377 3041 homine
2427 2985 2627 3049 videri,
2661 3000 2759 3040 nec
2791 2987 2924 3041 moti
2957 2984 3156 3055 potuit,
3184 2986 3473 3039 humanam

1883 3083 2082 3141 idcirco
2109 3085 2473 3154 adsumpsisse
2502 3082 2728 3138 formam
2751 3126 2763 3146 .
2799 3099 2901 3153 qua
2935 3099 2993 3137 se
3020 3083 3100 3138 eis
3126 3086 3460 3154 conspicien-

1878 3176 2006 3232 dum
2037 3177 2224 3243 daret,
2255 3193 2377 3233 cum
2427 3178 2506 3232 eis
2551 3186 2888 3242 versaretur,
2937 3192 2998 3230 ac
3044 3175 3257 3230 tandem
3292 3187 3477 3246 posset

1879 3280 2109 3326 mortem
2133 3271 2303 3326 obire.
2328 3270 2437 3326 Cur
2465 3286 2594 3326 vero
2617 3269 2901 3325 humanam
2929 3269 3104 3337 potius
3123 3284 3283 3339 quam
3305 3269 3466 3323 aliam

1880 3376 2127 3421 naturam
2174 3365 2479 3435 acceperit,
2523 3364 2753 3421 latentes
2795 3362 3066 3418 Arnobius
3112 3361 3309 3416 fatetur
3351 3376 3473 3416 esse

1879 3473 2091 3524 causas,
2122 3473 2255 3528 quas
2283 3457 2549 3512 obstinata
2578 3458 2858 3529 gentilium
2886 3454 3233 3510 incredulitas
3261 3469 3324 3509 ac
3352 3470 3474 3525 per-

1878 3552 2075 3608 vicacia
2108 3552 2362 3623 explicari
2394 3567 2501 3606 non
2534 3552 2765 3607 sinebat.

1951 3646 2017 3699 At
2052 3645 2103 3698 hi
2136 3660 2346 3699 rursum
2397 3644 2723 3714 objiciebant
2767 3642 3082 3700 incredibile
3128 3657 3377 3711 prorsus,
3407 3656 3472 3697 ac

1876 3737 2169 3793 cimmeriis
2201 3738 2438 3793 tenebris
2467 3737 2750 3793 obscurius
2788 3751 2947 3804 esse,
2989 3736 3263 3792 Christum
3304 3737 3470 3793 Deum

1876 3842 1930 3887 et
1959 3831 2232 3888 hominem
2264 3830 2497 3887 humana
2531 3840 2738 3887 tantum
2767 3841 2956 3886 natura
2984 3832 3176 3894 visum,
3206 3831 3475 3902 patibulo-

1876 3942 1982 3997 que
2010 3926 2242 3979 adfixum
2282 3926 2445 3979 vitam
2474 3924 2733 3980 finivisse.
2764 3924 2869 3980 Sed
2915 3923 3085 3979 futilis
3121 3935 3230 3987 est,
3266 3924 3340 3979 ait
3364 3929 3471 3980 Ar-

1876 4018 2089 4083 nobius,
2124 4018 2238 4073 haec
2267 4017 2593 4088 redargutio.
2620 4017 2751 4071 Nam
2778 4017 2823 4071 si
2850 4017 3073 4089 Sibylla,
3107 4017 3284 4083 Bacis,
3311 4017 3473 4074 Hele-

1877 4125 2012 4173 nus.
2060 4109 2314 4177 Martius,
2376 4109 2576 4180 aliique
2635 4108 2950 4165 eorumdem
2998 4110 3274 4179 gentilium
3326 4120 3476 4167 vates

1877 4203 2038 4272 impie
2059 4201 2223 4257 occisi
2248 4201 2496 4268 fuissent,
2522 4202 2778 4273 numquid
2803 4201 2878 4265 hi,
2902 4203 2955 4256 in
2977 4202 3171 4272 quibus
3191 4202 3322 4258 deos
3342 4218 3471 4259 suos

1874 4297 2083 4352 locutos
2110 4311 2233 4353 esse
2259 4297 2685 4365 arbitrabantur,
2716 4311 2811 4351 sua
2843 4308 3061 4368 propter
3086 4295 3293 4352 scelera
3320 4298 3469 4352 occi-

1872 4405 1962 4447 sos
1983 4391 2258 4447 dicerent?
2284 4387 2549 4445 Czeterum
2573 4403 2718 4444 mors
2736 4386 2960 4455 Christi,
2981 4389 3151 4458 pergit
3177 4388 3467 4457 Arnobius,

1874 4484 1941 4537 ad
1968 4484 2157 4553 sumpti
2198 4483 2419 4538 hominis
2462 4482 2592 4551 fuit,
2624 4498 2726 4535 non
2755 4481 2956 4551 ipsius;
2987 4481 3318 4551 gestaminis,
3366 4498 3470 4535 non

1874 4578 2136 4649 gestantis.
2164 4575 2326 4630 Addit
2351 4589 2482 4629 vero
2515 4588 2636 4628 cum
2676 4573 2934 4626 altissima
2964 4580 3181 4642 propter
3211 4573 3469 4643 mysteria

170 4670 395 4725 vissimo
423 4678 663 4739 tempore
694 4672 744 4725 in
778 4682 888 4725 toto
915 4679 1179 4726 terrarum
1210 4671 1345 4727 orbe
1370 4682 1618 4743 suscepta
1644 4672 1769 4728 est?
1792 4640 1845 4701 D
1872 4679 2067 4741 Sponte
2105 4683 2200 4722 sua
2244 4678 2513 4723 mortuum
2539 4684 2553 4732 ;
2586 4665 3018 4737 quandoquidem
3063 4664 3169 4731 illi,
3195 4679 3227 4719 a
3253 4681 3361 4735 quo
3388 4674 3469 4721 tot

240 4763 435 4818 Nullus
475 4777 604 4817 vero
647 4763 750 4818 nisi
790 4762 1175 4818 absurdissime
1204 4763 1385 4819 dicere
1411 4780 1642 4835 unquam
1673 4780 1771 4835 po-

171 4859 273 4911 luit
315 4855 433 4909 ham
463 4854 653 4909 eadem
694 4854 951 4909 miracula
990 4870 1020 4909 a
1067 4855 1425 4924 scriptoribus
1454 4858 1654 4913 nostris
1677 4864 1771 4911 aut

168 4950 370 5019 scripta
430 4947 792 5014 mendaciter,
844 4956 937 5002 aut
992 4947 1213 5002 nimium
1280 4958 1586 5017 exagerata.
1650 4947 1766 5004 Non

167 5042 314 5097 enim
356 5041 535 5095 omnia
566 5040 763 5096 litteris
791 5049 847 5095 et
884 5041 1161 5095 memoria:
1201 5040 1611 5106 mandaverant,
1644 5056 1766 5111 qua:

166 5137 417 5193 ethnicos
458 5136 510 5189 in
542 5134 800 5206 majorem
832 5133 1271 5199 admirationem,
1301 5133 1385 5189 vel
1423 5135 1767 5190 incredulita-

169 5236 275 5282 tem
304 5226 574 5281 adducere
600 5235 864 5294 poterant.
889 5225 944 5280 Si
968 5241 1088 5296 quae
1114 5240 1246 5281 vero
1268 5226 1464 5297 scripta
1486 5236 1762 5296 corrupta,

170 5331 264 5373 aut
291 5318 594 5374 adulterata
619 5327 925 5384 occurrant,
952 5316 1057 5373 hoc
1082 5317 1349 5374 Arnobius
1376 5318 1765 5375 malevolentia:

166 5412 426 5468 adscribit
464 5412 801 5475 dmmonum,
852 5413 944 5483 qui
993 5411 1076 5467 bis
1114 5411 1587 5482 depravationibus
1636 5427 1764 5469 vere

166 5520 441 5581 gestorum
476 5507 731 5564 volebant
762 5509 1033 5564 infirmare
1061 5510 1361 5565 veritatem.
1392 5511 1462 5564 At
1485 5524 1615 5565 sane
1644 5526 1763 5582 quae

167 5604 364 5659 nostris
392 5603 444 5658 in
488 5602 637 5657 libris
664 5602 732 5658 de
766 5600 981 5657 Christo
1016 5602 1215 5671 scripta
1259 5602 1441 5671 fuere,
1489 5613 1594 5658 tam
1637 5620 1765 5673 vera

164 5708 310 5758 smn,
343 5711 504 5767 quam
542 5694 672 5751 falsa
704 5710 823 5766 quae
851 5696 1080 5766 gentiles
1106 5695 1175 5750 de
1199 5694 1300 5751 diis
1331 5696 1443 5752 suis
1473 5696 1761 5753 tradidere.

235 5788 344 5843 Sed
379 5795 583 5851 nostra,
615 5788 880 5857 urgebant
908 5786 1004 5854 illi,
1027 5787 1228 5858 scripta
1256 5787 1580 5859 antiquiora,
1604 5799 1764 5861 atque

159 5884 365 5943 ideirco
397 5884 606 5938 veriora
654 5894 799 5939 sunt.
843 5881 1008 5953 Quasi
1057 5897 1211 5951 vero,
1244 5883 1319 5939 ait
1364 5882 1654 5951 Arnobius,
1698 5900 1762 5944 ea

1872 4762 2007 4817 facta
2050 4762 2264 4815 fuerant
2308 4758 2595 4823 miracula,
2646 4757 2825 4812 nullus
2872 4757 2954 4813 vel
2998 4756 3271 4811 minimam
3318 4756 3462 4824 vim,

1872 4856 2042 4910 multo
2066 4855 2243 4909 minus
2268 4853 2530 4908 violentas
2558 4865 2749 4906 manus
2774 4850 2986 4906 adferre
3007 4866 3239 4922 unquam
3268 4851 3464 4921 potuit.

1870 4949 2118 5005 Christus
2149 4950 2326 5018 itaque
2355 4946 2420 5000 ad
2452 4945 2724 5000 sanandos
2755 4944 3191 5016 erudiendosque
3220 4945 3468 5000 homines

1872 5049 2018 5096 tanta
2046 5041 2284 5107 lenitate,
2318 5051 2514 5111 quanta
2558 5039 2804 5095 libertate
2831 5054 3021 5110 passus
3050 5048 3135 5094 est
3162 5054 3222 5095 se
3262 5039 3330 5095 ab
3360 5040 3465 5094 im-

1872 5134 1974 5204 piis
1998 5133 2191 5190 occidi.

1940 5227 2277 5299 Quapropter
2301 5229 2571 5284 Arnobius
2597 5226 2793 5282 acriter
2820 5226 3042 5297 corripit
3066 5226 3340 5291 ethnicos,
3372 5225 3463 5295 qui

1869 5320 2084 5376 tametsi
2113 5320 2353 5391 tyrannis
2395 5321 2541 5375 oumi
2586 5319 2877 5389 impietatis
2912 5334 2975 5373 ac
3015 5319 3239 5374 sceleris
3262 5331 3465 5386 genere

1869 5416 2247 5473 contaminatis
2276 5415 2489 5472 divinos
2517 5416 2795 5473 deferrent
2822 5413 3089 5481 honores,
3120 5422 3177 5468 et
3204 5412 3461 5466 librorum

1866 5513 2207 5569 satiricorum
2258 5520 2507 5566 auctores
2552 5511 2779 5567 summis
2821 5508 3064 5563 laudibus
3108 5505 3460 5573 extollerent,

1869 5609 2239 5676 donarentque
2286 5606 2514 5667 statuis;
2547 5605 2720 5659 solum
2764 5600 3108 5658 nihilominus
3151 5597 3461 5666 Christum,

1870 5716 2048 5757 rerum
2090 5701 2440 5754 maximarum
2484 5711 2548 5751 ac
2586 5697 2817 5751 maxime
2860 5692 3169 5752 salutarium
3217 5690 3464 5745 nuntium

1870 5792 2205 5861 iniquissimo
2249 5796 2408 5859 atque
2448 5786 2768 5855 implacabili
2813 5785 2937 5841 odio
2981 5781 3460 5855 persequebantur.

1868 5883 2006 5952 Quid
2035 5885 2178 5939 enim
2211 5880 2444 5951 iniquius
2471 5888 2524 5931 et
2553 5878 2844 5945 crudelius,
2873 5892 3034 5949 quam
3065 5876 3318 5931 virtutu'tt
3346 5890 3464 5933 om-
