3942 6290
481 347 581 404 3'“
1735 349 2084 409 DlSSERTA'

2230 353 2507 412 ΡΒΆΕἭΑ
3665 368 3758 424 572

477 468 630 530 nium
658 465 970 532 dominum,
999 469 1294 540 mortisque
1332 472 1690 530 extinctorem
1735 472 1878 530 bello
1917 489 2073 531 acer-
2102 504 2154 564 Α
2179 476 2259 529 vis
2298 477 2458 532 homo
2497 480 2606 534 veri
2648 481 2850 554 aliquid
2890 499 3275 562 nonnunquam
3307 489 3751 562 pronuntiaverit,

473 561 705 618 bissimo
731 576 944 632 semper
979 561 1252 620 lacessere
1273 607 1288 631 ,
1317 566 1409 636 qui
1441 569 1717 639 permissa-
1741 577 1916 624 morte
1943 585 2037 626 sua
2057 614 2073 638 ,

481 662 684 710 certam
715 652 782 708 de
811 653 986 709 futura
1025 655 1328 711 animarum
1357 667 1662 715 nostrarum
1691 661 1884 729 salute,
1917 661 1962 717 si
1989 663 2076 732 pie

469 745 786 815 vixerimus,
808 760 962 817 spem
983 749 1236 805 omnibus
1259 749 1432 807 fecit?

1085 891 1382 944 sericatus
1419 893 1477 932 tt.

971 985 1195 1052 Analysis
1216 989 1332 1041 libri
1355 992 1578 1048 secundi.

546 1107 718 1168 Petita
743 1126 774 1170 a
803 1114 1082 1184 proposito
1111 1129 1400 1186 parumper
1427 1116 1739 1180 discedendi
1769 1127 1943 1190 venia,
1978 1128 2077 1182 Ar-

475 1205 672 1264 nobius
695 1207 766 1266 ab
793 1207 1026 1266 ethnicis
1067 1211 1292 1282 inquirit
1329 1230 1431 1285 qua
1471 1216 1539 1272 de
1579 1232 1738 1273 causa
1770 1219 2075 1288 Chrismm,

475 1298 675 1356 nullius
717 1299 768 1360 in
799 1315 894 1356 eos
939 1304 1140 1372 peccati
1183 1321 1369 1373 reum,
1408 1308 1480 1362 ita
1504 1307 1750 1378 oderint,
1799 1321 1857 1366 ut
1897 1315 2080 1370 audito

474 1401 685 1450 tantum
717 1393 863 1451 illius
888 1398 1136 1466 nomine,
1168 1400 1244 1454 ira
1278 1403 1523 1472 protinus
1564 1407 1978 1464 excandescant.
2009 1411 2080 1466 At

475 1489 571 1546 ille
596 1505 730 1547 sane
768 1491 982 1549 etiamsi
1009 1495 1095 1551 cui
1135 1495 1410 1562 credatur,
1437 1497 1632 1570 dignus
1659 1517 1766 1556 non
1798 1514 1980 1570 esset;
2013 1521 2078 1558 eo

479 1592 660 1641 tamen
685 1585 802 1654 ipso
823 1601 927 1642 non
951 1587 1362 1659 adspernandus
1381 1600 1520 1656 erat,
1540 1593 1684 1664 quod
1705 1597 1913 1650 eunetis
1937 1597 2078 1651 viam

478 1675 548 1731 ad
588 1677 786 1732 caelum
827 1688 882 1733 et
921 1679 1134 1734 beatam
1174 1677 1632 1739 immortalitatem
1675 1691 2075 1745 monstraverit.

479 1771 900 1842 Respondebant
941 1777 1169 1845 gentiles
1215 1776 1362 1832 illum
1400 1793 1611 1834 summo
1654 1782 1755 1837 sibi
1798 1792 2079 1854 propterea

477 1879 601 1920 esse
627 1864 754 1920 odio
773 1907 788 1930 ,
817 1868 941 1936 quia
968 1882 1184 1924 omnem
1226 1871 1449 1927 deorum
1482 1873 1685 1930 cultum
1705 1917 1720 1942 ,
1754 1891 2082 1949 omnemque

482 1954 748 2026 majorum
795 1972 1015 2013 suorum
1062 1961 1378 2032 religionem
1427 1973 1540 2019 toto
1587 1967 1795 2035 expulit
1841 1970 1909 2024 ab
1951 1972 2084 2025 orbe

481 2055 769 2104 terrarum.
800 2049 1032 2120 Ergone,
1056 2053 1131 2107 ait
1154 2055 1448 2122 Arnobius,
1477 2057 1674 2128 impius
1703 2069 1788 2116 est
1811 2059 2078 2129 Christus,

483 2141 577 2211 qui
617 2139 780 2212 impia
811 2143 1073 2216 religione
1110 2160 1296 2203 eversa
1320 2191 1334 2214 ,
1377 2165 1562 2206 veram
1601 2153 1834 2221 induxit,
1879 2170 2082 2227 nosque

481 2234 667 2292 docuit
693 2237 870 2293 solum
898 2255 1084 2296 verum
1112 2243 1281 2299 Deum
1313 2260 1434 2302 esse
1459 2247 1768 2317 colendum,
1798 2265 1957 2321 quem
1989 2252 2084 2308 bo-

481 2343 678 2385 norum
703 2332 942 2388 omnium
965 2333 1189 2404 fontem,
1215 2351 1280 2392 ac
1304 2351 1494 2394 cuncta
1517 2355 1753 2410 creasse,
1779 2353 1939 2415 atque
1962 2346 2082 2402 ideo

482 2439 672 2480 revera
696 2427 961 2484 exsistere
990 2431 1308 2487 naturaliter
1336 2434 1538 2488 scimus
1575 2444 1633 2492 et
1661 2437 2046 2494 testiﬁcamur?

555 2515 694 2572 Tum
721 2518 882 2574 dilata
904 2519 958 2574 in
988 2521 1136 2578 aliud
1164 2534 1378 2595 tempus
1407 2525 1476 2582 de
1499 2528 1664 2584 variis
1689 2531 1971 2600 gentilium
1992 2547 2086 2588 su-

485 2613 898 2691 perstitionibus
922 2616 1308 2688 disputatione,
1333 2623 1572 2677 ostendit
1594 2623 1840 2681 ethnicos
1863 2641 2084 2696 prorsus

489 2705 762 2760 immerito
791 2705 991 2763 Christi
1019 2709 1176 2765 dictis
1205 2727 1308 2765 non
1351 2713 1608 2782 credere,
1643 2717 2082 2790 quandoquidem

487 2813 582 2866 ea,
623 2815 744 2870 qua:
773 2801 1086 2872 pollicetur,
1120 2819 1180 2859 se
1216 2821 1451 2876 unquam
1493 2809 1668 2879 reipsa
1701 2811 1951 2868 daturum
1986 2829 2085 2868 nos

487 2905 599 2945 non
636 2892 928 2949 convincit.
964 2894 1032 2950 At
1067 2894 1112 2950 si
1142 2897 1322 2964 nulla,
1367 2898 1538 2968 inquit
1581 2899 1884 2970 Arnobius,
1917 2905 2088 2973 possit

488 2983 688 3039 adferri
729 2984 1030 3042 futurorum
1071 2999 1220 3044 certa
1259 2991 1658 3062 comprobatio,
1695 3009 1874 3050 nonne
1915 2998 2087 3052 satius

491 3087 576 3135 est
603 3077 686 3134 his
716 3080 803 3151 qui
829 3097 978 3150 spem
1012 3082 1142 3137 dant
1165 3084 1422 3154 aliquam,
1457 3087 1633 3154 potius
1659 3103 1817 3157 quam
1849 3090 1968 3144 aliis
1994 3090 2087 3162 qui

2112 1839 2161 1899 B

2181 580 2233 624 et
2262 571 2366 625 hoc
2396 572 2569 642 ipsum
2603 591 2699 644 pro
2725 586 2875 632 certo
2901 577 3078 635 adhuc
3105 595 3212 636 non
3243 581 3424 639 habet.

2255 661 2408 716 Nulla
2432 663 2590 734 igitur
2610 667 2815 724 ratione
2850 670 2968 724 aliis
2983 687 3086 726 non
3117 671 3388 729 doctiores
3409 674 3600 730 ethnici
3631 677 3758 733 chri-

2183 751 2388 808 stianos
2417 755 2600 812 divino
2629 759 2884 829 magistro
2923 777 3022 816 suo
3067 762 3352 820 credentes
3386 767 3757 838 vituperabant.

2181 845 2308 903 Sine
2340 851 2533 917 prmvia
2563 852 2825 923 siquidem
2857 852 2962 910 ﬁde
2993 857 3196 911 nullum
3232 856 3475 929 profecto
3505 861 3758 930 negotium

2181 957 2211 996 a
2243 944 2723 1014 peregrinantibus,
2751 949 3148 1021 navigantibus,
3172 953 3444 1023 agricolis,
3466 933 3756 1024 suscipitur.

2181 1033 2308 1088 Sine
2336 1035 2440 1090 lide
2469 1037 2632 1092 etiam
2655 1039 2834 1095 nullus
2863 1043 3116 1112 conjugio
3141 1044 3404 1114 jungitur,
3435 1046 3610 1101 nullus
3631 1063 3760 1118 atgcr

2180 1131 2410 1184 accersit
2437 1131 2726 1201 medicum,
2757 1135 2840 1189 vel
2864 1137 3019 1191 miles
3056 1137 3252 1192 bellum
3291 1139 3446 1210 gerit,
3471 1139 3555 1195 vel
3584 1141 3760 1212 magis-

2183 1227 2322 1274 trum
2355 1222 2502 1277 audit
2527 1223 2844 1294 discipulus,
2878 1243 3052 1298 neque
3083 1229 3222 1283 ullus
3248 1230 3464 1300 gentilis
3491 1229 3619 1287 deos
3646 1248 3761 1287 suos

2181 1313 2416 1368 invocat.
2454 1317 2592 1382 Quin
2635 1319 2794 1372 etiam
2834 1320 3064 1390 gentiles
3101 1321 3446 1390 Opinionibus
3485 1324 3760 1378 credebant

2181 1405 2654 1477 philosophorum,
2689 1411 2779 1480 qui
2807 1411 2874 1467 de
2911 1415 3100 1481 primis
3145 1424 3322 1470 tamen
3365 1432 3542 1470 rerum
3574 1417 3760 1488 princio

2184 1499 2304 1569 piis,
2331 1502 2558 1572 aliisque
2587 1503 2652 1558 de
2679 1505 2841 1559 rebus
2870 1505 3004 1560 nihil
3030 1508 3164 1563 certi
3194 1509 3564 1584 esploratique
3591 1507 3761 1580 profe-

2183 1602 2344 1658 runt,
2379 1608 2442 1648 ac
2475 1610 2690 1664 semper
2733 1596 2875 1651 inter
2913 1613 2971 1654 se
3002 1598 3380 1669 digladiantur.
3424 1600 3611 1655 Nonne
3649 1616 3763 1668 ergo

2183 1683 2420 1753 Christo,
2453 1689 2544 1758 qui
2571 1691 2733 1744 tantis
2761 1691 3034 1748 miraculis
3065 1691 3367 1748 doctrinam
3397 1709 3548 1748 suam
3578 1693 3766 1749 stabili-

2188 1780 2285 1844 vit,
2315 1779 2522 1850 a'quins
2551 1791 2636 1836 est
2659 1783 2884 1839 credere
2903 1829 2916 1854 ,
2959 1801 3118 1856 quam
3151 1785 3382 1852 Platoni,
3411 1785 3642 1853 Cronio,
3672 1785 3769 1840 Nu-

2187 1874 2394 1940 menio,
2437 1885 2528 1928 aut
2564 1875 2684 1930 aliis
2711 1879 3126 1946 quatntumlibet
3155 1881 3226 1932 ob
3259 1893 3472 1933 morum
3510 1880 3770 1950 integrita-

2188 1972 2316 2030 tem,
2344 1975 2506 2034 atque
2529 1966 2872 2038 eloquentiae,
2902 1969 3113 2040 logicae,
3134 1971 3511 2039 arithmetica),
3545 1973 3765 2036 musica',

2185 2056 2526 2125 geometria,
2573 2059 2850 2114 scientiam
2880 2060 3182 2129 laudandis,
3214 2065 3302 2134 qui
3346 2065 3478 2119 nihil
3509 2065 3591 2119 vel
3626 2063 3772 2120 mini-

2190 2164 2335 2202 mum
2379 2149 2505 2220 quid
2549 2150 2632 2205 his
2674 2153 2851 2208 simile
2884 2153 3061 2210 facere
3092 2172 3324 2226 unquam
3348 2155 3687 2229 ’potuerunt?
3715 2158 3772 2211 Et

2187 2251 2333 2296 certe
2363 2243 2406 2296 si
2447 2239 2691 2299 Christus
2735 2245 2982 2300 humanis
3025 2257 3228 2302 tantum
3259 2248 3486 2319 argutiis
3532 2260 3584 2305 et
3623 2265 3770 2321 argu-

2189 2335 2382 2389 mentis
2415 2350 2544 2390 usus
2565 2335 2774 2404 fuisset,
2808 2354 2998 2394 omnes
3019 2340 3066 2394 ei
3093 2351 3380 2412 negassent
3405 2341 3766 2414 lidem,'quatn

2189 2425 2316 2480 dare
2346 2428 2515 2482 coacti
2556 2437 2681 2482 sunt
2721 2430 2789 2484 ob
2816 2430 2960 2484 edita
2992 2432 3058 2486 ab
3100 2433 3216 2502 ipso
3246 2434 3470 2504 ejusque
3511 2434 3773 2504 discipulis

2189 2519 2444 2574 miracula
2471 2521 2609 2589 apud
2639 2519 2824 2587 ludos,
2857 2522 3040 2590 Seras,
3071 2523 3284 2591 Persas,
3317 2526 3527 2595 Medos,
3557 2526 3770 2592 Arabas,

2191 2610 2496 2684 Egyptios,
2526 2613 2763 2681 Galatas,
2795 2615 3040 2681 Parthos,
3068 2616 3329 2690 Phrygas,
3363 2629 3530 2690 atque
3557 2620 3608 2674 in
3635 2618 3769 2681 Asia,

2187 2705 2360 2776 Syria,
2379 2704 2600 2771 Achaia,
2630 2706 2961 2773 Macedonia,
2985 2709 3168 2788 Epiro,
3200 2721 3254 2766 et
3283 2711 3487 2792 ubqu
3513 2714 3566 2767 in
3589 2712 3768 2766 Oricu-

2192 2809 2244 2853 te
2286 2809 2339 2854 et
2383 2799 2707 2867 Occidente,
2744 2818 2806 2857 ac
2835 2805 3174 2874 potissimum
3205 2805 3426 2874 Romre,
3469 2807 3558 2862 ubi
3601 2807 3769 2862 Simon

2191 2906 2376 2962 magns
2407 2909 2434 2944 a
2464 2893 2625 2948 Petro
2651 2909 2716 2949 ex
2749 2896 2966 2951 sublimi
2995 2912 3124 2954 aere
3162 2899 3402 2969 dejectus
3425 2942 3438 2966 ,
3483 2901 3536 2956 in
3588 2911 3770 2956 terram

2190 2985 2372 3040 fractis
2399 2988 2646 3042 cruribus
2675 2990 3039 3059 prtrcipitatus
3071 3003 3174 3045 est.

2263 3079 2404 3148 Quid
2427 3082 2616 3152 plura?
2646 3081 2762 3136 Non
2796 3085 3034 3138 vexanda
3059 3095 3224 3150 certe,
3255 3086 3348 3141 sed
3381 3087 3504 3143 ideo
3527 3085 3772 3143 laudanda

489 3175 696 3230 nullam
719 3176 978 3245 pmbem,
1006 3177 1275 3232 credere?
1316 3179 1450 3232 Tum
1479 3180 1675 3234 dehinc
1696 3183 1934 3237 ostendit
1964 3159 2085 3254 plu-
2113 3159 2158 3220 C
2194 3183 2310 3226 erat
2339 3173 2405 3226 ab
2435 3174 2664 3227 ethnicis
2695 3174 3110 3230 christianorum
3142 3179 3310 3241 lides;
3341 3180 3465 3250 quia
3497 3181 3603 3235 illis
3641 3194 3774 3234 com-

489 3268 624 3322 rima
647 3268 806 3324 nobis
826 3279 1118 3339 suppetere
1143 3285 1351 3336 eorum,
1383 3287 1504 3342 qum
1531 3271 1780 3328 Christus
1814 3277 2084 3344 promisit,

492 3361 636 3416 haud
669 3375 892 3432 prorsus
917 3363 1118 3418 incerta
1137 3365 1526 3433 promissorum
1553 3379 1887 3435 argumenta.
1907 3369 2089 3428 Primo

487 3456 634 3510 enim
671 3455 818 3510 illius
855 3453 1104 3510 doctrina
1153 3464 1207 3510 et
1241 3456 1432 3525 religio
1469 3472 1566 3527 per
1621 3460 1900 3516 universas
1945 3464 2090 3518 orbis

486 3557 650 3604 terra:
682 3558 882 3618 partes,
909 3558 1068 3620 atque
1099 3550 1262 3604 etiam
1293 3549 1432 3619 apud
1458 3558 1644 3620 gentes
1679 3557 1846 3622 magis
1896 3555 2090 3610 barba-

491 3630 1086 3712 ras,'quemadmodum
1129 3641 1222 3696 ille
1251 3643 1607 3710 promiserat,
1641 3643 1790 3700 brevi
1835 3651 2091 3718 temporis

493 3733 669 3804 spatio
691 3732 792 3786 fuit
811 3732 1180 3788 disseminata.
1210 3732 1412 3789 Deinde
1444 3749 1573 3790 vero
1607 3741 1946 3801 quantumvis
1977 3741 2090 3798 Inec

493 3824 742 3880 doctrina
783 3825 918 3879 dura
962 3835 1018 3880 et
1059 3841 1248 3896 aspera
1299 3825 1564 3891 videatur,
1597 3829 1741 3885 illam
1769 3841 1945 3889 tamen
1977 3851 2089 3891 ma—

494 3932 602 3990 gno
621 3917 842 3988 ingenio
870 3916 1076 3987 praediti
1103 3927 1368 3986 oratores,
1398 3922 1733 3991 grammatici
1763 3965 1778 3991 ,
1812 3928 2086 3993 rhetores,

491 4013 886 4083 iurisconsulti,
937 4014 1152 4080 medici,
1185 4014 1490 4085 philosOphi
1529 4018 1873 4088 expetebant.
1907 4021 2092 4078 Tertio

487 4107 640 4164 illius
666 4115 968 4163 sectatores
1011 4107 1172 4162 nullis
1203 4108 1360 4179 plane
1387 4110 1715 4181 quibuslibet
1758 4113 2040 4184 suppliciis
2073 4159 2087 4183 ,

493 4201 658 4256 etiam
685 4201 1042 4272 gravissimis,
1085 4201 1152 4256 ad
1195 4215 1312 4257 eam
1342 4203 1716 4275 deponendam
1760 4223 1866 4262 non
1917 4211 2089 4264 solum

494 4294 614 4365 cogi
647 4302 940 4366 potuerunt
965 4311 979 4348 :
1012 4295 1107 4350 sed
1135 4295 1198 4350 iis
1223 4309 1436 4368 quoque
1463 4298 1636 4353 crevit
1661 4313 1878 4371 semper
1903 4317 2089 4358 eorum

494 4401 772 4442 numerus.
804 4387 875 4442 At
895 4388 1010 4443 haec
1036 4389 1187 4460 prius
1208 4405 1236 4442 a
1264 4389 1487 4445 Christo
1509 4391 1772 4460 promissa
1803 4407 1924 4448 cum
1961 4411 2090 4452 eve-

493 4484 694 4551 nerint,
721 4483 792 4539 de
811 4483 1039 4538 aliorum
1063 4497 1278 4555 quoque
1299 4485 1368 4539 ab
1389 4499 1454 4540 eo
1483 4485 1871 4555 promissorum
1894 4497 2088 4545 eventu

493 4577 778 4635 dubitandi
807 4579 950 4634 nulla
977 4581 1118 4635 ratio
1143 4589 1249 4636 est.

564 4673 751 4746 Neque
779 4689 944 4745 porro
982 4683 1062 4729 tot
1089 4673 1337 4730 homines
1367 4689 1468 4744 per
1493 4682 1656 4730 totam
1691 4686 1890 4732 terram
1920 4677 2092 4734 chris-

496 4769 641 4824 tiana
667 4768 934 4838 religione
965 4767 1184 4832 initiati,
1217 4767 1338 4822 aliis
1368 4767 1567 4835 obtusi,
1602 4769 1846 4835 hebetes,
1875 4785 1939 4826 ac
1967 4771 2092 4828 l‘atui

495 4860 670 4916 videri
705 4870 978 4932 poterant,
1018 4861 1118 4916 nisi
1145 4859 1198 4914 hi
1234 4875 1292 4916 se
1320 4861 1467 4916 solos
1499 4863 1758 4933 sapientia
1787 4873 1842 4918 et
1869 4864 2092 4920 scicntia

499 4951 760 5024 praeditos
780 4953 1110 5020 jactitarent.
1138 4952 1246 5008 Sed
1274 4954 1442 5024 quali,
1475 4954 1643 5025 inquit
1667 4965 1855 5011 auctor
1884 4966 2090 5024 noster,

499 5046 764 5118 sapientia
786 5053 842 5100 et
870 5047 1133 5101 scientia?
1152 5045 1290 5100 Nom
1319 5050 1686 5118 grammatica.
1717 5053 1947 5120 poetica,
1971 5052 2092 5109 rhe-

492 5143 686 5208 torica,
718 5139 891 5210 logica
926 5149 979 5195 et
1005 5139 1322 5195 dialectica?
1352 5142 1419 5195 At
1448 5157 1606 5212 quam
1634 5159 1767 5198 vana
1798 5145 1868 5199 sit
1899 5145 2089 5202 harum

498 5234 902 5305 disciplinarum
949 5234 1243 5288 ostentatio
1291 5234 1414 5290 inde
1457 5245 1651 5307 patet,
1702 5237 1845 5309 quod
1893 5255 1990 5309 per
2032 5257 2091 5299 se

495 5327 662 5384 homo
698 5327 844 5382 scire
885 5335 1119 5396 nequeat
1153 5341 1272 5397 quae
1310 5328 1516 5396 divina,
1547 5331 1631 5386 vel
1672 5331 1898 5388 obscura
1943 5345 2088 5402 sunt,

494 5435 598 5476 nec
624 5419 750 5492 quid
787 5419 904 5490 ipse
939 5419 1042 5486 sit,
1076 5427 1134 5474 ut
1169 5421 1246 5475 ait
1283 5419 1554 5488 Socrates,
1597 5438 1697 5478 nec
1739 5424 1909 5491 unde,
1941 5427 2029 5482 vel
2059 5443 2087 5481 a

495 5525 634 5582 quo,
677 5521 730 5568 et
773 5526 876 5582 qua
918 5511 987 5566 de
1029 5525 1192 5568 causa
1233 5522 1480 5579 creatus,
1513 5527 1610 5569 cur
1636 5519 2010 5583 totfaerumnis
2035 5528 2089 5574 et

499 5604 656 5658 malis
699 5603 1064 5674 opprimatur,
1099 5605 1226 5678 quid
1258 5605 1312 5662 in
1353 5605 1579 5662 somniis
1607 5616 1748 5678 agat,
1789 5623 1910 5674 qua:
1939 5624 2088 5662 som-

495 5699 643 5754 nium
674 5699 814 5754 iuter
837 5711 892 5756 et
919 5701 1132 5771 vigilias
1161 5701 1484 5766 dill'et-entia,
1521 5701 1792 5771 quomodo
1817 5701 1908 5756 liat
1935 5701 2089 5769 visio,

497 5799 588 5848 aut
624 5793 912 5861 odoratus,
941 5809 1040 5849 cur
1070 5795 1282 5850 animus
1311 5797 1411 5850 etsi
1450 5793 1766 5850 immortalis
1809 5794 1862 5850 in
1913 5792 2090 5850 infan-

512 5881 658 5938 tibus
677 5881 924 5951 stolidus,
949 5885 1001 5938 in
1023 5885 1245 5941 senibus
1273 5885 1342 5940 sit
1359 5886 1622 5944 defessus.
1649 5886 1885 5960 Denique
1908 5902 2095 5960 quam-

1435 6279 1799 6290 Ιπιῒῌ--ο

2195 3280 2383 3320 munes
2409 3275 2562 3321 erant
2589 3283 2712 3322 cum
2742 3267 3182 3340 philosophorum
3211 3271 3517 3344 coryphteis
3557 3274 3623 3329 de
3656 3273 3772 3332 Deo.

2190 3359 2259 3414 de
2288 3374 2574 3428 corporum
2607 3363 3026 3428 resurrectione,
3060 3364 3128 3418 de
3174 3366 3348 3421 salute
3378 3368 3702 3432 animarum,
3731 3373 3777 3420 et

2194 3451 2386 3508 futuris
2432 3454 2712 3522 impiorum
2758 3458 2936 3525 pinnis
2981 3459 3291 3516 sententia}.
3335 3461 3582 3530 quamvis
3611 3459 3776 3515 abhis

2198 3547 2353 3599 aliter
2395 3554 2553 3615 atque
2583 3561 2612 3601 a
2641 3547 2948 3602 chrisuanis
2979 3550 3338 3619 exitliceutut‘.
3371 3557 3547 3624 Atque
3580 3554 3650 3607 ibi
3690 3554 3777 3606 Ar-

2199 3639 2391 3694 nobius
2419 3639 2668 3694 edisserit
2697 3643 2852 3710 cujus
2885 3653 3090 3699 naturae
3133 3655 3311 3700 nostra
3343 3646 3412 3700 sit
3441 3649 3654 3713 anima,
3685 3662 3778 3716 quo

2196 3746 2260 3786 ex
2291 3731 2436 3787 fonte
2465 3733 2710 3802 prodeat,
2742 3745 2791 3788 et
2825 3751 2923 3790 cur
2951 3736 3114 3791 variis
3143 3737 3424 3793 affectibus
3454 3752 3510 3796 et
3534 3739 3676 3795 vitiis
3702 3739 3778 3791 liat

2194 3821 2446 3877 obnoxia.

2267 3913 2404 3969 Tum
2457 3915 2654 3970 deinde
2695 3916 2912 3973 illorum
2966 3920 3209 3976 retundit
3256 3925 3662 3994 arrogantiam,
3700 3923 3779 3996 qui

2197 4015 2434 4062 nostram
2463 4009 2694 4064 animam
2722 4011 2964 4080 ejusdem
2988 4028 3108 4068 cum
3143 4013 3254 4069 Deo
3285 4025 3442 4086 patre
3473 4018 3781 4073 immortali—

2201 4101 2324 4156 tatis
2363 4108 2418 4154 et
2461 4113 2668 4157 natura:
2708 4105 3026 4174 participem
3057 4121 3181 4160 esse
3216 4107 3520 4165 insolenter
3550 4111 3780 4166 vendita-

2199 4193 2346 4250 bant.
2379 4197 2553 4250 Simili
2593 4197 2792 4267 quippc
2820 4209 2981 4269 atque
3021 4202 3274 4256 animalia
3304 4203 3467 4258 modo
3499 4206 3780 4265 nascimur,

2199 4290 2453 4355 vivimus,
2477 4305 2541 4344 ac
2569 4290 2770 4345 morbis
2798 4302 2853 4346 et
2881 4305 3162 4349 senectute
3187 4297 3470 4351 solvimur.
3507 4301 3622 4354 lluc
3646 4311 3784 4351 acce-

2197 4375 2276 4436 dit
2302 4382 2444 4452 quod
2474 4382 2716 4439 nonnulli
2746 4385 2956 4440 animas
2994 4387 3360 4456 improborum
3406 4399 3536 4460 post
3565 4401 3780 4446 mortem

2198 4476 2250 4532 in
2283 4477 2548 4547 pecudum
2580 4491 2804 4548 corpora
2837 4481 3070 4551 migrare
3095 4484 3300 4552 opinati
3332 4495 3477 4541 sunt.

2204 4611 2206 4614 μ
2270 4569 2339 4624 At
2364 4569 2544 4626 divina
2573 4581 2678 4637 est,
2713 4571 3054 4643 inquiebant,
3085 4578 3265 4631 anima
3295 4577 3559 4644 hominis,
3588 4581 3676 4652 qui
3707 4594 3783 4635 ra-

2200 4666 2347 4720 tione
2388 4667 2603 4722 ctcteris
2635 4677 2848 4736 prtestat
2891 4669 3234 4725 animalibus.
3282 4672 3498 4742 Optime
3539 4674 3779 4746 quidem,

2197 4761 2274 4815 ait
2300 4760 2602 4827 Arnobius,
2634 4766 2676 4815 si
2707 4761 2872 4816 homo
2905 4765 3006 4818 hac
3036 4778 3130 4817 sua
3171 4766 3384 4822 ratione
3411 4767 3550 4824 bene
3581 4781 3782 4836 semper

2198 4862 2460 4908 uteretur.
2508 4853 2613 4910 Sed
2655 4857 2741 4909 ubi
2770 4865 2885 4918 est,
2919 4855 3169 4912 humanm
3201 4859 3396 4914 animae
3439 4859 3782 4932 prtestantia?

2197 4945 2465 5018 Numquid
2515 4949 2639 5018 quia
2699 4948 2946 5003 homines
2999 4960 3052 5005 et
3103 4950 3295 5006 domos
3341 4961 3396 5008 et
3448 4955 3618 5010 urbes
3663 4969 3784 5010 con-

2197 5043 2452 5116 struunt?
2479 5041 2548 5096 At
2581 5043 2623 5096 si
2655 5045 2958 5100 animantes
2993 5045 3257 5101 haberent
3286 5050 3484 5104 artium
3517 5053 3782 5106 ministras

2199 5148 2410 5199 manus,
2447 5146 2669 5202 possent
2698 5137 2880 5206 utique
2903 5137 3094 5190 similia
3121 5139 3346 5194 aadilicia
3379 5152 3686 5200 exstruere.
3713 5142 3783 5198 Ah

2203 5227 2267 5282 iis
2295 5229 2558 5298 siquidem
2591 5230 2694 5284 alia
2727 5231 2890 5296 liunt,
2921 5248 3041 5302 qua:
3074 5247 3365 5304 numquam
3409 5237 3657 5294 homines
3683 5252 3785 5308 po—

2204 5332 2418 5378 tuerunt
2455 5325 2672 5378 imitari.
2705 5323 2976 5394 Numquid
3009 5326 3199 5380 bestiis
3239 5329 3576 5384 antecellunt
3615 5329 3784 5386 homi-

2201 5429 2332 5479 nes,
2383 5417 2508 5486 quia
2556 5427 2760 5471 vestem
2799 5417 3228 5488 supellcctilem,
3261 5419 3470 5492 aliaque
3513 5423 3643 5478 vitze
3690 5421 3783 5475 bu-

2198 5525 2371 5567 manu:
2411 5512 2617 5566 alenda:
2657 5515 2961 5569 necessaria
3003 5513 3104 5569 sibi
3145 5528 3337 5584 parare
3366 5517 3606 5570 norunt?
3635 5516 3783 5572 Alea

2195 5604 2374 5660 omnia
2417 5621 2522 5657 non
2556 5605 2795 5660 scientiae
2824 5621 3081 5670 munera,
3115 5605 3209 5661 sed
3247 5621 3276 5660 a
3323 5607 3672 5678 pauperrima
3705 5607 3784 5662 iu-

2198 5705 2362 5754 venta
2392 5706 2518 5752 sunt
2548 5700 2892 5756 necessitate.

2267 5787 2467 5846 Omnes
2497 5805 2660 5861 porro
2688 5806 2810 5847 cum
2841 5801 2988 5849 artes
3017 5792 3294 5850 hominum
3328 5796 3378 5852 ei
3426 5793 3671 5852 scientia:
3714 5793 3784 5850 la—

2202 5883 2338 5940 bore
2361 5891 2420 5941 et
2456 5886 2786 5955 experientia
2817 5893 3018 5957 partae,
3048 5887 3184 5944 nihil
3211 5888 3368 5945 valde
3395 5887 3700 5946 mirandum
3736 5887 3786 5942 in

3911 325 3942 377 π.

3913 455 3942 508 tl

3915 533 3942 598 ll

3919 625 3942 690 q

3917 719 3942 786 Il

3917 825 3942 888 η

3918 905 3942 974 ﬂ,

3919 1015 3942 1058 ε

3919 1107 3942 1156 ει

3919 1201 3942 1260 a

3920 1286 3942 1338 ll

3919 1385 3942 1438 tt

3918 1481 3942 1528 li

3919 1573 3942 1628 ξ

3918 1663 3942 1710 1

3920 1759 3942 1808 ε

3921 1851 3942 1894 ἶ

3922 1930 3942 1996 ⁷4

3922 2037 3942 2098 ‘i

3924 2131 3942 2186 η
