4030 6278
556 350 661 404 5733

1798 338 2247 399 DISSERTATIO
2282 340 2370 397 PR
2378 338 2561 398 EVM

3755 336 3866 393 576

558 477 660 518 nec
690 462 944 528 divinam,
966 474 1064 514 nec
1092 459 1184 514 Dei
1205 457 1513 529 progeniem
1542 472 1661 513 esse
1689 462 2024 528 compertum
2049 469 2147 511 no-
2173 454 2226 516 Λ
2251 461 2396 521 sunt,
2429 453 2498 510 de
2526 452 2715 509 mundi
2739 453 2963 524 origine,
2997 454 3139 520 loco,
3171 460 3226 510 et
3253 454 3396 521 situ;
3427 452 3497 510 de
3522 454 3673 521 nive,
3711 454 3860 523 sole,

556 554 641 609 his
668 555 758 608 sit.
794 552 1004 607 Scimus
1023 552 1164 606 enim
1191 550 1319 605 nihil
1347 565 1376 604 a
1400 550 1512 606 Deo
1533 565 1744 606 summo
1770 550 1884 606 ﬁeri
1911 563 2147 620 unquam

556 650 816 719 potuisse,
851 645 952 699 nisi
980 644 1232 699 omnibus
1275 642 1511 698 numeris
1540 643 1865 698 absolutum.
1897 640 2007 697 Nec
2048 641 2149 696 mi-

555 752 657 795 nus
682 745 834 792 certo
861 736 1238 807 cognoscimus
1257 735 1505 789 homines
1532 734 1664 788 nihil
1694 750 1815 788 esse
1843 732 2011 800 aliud,
2043 731 2146 788 nisi

555 829 763 885 animas
788 831 1000 898 corpori
1042 828 1309 899 alligatas,
1340 842 1459 896 quae
1489 825 1727 880 omnium
1774 824 2023 879 vitiorum
2053 840 2142 896 ge-

552 935 683 976 nere
710 927 1144 988 corrumpuntur.
1169 916 1421 984 Quamvis
1450 918 1594 971 enim
1620 914 1834 985 quidam
1862 915 2149 985 inculpatis

550 1015 877 1086 optimisque
902 1013 1012 1067 sint
1053 1012 1315 1079 moribus,
1346 1022 1494 1066 certe
1537 1010 1589 1064 hi
1640 1010 1946 1079 paucissimi
1996 1020 2145 1077 sunt,

552 1125 652 1165 nec
696 1124 861 1180 parvo
905 1123 1119 1173 eorum,
1157 1120 1294 1178 quos
1321 1105 1594 1161 Arnobius
1619 1104 1891 1175 proponit,
1923 1119 2148 1159 numero

552 1203 924 1259 :estimandum
954 1212 1036 1257 est
1083 1210 1253 1256 totum
1284 1213 1455 1270 genus
1486 1200 1798 1253 humanum.
1846 1197 2147 1268 Ecquinam

549 1313 700 1362 vero,
756 1297 931 1367 pergit
972 1295 1083 1360 ille,
1116 1292 1337 1365 perfecti
1379 1301 1505 1347 sunt
1550 1290 1836 1346 homines?
1882 1289 2147 1361 Numquid

552 1389 889 1461 philosophi!
922 1388 1082 1458 Atqui
1126 1388 1177 1441 lti
1210 1385 1461 1458 quotidie
1500 1401 1624 1439 cum
1664 1383 2047 1453 cupiditatibus
2093 1393 2150 1441 et

549 1483 713 1537 variis
740 1483 901 1536 animi
951 1481 1228 1537 alieCIibus
1259 1490 1578 1551 pugnantes,
1608 1478 1842 1532 animam
1884 1491 2036 1531 suam
2079 1476 2147 1533 ad

550 1576 678 1631 vitia
702 1575 1019 1645 proclivem,
1049 1583 1104 1629 et
1145 1571 1413 1628 inﬁrmam
1454 1585 1577 1626 esse
1603 1570 1997 1627 demonstrant.
2030 1568 2146 1625 Non

548 1684 679 1741 ergo
703 1670 878 1724 divina
903 1678 984 1722 est
1011 1668 1225 1723 illorum
1256 1682 1355 1721 nec
1376 1665 1605 1720 aliorum
1635 1666 1834 1719 anima.

2249 547 2396 614 luna,
2428 560 2492 603 ac
2522 547 2693 603 stellis
2717 562 2733 612 ;
2762 547 2830 603 de
2850 547 3050 619 pluvia,
3076 558 3259 615 vento,
3284 555 3667 619 tempestatum
3691 547 3865 603 vicis-

2252 639 2509 704 situdine,
2557 640 2626 695 de
2650 640 2794 694 salso
2823 641 2960 695 mari
2986 658 3001 705 ;
3029 640 3096 695 de
3123 638 3447 711 quibusdam
3490 640 3653 696 terris
3682 638 3866 695 dulci-

2251 730 2372 798 bus,
2404 732 2626 797 amaris,
2655 731 2886 803 frigidis,
2912 746 2976 787 ac
3003 732 3072 789 de
3095 736 3450 788 humanorum
3479 732 3859 789 membrorum

2252 824 2669 894 compoaitione.
2711 822 2900 895 Neque
2946 826 3117 896 magis
3161 833 3359 880 norunt
3387 824 3513 896 quid
3554 825 3610 880 in
3649 824 3861 881 mundo

2252 915 2452 970 faciant
2477 915 2742 982 bubones,
2773 915 3084 982 imtnissnli,
3110 916 3370 981 formicas,
3395 930 3609 987 vepres,
3638 916 3858 983 lolium,

2252 1008 2463 1078 aliaque
2492 1010 2575 1063 his
2602 1010 2831 1073 similia;
2862 1025 2962 1064 cur
2990 1009 3082 1064 tali
3113 1025 3214 1065 nec
3253 1010 3358 1063 alia
3389 1010 3555 1080 ﬁgura
3586 1010 3860 1077 triticum,

2254 1100 2357 1165 far,
2386 1101 2677 1166 hordeum,
2705 1111 3014 1173 cteteraque
3031 1100 3154 1157 usui
3178 1101 3411 1157 humano
3429 1112 3574 1173 apta.
3600 1117 3708 1158 nec
3726 1102 3862 1174 quid

2253 1194 2469 1250 tandem
2497 1195 2605 1250 sint
2631 1196 2787 1262 odor,
2822 1209 3005 1267 sapor,
3035 1204 3197 1265 atque
3216 1196 3339 1251 aliae
3360 1196 3694 1266 ejnscemodi
3723 1212 3865 1267 qua-

2251 1289 2449 1344 litates.
2485 1288 2651 1346 Recte
2697 1290 2880 1360 itaque
2919 1290 3187 1354 Christus,
3220 1304 3381 1346 verus
3415 1291 3586 1359 Deus,
3619 1291 3726 1347 sub
3758 1291 3867 1347 ho-

2251 1383 2415 1437 minis
2435 1383 2607 1438 forma
2636 1383 2869 1449 locutus,
2890 1383 3045 1454 jubet
3065 1398 3163 1440 nos
3184 1384 3386 1439 relictis
3413 1384 3564 1440 hisce
3578 1386 3865 1451 omnibus,

2250 1474 2627 1547 similibusque
2670 1476 2791 1530 aliis
2822 1476 3234 1547 qumstionibus.
3262 1477 3329 1532 ad
3360 1492 3543 1533 rerum
3569 1477 3867 1534 universa-

2253 1582 2372 1622 rum
2400 1567 2679 1623 dominum
2711 1577 2822 1623 tota
2856 1578 3038 1624 mente
3082 1568 3299 1631 adtolli.
3333 1578 3497 1638 atque
3539 1578 3865 1640 perpetuam

2253 1661 2426 1731 ipsius
2453 1661 2655 1717 habere
2703 1662 3047 1724 memoriam.
3082 1663 3173 1733 qui
3204 1664 3419 1719 tametsi
3468 1665 3869 1736 comprehendi

621 1760 731 1817 Nec
766 1771 850 1816 est
873 1759 1015 1831 quod
1040 1758 1253 1813 rideant
1272 1758 1497 1823 ethnici,
1530 1757 1575 1811 si
1601 1756 2152 1841 negetnusnobisin-
2182 1776 2229 1836 Β
2255 1765 2513 1825 nequeat,
2541 1756 2725 1811 nullus
2752 1767 2931 1811 tamen
2961 1756 3064 1811 nisi
3093 1770 3303 1822 amens,
3335 1756 3485 1811 illum
3513 1758 3691 1812 solum
3731 1771 3865 1813 esse

550 1863 1025 1925 comperttnnesse
1043 1852 1314 1924 quomodo
1333 1851 1423 1907 illa
1439 1861 1619 1907 creata
1633 1852 1723 1906 sit.
1743 1850 1934 1905 Nullus
1952 1851 2155 1906 etenim
2263 1849 2430 1905 Deum
2461 1849 2705 1921 ambigit.
2740 1850 2999 1907 Ethnicos
3029 1850 3212 1921 igitur,
3242 1850 3331 1921 qui
3362 1848 3637 1907 eum'non
3666 1865 3870 1922 agnos.

551 1948 802 2004 irrisione
831 1941 1024 2019 dignus
1045 1958 1149 2014 est,
1177 1948 1267 2018 qui
1312 1946 1511 2018 aliquid
1542 1946 1736 2011 nescit,
1761 1954 1853 2000 aut
1882 1946 1971 2016 qui
2010 1945 2155 2016 quod

552 2053 747 2106 nesctt,
773 2041 826 2096 id
849 2057 908 2097 se
929 2043 1140 2097 nescire
1163 2041 1473 2097 conﬁtetur.
1504 2041 1570 2094 At
1587 2040 1678 2094 ille
1697 2046 1889 2095 merito
1919 2040 2153 2096 irriden-

552 2136 675 2199 dus,
693 2136 781 2206 qui
810 2150 869 2190 se
892 2136 1030 2189 scire
1046 2145 1192 2204 putat
1211 2133 1654 2205 quodobscurum
1673 2142 1778 2197 est,
1794 2142 1844 2187 et
1862 2132 2152 2188 humanam

551 2239 769 2300 superat
795 2229 1182 2299 cognitionem.
1231 2228 1503 2283 Praeterea
1550 2228 1640 2297 qui
1688 2227 1895 2281 animas
1922 2227 1989 2280 ab
2036 2226 2154 2297 ipso

550 2336 764 2376 summo
801 2319 949 2391 Rege
986 2322 1040 2375 itt
1072 2319 1304 2375 hominis
1354 2332 1549 2389 corpus
1591 2317 1922 2373 descendere
1951 2318 2156 2387 opina—

551 2415 767 2481 bantur,
805 2414 935 2468 nihil
968 2413 1315 2485 prol'erebant
1340 2414 1472 2468 certi
1500 2421 1555 2468 et
1578 2412 1865 2482 explorati,
1898 2410 1992 2467 sed
2033 2425 2153 2466 sus-

553 2508 795 2578 piciones
827 2515 1030 2563 tantum
1060 2521 1122 2562 ac
1147 2506 1500 2577 conjecturas,
1531 2521 1650 2577 qum
1679 2504 1807 2559 nihil
1836 2503 1979 2559 aliud
2005 2512 2149 2569 sunt,

559 2604 664 2659 nisi
697 2606 899 2658 incerta
926 2602 1126 2670 opinio,
1162 2611 1214 2656 et
1239 2602 1315 2656 rei
1349 2602 1516 2672 ipsius
1544 2599 1867 2667 ignorantia.

626 2693 839 2751 Adhzec
860 2709 1010 2761 vero,
1034 2693 1491 2765 ipsimetgentiles
1514 2692 1816 2762 philosophi
1842 2691 2153 2747 nesciebant

551 2787 697 2842 unde
717 2787 971 2856 qualesve
1002 2787 1110 2841 sint
1129 2787 1561 2856 elephantorum,
1580 2800 1884 2853 cervorum,
1908 2786 2147 2853 leonum,

548 2880 889 2949 aliorumque
922 2877 1259 2944 animalium,
1292 2879 1457 2931 immo
1499 2891 1633 2932 vero
1663 2892 1765 2932 nec
1797 2878 2148 2942 locustarum,

554 2975 810 3034 murium.
844 2973 1101 3035 soricum,
1126 2980 1180 3026 et
1199 2972 1425 3026 aliarum
1449 2970 1781 3038 ejuscemodi
1804 2962 2149 3026 bestiolarum

553 3069 779 3133 animat;
811 3082 942 3138 quas
972 3066 1187 3137 quidem
1214 3082 1280 3121 ex
1305 3066 1493 3122 ﬁctitio
1516 3065 1751 3121 Platonis
1776 3076 1987 3120 cratere
2007 3072 2155 3120 ortas

2258 1952 2403 2010 cunt,
2437 1954 2656 2001 manent
2680 1947 2808 2001 saevi
2838 1954 2958 2016 post
2982 1954 3210 2000 mortem
3232 1945 3521 2011 cruciatus,
3548 1956 3847 2017 quantum-

2259 2035 2343 2090 vis
2370 2034 2531 2107 Magi,
2566 2036 2801 2104 Etrusci,
2834 2037 2915 2093 vel
2948 2038 3065 2104 alii,
3099 2038 3224 2102 illis,
3257 2038 3301 2093 si
3332 2039 3417 2107 pie
3446 2040 3716 2100 vixerint.
3748 2055 3871 2097 cm-

2262 2129 2374 2184 lum
2422 2140 2547 2201 post
2592 2141 2825 2186 mortem
2876 2139 3066 2202 patere
3096 2129 3421 2201 spondeam.
3462 2131 3519 2186 In
3545 2132 3690 2187 illius
3718 2134 3868 2188 enim

2257 2225 2430 2281 solius
2462 2226 2593 2293 Dei,
2627 2227 2852 2282 minime
2881 2242 3012 2282 vero
3041 2227 3298 2295 aliorum,
3349 2228 3747 2297 quantumlibet
3794 2231 3871 2286 dii

2257 2317 2525 2381 dicantur.
2558 2329 2826 2391 potestate
2870 2321 3103 2392 positum
3131 2330 3215 2377 est
3250 2320 3506 2376 conferre
3547 2321 3868 2377 immortali~

2257 2420 2444 2469 tatem.
2471 2411 2734 2481 Quocirca
2772 2412 3021 2470 Christus
3062 2415 3132 2469 ab
3175 2413 3270 2468 illo
3300 2415 3498 2469 missus
3525 2424 3628 2481 est,
3678 2423 3739 2471 ut
3765 2431 3874 2472 nos

2253 2507 2322 2560 ab
2352 2507 2590 2571 interitu,
2636 2517 2799 2577 atque
2823 2508 2990 2563 exitio
3024 2508 3308 2564 liberaret.

2330 2597 2467 2667 Quid
2494 2613 2643 2668 ergo,
2673 2601 2969 2670 arguebant
2999 2600 3226 2663 ethnici,
3258 2609 3436 2655 actum
3463 2611 3548 2656 eSt
3576 2601 3647 2657 de
3671 2616 3871 2658 eorum

2255 2691 2559 2754 animabus,
2593 2692 2683 2761 qui
2731 2702 2857 2747 ante
2903 2691 3107 2747 Chriin
3134 2692 3424 2748 adventum
3469 2695 3670 2749 mortui
3702 2698 3877 2750 sunt?

2252 2783 2498 2840 Christus
2524 2785 2673 2855 ipse,
2709 2785 2882 2856 inquit
2912 2786 3193 2841 Arnobius
3217 2829 3232 2851 ,
3262 2800 3364 2841 nos
3392 2786 3576 2842 docuit
3611 2802 3708 2843 eas
3736 2804 3875 2845 con-

2257 2880 2491 2934 venienti
2523 2889 2767 2949 tempore
2807 2897 2837 2935 a
2880 2895 2937 2936 se
2970 2878 3144 2935 fuisse
3171 2889 3549 2944 conservatas,
3581 2897 3646 2937 ac
3676 2882 3877 2939 libera-

2258 2983 2360 3039 tas,
2389 2973 2844 3043 quemadmodum
2870 2972 2937 3030 ab
2962 2974 3079 3040 ipso
3106 2974 3224 3030 solo
3248 2974 3539 3030 didicimus
3564 2976 3787 3047 quando
3816 2980 3872 3033 in

2265 3070 2425 3125 terris
2452 3086 2572 3126 esse
2592 3071 2825 3140 cmperit
2851 3069 3146 3124 humanum
3170 3083 3361 3138 genus,
3394 3069 3610 3139 quando
3638 3071 3871 3142 primum

553 3156 2232 3253 nemodtxerit.NectnagisinterphilosophosconstataquoC
2265 3162 2501 3233 alligata:
2559 3162 2669 3217 sint
2723 3161 3042 3233 corporibus
3086 3162 3311 3227 animae,
3363 3171 3416 3216 et
3464 3161 3587 3233 quis
3636 3163 3875 3220 hominis

550 3264 608 3308 et
634 3266 699 3307 ex
736 3252 930 3323 quibus
961 3250 1149 3322 primis
1182 3251 1517 3319 potissimum
1551 3249 1709 3304 rebus
1737 3251 1929 3303 anima:
1960 3257 2162 3305 nostrae

550 3346 707 3403 facta:
724 3348 933 3402 sint.At
946 3346 990 3399 si
1016 3345 1100 3415 pic
1120 3354 1175 3399 et
1194 3353 1419 3399 sanctea
1439 3343 1661 3399 Platone
1678 3343 1951 3399 adsertum
1974 3354 2162 3413 putant

554 3440 699 3506 illas,
748 3456 853 3495 non
899 3438 1118 3510 quidem
1150 3452 1179 3489 a
1213 3436 1324 3491 Deo
1365 3451 1600 3501 summo,
1635 3436 1730 3490 sed
1762 3435 1831 3489 ah
1860 3437 2159 3493 minoribus

553 3534 875 3606 quibusdam
900 3529 1255 3601 potestatibus
1280 3539 1514 3595 creatas,
1540 3544 1635 3585 cur
1660 3531 1816 3585 nobis
1843 3548 1947 3586 non
1977 3532 2158 3589 licebit

550 3625 713 3694 longe
755 3625 958 3679 certius
1000 3623 1259 3677 adserere
1300 3622 1448 3691 ipsas
1479 3621 1670 3676 mediae
1701 3622 1987 3692 qualitatis,
2033 3640 2155 3695 qua:

555 3717 769 3787 quidem
817 3716 942 3771 licet
971 3732 999 3769 a
1031 3713 1415 3784 principalibus
1442 3714 1794 3783 potestatibus
1838 3731 1942 3770 non
1971 3715 2151 3785 editae,

556 3810 852 3881 mortisque
881 3810 1087 3881 legibus
1112 3810 1361 3866 obnoxia:
1389 3810 1522 3875 sint,
1547 3809 1947 3868 immortalitate
1972 3821 2149 3870 tamen

555 3920 585 3959 a
617 3905 727 3959 Deo
754 3904 1021 3959 donantur
1046 3903 1071 3957 ?

626 3998 812 4069 Neque
836 3997 1035 4053 dixeris
1057 3996 1190 4053 nihil
1210 3996 1422 4066 penitus
1446 3997 1564 4054 sine
1598 3997 1689 4053 Dei
1711 4000 1985 4055 voluntate
2015 3999 2152 4055 ﬁeri.

558 4090 703 4147 Cave
738 4093 881 4145 enim
918 4105 984 4145 ne
1011 4090 1135 4144 inde
1164 4089 1518 4145 concludatur
1549 4091 1716 4145 Deum
1763 4100 1843 4145 tot
1871 4107 1934 4147 ac
1973 4101 2151 4148 tanto-

556 4200 702 4252 rum,
732 4183 930 4256 quibus
961 4182 1207 4238 homines
1233 4185 1555 4249 obruuntur,
1578 4199 1805 4255 qua-que
1830 4200 1895 4240 ex
1920 4186 2158 4243 elemen-

555 4287 735 4333 torum
786 4277 1153 4348 inaequalitate
1182 4277 1311 4332 oriri
1344 4291 1449 4331 non
1479 4287 1712 4343 constat,
1748 4280 2010 4334 malorum
2042 4295 2163 4336 esse

555 4381 855 4427 auctorem.
879 4370 990 4425 Nec
1006 4370 1273 4425 curiosius
1291 4372 1454 4425 etiam
1483 4370 1725 4439 inquiras
1749 4369 1890 4425 unde
1912 4370 1998 4425 illa
2022 4372 2163 4427 mala

556 4468 823 4531 oriantur,
869 4473 923 4519 et
965 4479 1063 4520 cur
1091 4479 1152 4520 ea
1183 4465 1326 4519 Dens
1355 4466 1655 4535 permittat.
1697 4463 1831 4519 Nam
1875 4463 1977 4518 hoc
2017 4465 2156 4521 scire

554 4563 639 4617 vel
684 4557 894 4615 nescire
941 4573 1128 4630 parum
1177 4559 1433 4623 interest,
1468 4556 1631 4611 modo
1664 4572 1762 4627 pro
1801 4565 1952 4612 certo
1997 4558 2156 4628 plane

558 4653 856 4710 habeamus
887 4651 1015 4705 nihil
1050 4666 1079 4705 a
1107 4665 1237 4705 vero
1266 4650 1375 4704 Deo
1404 4648 1521 4704 ﬁeri
1550 4647 1771 4715 malum,
1802 4648 2072 4713 vitiosum,
2104 4659 2159 4704 et

559 4747 806 4811 noxium,
837 4742 1093 4814 quodque
1130 4741 1381 4796 omnibus
1413 4754 1520 4794 non
1546 4739 1616 4793 sit
1644 4739 1899 4807 salutare,
1929 4749 1984 4795 et
2010 4757 2159 4795 amo-

559 4821 637 4894 ris
666 4852 729 4891 ac
756 4835 957 4891 ιωῑὶιῑω
989 4836 1383 4901 plenissimum.
1433 4829 1576 4886 Nulli
1612 4840 1793 4886 autem
1826 4833 1958 4887 mira
1987 4832 2156 4889 videri

559 4931 725 4988 debet
757 4941 939 4983 nostra
968 4929 1035 4984 de
1083 4939 1162 4982 t0t
1190 4926 1313 4981 aliis
1341 4923 1500 4980 rebus
1533 4924 1820 4994 ignoratio.
1849 4925 1980 4993 Quis
2010 4926 2155 4982 enim

561 5028 738 5084 nescit
768 5034 942 5080 tantas
979 5037 1100 5079 esse
1120 5022 1361 5076 omnium
1389 5032 1453 5075 ac
1482 5022 1776 5091 praesertim
1807 5020 2157 5092 philosopho-

560 5137 703 5184 rum,
738 5120 806 5174 de
836 5135 893 5173 re
925 5116 1202 5187 qualibet,
1235 5113 1304 5169 de
1334 5113 1518 5169 mundi
1547 5122 1669 5169 ortu
1711 5123 1765 5171 et
1804 5116 2061 5183 interitu,
2090 5115 2158 5171 de

560 5214 753 5287 primis
783 5227 965 5268 rerum
998 5208 1307 5280 primordiis
1328 5250 1344 5275 ,
1377 5208 1446 5263 de
1471 5208 1607 5273 diis,
1643 5206 1712 5264 de
1740 5210 1935 5265 aninne
1960 5220 2158 5266 nostra:

559 5308 893 5371 conditione,
929 5304 1329 5366 contentiones,
1354 5312 1413 5356 ut
1431 5303 1564 5357 nihil
1586 5319 1616 5357 a
1644 5318 1912 5375 quoquam
1939 5304 2159 5359 adsera-

558 5412 665 5465 tur,
700 5400 842 5474 quod
872 5398 942 5452 ab
972 5394 1079 5451 alio
1109 5396 1291 5451 statim
1323 5410 1429 5451 non
1470 5396 1638 5467 possit
1669 5396 1872 5457 dcsmti
1904 5411 1969 5453 ac
2021 5412 2156 5453 con-

558 5492 767 5550 mmﬁ?

637 5586 896 5657 Quamvis
926 5599 1057 5657 ergo
1086 5583 1367 5641 christiani
1393 5584 1702 5655 ignorarent
1725 5596 1755 5637 a
1783 5598 1911 5655 quo.
1935 5591 1991 5638 et
2018 5581 2161 5639 unde

566 5689 750 5737 creata
781 5679 851 5733 sit
883 5686 1065 5734 nostra
1095 5677 1293 5742 anima,
1318 5675 1465 5732 unde
1482 5676 1691 5731 oriatur
1709 5674 1931 5740 malum,
1958 5675 2040 5727 vel
2062 5688 2162 5730 cur

566 5776 710 5830 Dens
739 5771 871 5828 illud
904 5772 1156 5842 patiatur,
1190 5770 1319 5825 nihil
1353 5771 1477 5825 inde
1506 5767 1764 5825 adversus
1793 5768 1912 5824 illos
1946 5763 2162 5825 efficere

563 5875 815 5940 poterant
861 5863 1132 5933 gentiles,
1183 5862 1381 5932 quibus
1428 5862 1586 5931 longe
1628 5859 1784 5931 plura
1824 5861 2161 5931 incomperta

2265 3266 2497 3311 creator.

2333 3347 2613 3418 Urgebant
2642 3345 2867 3413 ethnici,
2916 3342 3017 3402 cur'
3056 3359 3187 3416 ergo
3212 3360 3407 3402 omnes
3437 3346 3649 3402 animas
3679 3350 3873 3418 mquali

2262 3439 2618 3496 beneﬁcentia
2644 3455 2750 3494 non
2773 3440 2996 3494 liberat?
3013 3439 3235 3503 Omnes,
3259 3439 3553 3510 respondet
3574 3442 3867 3509 Arnobius,

2257 3532 2538 3604 aequaliter
2564 3540 2756 3599 vocat,
2790 3542 2845 3588 et
2879 3532 2945 3587 ad
2974 3547 3035 3587 se
3061 3532 3313 3589 veniendi
3348 3543 3676 3603 potestatem
3718 3537 3866 3593 fecit.

2266 3626 2457 3681 Nostra
2486 3627 2650 3697 igitur
2677 3643 2784 3681 non
2819 3626 2917 3682 Dei
2944 3627 3102 3698 culpa
3142 3638 3259 3693 est,
3287 3627 3332 3681 si
3366 3628 3513 3683 illius
3540 3629 3870 3687 beneﬁcium

2258 3736 2372 3775 non
2400 3719 2781 3791 adsequamur.
2814 3718 2967 3789 Quod
2997 3719 3216 3791 quidem
3262 3721 3507 3775 Platonis
3545 3724 3872 3782 auctoritate

2258 3814 2562 3880 continuat,
2589 3815 2846 3887 additque
2880 3816 3071 3882 Deum,
3102 3817 3188 3872 cui
3216 3817 3363 3873 salus
3394 3826 3575 3874 nostra
3610 3835 3866 3877 necessa-

2260 3910 2338 3964 ria
2370 3923 2476 3965 non
2506 3918 2612 3977 est,
2646 3909 2777 3965 nulli
2806 3908 3022 3965 adferre
3053 3911 3450 3966 necessitatem.

2332 4000 2636 4068 lnstabant,
2678 4002 2723 4056 si
2759 4002 2899 4057 Dens
2927 4011 3120 4071 potens
3158 4016 3222 4057 ac
3251 4003 3561 4059 misericors
3602 4015 3722 4069 est,
3766 4023 3868 4062 cur

2256 4109 2365 4151 non
2392 4094 2537 4163 facit,
2565 4104 2622 4150 ut
2651 4096 2800 4151 inviti
2826 4094 3073 4152 homines
3096 4096 3266 4166 ipsius
3291 4096 3516 4152 credant
3542 4100 3873 4166 promissis?

2265 4187 2362 4244 Vis
2385 4188 2497 4255 illa,
2529 4187 2604 4243 ait
2628 4188 2920 4251 Arnobius,
2955 4201 3060 4242 non
3084 4189 3275 4258 gratia,
3299 4189 3392 4245 sed
3417 4190 3675 4260 injustitia
3702 4203 3868 4255 esset,

2266 4295 2369 4351 qua
2416 4279 2484 4335 ab
2532 4280 2718 4335 invitis
2756 4289 3188 4348 extorqueretur,
3235 4281 3379 4352 quod
3410 4282 3587 4337 nolint
3626 4298 3691 4339 ac
3723 4283 3872 4340 refu-

2266 4372 2432 4442 giant,
2462 4372 2715 4442 quodque
2746 4373 2790 4426 si
2822 4371 3016 4436 velint,
3050 4372 3261 4442 possint
3288 4375 3571 4444 consequi.

2339 4463 2500 4520 Solus
2549 4465 2711 4535 igitur
2752 4464 3105 4532 christianus,
3155 4468 3375 4522 aiebant
3413 4469 3639 4538 ethnici,
3665 4468 3868 4527 Christi

2265 4572 2368 4628 ope
2394 4566 2447 4612 et
2470 4558 2676 4613 auxilio
2703 4557 2915 4613 beatam
2948 4559 3408 4616 immortalitatem
3437 4561 3738 4633 impetrare
3767 4581 3867 4633 po-

2263 4657 2385 4704 test.
2415 4648 2587 4705 Recte
2609 4692 2624 4714 ,
2678 4649 2853 4720 inquit
2883 4651 3179 4707 Arnobius.
3211 4652 3325 4707 Soli
3354 4655 3555 4725 quippe
3585 4655 3660 4711 illi
3693 4657 3809 4713 hare
3835 4674 3864 4712 a

2261 4739 2375 4796 Deo
2403 4752 2554 4810 patre
2587 4740 3191 4813 facultas;conceditur.
3227 4743 3339 4799 Nec
3367 4745 3417 4799 id
3460 4760 3593 4803 sane
3634 4747 3867 4805 ethnicis

2259 4835 2496 4892 debebat
2517 4836 2714 4892 mirum
2738 4837 2931 4902 videri,
2958 4837 3047 4909 qui
3071 4839 3297 4909 singulis
3313 4839 3416 4894 diis
3436 4841 3548 4896 suis
3564 4843 3866 4915 singulares

2258 4932 2519 5005 quasdam
2550 4941 2854 5003 potestates
2882 4932 3036 4988 datas
3065 4933 3451 5004 opinabantur.

2330 5027 2412 5083 Ad
2447 5035 2681 5083 veterem
2708 5025 2937 5093 deinde,
2972 5041 3036 5081 ac
3065 5027 3264 5098 saepius
3301 5028 3637 5096 refricatam,
3668 5032 3865 5087 transit

2260 5121 2531 5178 Arnobius
2552 5120 2830 5189 gentilium
2858 5120 3274 5192 querimoniam,
3309 5136 3414 5193 qua
3440 5123 3713 5179 novellam
3741 5140 3862 5181 esse

2260 5212 2686 5268 christianorum
2718 5212 3058 5283 religionem,
3098 5221 3261 5282 atque
3287 5214 3536 5284 antiquos
3576 5224 3632 5270 et
3659 5217 3862 5287 patrios

2260 5306 2398 5361 ritus
2442 5304 2496 5359 in
2527 5304 2790 5359 harharos
2821 5306 3249 5375 peregrinosque
3287 5305 3577 5361 mutandos
3604 5323 3715 5362 non
3739 5323 3859 5365 esse

2263 5396 2704 5465 expostulabant.
2725 5396 2904 5452 Variis
2923 5408 3103 5452 autem
3123 5396 3422 5453 rationibus
3441 5399 3677 5455 ostendit
3694 5400 3860 5458 homi-

2262 5486 2431 5544 nibus
2450 5504 2546 5543 ttsu
2575 5503 2795 5560 semper
2820 5489 3036 5545 venisse
3054 5533 3069 5556 ,
3112 5498 3172 5544 ut
3201 5488 3402 5545 salubri
3434 5494 3857 5549 commutatione.

2265 5584 2424 5640 malis
2449 5593 2503 5639 et
2524 5583 2806 5640 inutilibus
2827 5584 2965 5639 bona
2989 5593 3043 5639 et
3067 5585 3214 5639 utilia
3241 5594 3637 5656 praeponerent.
3661 5587 3858 5656 Quam-

2265 5677 2453 5732 obrem
2487 5692 2594 5732 non
2632 5678 2747 5749 ipsa
2778 5677 2857 5733 rei
2886 5677 3115 5748 alicujus
3145 5678 3504 5748 permutatio,
3554 5678 3653 5735 sed
3682 5691 3858 5737 muta-

2265 5769 2429 5825 tionis
2460 5785 2621 5826 causa
2646 5784 2863 5841 semper
2908 5770 3228 5841 inquirenda
3275 5779 3380 5826 est.
3416 5770 3621 5828 Deinde
3646 5789 3781 5831 vero
3815 5778 3860 5832 si

2262 5869 2446 5920 vetem
2478 5863 2721 5919 instituta
2764 5871 2976 5920 mutare
3021 5862 3233 5919 crimini
3263 5871 3526 5934 vertatur,
3558 5864 3721 5935 hujus
3751 5868 3860 5924 cri-
