  <div class='ocr_page' id='page_1' title='image "/cluster/home/n/w/nwhite01/storage/ocr_20150623/5/umn.31951002477299b/198.png"; bbox 0 0 4030 6290; ppageno 0'>
   <div class='ocr_carea' id='block_1_1' title="bbox 252 346 355 401">
    <p class='ocr_par' dir='ltr' id='par_1_1' title="bbox 252 346 355 401">
     <span class='ocr_line' id='line_1_1' title="bbox 252 346 355 401; baseline 0 -1"><span class='ocrx_word' id='word_1_1' title='bbox 252 346 355 401; x_wconf 76' lang='grc'><strong>577</strong></span> 
     </span>
    </p>
   </div>
   <div class='ocr_carea' id='block_1_2' title="bbox 1495 345 2257 411">
    <p class='ocr_par' dir='ltr' id='par_1_2' title="bbox 1495 345 2257 411">
     <span class='ocr_line' id='line_1_2' title="bbox 1495 345 2257 411; baseline 0.004 -11"><span class='ocrx_word' id='word_1_2' title='bbox 1495 347 1562 402; x_wconf 79' lang='grc' dir='ltr'><strong>ΙΝ</strong></span> <span class='ocrx_word' id='word_1_3' title='bbox 1603 345 1974 411; x_wconf 71' lang='lat' dir='ltr'><strong>ARNOBIUM.</strong></span> <span class='ocrx_word' id='word_1_4' title='bbox 2018 347 2179 404; x_wconf 87' lang='lat' dir='ltr'><strong>CAP.</strong></span> <span class='ocrx_word' id='word_1_5' title='bbox 2219 348 2257 403; x_wconf 91' lang='grc' dir='ltr'><strong>Ι.</strong></span> 
     </span>
    </p>
   </div>
   <div class='ocr_carea' id='block_1_3' title="bbox 3429 348 3538 405">
    <p class='ocr_par' dir='ltr' id='par_1_3' title="bbox 3429 348 3538 405">
     <span class='ocr_line' id='line_1_3' title="bbox 3429 348 3538 405; baseline -0.018 0"><span class='ocrx_word' id='word_1_6' title='bbox 3429 348 3538 405; x_wconf 74' lang='lat'><strong>378</strong></span> 
     </span>
    </p>
   </div>
   <div class='ocr_carea' id='block_1_4' title="bbox 250 461 3533 537">
    <p class='ocr_par' dir='ltr' id='par_1_4' title="bbox 250 461 3533 537">
     <span class='ocr_line' id='line_1_4' title="bbox 250 461 3533 537; baseline 0.001 -19"><span class='ocrx_word' id='word_1_7' title='bbox 250 462 413 520; x_wconf 81' lang='lat' dir='ltr'><strong>minis</strong></span> <span class='ocrx_word' id='word_1_8' title='bbox 454 479 580 523; x_wconf 90' lang='lat' dir='ltr'><strong>reos</strong></span> <span class='ocrx_word' id='word_1_9' title='bbox 624 478 748 521; x_wconf 86' lang='lat' dir='ltr'><strong>esse</strong></span> <span class='ocrx_word' id='word_1_10' title='bbox 789 464 1021 535; x_wconf 87' lang='lat' dir='ltr'><strong>gentiles</strong></span> <span class='ocrx_word' id='word_1_11' title='bbox 1058 464 1332 521; x_wconf 73' lang='lat' dir='ltr'><strong>convincit</strong></span> <span class='ocrx_word' id='word_1_12' title='bbox 1372 465 1646 531; x_wconf 90' lang='lat' dir='ltr'><strong>Arnobius</strong></span> <span class='ocrx_word' id='word_1_13' title='bbox 1676 465 1834 534; x_wconf 83' lang='lat' dir='ltr'><strong>longa</strong></span> <span class='ocrx_word' id='word_1_14' title='bbox 1863 467 1915 525; x_wconf 87' lang='grc' dir='ltr'><strong>Λ</strong></span> <span class='ocrx_word' id='word_1_15' title='bbox 1940 461 2253 520; x_wconf 75' lang='lat' dir='ltr'><strong>satisfacere</strong></span> <span class='ocrx_word' id='word_1_16' title='bbox 2280 461 2534 531; x_wconf 93' lang='lat' dir='ltr'><strong>ethnicis,</strong></span> <span class='ocrx_word' id='word_1_17' title='bbox 2559 477 2775 536; x_wconf 85' lang='lat' dir='ltr'><strong>semper</strong></span> <span class='ocrx_word' id='word_1_18' title='bbox 2794 467 3104 537; x_wconf 77' lang='lat' dir='ltr'><strong>rogantibus</strong></span> <span class='ocrx_word' id='word_1_19' title='bbox 3128 482 3226 525; x_wconf 90' lang='lat' dir='ltr'><strong>cur</strong></span> <span class='ocrx_word' id='word_1_20' title='bbox 3253 461 3533 524; x_wconf 85' lang='lat' dir='ltr'><strong>christiani</strong></span> 
     </span>
    </p>
   </div>
   <div class='ocr_carea' id='block_1_5' title="bbox 250 556 1839 630">
    <p class='ocr_par' dir='ltr' id='par_1_5' title="bbox 250 556 1839 630">
     <span class='ocr_line' id='line_1_5' title="bbox 250 556 1839 630; baseline -0.003 -15"><span class='ocrx_word' id='word_1_21' title='bbox 250 560 529 625; x_wconf 88' lang='lat' dir='ltr'><strong>ciborum,</strong></span> <span class='ocrx_word' id='word_1_22' title='bbox 564 574 807 627; x_wconf 89' lang='lat' dir='ltr'><strong>morum,</strong></span> <span class='ocrx_word' id='word_1_23' title='bbox 839 559 1053 630; x_wconf 90' lang='lat' dir='ltr'><strong>legum,</strong></span> <span class='ocrx_word' id='word_1_24' title='bbox 1103 574 1486 629; x_wconf 88' lang='lat' dir='ltr'><strong>sacrorumque</strong></span> <span class='ocrx_word' id='word_1_25' title='bbox 1531 559 1729 614; x_wconf 83' lang='lat' dir='ltr'><strong>rituum</strong></span> <span class='ocrx_word' id='word_1_26' title='bbox 1772 556 1839 611; x_wconf 85' lang='lat' dir='ltr'><strong>ah</strong></span> 
     </span>
    </p>
   </div>
   <div class='ocr_carea' id='block_1_6' title="bbox 251 652 1194 724">
    <p class='ocr_par' dir='ltr' id='par_1_6' title="bbox 251 652 1194 724">
     <span class='ocr_line' id='line_1_6' title="bbox 251 652 1194 724; baseline 0.002 -17"><span class='ocrx_word' id='word_1_27' title='bbox 251 652 384 724; x_wconf 80' lang='lat' dir='ltr'><strong>ipsis</strong></span> <span class='ocrx_word' id='word_1_28' title='bbox 415 663 739 709; x_wconf 81' lang='lat' dir='ltr'><strong>mutaturum</strong></span> <span class='ocrx_word' id='word_1_29' title='bbox 763 653 1194 709; x_wconf 84' lang='lat' dir='ltr'><strong>enumeratione.</strong></span> 
     </span>
    </p>
   </div>
   <div class='ocr_carea' id='block_1_7' title="bbox 323 745 1837 818">
    <p class='ocr_par' dir='ltr' id='par_1_7' title="bbox 323 745 1837 818">
     <span class='ocr_line' id='line_1_7' title="bbox 323 745 1837 818; baseline -0.001 -17"><span class='ocrx_word' id='word_1_30' title='bbox 323 745 591 801; x_wconf 69' lang='lat' dir='ltr'><strong>Praeterea</strong></span> <span class='ocrx_word' id='word_1_31' title='bbox 639 748 852 802; x_wconf 75' lang='lat' dir='ltr'><strong>tametsi</strong></span> <span class='ocrx_word' id='word_1_32' title='bbox 900 745 1191 803; x_wconf 89' lang='lat' dir='ltr'><strong>christiana</strong></span> <span class='ocrx_word' id='word_1_33' title='bbox 1236 746 1425 818; x_wconf 79' lang='lat' dir='ltr'><strong>religio</strong></span> <span class='ocrx_word' id='word_1_34' title='bbox 1468 756 1592 802; x_wconf 90' lang='lat' dir='ltr'><strong>ante</strong></span> <span class='ocrx_word' id='word_1_35' title='bbox 1638 759 1837 816; x_wconf 90' lang='lat' dir='ltr'><strong>paucos</strong></span> 
     </span>
    </p>
   </div>
   <div class='ocr_carea' id='block_1_8' title="bbox 248 836 1834 906">
    <p class='ocr_par' dir='ltr' id='par_1_8' title="bbox 248 836 1834 906">
     <span class='ocr_line' id='line_1_8' title="bbox 248 836 1834 906; baseline 0.002 -14"><span class='ocrx_word' id='word_1_36' title='bbox 248 836 370 893; x_wconf 87' lang='lat' dir='ltr'><strong>dies</strong></span> <span class='ocrx_word' id='word_1_37' title='bbox 396 838 745 894; x_wconf 88' lang='lat' dir='ltr'><strong>disseminata</strong></span> <span class='ocrx_word' id='word_1_38' title='bbox 775 840 994 906; x_wconf 79' lang='lat' dir='ltr'><strong>fuisset,</strong></span> <span class='ocrx_word' id='word_1_39' title='bbox 1023 855 1203 896; x_wconf 84' lang='lat' dir='ltr'><strong>nonne</strong></span> <span class='ocrx_word' id='word_1_40' title='bbox 1231 856 1318 896; x_wconf 90' lang='lat' dir='ltr'><strong>res</strong></span> <span class='ocrx_word' id='word_1_41' title='bbox 1347 856 1536 898; x_wconf 86' lang='lat' dir='ltr'><strong>omnes</strong></span> <span class='ocrx_word' id='word_1_42' title='bbox 1563 840 1834 904; x_wconf 69' lang='lat' dir='ltr'><strong>humanm,</strong></span> 
     </span>
    </p>
   </div>
   <div class='ocr_carea' id='block_1_9' title="bbox 249 930 1837 1005">
    <p class='ocr_par' dir='ltr' id='par_1_9' title="bbox 249 930 1837 1005">
     <span class='ocr_line' id='line_1_9' title="bbox 249 930 1837 1005; baseline 0.003 -21"><span class='ocrx_word' id='word_1_43' title='bbox 249 939 419 996; x_wconf 84' lang='lat' dir='ltr'><strong>artes,</strong></span> <span class='ocrx_word' id='word_1_44' title='bbox 451 930 712 997; x_wconf 72' lang='lat' dir='ltr'><strong>scientiaz,</strong></span> <span class='ocrx_word' id='word_1_45' title='bbox 741 930 1062 1003; x_wconf 64' lang='lat' dir='ltr'><strong>disciplinae,</strong></span> <span class='ocrx_word' id='word_1_46' title='bbox 1089 949 1315 1005; x_wconf 87' lang='lat' dir='ltr'><strong>quarum</strong></span> <span class='ocrx_word' id='word_1_47' title='bbox 1345 934 1602 1004; x_wconf 88' lang='lat' dir='ltr'><strong>quasdam</strong></span> <span class='ocrx_word' id='word_1_48' title='bbox 1647 946 1837 989; x_wconf 90' lang='lat' dir='ltr'><strong>auctor</strong></span> 
     </span>
    </p>
   </div>
   <div class='ocr_carea' id='block_1_10' title="bbox 245 1024 1835 1096">
    <p class='ocr_par' dir='ltr' id='par_1_10' title="bbox 245 1024 1835 1096">
     <span class='ocr_line' id='line_1_10' title="bbox 245 1024 1835 1096; baseline 0.003 -20"><span class='ocrx_word' id='word_1_49' title='bbox 245 1032 437 1077; x_wconf 88' lang='lat' dir='ltr'><strong>noster</strong></span> <span class='ocrx_word' id='word_1_50' title='bbox 466 1033 735 1089; x_wconf 79' lang='lat' dir='ltr'><strong>recenset,</strong></span> <span class='ocrx_word' id='word_1_51' title='bbox 784 1033 966 1080; x_wconf 91' lang='lat' dir='ltr'><strong>ortum</strong></span> <span class='ocrx_word' id='word_1_52' title='bbox 1019 1024 1304 1082; x_wconf 85' lang='lat' dir='ltr'><strong>habuere?</strong></span> <span class='ocrx_word' id='word_1_53' title='bbox 1346 1024 1558 1089; x_wconf 84' lang='lat' dir='ltr'><strong>Nonne,</strong></span> <span class='ocrx_word' id='word_1_54' title='bbox 1591 1025 1835 1096; x_wconf 89' lang='lat' dir='ltr'><strong>ipsismet</strong></span> 
     </span>
    </p>
   </div>
   <div class='ocr_carea' id='block_1_11' title="bbox 242 1113 1832 1190">
    <p class='ocr_par' dir='ltr' id='par_1_11' title="bbox 242 1113 1832 1190">
     <span class='ocr_line' id='line_1_11' title="bbox 242 1113 1832 1190; baseline 0.003 -19"><span class='ocrx_word' id='word_1_55' title='bbox 242 1113 540 1173; x_wconf 75' lang='lat' dir='ltr'><strong>fatentibus</strong></span> <span class='ocrx_word' id='word_1_56' title='bbox 564 1116 821 1184; x_wconf 86' lang='lat' dir='ltr'><strong>ethnicis,</strong></span> <span class='ocrx_word' id='word_1_57' title='bbox 852 1133 1039 1175; x_wconf 87' lang='lat' dir='ltr'><strong>eorum</strong></span> <span class='ocrx_word' id='word_1_58' title='bbox 1065 1119 1164 1185; x_wconf 89' lang='lat' dir='ltr'><strong>dii,</strong></span> <span class='ocrx_word' id='word_1_59' title='bbox 1210 1119 1436 1190; x_wconf 84' lang='lat' dir='ltr'><strong>Jupiter,</strong></span> <span class='ocrx_word' id='word_1_60' title='bbox 1480 1120 1675 1189; x_wconf 77' lang='lat' dir='ltr'><strong>aliique</strong></span> <span class='ocrx_word' id='word_1_61' title='bbox 1696 1134 1832 1188; x_wconf 85' lang='lat' dir='ltr'><strong>quos</strong></span> 
     </span>
    </p>
   </div>
   <div class='ocr_carea' id='block_1_12' title="bbox 244 1208 1830 1286">
    <p class='ocr_par' dir='ltr' id='par_1_12' title="bbox 244 1208 1830 1286">
     <span class='ocr_line' id='line_1_12' title="bbox 244 1208 1830 1286; baseline 0.004 -22"><span class='ocrx_word' id='word_1_62' title='bbox 244 1208 339 1266; x_wconf 90' lang='lat' dir='ltr'><strong>ille</strong></span> <span class='ocrx_word' id='word_1_63' title='bbox 383 1212 700 1266; x_wconf 83' lang='lat' dir='ltr'><strong>nominatim</strong></span> <span class='ocrx_word' id='word_1_64' title='bbox 747 1214 1023 1284; x_wconf 88' lang='lat' dir='ltr'><strong>appellat,</strong></span> <span class='ocrx_word' id='word_1_65' title='bbox 1069 1229 1191 1271; x_wconf 88' lang='lat' dir='ltr'><strong>esse</strong></span> <span class='ocrx_word' id='word_1_66' title='bbox 1238 1215 1555 1285; x_wconf 57' lang='lat' dir='ltr'><strong>carperent?</strong></span> <span class='ocrx_word' id='word_1_67' title='bbox 1599 1214 1655 1271; x_wconf 90' lang='lat' dir='ltr'><strong>Si</strong></span> <span class='ocrx_word' id='word_1_68' title='bbox 1700 1230 1830 1286; x_wconf 90' lang='lat' dir='ltr'><strong>ergo</strong></span> 
     </span>
    </p>
   </div>
   <div class='ocr_carea' id='block_1_13' title="bbox 237 1302 1828 1379">
    <p class='ocr_par' dir='ltr' id='par_1_13' title="bbox 237 1302 1828 1379">
     <span class='ocr_line' id='line_1_13' title="bbox 237 1302 1828 1379; baseline 0.005 -22"><span class='ocrx_word' id='word_1_69' title='bbox 237 1314 369 1359; x_wconf 85' lang='lat' dir='ltr'><strong>ante</strong></span> <span class='ocrx_word' id='word_1_70' title='bbox 414 1302 523 1359; x_wconf 68' lang='lat'><strong>400</strong></span> <span class='ocrx_word' id='word_1_71' title='bbox 560 1319 735 1361; x_wconf 89' lang='lat' dir='ltr'><strong>annos</strong></span> <span class='ocrx_word' id='word_1_72' title='bbox 776 1307 965 1377; x_wconf 79' lang='lat' dir='ltr'><strong>religio</strong></span> <span class='ocrx_word' id='word_1_73' title='bbox 1009 1306 1299 1363; x_wconf 89' lang='lat' dir='ltr'><strong>christiana</strong></span> <span class='ocrx_word' id='word_1_74' title='bbox 1329 1325 1436 1364; x_wconf 91' lang='lat' dir='ltr'><strong>non</strong></span> <span class='ocrx_word' id='word_1_75' title='bbox 1464 1320 1611 1377; x_wconf 90' lang='lat' dir='ltr'><strong>erat,</strong></span> <span class='ocrx_word' id='word_1_76' title='bbox 1654 1325 1828 1379; x_wconf 88' lang='lat' dir='ltr'><strong>neque</strong></span> 
     </span>
    </p>
   </div>
   <div class='ocr_carea' id='block_1_14' title="bbox 235 1394 1824 1457">
    <p class='ocr_par' dir='ltr' id='par_1_14' title="bbox 235 1394 1824 1457">
     <span class='ocr_line' id='line_1_14' title="bbox 235 1394 1824 1457; baseline 0.004 -7"><span class='ocrx_word' id='word_1_77' title='bbox 235 1394 404 1451; x_wconf 87' lang='lat' dir='ltr'><strong>etiam</strong></span> <span class='ocrx_word' id='word_1_78' title='bbox 449 1405 575 1452; x_wconf 87' lang='lat' dir='ltr'><strong>ante</strong></span> <span class='ocrx_word' id='word_1_79' title='bbox 621 1396 728 1451; x_wconf 90' lang='lat' dir='ltr'><strong>duo</strong></span> <span class='ocrx_word' id='word_1_80' title='bbox 778 1412 1040 1455; x_wconf 89' lang='lat' dir='ltr'><strong>annorum</strong></span> <span class='ocrx_word' id='word_1_81' title='bbox 1081 1399 1250 1455; x_wconf 87' lang='lat' dir='ltr'><strong>millia</strong></span> <span class='ocrx_word' id='word_1_82' title='bbox 1300 1400 1477 1455; x_wconf 86' lang='lat' dir='ltr'><strong>nullos</strong></span> <span class='ocrx_word' id='word_1_83' title='bbox 1519 1399 1654 1457; x_wconf 88' lang='lat' dir='ltr'><strong>deos</strong></span> <span class='ocrx_word' id='word_1_84' title='bbox 1696 1416 1824 1457; x_wconf 88' lang='lat' dir='ltr'><strong>suos</strong></span> 
     </span>
    </p>
   </div>
   <div class='ocr_carea' id='block_1_15' title="bbox 232 1484 1058 1561">
    <p class='ocr_par' dir='ltr' id='par_1_15' title="bbox 232 1484 1058 1561">
     <span class='ocr_line' id='line_1_15' title="bbox 232 1484 1058 1561; baseline 0.005 -19"><span class='ocrx_word' id='word_1_85' title='bbox 232 1484 408 1543; x_wconf 77' lang='lat' dir='ltr'><strong>fuisse</strong></span> <span class='ocrx_word' id='word_1_86' title='bbox 431 1504 628 1560; x_wconf 88' lang='lat' dir='ltr'><strong>negare</strong></span> <span class='ocrx_word' id='word_1_87' title='bbox 655 1505 761 1545; x_wconf 91' lang='lat' dir='ltr'><strong>non</strong></span> <span class='ocrx_word' id='word_1_88' title='bbox 793 1501 1058 1561; x_wconf 88' lang='lat' dir='ltr'><strong>poterant.</strong></span> 
     </span>
    </p>
   </div>
   <div class='ocr_carea' id='block_1_16' title="bbox 308 1582 1823 1658">
    <p class='ocr_par' dir='ltr' id='par_1_16' title="bbox 308 1582 1823 1658">
     <span class='ocr_line' id='line_1_16' title="bbox 308 1582 1823 1658; baseline 0.004 -22"><span class='ocrx_word' id='word_1_89' title='bbox 308 1582 378 1636; x_wconf 84' lang='lat' dir='ltr'><strong>At</strong></span> <span class='ocrx_word' id='word_1_90' title='bbox 396 1592 629 1649; x_wconf 89' lang='lat' dir='ltr'><strong>constat,</strong></span> <span class='ocrx_word' id='word_1_91' title='bbox 648 1584 961 1654; x_wconf 89' lang='lat' dir='ltr'><strong>inquiehant</strong></span> <span class='ocrx_word' id='word_1_92' title='bbox 979 1586 1077 1652; x_wconf 92' lang='lat' dir='ltr'><strong>illi,</strong></span> <span class='ocrx_word' id='word_1_93' title='bbox 1096 1595 1334 1643; x_wconf 87' lang='lat' dir='ltr'><strong>nostram</strong></span> <span class='ocrx_word' id='word_1_94' title='bbox 1351 1587 1663 1658; x_wconf 77' lang='lat' dir='ltr'><strong>religionem</strong></span> <span class='ocrx_word' id='word_1_95' title='bbox 1687 1586 1823 1643; x_wconf 90' lang='lat' dir='ltr'><strong>chri-</strong></span> 
     </span>
    </p>
   </div>
   <div class='ocr_carea' id='block_1_17' title="bbox 228 1672 1819 1750">
    <p class='ocr_par' dir='ltr' id='par_1_17' title="bbox 228 1672 1819 1750">
     <span class='ocr_line' id='line_1_17' title="bbox 228 1672 1819 1750; baseline 0.005 -22"><span class='ocrx_word' id='word_1_96' title='bbox 228 1672 403 1728; x_wconf 87' lang='lat' dir='ltr'><strong>stiana</strong></span> <span class='ocrx_word' id='word_1_97' title='bbox 433 1673 593 1745; x_wconf 90' lang='lat' dir='ltr'><strong>longe</strong></span> <span class='ocrx_word' id='word_1_98' title='bbox 624 1677 969 1733; x_wconf 85' lang='lat' dir='ltr'><strong>vetustiorem</strong></span> <span class='ocrx_word' id='word_1_99' title='bbox 1011 1693 1166 1743; x_wconf 89' lang='lat' dir='ltr'><strong>esse,</strong></span> <span class='ocrx_word' id='word_1_100' title='bbox 1197 1688 1358 1750; x_wconf 89' lang='lat' dir='ltr'><strong>atque</strong></span> <span class='ocrx_word' id='word_1_101' title='bbox 1399 1679 1598 1736; x_wconf 88' lang='lat' dir='ltr'><strong>idcirco</strong></span> <span class='ocrx_word' id='word_1_102' title='bbox 1638 1681 1819 1736; x_wconf 87' lang='lat' dir='ltr'><strong>verio-</strong></span> 
     </span>
    </p>
   </div>
   <div class='ocr_carea' id='block_1_18' title="bbox 1943 554 3536 630">
    <p class='ocr_par' dir='ltr' id='par_1_18' title="bbox 1943 554 3536 630">
     <span class='ocr_line' id='line_1_18' title="bbox 1943 554 3536 630; baseline 0.004 -22"><span class='ocrx_word' id='word_1_103' title='bbox 1943 554 2075 609; x_wconf 84' lang='lat' dir='ltr'><strong>deos</strong></span> <span class='ocrx_word' id='word_1_104' title='bbox 2116 571 2214 611; x_wconf 90' lang='lat' dir='ltr'><strong>nec</strong></span> <span class='ocrx_word' id='word_1_105' title='bbox 2245 556 2508 623; x_wconf 83' lang='lat' dir='ltr'><strong>colerent,</strong></span> <span class='ocrx_word' id='word_1_106' title='bbox 2538 572 2635 612; x_wconf 89' lang='lat' dir='ltr'><strong>nec</strong></span> <span class='ocrx_word' id='word_1_107' title='bbox 2673 556 2982 615; x_wconf 85' lang='lat' dir='ltr'><strong>adorarent.</strong></span> <span class='ocrx_word' id='word_1_108' title='bbox 3018 560 3325 630; x_wconf 78' lang='lat' dir='ltr'><strong>Respondet</strong></span> <span class='ocrx_word' id='word_1_109' title='bbox 3354 561 3536 630; x_wconf 90' lang='lat' dir='ltr'><strong>itaque</strong></span> 
     </span>
    </p>
   </div>
   <div class='ocr_carea' id='block_1_19' title="bbox 1942 648 3535 725">
    <p class='ocr_par' dir='ltr' id='par_1_19' title="bbox 1942 648 3535 725">
     <span class='ocr_line' id='line_1_19' title="bbox 1942 648 3535 725; baseline 0.003 -23"><span class='ocrx_word' id='word_1_110' title='bbox 1942 648 1993 704; x_wconf 92' lang='lat' dir='ltr'><strong>in</strong></span> <span class='ocrx_word' id='word_1_111' title='bbox 2024 650 2132 704; x_wconf 89' lang='lat' dir='ltr'><strong>Deo</strong></span> <span class='ocrx_word' id='word_1_112' title='bbox 2166 666 2346 705; x_wconf 91' lang='lat' dir='ltr'><strong>rerum</strong></span> <span class='ocrx_word' id='word_1_113' title='bbox 2378 651 2616 706; x_wconf 91' lang='lat' dir='ltr'><strong>omnium</strong></span> <span class='ocrx_word' id='word_1_114' title='bbox 2641 663 2887 709; x_wconf 89' lang='lat' dir='ltr'><strong>creatore</strong></span> <span class='ocrx_word' id='word_1_115' title='bbox 2913 663 2967 709; x_wconf 90' lang='lat' dir='ltr'><strong>et</strong></span> <span class='ocrx_word' id='word_1_116' title='bbox 2994 653 3352 724; x_wconf 89' lang='lat' dir='ltr'><strong>moderatore,</strong></span> <span class='ocrx_word' id='word_1_117' title='bbox 3377 653 3535 725; x_wconf 90' lang='lat' dir='ltr'><strong>quid-</strong></span> 
     </span>
    </p>
   </div>
   <div class='ocr_carea' id='block_1_20' title="bbox 1939 742 3532 813">
    <p class='ocr_par' dir='ltr' id='par_1_20' title="bbox 1939 742 3532 813">
     <span class='ocr_line' id='line_1_20' title="bbox 1939 742 3532 813; baseline 0.004 -16"><span class='ocrx_word' id='word_1_118' title='bbox 1939 742 2066 813; x_wconf 84' lang='lat' dir='ltr'><strong>quid</strong></span> <span class='ocrx_word' id='word_1_119' title='bbox 2109 742 2397 799; x_wconf 86' lang='lat' dir='ltr'><strong>colendum</strong></span> <span class='ocrx_word' id='word_1_120' title='bbox 2449 753 2502 800; x_wconf 88' lang='lat' dir='ltr'><strong>et</strong></span> <span class='ocrx_word' id='word_1_121' title='bbox 2548 744 2878 801; x_wconf 90' lang='lat' dir='ltr'><strong>adorandum</strong></span> <span class='ocrx_word' id='word_1_122' title='bbox 2920 756 3003 803; x_wconf 89' lang='lat' dir='ltr'><strong>est</strong></span> <span class='ocrx_word' id='word_1_123' title='bbox 3031 762 3061 802; x_wconf 87' lang='lat' dir='ltr'><strong>a</strong></span> <span class='ocrx_word' id='word_1_124' title='bbox 3090 746 3399 802; x_wconf 81' lang='lat' dir='ltr'><strong>chriSIianis</strong></span> <span class='ocrx_word' id='word_1_125' title='bbox 3425 746 3532 803; x_wconf 88' lang='lat' dir='ltr'><strong>coli</strong></span> 
     </span>
    </p>
   </div>
   <div class='ocr_carea' id='block_1_21' title="bbox 1935 836 3529 911">
    <p class='ocr_par' dir='ltr' id='par_1_21' title="bbox 1935 836 3529 911">
     <span class='ocr_line' id='line_1_21' title="bbox 1935 836 3529 911; baseline 0.003 -19"><span class='ocrx_word' id='word_1_126' title='bbox 1935 847 1989 892; x_wconf 89' lang='lat' dir='ltr'><strong>et</strong></span> <span class='ocrx_word' id='word_1_127' title='bbox 2008 836 2243 892; x_wconf 88' lang='lat' dir='ltr'><strong>adorari.</strong></span> <span class='ocrx_word' id='word_1_128' title='bbox 2264 837 2318 892; x_wconf 84' lang='lat' dir='ltr'><strong>Si</strong></span> <span class='ocrx_word' id='word_1_129' title='bbox 2342 839 2431 908; x_wconf 91' lang='lat' dir='ltr'><strong>qui</strong></span> <span class='ocrx_word' id='word_1_130' title='bbox 2457 854 2584 908; x_wconf 82' lang='lat' dir='ltr'><strong>ergo</strong></span> <span class='ocrx_word' id='word_1_131' title='bbox 2614 839 2687 893; x_wconf 93' lang='lat' dir='ltr'><strong>dii</strong></span> <span class='ocrx_word' id='word_1_132' title='bbox 2714 839 2840 902; x_wconf 87' lang='lat' dir='ltr'><strong>sint.</strong></span> <span class='ocrx_word' id='word_1_133' title='bbox 2870 840 2939 896; x_wconf 88' lang='lat' dir='ltr'><strong>ab</strong></span> <span class='ocrx_word' id='word_1_134' title='bbox 2971 841 3062 894; x_wconf 86' lang='lat' dir='ltr'><strong>illo</strong></span> <span class='ocrx_word' id='word_1_135' title='bbox 3086 840 3346 911; x_wconf 82' lang='lat' dir='ltr'><strong>originem</strong></span> <span class='ocrx_word' id='word_1_136' title='bbox 3376 855 3529 896; x_wconf 90' lang='lat' dir='ltr'><strong>suam</strong></span> 
     </span>
    </p>
   </div>
   <div class='ocr_carea' id='block_1_22' title="bbox 1935 930 3532 1001">
    <p class='ocr_par' dir='ltr' id='par_1_22' title="bbox 1935 930 3532 1001">
     <span class='ocr_line' id='line_1_22' title="bbox 1935 930 3532 1001; baseline 0.004 -18"><span class='ocrx_word' id='word_1_137' title='bbox 1935 930 2159 996; x_wconf 91' lang='lat' dir='ltr'><strong>ducunt,</strong></span> <span class='ocrx_word' id='word_1_138' title='bbox 2189 939 2353 1001; x_wconf 91' lang='lat' dir='ltr'><strong>atque</strong></span> <span class='ocrx_word' id='word_1_139' title='bbox 2384 931 2435 985; x_wconf 92' lang='lat' dir='ltr'><strong>iu</strong></span> <span class='ocrx_word' id='word_1_140' title='bbox 2489 948 2554 987; x_wconf 91' lang='lat' dir='ltr'><strong>eo</strong></span> <span class='ocrx_word' id='word_1_141' title='bbox 2611 932 2883 988; x_wconf 91' lang='lat' dir='ltr'><strong>coluntur.</strong></span> <span class='ocrx_word' id='word_1_142' title='bbox 2914 932 3020 989; x_wconf 87' lang='lat' dir='ltr'><strong>Sed</strong></span> <span class='ocrx_word' id='word_1_143' title='bbox 3051 949 3145 988; x_wconf 90' lang='lat' dir='ltr'><strong>eos</strong></span> <span class='ocrx_word' id='word_1_144' title='bbox 3189 949 3377 990; x_wconf 78' lang='lat' dir='ltr'><strong>revera</strong></span> <span class='ocrx_word' id='word_1_145' title='bbox 3408 949 3532 990; x_wconf 89' lang='lat' dir='ltr'><strong>esse</strong></span> 
     </span>
    </p>
   </div>
   <div class='ocr_carea' id='block_1_23' title="bbox 1936 1019 3526 1097">
    <p class='ocr_par' dir='ltr' id='par_1_23' title="bbox 1936 1019 3526 1097">
     <span class='ocr_line' id='line_1_23' title="bbox 1936 1019 3526 1097; baseline 0.003 -21"><span class='ocrx_word' id='word_1_146' title='bbox 1936 1019 2069 1076; x_wconf 87' lang='lat' dir='ltr'><strong>deos</strong></span> <span class='ocrx_word' id='word_1_147' title='bbox 2102 1022 2313 1090; x_wconf 90' lang='lat' dir='ltr'><strong>probari</strong></span> <span class='ocrx_word' id='word_1_148' title='bbox 2344 1040 2613 1093; x_wconf 81' lang='lat' dir='ltr'><strong>nunquam</strong></span> <span class='ocrx_word' id='word_1_149' title='bbox 2648 1024 2819 1094; x_wconf 89' lang='lat' dir='ltr'><strong>potuit</strong></span> <span class='ocrx_word' id='word_1_150' title='bbox 2843 1024 2911 1079; x_wconf 89' lang='lat' dir='ltr'><strong>ab</strong></span> <span class='ocrx_word' id='word_1_151' title='bbox 2937 1024 3185 1091; x_wconf 86' lang='lat' dir='ltr'><strong>ethnicis,</strong></span> <span class='ocrx_word' id='word_1_152' title='bbox 3212 1025 3405 1097; x_wconf 87' lang='lat' dir='ltr'><strong>quibus</strong></span> <span class='ocrx_word' id='word_1_153' title='bbox 3439 1025 3526 1080; x_wconf 87' lang='lat' dir='ltr'><strong>in-</strong></span> 
     </span>
    </p>
   </div>
   <div class='ocr_carea' id='block_1_24' title="bbox 1937 1116 3526 1185">
    <p class='ocr_par' dir='ltr' id='par_1_24' title="bbox 1937 1116 3526 1185">
     <span class='ocr_line' id='line_1_24' title="bbox 1937 1116 3526 1185; baseline 0.004 -17"><span class='ocrx_word' id='word_1_154' title='bbox 1937 1124 2275 1184; x_wconf 89' lang='lat' dir='ltr'><strong>compertum</strong></span> <span class='ocrx_word' id='word_1_155' title='bbox 2309 1131 2527 1185; x_wconf 87' lang='lat' dir='ltr'><strong>semper</strong></span> <span class='ocrx_word' id='word_1_156' title='bbox 2558 1116 2657 1171; x_wconf 83' lang='lat' dir='ltr'><strong>fuit</strong></span> <span class='ocrx_word' id='word_1_157' title='bbox 2683 1128 2773 1172; x_wconf 87' lang='lat' dir='ltr'><strong>aut</strong></span> <span class='ocrx_word' id='word_1_158' title='bbox 2822 1117 2962 1173; x_wconf 90' lang='lat' dir='ltr'><strong>unde</strong></span> <span class='ocrx_word' id='word_1_159' title='bbox 2992 1118 3206 1174; x_wconf 84' lang='lat' dir='ltr'><strong>nomina</strong></span> <span class='ocrx_word' id='word_1_160' title='bbox 3246 1132 3339 1173; x_wconf 87' lang='lat' dir='ltr'><strong>sua</strong></span> <span class='ocrx_word' id='word_1_161' title='bbox 3368 1132 3526 1175; x_wconf 86' lang='lat' dir='ltr'><strong>accc-</strong></span> 
     </span>
    </p>
   </div>
   <div class='ocr_carea' id='block_1_25' title="bbox 1933 1208 3163 1280">
    <p class='ocr_par' dir='ltr' id='par_1_25' title="bbox 1933 1208 3163 1280">
     <span class='ocr_line' id='line_1_25' title="bbox 1933 1208 3163 1280; baseline 0.002 -17"><span class='ocrx_word' id='word_1_162' title='bbox 1933 1208 2127 1278; x_wconf 89' lang='lat' dir='ltr'><strong>perint,</strong></span> <span class='ocrx_word' id='word_1_163' title='bbox 2161 1218 2251 1263; x_wconf 89' lang='lat' dir='ltr'><strong>aut</strong></span> <span class='ocrx_word' id='word_1_164' title='bbox 2281 1219 2475 1280; x_wconf 87' lang='lat' dir='ltr'><strong>quanta</strong></span> <span class='ocrx_word' id='word_1_165' title='bbox 2508 1211 2579 1267; x_wconf 89' lang='lat' dir='ltr'><strong>sit</strong></span> <span class='ocrx_word' id='word_1_166' title='bbox 2609 1211 2822 1266; x_wconf 88' lang='lat' dir='ltr'><strong>illorum</strong></span> <span class='ocrx_word' id='word_1_167' title='bbox 2854 1211 3163 1268; x_wconf 86' lang='lat' dir='ltr'><strong>multitudo.</strong></span> 
     </span>
    </p>
   </div>
   <div class='ocr_carea' id='block_1_26' title="bbox 2002 1304 3523 1381">
    <p class='ocr_par' dir='ltr' id='par_1_26' title="bbox 2002 1304 3523 1381">
     <span class='ocr_line' id='line_1_26' title="bbox 2002 1304 3523 1381; baseline 0.002 -20"><span class='ocrx_word' id='word_1_168' title='bbox 2002 1304 2238 1361; x_wconf 83' lang='lat' dir='ltr'><strong>Ulterius</strong></span> <span class='ocrx_word' id='word_1_169' title='bbox 2265 1322 2391 1362; x_wconf 88' lang='lat' dir='ltr'><strong>vero</strong></span> <span class='ocrx_word' id='word_1_170' title='bbox 2419 1308 2759 1378; x_wconf 82' lang='lat' dir='ltr'><strong>progreditur</strong></span> <span class='ocrx_word' id='word_1_171' title='bbox 2782 1319 2943 1377; x_wconf 88' lang='lat' dir='ltr'><strong>atque</strong></span> <span class='ocrx_word' id='word_1_172' title='bbox 2961 1324 3024 1364; x_wconf 81' lang='lat' dir='ltr'><strong>ex</strong></span> <span class='ocrx_word' id='word_1_173' title='bbox 3053 1308 3156 1373; x_wconf 88' lang='lat' dir='ltr'><strong>his,</strong></span> <span class='ocrx_word' id='word_1_174' title='bbox 3178 1324 3297 1381; x_wconf 72' lang='lat' dir='ltr'><strong>quze</strong></span> <span class='ocrx_word' id='word_1_175' title='bbox 3323 1306 3523 1364; x_wconf 80' lang='lat' dir='ltr'><strong>ethnici</strong></span> 
     </span>
    </p>
   </div>
   <div class='ocr_carea' id='block_1_27' title="bbox 1927 1396 3524 1472">
    <p class='ocr_par' dir='ltr' id='par_1_27' title="bbox 1927 1396 3524 1472">
     <span class='ocr_line' id='line_1_27' title="bbox 1927 1396 3524 1472; baseline 0.004 -22"><span class='ocrx_word' id='word_1_176' title='bbox 1927 1397 1995 1451; x_wconf 89' lang='lat' dir='ltr'><strong>de</strong></span> <span class='ocrx_word' id='word_1_177' title='bbox 2024 1396 2129 1451; x_wconf 90' lang='lat' dir='ltr'><strong>diis</strong></span> <span class='ocrx_word' id='word_1_178' title='bbox 2184 1400 2295 1453; x_wconf 91' lang='lat' dir='ltr'><strong>suis</strong></span> <span class='ocrx_word' id='word_1_179' title='bbox 2338 1400 2720 1468; x_wconf 67' lang='lat' dir='ltr'><strong>prmdicabant,</strong></span> <span class='ocrx_word' id='word_1_180' title='bbox 2778 1402 2952 1457; x_wconf 90' lang='lat' dir='ltr'><strong>nullos</strong></span> <span class='ocrx_word' id='word_1_181' title='bbox 3004 1418 3126 1458; x_wconf 91' lang='lat' dir='ltr'><strong>esse</strong></span> <span class='ocrx_word' id='word_1_182' title='bbox 3184 1400 3524 1472; x_wconf 77' lang='lat' dir='ltr'><strong>apertissime</strong></span> 
     </span>
    </p>
   </div>
   <div class='ocr_carea' id='block_1_28' title="bbox 1924 1486 3525 1549">
    <p class='ocr_par' dir='ltr' id='par_1_28' title="bbox 1924 1486 3525 1549">
     <span class='ocr_line' id='line_1_28' title="bbox 1924 1486 3525 1549; baseline 0.004 -7"><span class='ocrx_word' id='word_1_183' title='bbox 1924 1486 2279 1546; x_wconf 89' lang='lat' dir='ltr'><strong>demonstrat.</strong></span> <span class='ocrx_word' id='word_1_184' title='bbox 2310 1490 2491 1546; x_wconf 89' lang='lat' dir='ltr'><strong>Primo</strong></span> <span class='ocrx_word' id='word_1_185' title='bbox 2520 1493 2663 1548; x_wconf 87' lang='lat' dir='ltr'><strong>enim</strong></span> <span class='ocrx_word' id='word_1_186' title='bbox 2696 1493 2827 1548; x_wconf 91' lang='lat' dir='ltr'><strong>deos</strong></span> <span class='ocrx_word' id='word_1_187' title='bbox 2852 1509 3029 1549; x_wconf 89' lang='lat' dir='ltr'><strong>mares</strong></span> <span class='ocrx_word' id='word_1_188' title='bbox 3056 1505 3109 1549; x_wconf 89' lang='lat' dir='ltr'><strong>et</strong></span> <span class='ocrx_word' id='word_1_189' title='bbox 3148 1492 3400 1549; x_wconf 69' lang='lat' dir='ltr'><strong>heminas</strong></span> <span class='ocrx_word' id='word_1_190' title='bbox 3429 1509 3525 1549; x_wconf 89' lang='lat' dir='ltr'><strong>ve-</strong></span> 
     </span>
    </p>
   </div>
   <div class='ocr_carea' id='block_1_29' title="bbox 1925 1582 3523 1654">
    <p class='ocr_par' dir='ltr' id='par_1_29' title="bbox 1925 1582 3523 1654">
     <span class='ocr_line' id='line_1_29' title="bbox 1925 1582 3523 1654; baseline 0.005 -18"><span class='ocrx_word' id='word_1_191' title='bbox 1925 1582 2622 1640; x_wconf 80' lang='lat' dir='ltr'><strong>nerabantur.Atdivinam</strong></span> <span class='ocrx_word' id='word_1_192' title='bbox 2657 1595 2899 1641; x_wconf 89' lang='lat' dir='ltr'><strong>naturam</strong></span> <span class='ocrx_word' id='word_1_193' title='bbox 2947 1604 3052 1642; x_wconf 91' lang='lat' dir='ltr'><strong>non</strong></span> <span class='ocrx_word' id='word_1_194' title='bbox 3093 1587 3313 1654; x_wconf 76' lang='lat' dir='ltr'><strong>diversi,</strong></span> <span class='ocrx_word' id='word_1_195' title='bbox 3355 1587 3523 1643; x_wconf 89' lang='lat' dir='ltr'><strong>immo</strong></span> 
     </span>
    </p>
   </div>
   <div class='ocr_carea' id='block_1_30' title="bbox 1923 1673 3521 1749">
    <p class='ocr_par' dir='ltr' id='par_1_30' title="bbox 1923 1673 3521 1749">
     <span class='ocr_line' id='line_1_30' title="bbox 1923 1673 3521 1749; baseline 0.006 -24"><span class='ocrx_word' id='word_1_196' title='bbox 1923 1673 2122 1729; x_wconf 86' lang='lat' dir='ltr'><strong>nullius</strong></span> <span class='ocrx_word' id='word_1_197' title='bbox 2147 1690 2310 1730; x_wconf 78' lang='lat' dir='ltr'><strong>sexus</strong></span> <span class='ocrx_word' id='word_1_198' title='bbox 2333 1692 2454 1733; x_wconf 79' lang='lat' dir='ltr'><strong>esse</strong></span> <span class='ocrx_word' id='word_1_199' title='bbox 2484 1693 2734 1749; x_wconf 84' lang='lat' dir='ltr'><strong>capacem</strong></span> <span class='ocrx_word' id='word_1_200' title='bbox 2782 1694 2887 1733; x_wconf 79' lang='lat' dir='ltr'><strong>non</strong></span> <span class='ocrx_word' id='word_1_201' title='bbox 2934 1680 3107 1735; x_wconf 90' lang='lat' dir='ltr'><strong>solum</strong></span> <span class='ocrx_word' id='word_1_202' title='bbox 3134 1677 3410 1734; x_wconf 88' lang='lat' dir='ltr'><strong>Ciceronis</strong></span> <span class='ocrx_word' id='word_1_203' title='bbox 3438 1687 3521 1735; x_wconf 86' lang='lat' dir='ltr'><strong>te-</strong></span> 
     </span>
    </p>
   </div>
   <div class='ocr_carea' id='block_1_31' title="bbox 226 1766 3517 1851">
    <p class='ocr_par' dir='ltr' id='par_1_31' title="bbox 226 1766 3517 1851">
     <span class='ocr_line' id='line_1_31' title="bbox 226 1766 3517 1851; baseline 0.005 -32"><span class='ocrx_word' id='word_1_204' title='bbox 226 1779 370 1821; x_wconf 86' lang='lat' dir='ltr'><strong>rem.</strong></span> <span class='ocrx_word' id='word_1_205' title='bbox 412 1767 518 1823; x_wconf 86' lang='lat' dir='ltr'><strong>Sed</strong></span> <span class='ocrx_word' id='word_1_206' title='bbox 565 1769 835 1826; x_wconf 82' lang='lat' dir='ltr'><strong>Arnobius</strong></span> <span class='ocrx_word' id='word_1_207' title='bbox 874 1770 1012 1827; x_wconf 86' lang='lat' dir='ltr'><strong>hanc</strong></span> <span class='ocrx_word' id='word_1_208' title='bbox 1058 1772 1502 1843; x_wconf 70' lang='lat' dir='ltr'><strong>consequentiam</strong></span> <span class='ocrx_word' id='word_1_209' title='bbox 1548 1772 1665 1829; x_wconf 76' lang='lat' dir='ltr'><strong>falsi</strong></span> <span class='ocrx_word' id='word_1_210' title='bbox 1696 1772 1820 1828; x_wconf 87' lang='lat' dir='ltr'><strong>ideo</strong></span> <span class='ocrx_word' id='word_1_211' title='bbox 1851 1791 1899 1851; x_wconf 77' lang='grc' dir='ltr'><strong>Β</strong></span> <span class='ocrx_word' id='word_1_212' title='bbox 1922 1766 2195 1835; x_wconf 78' lang='grc' dir='ltr'><strong>ειίίηυηίο,</strong></span> <span class='ocrx_word' id='word_1_213' title='bbox 2220 1768 2315 1823; x_wconf 69' lang='lat' dir='ltr'><strong>svd</strong></span> <span class='ocrx_word' id='word_1_214' title='bbox 2347 1768 2470 1824; x_wconf 83' lang='lat' dir='ltr'><strong>inde</strong></span> <span class='ocrx_word' id='word_1_215' title='bbox 2491 1770 2653 1825; x_wconf 80' lang='lat' dir='ltr'><strong>etiam</strong></span> <span class='ocrx_word' id='word_1_216' title='bbox 2678 1772 2836 1841; x_wconf 80' lang='lat' dir='ltr'><strong>plane</strong></span> <span class='ocrx_word' id='word_1_217' title='bbox 2868 1773 3104 1837; x_wconf 83' lang='lat' dir='ltr'><strong>conﬁcit.</strong></span> <span class='ocrx_word' id='word_1_218' title='bbox 3130 1772 3270 1844; x_wconf 90' lang='lat' dir='ltr'><strong>quod</strong></span> <span class='ocrx_word' id='word_1_219' title='bbox 3294 1787 3517 1829; x_wconf 83' lang='lat' dir='ltr'><strong>sexuum</strong></span> 
     </span>
    </p>
   </div>
   <div class='ocr_carea' id='block_1_32' title="bbox 223 1860 1818 1933">
    <p class='ocr_par' dir='ltr' id='par_1_32' title="bbox 223 1860 1818 1933">
     <span class='ocr_line' id='line_1_32' title="bbox 223 1860 1818 1933; baseline 0.005 -21"><span class='ocrx_word' id='word_1_220' title='bbox 223 1860 442 1927; x_wconf 81' lang='lat' dir='ltr'><strong>arguit,</strong></span> <span class='ocrx_word' id='word_1_221' title='bbox 471 1860 613 1931; x_wconf 90' lang='lat' dir='ltr'><strong>quod</strong></span> <span class='ocrx_word' id='word_1_222' title='bbox 663 1872 891 1933; x_wconf 86' lang='lat' dir='ltr'><strong>utraque</strong></span> <span class='ocrx_word' id='word_1_223' title='bbox 935 1862 1148 1918; x_wconf 89' lang='lat' dir='ltr'><strong>ittitium</strong></span> <span class='ocrx_word' id='word_1_224' title='bbox 1192 1863 1444 1920; x_wconf 87' lang='lat' dir='ltr'><strong>habuisse</strong></span> <span class='ocrx_word' id='word_1_225' title='bbox 1481 1865 1715 1930; x_wconf 85' lang='lat' dir='ltr'><strong>dicatur,</strong></span> <span class='ocrx_word' id='word_1_226' title='bbox 1754 1880 1818 1920; x_wconf 91' lang='lat' dir='ltr'><strong>ac</strong></span> 
     </span>
    </p>
   </div>
   <div class='ocr_carea' id='block_1_33' title="bbox 222 1947 1815 2025">
    <p class='ocr_par' dir='ltr' id='par_1_33' title="bbox 222 1947 1815 2025">
     <span class='ocr_line' id='line_1_33' title="bbox 222 1947 1815 2025; baseline 0.006 -22"><span class='ocrx_word' id='word_1_227' title='bbox 222 1947 341 2004; x_wconf 89' lang='lat' dir='ltr'><strong>duo</strong></span> <span class='ocrx_word' id='word_1_228' title='bbox 364 1964 631 2007; x_wconf 89' lang='lat' dir='ltr'><strong>annorum</strong></span> <span class='ocrx_word' id='word_1_229' title='bbox 658 1953 829 2009; x_wconf 91' lang='lat' dir='ltr'><strong>millia</strong></span> <span class='ocrx_word' id='word_1_230' title='bbox 858 1970 964 2010; x_wconf 89' lang='lat' dir='ltr'><strong>non</strong></span> <span class='ocrx_word' id='word_1_231' title='bbox 1007 1956 1237 2012; x_wconf 89' lang='lat' dir='ltr'><strong>multum</strong></span> <span class='ocrx_word' id='word_1_232' title='bbox 1276 1956 1529 2012; x_wconf 67' lang='lat' dir='ltr'><strong>aestimari</strong></span> <span class='ocrx_word' id='word_1_233' title='bbox 1560 1957 1815 2025; x_wconf 90' lang='lat' dir='ltr'><strong>debeant,</strong></span> 
     </span>
    </p>
   </div>
   <div class='ocr_carea' id='block_1_34' title="bbox 221 2044 1814 2122">
    <p class='ocr_par' dir='ltr' id='par_1_34' title="bbox 221 2044 1814 2122">
     <span class='ocr_line' id='line_1_34' title="bbox 221 2044 1814 2122; baseline 0.006 -25"><span class='ocrx_word' id='word_1_234' title='bbox 221 2046 276 2098; x_wconf 85' lang='lat' dir='ltr'><strong>si</strong></span> <span class='ocrx_word' id='word_1_235' title='bbox 301 2059 424 2099; x_wconf 91' lang='lat' dir='ltr'><strong>cum</strong></span> <span class='ocrx_word' id='word_1_236' title='bbox 454 2049 745 2117; x_wconf 62' lang='lat' dir='ltr'><strong>pra-teritis</strong></span> <span class='ocrx_word' id='word_1_237' title='bbox 771 2050 1146 2120; x_wconf 85' lang='lat' dir='ltr'><strong>superioribus</strong></span> <span class='ocrx_word' id='word_1_238' title='bbox 1175 2052 1389 2106; x_wconf 73' lang='lat' dir='ltr'><strong>saeculis</strong></span> <span class='ocrx_word' id='word_1_239' title='bbox 1412 2044 1814 2122; x_wconf 88' lang='lat' dir='ltr'><strong>comparentur.</strong></span> 
     </span>
    </p>
   </div>
   <div class='ocr_carea' id='block_1_35' title="bbox 218 2135 1817 2214">
    <p class='ocr_par' dir='ltr' id='par_1_35' title="bbox 218 2135 1817 2214">
     <span class='ocr_line' id='line_1_35' title="bbox 218 2135 1817 2214; baseline 0.007 -25"><span class='ocrx_word' id='word_1_240' title='bbox 218 2136 309 2190; x_wconf 83' lang='lat' dir='ltr'><strong>Ad</strong></span> <span class='ocrx_word' id='word_1_241' title='bbox 341 2135 457 2193; x_wconf 67' lang='lat' dir='ltr'><strong>btet!</strong></span> <span class='ocrx_word' id='word_1_242' title='bbox 483 2154 632 2207; x_wconf 90' lang='lat' dir='ltr'><strong>vero,</strong></span> <span class='ocrx_word' id='word_1_243' title='bbox 665 2141 799 2197; x_wconf 88' lang='lat' dir='ltr'><strong>nihil</strong></span> <span class='ocrx_word' id='word_1_244' title='bbox 827 2144 1201 2214; x_wconf 90' lang='lat' dir='ltr'><strong>omnipotente</strong></span> <span class='ocrx_word' id='word_1_245' title='bbox 1225 2154 1282 2200; x_wconf 90' lang='lat' dir='ltr'><strong>et</strong></span> <span class='ocrx_word' id='word_1_246' title='bbox 1307 2154 1511 2200; x_wconf 60' lang='lat' dir='ltr'><strong>aeterno</strong></span> <span class='ocrx_word' id='word_1_247' title='bbox 1543 2146 1650 2202; x_wconf 85' lang='lat' dir='ltr'><strong>Deo</strong></span> <span class='ocrx_word' id='word_1_248' title='bbox 1676 2146 1817 2200; x_wconf 88' lang='lat' dir='ltr'><strong>anti-</strong></span> 
     </span>
    </p>
   </div>
   <div class='ocr_carea' id='block_1_36' title="bbox 217 2229 1817 2309">
    <p class='ocr_par' dir='ltr' id='par_1_36' title="bbox 217 2229 1817 2309">
     <span class='ocr_line' id='line_1_36' title="bbox 217 2229 1817 2309; baseline 0.008 -27"><span class='ocrx_word' id='word_1_249' title='bbox 217 2229 417 2299; x_wconf 89' lang='lat' dir='ltr'><strong>quius,</strong></span> <span class='ocrx_word' id='word_1_250' title='bbox 458 2241 622 2302; x_wconf 87' lang='lat' dir='ltr'><strong>atque</strong></span> <span class='ocrx_word' id='word_1_251' title='bbox 646 2233 787 2289; x_wconf 91' lang='lat' dir='ltr'><strong>adeo</strong></span> <span class='ocrx_word' id='word_1_252' title='bbox 832 2252 1029 2290; x_wconf 91' lang='lat' dir='ltr'><strong>novum</strong></span> <span class='ocrx_word' id='word_1_253' title='bbox 1062 2252 1361 2308; x_wconf 87' lang='lat' dir='ltr'><strong>recensque</strong></span> <span class='ocrx_word' id='word_1_254' title='bbox 1387 2255 1491 2292; x_wconf 93' lang='lat' dir='ltr'><strong>non</strong></span> <span class='ocrx_word' id='word_1_255' title='bbox 1526 2247 1639 2306; x_wconf 89' lang='lat' dir='ltr'><strong>est,</strong></span> <span class='ocrx_word' id='word_1_256' title='bbox 1672 2237 1817 2309; x_wconf 90' lang='lat' dir='ltr'><strong>quod</strong></span> 
     </span>
    </p>
   </div>
   <div class='ocr_carea' id='block_1_37' title="bbox 216 2322 1819 2396">
    <p class='ocr_par' dir='ltr' id='par_1_37' title="bbox 216 2322 1819 2396">
     <span class='ocr_line' id='line_1_37' title="bbox 216 2322 1819 2396; baseline 0.006 -19"><span class='ocrx_word' id='word_1_257' title='bbox 216 2322 280 2377; x_wconf 88' lang='lat' dir='ltr'><strong>in</strong></span> <span class='ocrx_word' id='word_1_258' title='bbox 307 2337 374 2379; x_wconf 87' lang='lat' dir='ltr'><strong>eo</strong></span> <span class='ocrx_word' id='word_1_259' title='bbox 402 2325 621 2381; x_wconf 89' lang='lat' dir='ltr'><strong>colitur.</strong></span> <span class='ocrx_word' id='word_1_260' title='bbox 672 2329 743 2381; x_wconf 89' lang='lat' dir='ltr'><strong>At</strong></span> <span class='ocrx_word' id='word_1_261' title='bbox 779 2327 913 2383; x_wconf 91' lang='lat' dir='ltr'><strong>illud</strong></span> <span class='ocrx_word' id='word_1_262' title='bbox 942 2330 988 2384; x_wconf 89' lang='lat' dir='ltr'><strong>si</strong></span> <span class='ocrx_word' id='word_1_263' title='bbox 1024 2344 1146 2384; x_wconf 87' lang='lat' dir='ltr'><strong>sero</strong></span> <span class='ocrx_word' id='word_1_264' title='bbox 1166 2372 1182 2396; x_wconf 93' lang='lat'><strong>,</strong></span> <span class='ocrx_word' id='word_1_265' title='bbox 1215 2340 1270 2385; x_wconf 92' lang='lat' dir='ltr'><strong>et</strong></span> <span class='ocrx_word' id='word_1_266' title='bbox 1311 2328 1510 2386; x_wconf 84' lang='lat' dir='ltr'><strong>Christi</strong></span> <span class='ocrx_word' id='word_1_267' title='bbox 1540 2331 1819 2386; x_wconf 78' lang='lat' dir='ltr'><strong>dumtaxat</strong></span> 
     </span>
    </p>
   </div>
   <div class='ocr_carea' id='block_1_38' title="bbox 217 2417 1816 2493">
    <p class='ocr_par' dir='ltr' id='par_1_38' title="bbox 217 2417 1816 2493">
     <span class='ocr_line' id='line_1_38' title="bbox 217 2417 1816 2493; baseline 0.005 -23"><span class='ocrx_word' id='word_1_268' title='bbox 217 2423 474 2485; x_wconf 84' lang='lat' dir='ltr'><strong>tempore</strong></span> <span class='ocrx_word' id='word_1_269' title='bbox 502 2417 811 2485; x_wconf 90' lang='lat' dir='ltr'><strong>didicimus,</strong></span> <span class='ocrx_word' id='word_1_270' title='bbox 844 2419 977 2474; x_wconf 88' lang='lat' dir='ltr'><strong>nihil</strong></span> <span class='ocrx_word' id='word_1_271' title='bbox 1013 2421 1138 2477; x_wconf 90' lang='lat' dir='ltr'><strong>inde</strong></span> <span class='ocrx_word' id='word_1_272' title='bbox 1164 2421 1356 2477; x_wconf 90' lang='lat' dir='ltr'><strong>conﬁci</strong></span> <span class='ocrx_word' id='word_1_273' title='bbox 1386 2432 1597 2493; x_wconf 84' lang='lat' dir='ltr'><strong>poterat</strong></span> <span class='ocrx_word' id='word_1_274' title='bbox 1621 2422 1816 2478; x_wconf 85' lang='lat' dir='ltr'><strong>adver-</strong></span> 
     </span>
    </p>
   </div>
   <div class='ocr_carea' id='block_1_39' title="bbox 217 2508 1812 2590">
    <p class='ocr_par' dir='ltr' id='par_1_39' title="bbox 217 2508 1812 2590">
     <span class='ocr_line' id='line_1_39' title="bbox 217 2508 1812 2590; baseline 0.006 -27"><span class='ocrx_word' id='word_1_275' title='bbox 217 2522 319 2563; x_wconf 87' lang='lat' dir='ltr'><strong>sus</strong></span> <span class='ocrx_word' id='word_1_276' title='bbox 345 2508 694 2579; x_wconf 81' lang='lat' dir='ltr'><strong>christianos,</strong></span> <span class='ocrx_word' id='word_1_277' title='bbox 719 2523 813 2569; x_wconf 90' lang='lat' dir='ltr'><strong>aut</strong></span> <span class='ocrx_word' id='word_1_278' title='bbox 842 2528 940 2584; x_wconf 90' lang='lat' dir='ltr'><strong>pro</strong></span> <span class='ocrx_word' id='word_1_279' title='bbox 965 2514 1217 2581; x_wconf 86' lang='lat' dir='ltr'><strong>ethnicis,</strong></span> <span class='ocrx_word' id='word_1_280' title='bbox 1252 2518 1342 2587; x_wconf 88' lang='lat' dir='ltr'><strong>qui</strong></span> <span class='ocrx_word' id='word_1_281' title='bbox 1375 2534 1482 2572; x_wconf 90' lang='lat' dir='ltr'><strong>non</strong></span> <span class='ocrx_word' id='word_1_282' title='bbox 1514 2528 1620 2573; x_wconf 87' lang='lat' dir='ltr'><strong>tam</strong></span> <span class='ocrx_word' id='word_1_283' title='bbox 1650 2519 1812 2590; x_wconf 90' lang='lat' dir='ltr'><strong>longo</strong></span> 
     </span>
    </p>
   </div>
   <div class='ocr_carea' id='block_1_40' title="bbox 214 2602 1814 2679">
    <p class='ocr_par' dir='ltr' id='par_1_40' title="bbox 214 2602 1814 2679">
     <span class='ocr_line' id='line_1_40' title="bbox 214 2602 1814 2679; baseline 0.006 -24"><span class='ocrx_word' id='word_1_284' title='bbox 214 2616 252 2655; x_wconf 86' lang='lat' dir='ltr'><strong>a</strong></span> <span class='ocrx_word' id='word_1_285' title='bbox 286 2610 533 2672; x_wconf 89' lang='lat' dir='ltr'><strong>tempore</strong></span> <span class='ocrx_word' id='word_1_286' title='bbox 560 2602 859 2674; x_wconf 83' lang='lat' dir='ltr'><strong>Serapidis,</strong></span> <span class='ocrx_word' id='word_1_287' title='bbox 886 2606 1063 2673; x_wconf 82' lang='lat' dir='ltr'><strong>Isidis,</strong></span> <span class='ocrx_word' id='word_1_288' title='bbox 1090 2617 1146 2663; x_wconf 92' lang='lat' dir='ltr'><strong>et</strong></span> <span class='ocrx_word' id='word_1_289' title='bbox 1171 2608 1440 2679; x_wconf 85' lang='lat' dir='ltr'><strong>Apollinis</strong></span> <span class='ocrx_word' id='word_1_290' title='bbox 1462 2624 1683 2678; x_wconf 89' lang='lat' dir='ltr'><strong>nomen,</strong></span> <span class='ocrx_word' id='word_1_291' title='bbox 1725 2619 1814 2664; x_wconf 83' lang='lat' dir='ltr'><strong>at-</strong></span> 
     </span>
    </p>
   </div>
   <div class='ocr_carea' id='block_1_41' title="bbox 212 2693 1803 2774">
    <p class='ocr_par' dir='ltr' id='par_1_41' title="bbox 212 2693 1803 2774">
     <span class='ocr_line' id='line_1_41' title="bbox 212 2693 1803 2774; baseline 0.007 -25"><span class='ocrx_word' id='word_1_292' title='bbox 212 2708 327 2764; x_wconf 80' lang='lat' dir='ltr'><strong>que</strong></span> <span class='ocrx_word' id='word_1_293' title='bbox 357 2693 607 2766; x_wconf 81' lang='lat' dir='ltr'><strong>Phrygia:</strong></span> <span class='ocrx_word' id='word_1_294' title='bbox 645 2698 855 2764; x_wconf 88' lang='lat' dir='ltr'><strong>matris,</strong></span> <span class='ocrx_word' id='word_1_295' title='bbox 896 2698 1217 2769; x_wconf 83' lang='lat' dir='ltr'><strong>Cererisque</strong></span> <span class='ocrx_word' id='word_1_296' title='bbox 1246 2716 1400 2757; x_wconf 83' lang='lat' dir='ltr'><strong>sacra</strong></span> <span class='ocrx_word' id='word_1_297' title='bbox 1431 2715 1803 2774; x_wconf 91' lang='lat' dir='ltr'><strong>susceperant.</strong></span> 
     </span>
    </p>
   </div>
   <div class='ocr_carea' id='block_1_42' title="bbox 293 2786 1813 2860">
    <p class='ocr_par' dir='ltr' id='par_1_42' title="bbox 293 2786 1813 2860">
     <span class='ocr_line' id='line_1_42' title="bbox 293 2786 1813 2860; baseline 0.008 -18"><span class='ocrx_word' id='word_1_298' title='bbox 293 2786 495 2843; x_wconf 82' lang='lat' dir='ltr'><strong>Verum</strong></span> <span class='ocrx_word' id='word_1_299' title='bbox 525 2790 871 2860; x_wconf 83' lang='lat' dir='ltr'><strong>postulabant</strong></span> <span class='ocrx_word' id='word_1_300' title='bbox 899 2792 1124 2860; x_wconf 86' lang='lat' dir='ltr'><strong>ethnici,</strong></span> <span class='ocrx_word' id='word_1_301' title='bbox 1155 2808 1254 2848; x_wconf 89' lang='lat' dir='ltr'><strong>cur</strong></span> <span class='ocrx_word' id='word_1_302' title='bbox 1282 2794 1526 2851; x_wconf 70' lang='lat' dir='ltr'><strong>Christus</strong></span> <span class='ocrx_word' id='word_1_303' title='bbox 1555 2808 1663 2852; x_wconf 85' lang='lat' dir='ltr'><strong>tam</strong></span> <span class='ocrx_word' id='word_1_304' title='bbox 1691 2808 1813 2854; x_wconf 89' lang='lat' dir='ltr'><strong>seto</strong></span> 
     </span>
    </p>
   </div>
   <div class='ocr_carea' id='block_1_43' title="bbox 213 2879 1810 2961">
    <p class='ocr_par' dir='ltr' id='par_1_43' title="bbox 213 2879 1810 2961">
     <span class='ocr_line' id='line_1_43' title="bbox 213 2879 1810 2961; baseline 0.006 -25"><span class='ocrx_word' id='word_1_305' title='bbox 213 2879 418 2937; x_wconf 78' lang='lat' dir='ltr'><strong>missus</strong></span> <span class='ocrx_word' id='word_1_306' title='bbox 443 2896 475 2936; x_wconf 91' lang='lat' dir='ltr'><strong>a</strong></span> <span class='ocrx_word' id='word_1_307' title='bbox 497 2881 607 2938; x_wconf 90' lang='lat' dir='ltr'><strong>Deo</strong></span> <span class='ocrx_word' id='word_1_308' title='bbox 646 2882 827 2940; x_wconf 76' lang='lat' dir='ltr'><strong>fuerit.</strong></span> <span class='ocrx_word' id='word_1_309' title='bbox 867 2885 974 2941; x_wconf 89' lang='lat' dir='ltr'><strong>Sed</strong></span> <span class='ocrx_word' id='word_1_310' title='bbox 1001 2886 1070 2941; x_wconf 90' lang='lat' dir='ltr'><strong>ab</strong></span> <span class='ocrx_word' id='word_1_311' title='bbox 1107 2887 1175 2941; x_wconf 93' lang='lat' dir='ltr'><strong>iis</strong></span> <span class='ocrx_word' id='word_1_312' title='bbox 1203 2887 1439 2943; x_wconf 83' lang='lat' dir='ltr'><strong>vicissim</strong></span> <span class='ocrx_word' id='word_1_313' title='bbox 1467 2889 1601 2961; x_wconf 89' lang='lat' dir='ltr'><strong>petit</strong></span> <span class='ocrx_word' id='word_1_314' title='bbox 1629 2892 1810 2946; x_wconf 87' lang='lat' dir='ltr'><strong>Arno-</strong></span> 
     </span>
    </p>
   </div>
   <div class='ocr_carea' id='block_1_44' title="bbox 213 2972 1804 3051">
    <p class='ocr_par' dir='ltr' id='par_1_44' title="bbox 213 2972 1804 3051">
     <span class='ocr_line' id='line_1_44' title="bbox 213 2972 1804 3051; baseline 0.007 -22"><span class='ocrx_word' id='word_1_315' title='bbox 213 2972 364 3038; x_wconf 82' lang='lat' dir='ltr'><strong>bius,</strong></span> <span class='ocrx_word' id='word_1_316' title='bbox 394 2989 492 3031; x_wconf 92' lang='lat' dir='ltr'><strong>cur</strong></span> <span class='ocrx_word' id='word_1_317' title='bbox 519 2976 813 3048; x_wconf 86' lang='lat' dir='ltr'><strong>aliquando</strong></span> <span class='ocrx_word' id='word_1_318' title='bbox 843 2976 1469 3051; x_wconf 79' lang='lat' dir='ltr'><strong>hyems,:estas,pluvia,</strong></span> <span class='ocrx_word' id='word_1_319' title='bbox 1513 2998 1619 3038; x_wconf 94' lang='lat' dir='ltr'><strong>non</strong></span> <span class='ocrx_word' id='word_1_320' title='bbox 1645 2993 1804 3051; x_wconf 89' lang='lat' dir='ltr'><strong>stato,</strong></span> 
     </span>
    </p>
   </div>
   <div class='ocr_carea' id='block_1_45' title="bbox 212 3075 1880 3166">
    <p class='ocr_par' dir='ltr' id='par_1_45' title="bbox 212 3075 1880 3166">
     <span class='ocr_line' id='line_1_45' title="bbox 212 3075 1880 3166; baseline 0.008 -44"><span class='ocrx_word' id='word_1_321' title='bbox 212 3078 631 3142; x_wconf 85' lang='lat' dir='ltr'><strong>opportuneque</strong></span> <span class='ocrx_word' id='word_1_322' title='bbox 668 3086 885 3142; x_wconf 83' lang='lat' dir='ltr'><strong>semper</strong></span> <span class='ocrx_word' id='word_1_323' title='bbox 920 3083 1183 3145; x_wconf 86' lang='lat' dir='ltr'><strong>tempore,</strong></span> <span class='ocrx_word' id='word_1_324' title='bbox 1233 3075 1327 3131; x_wconf 90' lang='lat' dir='ltr'><strong>sed</strong></span> <span class='ocrx_word' id='word_1_325' title='bbox 1370 3077 1576 3132; x_wconf 89' lang='lat' dir='ltr'><strong>tardius</strong></span> <span class='ocrx_word' id='word_1_326' title='bbox 1624 3095 1806 3136; x_wconf 89' lang='lat' dir='ltr'><strong>recur-</strong></span> <span class='ocrx_word' id='word_1_327' title='bbox 1833 3102 1880 3166; x_wconf 69' lang='grc' dir='ltr'><strong>ρ</strong></span> 
     </span>
    </p>
   </div>
   <div class='ocr_carea' id='block_1_46' title="bbox 210 3163 1806 3238">
    <p class='ocr_par' dir='ltr' id='par_1_46' title="bbox 210 3163 1806 3238">
     <span class='ocr_line' id='line_1_46' title="bbox 210 3163 1806 3238; baseline 0.008 -22"><span class='ocrx_word' id='word_1_328' title='bbox 210 3163 361 3217; x_wconf 82' lang='lat' dir='ltr'><strong>rant?</strong></span> <span class='ocrx_word' id='word_1_329' title='bbox 380 3179 475 3220; x_wconf 91' lang='lat' dir='ltr'><strong>cur</strong></span> <span class='ocrx_word' id='word_1_330' title='bbox 495 3164 775 3233; x_wconf 85' lang='lat' dir='ltr'><strong>Hercules,</strong></span> <span class='ocrx_word' id='word_1_331' title='bbox 799 3165 1168 3237; x_wconf 68' lang='lat' dir='ltr'><strong>Esculaptus,</strong></span> <span class='ocrx_word' id='word_1_332' title='bbox 1190 3168 1485 3225; x_wconf 85' lang='lat' dir='ltr'><strong>Mercurius</strong></span> <span class='ocrx_word' id='word_1_333' title='bbox 1497 3179 1554 3225; x_wconf 92' lang='lat' dir='ltr'><strong>et</strong></span> <span class='ocrx_word' id='word_1_334' title='bbox 1568 3171 1677 3238; x_wconf 88' lang='lat' dir='ltr'><strong>alii,</strong></span> <span class='ocrx_word' id='word_1_335' title='bbox 1699 3181 1806 3228; x_wconf 86' lang='lat' dir='ltr'><strong>tant</strong></span> 
     </span>
    </p>
   </div>
   <div class='ocr_carea' id='block_1_47' title="bbox 206 3255 1807 3333">
    <p class='ocr_par' dir='ltr' id='par_1_47' title="bbox 206 3255 1807 3333">
     <span class='ocr_line' id='line_1_47' title="bbox 206 3255 1807 3333; baseline 0.006 -22"><span class='ocrx_word' id='word_1_336' title='bbox 206 3268 338 3311; x_wconf 88' lang='lat' dir='ltr'><strong>sero</strong></span> <span class='ocrx_word' id='word_1_337' title='bbox 394 3255 448 3310; x_wconf 91' lang='lat' dir='ltr'><strong>in</strong></span> <span class='ocrx_word' id='word_1_338' title='bbox 497 3256 723 3313; x_wconf 89' lang='lat' dir='ltr'><strong>deorum</strong></span> <span class='ocrx_word' id='word_1_339' title='bbox 747 3273 990 3330; x_wconf 81' lang='lat' dir='ltr'><strong>gregem,</strong></span> <span class='ocrx_word' id='word_1_340' title='bbox 1038 3269 1388 3332; x_wconf 70' lang='lat' dir='ltr'><strong>uestrumque</strong></span> <span class='ocrx_word' id='word_1_341' title='bbox 1442 3265 1807 3333; x_wconf 81' lang='lat' dir='ltr'><strong>cognitionem</strong></span> 
     </span>
    </p>
   </div>
   <div class='ocr_carea' id='block_1_48' title="bbox 208 3350 1804 3426">
    <p class='ocr_par' dir='ltr' id='par_1_48' title="bbox 208 3350 1804 3426">
     <span class='ocr_line' id='line_1_48' title="bbox 208 3350 1804 3426; baseline 0.008 -24"><span class='ocrx_word' id='word_1_342' title='bbox 208 3350 782 3418; x_wconf 84' lang='lat' dir='ltr'><strong>venerint?Quamvis</strong></span> <span class='ocrx_word' id='word_1_343' title='bbox 805 3352 991 3425; x_wconf 88' lang='lat' dir='ltr'><strong>itaque</strong></span> <span class='ocrx_word' id='word_1_344' title='bbox 1040 3355 1181 3409; x_wconf 83' lang='lat' dir='ltr'><strong>ratio</strong></span> <span class='ocrx_word' id='word_1_345' title='bbox 1220 3369 1318 3410; x_wconf 91' lang='lat' dir='ltr'><strong>cur</strong></span> <span class='ocrx_word' id='word_1_346' title='bbox 1360 3356 1563 3426; x_wconf 87' lang='lat' dir='ltr'><strong>aliquid</strong></span> <span class='ocrx_word' id='word_1_347' title='bbox 1606 3357 1804 3414; x_wconf 81' lang='lat' dir='ltr'><strong>factum</strong></span> 
     </span>
    </p>
   </div>
   <div class='ocr_carea' id='block_1_49' title="bbox 205 3442 1807 3517">
    <p class='ocr_par' dir='ltr' id='par_1_49' title="bbox 205 3442 1807 3517">
     <span class='ocr_line' id='line_1_49' title="bbox 205 3442 1807 3517; baseline 0.006 -19"><span class='ocrx_word' id='word_1_348' title='bbox 205 3442 302 3508; x_wconf 88' lang='lat' dir='ltr'><strong>sit,</strong></span> <span class='ocrx_word' id='word_1_349' title='bbox 322 3444 475 3500; x_wconf 87' lang='lat' dir='ltr'><strong>reddi</strong></span> <span class='ocrx_word' id='word_1_350' title='bbox 500 3455 759 3517; x_wconf 87' lang='lat' dir='ltr'><strong>nequeat;</strong></span> <span class='ocrx_word' id='word_1_351' title='bbox 789 3463 896 3501; x_wconf 93' lang='lat' dir='ltr'><strong>non</strong></span> <span class='ocrx_word' id='word_1_352' title='bbox 919 3446 1044 3503; x_wconf 92' lang='lat' dir='ltr'><strong>inde</strong></span> <span class='ocrx_word' id='word_1_353' title='bbox 1068 3457 1247 3504; x_wconf 85' lang='lat' dir='ltr'><strong>tamen</strong></span> <span class='ocrx_word' id='word_1_354' title='bbox 1270 3448 1464 3505; x_wconf 79' lang='lat' dir='ltr'><strong>factum</strong></span> <span class='ocrx_word' id='word_1_355' title='bbox 1494 3450 1625 3505; x_wconf 90' lang='lat' dir='ltr'><strong>illud</strong></span> <span class='ocrx_word' id='word_1_356' title='bbox 1642 3450 1807 3508; x_wconf 83' lang='lat' dir='ltr'><strong>inisse</strong></span> 
     </span>
    </p>
   </div>
   <div class='ocr_carea' id='block_1_50' title="bbox 206 3536 1803 3612">
    <p class='ocr_par' dir='ltr' id='par_1_50' title="bbox 206 3536 1803 3612">
     <span class='ocr_line' id='line_1_50' title="bbox 206 3536 1803 3612; baseline 0.007 -21"><span class='ocrx_word' id='word_1_357' title='bbox 206 3537 397 3607; x_wconf 82' lang='lat' dir='ltr'><strong>negari</strong></span> <span class='ocrx_word' id='word_1_358' title='bbox 425 3536 608 3594; x_wconf 86' lang='lat' dir='ltr'><strong>debet.</strong></span> <span class='ocrx_word' id='word_1_359' title='bbox 634 3539 773 3608; x_wconf 82' lang='lat' dir='ltr'><strong>Quid</strong></span> <span class='ocrx_word' id='word_1_360' title='bbox 804 3550 1064 3609; x_wconf 70' lang='lat' dir='ltr'><strong>praeterea</strong></span> <span class='ocrx_word' id='word_1_361' title='bbox 1085 3582 1103 3608; x_wconf 96' lang='lat'><strong>,</strong></span> <span class='ocrx_word' id='word_1_362' title='bbox 1135 3542 1279 3612; x_wconf 90' lang='lat' dir='ltr'><strong>quod</strong></span> <span class='ocrx_word' id='word_1_363' title='bbox 1299 3544 1531 3599; x_wconf 88' lang='lat' dir='ltr'><strong>nihilest</strong></span> <span class='ocrx_word' id='word_1_364' title='bbox 1556 3545 1612 3599; x_wconf 89' lang='lat' dir='ltr'><strong>in</strong></span> <span class='ocrx_word' id='word_1_365' title='bbox 1639 3558 1803 3602; x_wconf 65' lang='lat' dir='ltr'><strong>teter-</strong></span> 
     </span>
    </p>
   </div>
   <div class='ocr_carea' id='block_1_51' title="bbox 204 3630 1803 3704">
    <p class='ocr_par' dir='ltr' id='par_1_51' title="bbox 204 3630 1803 3704">
     <span class='ocr_line' id='line_1_51' title="bbox 204 3630 1803 3704; baseline 0.007 -20"><span class='ocrx_word' id='word_1_366' title='bbox 204 3630 379 3685; x_wconf 89' lang='lat' dir='ltr'><strong>nitate</strong></span> <span class='ocrx_word' id='word_1_367' title='bbox 405 3631 615 3687; x_wconf 82' lang='lat' dir='ltr'><strong>tardnm</strong></span> <span class='ocrx_word' id='word_1_368' title='bbox 664 3644 758 3688; x_wconf 92' lang='lat' dir='ltr'><strong>aut</strong></span> <span class='ocrx_word' id='word_1_369' title='bbox 805 3636 1229 3704; x_wconf 69' lang='lat' dir='ltr'><strong>praematurum?</strong></span> <span class='ocrx_word' id='word_1_370' title='bbox 1259 3636 1422 3703; x_wconf 89' lang='lat' dir='ltr'><strong>Quid,</strong></span> <span class='ocrx_word' id='word_1_371' title='bbox 1465 3638 1511 3692; x_wconf 91' lang='lat' dir='ltr'><strong>si</strong></span> <span class='ocrx_word' id='word_1_372' title='bbox 1563 3638 1803 3695; x_wconf 88' lang='lat' dir='ltr'><strong>deterior</strong></span> 
     </span>
    </p>
   </div>
   <div class='ocr_carea' id='block_1_52' title="bbox 202 3720 1799 3803">
    <p class='ocr_par' dir='ltr' id='par_1_52' title="bbox 202 3720 1799 3803">
     <span class='ocr_line' id='line_1_52' title="bbox 202 3720 1799 3803; baseline 0.008 -26"><span class='ocrx_word' id='word_1_373' title='bbox 202 3720 444 3779; x_wconf 81' lang='lat' dir='ltr'><strong>humana</strong></span> <span class='ocrx_word' id='word_1_374' title='bbox 491 3723 751 3791; x_wconf 74' lang='lat' dir='ltr'><strong>Conditio,</strong></span> <span class='ocrx_word' id='word_1_375' title='bbox 805 3734 862 3779; x_wconf 91' lang='lat' dir='ltr'><strong>et</strong></span> <span class='ocrx_word' id='word_1_376' title='bbox 902 3725 1187 3782; x_wconf 80' lang='lat' dir='ltr'><strong>inﬁrmitas</strong></span> <span class='ocrx_word' id='word_1_377' title='bbox 1217 3729 1608 3797; x_wconf 78' lang='lat' dir='ltr'><strong>pesterioribus</strong></span> <span class='ocrx_word' id='word_1_378' title='bbox 1636 3748 1799 3803; x_wconf 85' lang='lat' dir='ltr'><strong>quam</strong></span> 
     </span>
    </p>
   </div>
   <div class='ocr_carea' id='block_1_53' title="bbox 201 3813 1802 3895">
    <p class='ocr_par' dir='ltr' id='par_1_53' title="bbox 201 3813 1802 3895">
     <span class='ocr_line' id='line_1_53' title="bbox 201 3813 1802 3895; baseline 0.009 -28"><span class='ocrx_word' id='word_1_379' title='bbox 201 3813 478 3884; x_wconf 82' lang='lat' dir='ltr'><strong>prioribus</strong></span> <span class='ocrx_word' id='word_1_380' title='bbox 504 3816 717 3871; x_wconf 70' lang='lat' dir='ltr'><strong>saeculis</strong></span> <span class='ocrx_word' id='word_1_381' title='bbox 744 3817 937 3887; x_wconf 86' lang='lat' dir='ltr'><strong>major,</strong></span> <span class='ocrx_word' id='word_1_382' title='bbox 987 3818 1038 3872; x_wconf 87' lang='lat' dir='ltr'><strong>id</strong></span> <span class='ocrx_word' id='word_1_383' title='bbox 1077 3820 1367 3890; x_wconf 77' lang='lat' dir='ltr'><strong>exigebat?</strong></span> <span class='ocrx_word' id='word_1_384' title='bbox 1420 3823 1660 3895; x_wconf 80' lang='lat' dir='ltr'><strong>Denique</strong></span> <span class='ocrx_word' id='word_1_385' title='bbox 1690 3826 1802 3881; x_wconf 93' lang='lat' dir='ltr'><strong>sin-</strong></span> 
     </span>
    </p>
   </div>
   <div class='ocr_carea' id='block_1_54' title="bbox 198 3903 1799 3982">
    <p class='ocr_par' dir='ltr' id='par_1_54' title="bbox 198 3903 1799 3982">
     <span class='ocr_line' id='line_1_54' title="bbox 198 3903 1799 3982; baseline 0.009 -24"><span class='ocrx_word' id='word_1_386' title='bbox 198 3906 327 3976; x_wconf 90' lang='lat' dir='ltr'><strong>gula</strong></span> <span class='ocrx_word' id='word_1_387' title='bbox 348 3903 489 3963; x_wconf 78' lang='lat' dir='ltr'><strong>facta</strong></span> <span class='ocrx_word' id='word_1_388' title='bbox 515 3917 642 3963; x_wconf 90' lang='lat' dir='ltr'><strong>sunt</strong></span> <span class='ocrx_word' id='word_1_389' title='bbox 666 3909 960 3980; x_wconf 90' lang='lat' dir='ltr'><strong>quomodo,</strong></span> <span class='ocrx_word' id='word_1_390' title='bbox 993 3925 1056 3966; x_wconf 92' lang='lat' dir='ltr'><strong>ac</strong></span> <span class='ocrx_word' id='word_1_391' title='bbox 1075 3913 1291 3982; x_wconf 89' lang='lat' dir='ltr'><strong>quando</strong></span> <span class='ocrx_word' id='word_1_392' title='bbox 1311 3913 1455 3970; x_wconf 86' lang='lat' dir='ltr'><strong>Deus</strong></span> <span class='ocrx_word' id='word_1_393' title='bbox 1481 3916 1799 3974; x_wconf 88' lang='lat' dir='ltr'><strong>immutabili</strong></span> 
     </span>
    </p>
   </div>
   <div class='ocr_carea' id='block_1_55' title="bbox 197 3997 828 4059">
    <p class='ocr_par' dir='ltr' id='par_1_55' title="bbox 197 3997 828 4059">
     <span class='ocr_line' id='line_1_55' title="bbox 197 3997 828 4059; baseline 0.003 -6"><span class='ocrx_word' id='word_1_394' title='bbox 197 3997 424 4055; x_wconf 89' lang='lat' dir='ltr'><strong>decreto</strong></span> <span class='ocrx_word' id='word_1_395' title='bbox 452 4002 828 4059; x_wconf 76' lang='lat' dir='ltr'><strong>constituerat.</strong></span> 
     </span>
    </p>
   </div>
   <div class='ocr_carea' id='block_1_56' title="bbox 194 4090 1797 4167">
    <p class='ocr_par' dir='ltr' id='par_1_56' title="bbox 194 4090 1797 4167">
     <span class='ocr_line' id='line_1_56' title="bbox 194 4090 1797 4167; baseline 0.009 -21"><span class='ocrx_word' id='word_1_396' title='bbox 194 4116 204 4147; x_wconf 92' lang='lat' dir='ltr'><strong>l</strong></span> <span class='ocrx_word' id='word_1_397' title='bbox 272 4090 556 4148; x_wconf 84' lang='lat' dir='ltr'><strong>Postremo</strong></span> <span class='ocrx_word' id='word_1_398' title='bbox 596 4094 936 4165; x_wconf 90' lang='lat' dir='ltr'><strong>inquirebant</strong></span> <span class='ocrx_word' id='word_1_399' title='bbox 974 4099 1203 4167; x_wconf 86' lang='lat' dir='ltr'><strong>gentiles</strong></span> <span class='ocrx_word' id='word_1_400' title='bbox 1218 4115 1313 4155; x_wconf 92' lang='lat' dir='ltr'><strong>cur</strong></span> <span class='ocrx_word' id='word_1_401' title='bbox 1350 4101 1496 4156; x_wconf 89' lang='lat' dir='ltr'><strong>Deus</strong></span> <span class='ocrx_word' id='word_1_402' title='bbox 1528 4104 1611 4157; x_wconf 92' lang='lat' dir='ltr'><strong>cui</strong></span> <span class='ocrx_word' id='word_1_403' title='bbox 1652 4104 1797 4161; x_wconf 90' lang='lat' dir='ltr'><strong>chri-</strong></span> 
     </span>
    </p>
   </div>
   <div class='ocr_carea' id='block_1_57' title="bbox 194 4185 1796 4264">
    <p class='ocr_par' dir='ltr' id='par_1_57' title="bbox 194 4185 1796 4264">
     <span class='ocr_line' id='line_1_57' title="bbox 194 4185 1796 4264; baseline 0.008 -23"><span class='ocrx_word' id='word_1_404' title='bbox 194 4185 359 4241; x_wconf 84' lang='lat' dir='ltr'><strong>stiani</strong></span> <span class='ocrx_word' id='word_1_405' title='bbox 375 4187 703 4250; x_wconf 86' lang='lat' dir='ltr'><strong>serviebant,</strong></span> <span class='ocrx_word' id='word_1_406' title='bbox 727 4189 772 4243; x_wconf 89' lang='lat' dir='ltr'><strong>si</strong></span> <span class='ocrx_word' id='word_1_407' title='bbox 792 4191 1134 4261; x_wconf 87' lang='lat' dir='ltr'><strong>omnipotens</strong></span> <span class='ocrx_word' id='word_1_408' title='bbox 1149 4192 1234 4257; x_wconf 87' lang='lat' dir='ltr'><strong>sit,</strong></span> <span class='ocrx_word' id='word_1_409' title='bbox 1260 4196 1490 4264; x_wconf 89' lang='lat' dir='ltr'><strong>patiatur</strong></span> <span class='ocrx_word' id='word_1_410' title='bbox 1508 4196 1627 4250; x_wconf 84' lang='lat' dir='ltr'><strong>illos</strong></span> <span class='ocrx_word' id='word_1_411' title='bbox 1647 4200 1796 4255; x_wconf 91' lang='lat' dir='ltr'><strong>omni</strong></span> 
     </span>
    </p>
   </div>
   <div class='ocr_carea' id='block_1_58' title="bbox 195 4280 1796 4361">
    <p class='ocr_par' dir='ltr' id='par_1_58' title="bbox 195 4280 1796 4361">
     <span class='ocr_line' id='line_1_58' title="bbox 195 4280 1796 4361; baseline 0.009 -29"><span class='ocrx_word' id='word_1_412' title='bbox 195 4280 639 4348; x_wconf 88' lang='lat' dir='ltr'><strong>persecutionum</strong></span> <span class='ocrx_word' id='word_1_413' title='bbox 664 4321 680 4347; x_wconf 95' lang='lat'><strong>,</strong></span> <span class='ocrx_word' id='word_1_414' title='bbox 711 4296 990 4351; x_wconf 64' lang='lat' dir='ltr'><strong>pinnarum</strong></span> <span class='ocrx_word' id='word_1_415' title='bbox 1011 4326 1027 4352; x_wconf 93' lang='lat'><strong>,</strong></span> <span class='ocrx_word' id='word_1_416' title='bbox 1065 4300 1131 4339; x_wconf 85' lang='lat' dir='ltr'><strong>ac</strong></span> <span class='ocrx_word' id='word_1_417' title='bbox 1159 4286 1544 4356; x_wconf 84' lang='lat' dir='ltr'><strong>suppliciorum</strong></span> <span class='ocrx_word' id='word_1_418' title='bbox 1599 4306 1796 4361; x_wconf 88' lang='lat' dir='ltr'><strong>genere</strong></span> 
     </span>
    </p>
   </div>
   <div class='ocr_carea' id='block_1_59' title="bbox 195 4372 1794 4451">
    <p class='ocr_par' dir='ltr' id='par_1_59' title="bbox 195 4372 1794 4451">
     <span class='ocr_line' id='line_1_59' title="bbox 195 4372 1794 4451; baseline 0.01 -25"><span class='ocrx_word' id='word_1_419' title='bbox 195 4372 390 4427; x_wconf 81' lang='lat' dir='ltr'><strong>vexari</strong></span> <span class='ocrx_word' id='word_1_420' title='bbox 418 4382 475 4429; x_wconf 91' lang='lat' dir='ltr'><strong>et</strong></span> <span class='ocrx_word' id='word_1_421' title='bbox 494 4375 750 4444; x_wconf 80' lang='lat' dir='ltr'><strong>opprimi?</strong></span> <span class='ocrx_word' id='word_1_422' title='bbox 770 4375 874 4431; x_wconf 87' lang='lat' dir='ltr'><strong>Sed</strong></span> <span class='ocrx_word' id='word_1_423' title='bbox 891 4378 1124 4434; x_wconf 74' lang='lat' dir='ltr'><strong>vicissim</strong></span> <span class='ocrx_word' id='word_1_424' title='bbox 1150 4381 1219 4434; x_wconf 91' lang='lat' dir='ltr'><strong>ab</strong></span> <span class='ocrx_word' id='word_1_425' title='bbox 1239 4381 1345 4437; x_wconf 91' lang='lat' dir='ltr'><strong>illis</strong></span> <span class='ocrx_word' id='word_1_426' title='bbox 1376 4384 1599 4451; x_wconf 89' lang='lat' dir='ltr'><strong>requirit</strong></span> <span class='ocrx_word' id='word_1_427' title='bbox 1620 4386 1794 4441; x_wconf 82' lang='lat' dir='ltr'><strong>Arno-</strong></span> 
     </span>
    </p>
   </div>
   <div class='ocr_carea' id='block_1_60' title="bbox 193 4464 1791 4536">
    <p class='ocr_par' dir='ltr' id='par_1_60' title="bbox 193 4464 1791 4536">
     <span class='ocr_line' id='line_1_60' title="bbox 193 4464 1791 4536; baseline 0.009 -15"><span class='ocrx_word' id='word_1_428' title='bbox 193 4464 341 4532; x_wconf 88' lang='lat' dir='ltr'><strong>bius,</strong></span> <span class='ocrx_word' id='word_1_429' title='bbox 359 4480 459 4523; x_wconf 89' lang='lat' dir='ltr'><strong>cur</strong></span> <span class='ocrx_word' id='word_1_430' title='bbox 474 4481 662 4522; x_wconf 88' lang='lat' dir='ltr'><strong>eorum</strong></span> <span class='ocrx_word' id='word_1_431' title='bbox 674 4468 748 4525; x_wconf 79' lang='lat' dir='ltr'><strong>dii</strong></span> <span class='ocrx_word' id='word_1_432' title='bbox 770 4470 1008 4526; x_wconf 88' lang='lat' dir='ltr'><strong>cultores</strong></span> <span class='ocrx_word' id='word_1_433' title='bbox 1022 4486 1151 4527; x_wconf 91' lang='lat' dir='ltr'><strong>suos</strong></span> <span class='ocrx_word' id='word_1_434' title='bbox 1168 4473 1437 4531; x_wconf 87' lang='lat' dir='ltr'><strong>similibus</strong></span> <span class='ocrx_word' id='word_1_435' title='bbox 1452 4481 1708 4534; x_wconf 77' lang='lat' dir='ltr'><strong>:ernmnis</strong></span> <span class='ocrx_word' id='word_1_436' title='bbox 1728 4496 1791 4536; x_wconf 90' lang='lat' dir='ltr'><strong>ac</strong></span> 
     </span>
    </p>
   </div>
   <div class='ocr_carea' id='block_1_61' title="bbox 194 4559 1791 4645">
    <p class='ocr_par' dir='ltr' id='par_1_61' title="bbox 194 4559 1791 4645">
     <span class='ocr_line' id='line_1_61' title="bbox 194 4559 1791 4645; baseline 0.008 -30"><span class='ocrx_word' id='word_1_437' title='bbox 194 4559 597 4618; x_wconf 77' lang='lat' dir='ltr'><strong>calamitatibus</strong></span> <span class='ocrx_word' id='word_1_438' title='bbox 616 4562 771 4618; x_wconf 89' lang='lat' dir='ltr'><strong>obrui</strong></span> <span class='ocrx_word' id='word_1_439' title='bbox 799 4566 1243 4633; x_wconf 87' lang='lat' dir='ltr'><strong>patiebantur.At</strong></span> <span class='ocrx_word' id='word_1_440' title='bbox 1270 4568 1568 4638; x_wconf 80' lang='lat' dir='ltr'><strong>christiani,</strong></span> <span class='ocrx_word' id='word_1_441' title='bbox 1600 4575 1791 4645; x_wconf 90' lang='lat' dir='ltr'><strong>inquit,</strong></span> 
     </span>
    </p>
   </div>
   <div class='ocr_carea' id='block_1_62' title="bbox 192 4653 1795 4739">
    <p class='ocr_par' dir='ltr' id='par_1_62' title="bbox 192 4653 1795 4739">
     <span class='ocr_line' id='line_1_62' title="bbox 192 4653 1795 4739; baseline 0.01 -31"><span class='ocrx_word' id='word_1_442' title='bbox 192 4653 395 4725; x_wconf 81' lang='lat' dir='ltr'><strong>quibus</strong></span> <span class='ocrx_word' id='word_1_443' title='bbox 413 4653 549 4709; x_wconf 88' lang='lat' dir='ltr'><strong>nihil</strong></span> <span class='ocrx_word' id='word_1_444' title='bbox 574 4656 629 4710; x_wconf 93' lang='lat' dir='ltr'><strong>in</strong></span> <span class='ocrx_word' id='word_1_445' title='bbox 660 4655 763 4712; x_wconf 82' lang='lat' dir='ltr'><strong>hac</strong></span> <span class='ocrx_word' id='word_1_446' title='bbox 789 4659 892 4712; x_wconf 87' lang='lat' dir='ltr'><strong>vita</strong></span> <span class='ocrx_word' id='word_1_447' title='bbox 920 4660 1244 4727; x_wconf 85' lang='lat' dir='ltr'><strong>promissum</strong></span> <span class='ocrx_word' id='word_1_448' title='bbox 1293 4674 1395 4727; x_wconf 83' lang='lat' dir='ltr'><strong>est,</strong></span> <span class='ocrx_word' id='word_1_449' title='bbox 1429 4679 1636 4734; x_wconf 68' lang='lat' dir='ltr'><strong>pinnas,</strong></span> <span class='ocrx_word' id='word_1_450' title='bbox 1666 4684 1795 4739; x_wconf 89' lang='lat' dir='ltr'><strong>sup-</strong></span> 
     </span>
    </p>
   </div>
   <div class='ocr_carea' id='block_1_63' title="bbox 193 4746 1792 4826">
    <p class='ocr_par' dir='ltr' id='par_1_63' title="bbox 193 4746 1792 4826">
     <span class='ocr_line' id='line_1_63' title="bbox 193 4746 1792 4826; baseline 0.012 -25"><span class='ocrx_word' id='word_1_451' title='bbox 193 4746 379 4817; x_wconf 88' lang='lat' dir='ltr'><strong>plicia,</strong></span> <span class='ocrx_word' id='word_1_452' title='bbox 409 4758 465 4803; x_wconf 93' lang='lat' dir='ltr'><strong>et</strong></span> <span class='ocrx_word' id='word_1_453' title='bbox 483 4748 619 4805; x_wconf 77' lang='lat' dir='ltr'><strong>dura</strong></span> <span class='ocrx_word' id='word_1_454' title='bbox 645 4751 827 4806; x_wconf 88' lang='lat' dir='ltr'><strong>omnia</strong></span> <span class='ocrx_word' id='word_1_455' title='bbox 852 4752 1083 4808; x_wconf 85' lang='lat' dir='ltr'><strong>libenter</strong></span> <span class='ocrx_word' id='word_1_456' title='bbox 1110 4755 1350 4823; x_wconf 80' lang='lat' dir='ltr'><strong>perferre</strong></span> <span class='ocrx_word' id='word_1_457' title='bbox 1377 4759 1572 4826; x_wconf 89' lang='lat' dir='ltr'><strong>edocti,</strong></span> <span class='ocrx_word' id='word_1_458' title='bbox 1598 4765 1792 4819; x_wconf 88' lang='lat' dir='ltr'><strong>certis-</strong></span> 
     </span>
    </p>
   </div>
   <div class='ocr_carea' id='block_1_64' title="bbox 192 4842 1794 4922">
    <p class='ocr_par' dir='ltr' id='par_1_64' title="bbox 192 4842 1794 4922">
     <span class='ocr_line' id='line_1_64' title="bbox 192 4842 1794 4922; baseline 0.011 -25"><span class='ocrx_word' id='word_1_459' title='bbox 192 4842 332 4899; x_wconf 88' lang='lat' dir='ltr'><strong>sime</strong></span> <span class='ocrx_word' id='word_1_460' title='bbox 356 4852 621 4901; x_wconf 79' lang='lat' dir='ltr'><strong>noverant</strong></span> <span class='ocrx_word' id='word_1_461' title='bbox 673 4844 757 4900; x_wconf 85' lang='lat' dir='ltr'><strong>his</strong></span> <span class='ocrx_word' id='word_1_462' title='bbox 796 4862 903 4915; x_wconf 77' lang='lat' dir='ltr'><strong>non</strong></span> <span class='ocrx_word' id='word_1_463' title='bbox 935 4848 1060 4902; x_wconf 89' lang='lat' dir='ltr'><strong>mali</strong></span> <span class='ocrx_word' id='word_1_464' title='bbox 1089 4847 1290 4918; x_wconf 89' lang='lat' dir='ltr'><strong>aliquid</strong></span> <span class='ocrx_word' id='word_1_465' title='bbox 1337 4851 1439 4906; x_wconf 83' lang='lat' dir='ltr'><strong>sibi</strong></span> <span class='ocrx_word' id='word_1_466' title='bbox 1466 4854 1669 4922; x_wconf 87' lang='lat' dir='ltr'><strong>aﬁ&#39;erri,</strong></span> <span class='ocrx_word' id='word_1_467' title='bbox 1696 4858 1794 4914; x_wconf 80' lang='lat' dir='ltr'><strong>sed</strong></span> 
     </span>
    </p>
   </div>
   <div class='ocr_carea' id='block_1_65' title="bbox 193 4935 1791 5009">
    <p class='ocr_par' dir='ltr' id='par_1_65' title="bbox 193 4935 1791 5009">
     <span class='ocr_line' id='line_1_65' title="bbox 193 4935 1791 5009; baseline 0.011 -21"><span class='ocrx_word' id='word_1_468' title='bbox 193 4949 380 4991; x_wconf 80' lang='lat' dir='ltr'><strong>veram</strong></span> <span class='ocrx_word' id='word_1_469' title='bbox 412 4935 808 5004; x_wconf 86' lang='lat' dir='ltr'><strong>liberationem,</strong></span> <span class='ocrx_word' id='word_1_470' title='bbox 834 4956 939 5009; x_wconf 86' lang='lat' dir='ltr'><strong>qua</strong></span> <span class='ocrx_word' id='word_1_471' title='bbox 994 4949 1252 4997; x_wconf 55' lang='lat' dir='ltr'><strong>aeternam</strong></span> <span class='ocrx_word' id='word_1_472' title='bbox 1274 4945 1500 4999; x_wconf 87' lang='lat' dir='ltr'><strong>salutem</strong></span> <span class='ocrx_word' id='word_1_473' title='bbox 1530 4963 1791 5005; x_wconf 73' lang='lat' dir='ltr'><strong>consecu-</strong></span> 
     </span>
    </p>
   </div>
   <div class='ocr_carea' id='block_1_66' title="bbox 193 5028 1790 5104">
    <p class='ocr_par' dir='ltr' id='par_1_66' title="bbox 193 5028 1790 5104">
     <span class='ocr_line' id='line_1_66' title="bbox 193 5028 1790 5104; baseline 0.009 -22"><span class='ocrx_word' id='word_1_474' title='bbox 193 5028 305 5083; x_wconf 90' lang='lat' dir='ltr'><strong>turi</strong></span> <span class='ocrx_word' id='word_1_475' title='bbox 360 5038 508 5085; x_wconf 87' lang='lat' dir='ltr'><strong>sunt.</strong></span> <span class='ocrx_word' id='word_1_476' title='bbox 566 5030 647 5086; x_wconf 91' lang='lat' dir='ltr'><strong>Ad</strong></span> <span class='ocrx_word' id='word_1_477' title='bbox 700 5048 820 5088; x_wconf 87' lang='lat' dir='ltr'><strong>eam</strong></span> <span class='ocrx_word' id='word_1_478' title='bbox 873 5048 1035 5102; x_wconf 89' lang='lat' dir='ltr'><strong>porro</strong></span> <span class='ocrx_word' id='word_1_479' title='bbox 1081 5036 1494 5104; x_wconf 89' lang='lat' dir='ltr'><strong>comparandam</strong></span> <span class='ocrx_word' id='word_1_480' title='bbox 1520 5039 1790 5097; x_wconf 87' lang='lat' dir='ltr'><strong>Arnobius</strong></span> 
     </span>
    </p>
   </div>
   <div class='ocr_carea' id='block_1_67' title="bbox 193 5122 1453 5200">
    <p class='ocr_par' dir='ltr' id='par_1_67' title="bbox 193 5122 1453 5200">
     <span class='ocr_line' id='line_1_67' title="bbox 193 5122 1453 5200; baseline 0.005 -23"><span class='ocrx_word' id='word_1_481' title='bbox 193 5122 424 5192; x_wconf 87' lang='lat' dir='ltr'><strong>gentiles</strong></span> <span class='ocrx_word' id='word_1_482' title='bbox 450 5122 791 5193; x_wconf 77' lang='lat' dir='ltr'><strong>adhortatus,</strong></span> <span class='ocrx_word' id='word_1_483' title='bbox 825 5126 986 5183; x_wconf 83' lang='lat' dir='ltr'><strong>ﬁnem</strong></span> <span class='ocrx_word' id='word_1_484' title='bbox 1027 5128 1169 5184; x_wconf 89' lang='lat' dir='ltr'><strong>libro</strong></span> <span class='ocrx_word' id='word_1_485' title='bbox 1208 5130 1453 5200; x_wconf 77' lang='lat' dir='ltr'><strong>imponit.</strong></span> 
     </span>
    </p>
   </div>
   <div class='ocr_carea' id='block_1_68' title="bbox 788 5256 1193 5298">
    <p class='ocr_par' dir='ltr' id='par_1_68' title="bbox 788 5256 1193 5298">
     <span class='ocr_line' id='line_1_68' title="bbox 788 5256 1193 5298; baseline 0.007 -3"><span class='ocrx_word' id='word_1_486' title='bbox 788 5256 1079 5298; x_wconf 72' lang='grc' dir='ltr'><strong>Λιιτιουιυδ</strong></span> <span class='ocrx_word' id='word_1_487' title='bbox 1114 5258 1193 5298; x_wconf 82' lang='lat' dir='ltr'><strong>Ill.</strong></span> 
     </span>
    </p>
   </div>
   <div class='ocr_carea' id='block_1_69' title="bbox 729 5356 1254 5420">
    <p class='ocr_par' dir='ltr' id='par_1_69' title="bbox 729 5356 1254 5420">
     <span class='ocr_line' id='line_1_69' title="bbox 729 5356 1254 5420; baseline 0.006 -16"><span class='ocrx_word' id='word_1_488' title='bbox 729 5356 945 5420; x_wconf 76' lang='lat' dir='ltr'><strong>Analysis</strong></span> <span class='ocrx_word' id='word_1_489' title='bbox 965 5358 1076 5408; x_wconf 90' lang='lat' dir='ltr'><strong>libri</strong></span> <span class='ocrx_word' id='word_1_490' title='bbox 1103 5360 1254 5409; x_wconf 85' lang='lat' dir='ltr'><strong>tertii.</strong></span> 
     </span>
    </p>
   </div>
   <div class='ocr_carea' id='block_1_70' title="bbox 267 5482 1785 5562">
    <p class='ocr_par' dir='ltr' id='par_1_70' title="bbox 267 5482 1785 5562">
     <span class='ocr_line' id='line_1_70' title="bbox 267 5482 1785 5562; baseline 0.006 -23"><span class='ocrx_word' id='word_1_491' title='bbox 267 5482 526 5553; x_wconf 82' lang='lat' dir='ltr'><strong>Quamvis</strong></span> <span class='ocrx_word' id='word_1_492' title='bbox 547 5485 841 5542; x_wconf 89' lang='lat' dir='ltr'><strong>christiana</strong></span> <span class='ocrx_word' id='word_1_493' title='bbox 867 5488 1054 5558; x_wconf 85' lang='lat' dir='ltr'><strong>religio</strong></span> <span class='ocrx_word' id='word_1_494' title='bbox 1079 5498 1184 5543; x_wconf 92' lang='lat' dir='ltr'><strong>tam</strong></span> <span class='ocrx_word' id='word_1_495' title='bbox 1210 5503 1239 5543; x_wconf 91' lang='lat' dir='ltr'><strong>a</strong></span> <span class='ocrx_word' id='word_1_496' title='bbox 1262 5488 1423 5561; x_wconf 89' lang='lat' dir='ltr'><strong>longo</strong></span> <span class='ocrx_word' id='word_1_497' title='bbox 1449 5497 1691 5562; x_wconf 87' lang='lat' dir='ltr'><strong>tempore</strong></span> <span class='ocrx_word' id='word_1_498' title='bbox 1716 5492 1785 5548; x_wconf 90' lang='lat' dir='ltr'><strong>ab</strong></span> 
     </span>
    </p>
   </div>
   <div class='ocr_carea' id='block_1_71' title="bbox 194 5580 1783 5655">
    <p class='ocr_par' dir='ltr' id='par_1_71' title="bbox 194 5580 1783 5655">
     <span class='ocr_line' id='line_1_71' title="bbox 194 5580 1783 5655; baseline 0.001 -18"><span class='ocrx_word' id='word_1_499' title='bbox 194 5581 408 5637; x_wconf 74' lang='lat' dir='ltr'><strong>eximiis</strong></span> <span class='ocrx_word' id='word_1_500' title='bbox 446 5580 823 5637; x_wconf 78' lang='lat' dir='ltr'><strong>defensoribus</strong></span> <span class='ocrx_word' id='word_1_501' title='bbox 871 5583 1001 5637; x_wconf 82' lang='lat' dir='ltr'><strong>satis</strong></span> <span class='ocrx_word' id='word_1_502' title='bbox 1046 5598 1313 5655; x_wconf 90' lang='lat' dir='ltr'><strong>superque</strong></span> <span class='ocrx_word' id='word_1_503' title='bbox 1352 5596 1553 5642; x_wconf 85' lang='lat' dir='ltr'><strong>asserta</strong></span> <span class='ocrx_word' id='word_1_504' title='bbox 1603 5585 1783 5654; x_wconf 83' lang='lat' dir='ltr'><strong>fuerit,</strong></span> 
     </span>
    </p>
   </div>
   <div class='ocr_carea' id='block_1_72' title="bbox 196 5674 1786 5750">
    <p class='ocr_par' dir='ltr' id='par_1_72' title="bbox 196 5674 1786 5750">
     <span class='ocr_line' id='line_1_72' title="bbox 196 5674 1786 5750; baseline 0.007 -26"><span class='ocrx_word' id='word_1_505' title='bbox 196 5688 297 5727; x_wconf 88' lang='lat' dir='ltr'><strong>nec</strong></span> <span class='ocrx_word' id='word_1_506' title='bbox 323 5674 432 5728; x_wconf 90' lang='lat' dir='ltr'><strong>ullo</strong></span> <span class='ocrx_word' id='word_1_507' title='bbox 460 5689 682 5741; x_wconf 76' lang='lat' dir='ltr'><strong>prorsus</strong></span> <span class='ocrx_word' id='word_1_508' title='bbox 706 5674 914 5731; x_wconf 87' lang='lat' dir='ltr'><strong>vindice</strong></span> <span class='ocrx_word' id='word_1_509' title='bbox 944 5676 1210 5745; x_wconf 82' lang='lat' dir='ltr'><strong>indigens,</strong></span> <span class='ocrx_word' id='word_1_510' title='bbox 1236 5693 1329 5746; x_wconf 89' lang='lat' dir='ltr'><strong>per</strong></span> <span class='ocrx_word' id='word_1_511' title='bbox 1357 5693 1417 5732; x_wconf 85' lang='lat' dir='ltr'><strong>se</strong></span> <span class='ocrx_word' id='word_1_512' title='bbox 1458 5678 1625 5750; x_wconf 87' lang='lat' dir='ltr'><strong>ipsam</strong></span> <span class='ocrx_word' id='word_1_513' title='bbox 1653 5695 1786 5735; x_wconf 84' lang='lat' dir='ltr'><strong>con-</strong></span> 
     </span>
    </p>
   </div>
   <div class='ocr_carea' id='block_1_73' title="bbox 198 5764 1791 5843">
    <p class='ocr_par' dir='ltr' id='par_1_73' title="bbox 198 5764 1791 5843">
     <span class='ocr_line' id='line_1_73' title="bbox 198 5764 1791 5843; baseline 0.007 -27"><span class='ocrx_word' id='word_1_514' title='bbox 198 5775 278 5820; x_wconf 88' lang='lat' dir='ltr'><strong>tra</strong></span> <span class='ocrx_word' id='word_1_515' title='bbox 306 5779 498 5821; x_wconf 89' lang='lat' dir='ltr'><strong>omnes</strong></span> <span class='ocrx_word' id='word_1_516' title='bbox 543 5764 975 5827; x_wconf 84' lang='lat' dir='ltr'><strong>adversariorum</strong></span> <span class='ocrx_word' id='word_1_517' title='bbox 1021 5771 1251 5842; x_wconf 87' lang='lat' dir='ltr'><strong>impetus</strong></span> <span class='ocrx_word' id='word_1_518' title='bbox 1283 5780 1389 5827; x_wconf 87' lang='lat' dir='ltr'><strong>stet</strong></span> <span class='ocrx_word' id='word_1_519' title='bbox 1417 5771 1578 5843; x_wconf 89' lang='lat' dir='ltr'><strong>plane</strong></span> <span class='ocrx_word' id='word_1_520' title='bbox 1605 5772 1791 5828; x_wconf 84' lang='lat' dir='ltr'><strong>incon-</strong></span> 
     </span>
    </p>
   </div>
   <div class='ocr_carea' id='block_1_74' title="bbox 195 5858 1794 5936">
    <p class='ocr_par' dir='ltr' id='par_1_74' title="bbox 195 5858 1794 5936">
     <span class='ocr_line' id='line_1_74' title="bbox 195 5858 1794 5936; baseline 0.005 -22"><span class='ocrx_word' id='word_1_521' title='bbox 195 5872 385 5926; x_wconf 82' lang='lat' dir='ltr'><strong>cessa;</strong></span> <span class='ocrx_word' id='word_1_522' title='bbox 415 5858 689 5916; x_wconf 84' lang='lat' dir='ltr'><strong>Arnobius</strong></span> <span class='ocrx_word' id='word_1_523' title='bbox 721 5870 899 5918; x_wconf 87' lang='lat' dir='ltr'><strong>tamen</strong></span> <span class='ocrx_word' id='word_1_524' title='bbox 929 5875 1110 5931; x_wconf 80' lang='lat' dir='ltr'><strong>Operae</strong></span> <span class='ocrx_word' id='word_1_525' title='bbox 1141 5864 1370 5935; x_wconf 87' lang='lat' dir='ltr'><strong>pretium</strong></span> <span class='ocrx_word' id='word_1_526' title='bbox 1399 5864 1794 5936; x_wconf 76' lang='lat' dir='ltr'><strong>essejudicavit</strong></span> 
     </span>
    </p>
   </div>
   <div class='ocr_carea' id='block_1_75' title="bbox 1923 1857 3517 1936">
    <p class='ocr_par' dir='ltr' id='par_1_75' title="bbox 1923 1857 3517 1936">
     <span class='ocr_line' id='line_1_75' title="bbox 1923 1857 3517 1936; baseline 0.006 -26"><span class='ocrx_word' id='word_1_527' title='bbox 1923 1857 2205 1913; x_wconf 85' lang='lat' dir='ltr'><strong>diversitas</strong></span> <span class='ocrx_word' id='word_1_528' title='bbox 2248 1860 2314 1913; x_wconf 91' lang='lat' dir='ltr'><strong>ad</strong></span> <span class='ocrx_word' id='word_1_529' title='bbox 2354 1861 2714 1932; x_wconf 84' lang='lat' dir='ltr'><strong>generandam</strong></span> <span class='ocrx_word' id='word_1_530' title='bbox 2762 1863 3001 1920; x_wconf 85' lang='lat' dir='ltr'><strong>sobolem</strong></span> <span class='ocrx_word' id='word_1_531' title='bbox 3055 1864 3178 1919; x_wconf 88' lang='lat' dir='ltr'><strong>data</strong></span> <span class='ocrx_word' id='word_1_532' title='bbox 3206 1874 3311 1922; x_wconf 92' lang='lat' dir='ltr'><strong>est.</strong></span> <span class='ocrx_word' id='word_1_533' title='bbox 3356 1864 3517 1936; x_wconf 87' lang='lat' dir='ltr'><strong>Atqui</strong></span> 
     </span>
    </p>
   </div>
   <div class='ocr_carea' id='block_1_76' title="bbox 1921 1952 3519 2029">
    <p class='ocr_par' dir='ltr' id='par_1_76' title="bbox 1921 1952 3519 2029">
     <span class='ocr_line' id='line_1_76' title="bbox 1921 1952 3519 2029; baseline 0.007 -26"><span class='ocrx_word' id='word_1_534' title='bbox 1921 1952 2163 2021; x_wconf 85' lang='lat' dir='ltr'><strong>quamvis</strong></span> <span class='ocrx_word' id='word_1_535' title='bbox 2195 1968 2389 2008; x_wconf 90' lang='lat' dir='ltr'><strong>nomen</strong></span> <span class='ocrx_word' id='word_1_536' title='bbox 2425 1954 2563 2009; x_wconf 79' lang='lat' dir='ltr'><strong>Deus</strong></span> <span class='ocrx_word' id='word_1_537' title='bbox 2606 1958 2887 2011; x_wconf 89' lang='lat' dir='ltr'><strong>masculini</strong></span> <span class='ocrx_word' id='word_1_538' title='bbox 2934 1959 3003 2012; x_wconf 91' lang='lat' dir='ltr'><strong>sit</strong></span> <span class='ocrx_word' id='word_1_539' title='bbox 3056 1961 3294 2029; x_wconf 84' lang='lat' dir='ltr'><strong>generis,</strong></span> <span class='ocrx_word' id='word_1_540' title='bbox 3337 1968 3519 2015; x_wconf 89' lang='lat' dir='ltr'><strong>tamen</strong></span> 
     </span>
    </p>
   </div>
   <div class='ocr_carea' id='block_1_77' title="bbox 1919 2032 3514 2120">
    <p class='ocr_par' dir='ltr' id='par_1_77' title="bbox 1919 2032 3514 2120">
     <span class='ocr_line' id='line_1_77' title="bbox 1919 2032 3514 2120; baseline 0.005 -25"><span class='ocrx_word' id='word_1_541' title='bbox 1919 2039 1993 2095; x_wconf 92' lang='lat' dir='ltr'><strong>dii</strong></span> <span class='ocrx_word' id='word_1_542' title='bbox 2020 2041 2301 2111; x_wconf 89' lang='lat' dir='ltr'><strong>gentilium</strong></span> <span class='ocrx_word' id='word_1_543' title='bbox 2351 2060 2450 2101; x_wconf 88' lang='lat' dir='ltr'><strong>nec</strong></span> <span class='ocrx_word' id='word_1_544' title='bbox 2498 2062 2778 2117; x_wconf 90' lang='lat' dir='ltr'><strong>generare,</strong></span> <span class='ocrx_word' id='word_1_545' title='bbox 2830 2064 2928 2103; x_wconf 91' lang='lat' dir='ltr'><strong>nec</strong></span> <span class='ocrx_word' id='word_1_546' title='bbox 2969 2032 3218 2119; x_wconf 85' lang='lat' dir='ltr'><strong>generari</strong></span> <span class='ocrx_word' id='word_1_547' title='bbox 3268 2061 3514 2120; x_wconf 69' lang='lat' dir='ltr'><strong>pcz3unt.</strong></span> 
     </span>
    </p>
   </div>
   <div class='ocr_carea' id='block_1_78' title="bbox 1920 2132 3521 2213">
    <p class='ocr_par' dir='ltr' id='par_1_78' title="bbox 1920 2132 3521 2213">
     <span class='ocr_line' id='line_1_78' title="bbox 1920 2132 3521 2213; baseline 0.006 -25"><span class='ocrx_word' id='word_1_548' title='bbox 1920 2132 2052 2189; x_wconf 90' lang='lat' dir='ltr'><strong>Cum</strong></span> <span class='ocrx_word' id='word_1_549' title='bbox 2079 2135 2224 2191; x_wconf 91' lang='lat' dir='ltr'><strong>enim</strong></span> <span class='ocrx_word' id='word_1_550' title='bbox 2259 2138 2613 2205; x_wconf 89' lang='lat' dir='ltr'><strong>immortales,</strong></span> <span class='ocrx_word' id='word_1_551' title='bbox 2649 2152 2700 2195; x_wconf 94' lang='lat' dir='ltr'><strong>ct</strong></span> <span class='ocrx_word' id='word_1_552' title='bbox 2723 2142 3016 2207; x_wconf 89' lang='lat' dir='ltr'><strong>senectuti,</strong></span> <span class='ocrx_word' id='word_1_553' title='bbox 3044 2142 3270 2213; x_wconf 87' lang='lat' dir='ltr'><strong>aliisque</strong></span> <span class='ocrx_word' id='word_1_554' title='bbox 3296 2142 3521 2197; x_wconf 81' lang='lat' dir='ltr'><strong>inﬁrmi-</strong></span> 
     </span>
    </p>
   </div>
   <div class='ocr_carea' id='block_1_79' title="bbox 1920 2228 3515 2305">
    <p class='ocr_par' dir='ltr' id='par_1_79' title="bbox 1920 2228 3515 2305">
     <span class='ocr_line' id='line_1_79' title="bbox 1920 2228 3515 2305; baseline 0.004 -25"><span class='ocrx_word' id='word_1_555' title='bbox 1920 2228 2119 2283; x_wconf 89' lang='lat' dir='ltr'><strong>tatibus</strong></span> <span class='ocrx_word' id='word_1_556' title='bbox 2146 2244 2253 2283; x_wconf 89' lang='lat' dir='ltr'><strong>non</strong></span> <span class='ocrx_word' id='word_1_557' title='bbox 2296 2230 2514 2286; x_wconf 78' lang='lat' dir='ltr'><strong>obnoxii</strong></span> <span class='ocrx_word' id='word_1_558' title='bbox 2574 2232 2864 2303; x_wconf 88' lang='lat' dir='ltr'><strong>ﬁngantur.</strong></span> <span class='ocrx_word' id='word_1_559' title='bbox 2895 2234 2938 2287; x_wconf 88' lang='lat' dir='ltr'><strong>si</strong></span> <span class='ocrx_word' id='word_1_560' title='bbox 2968 2248 3229 2304; x_wconf 89' lang='lat' dir='ltr'><strong>generare</strong></span> <span class='ocrx_word' id='word_1_561' title='bbox 3272 2242 3515 2305; x_wconf 89' lang='lat' dir='ltr'><strong>possent,</strong></span> 
     </span>
    </p>
   </div>
   <div class='ocr_carea' id='block_1_80' title="bbox 1911 2322 3518 2393">
    <p class='ocr_par' dir='ltr' id='par_1_80' title="bbox 1911 2322 3518 2393">
     <span class='ocr_line' id='line_1_80' title="bbox 1911 2322 3518 2393; baseline 0.005 -17"><span class='ocrx_word' id='word_1_562' title='bbox 1911 2322 2022 2393; x_wconf 89' lang='lat' dir='ltr'><strong>jam</strong></span> <span class='ocrx_word' id='word_1_563' title='bbox 2052 2323 2290 2379; x_wconf 88' lang='lat' dir='ltr'><strong>inﬁnitus</strong></span> <span class='ocrx_word' id='word_1_564' title='bbox 2318 2334 2462 2380; x_wconf 86' lang='lat' dir='ltr'><strong>esset</strong></span> <span class='ocrx_word' id='word_1_565' title='bbox 2489 2341 2678 2382; x_wconf 88' lang='lat' dir='ltr'><strong>eorum</strong></span> <span class='ocrx_word' id='word_1_566' title='bbox 2707 2343 2984 2384; x_wconf 89' lang='lat' dir='ltr'><strong>numerus.</strong></span> <span class='ocrx_word' id='word_1_567' title='bbox 3011 2328 3091 2384; x_wconf 85' lang='lat' dir='ltr'><strong>Ad</strong></span> <span class='ocrx_word' id='word_1_568' title='bbox 3117 2329 3230 2384; x_wconf 73' lang='lat' dir='ltr'><strong>hrec</strong></span> <span class='ocrx_word' id='word_1_569' title='bbox 3258 2344 3387 2383; x_wconf 89' lang='lat' dir='ltr'><strong>vero</strong></span> <span class='ocrx_word' id='word_1_570' title='bbox 3417 2327 3518 2384; x_wconf 73' lang='lat' dir='ltr'><strong>fm-</strong></span> 
     </span>
    </p>
   </div>
   <div class='ocr_carea' id='block_1_81' title="bbox 1917 2416 3514 2491">
    <p class='ocr_par' dir='ltr' id='par_1_81' title="bbox 1917 2416 3514 2491">
     <span class='ocr_line' id='line_1_81' title="bbox 1917 2416 3514 2491; baseline 0.004 -21"><span class='ocrx_word' id='word_1_571' title='bbox 1917 2416 2000 2470; x_wconf 90' lang='lat' dir='ltr'><strong>dis</strong></span> <span class='ocrx_word' id='word_1_572' title='bbox 2052 2418 2419 2487; x_wconf 88' lang='lat' dir='ltr'><strong>voluptatibus</strong></span> <span class='ocrx_word' id='word_1_573' title='bbox 2463 2434 2528 2473; x_wconf 90' lang='lat' dir='ltr'><strong>ac</strong></span> <span class='ocrx_word' id='word_1_574' title='bbox 2581 2420 2967 2491; x_wconf 82' lang='lat' dir='ltr'><strong>cupiditatibus</strong></span> <span class='ocrx_word' id='word_1_575' title='bbox 2997 2422 3514 2477; x_wconf 89' lang='lat' dir='ltr'><strong>contaminarentur.</strong></span> 
     </span>
    </p>
   </div>
   <div class='ocr_carea' id='block_1_82' title="bbox 1918 2508 3512 2584">
    <p class='ocr_par' dir='ltr' id='par_1_82' title="bbox 1918 2508 3512 2584">
     <span class='ocr_line' id='line_1_82' title="bbox 1918 2508 3512 2584; baseline 0.004 -22"><span class='ocrx_word' id='word_1_576' title='bbox 1918 2508 2155 2582; x_wconf 86' lang='lat' dir='ltr'><strong>Denique</strong></span> <span class='ocrx_word' id='word_1_577' title='bbox 2176 2511 2292 2566; x_wconf 72' lang='lat' dir='ltr'><strong>dem</strong></span> <span class='ocrx_word' id='word_1_578' title='bbox 2322 2514 2493 2582; x_wconf 91' lang='lat' dir='ltr'><strong>turpia</strong></span> <span class='ocrx_word' id='word_1_579' title='bbox 2519 2523 2836 2584; x_wconf 89' lang='lat' dir='ltr'><strong>paterentur</strong></span> <span class='ocrx_word' id='word_1_580' title='bbox 2857 2515 3281 2584; x_wconf 85' lang='lat' dir='ltr'><strong>graviditatis.et</strong></span> <span class='ocrx_word' id='word_1_581' title='bbox 3308 2523 3512 2584; x_wconf 86' lang='lat' dir='ltr'><strong>partus,</strong></span> 
     </span>
    </p>
   </div>
   <div class='ocr_carea' id='block_1_83' title="bbox 1912 2599 3509 2677">
    <p class='ocr_par' dir='ltr' id='par_1_83' title="bbox 1912 2599 3509 2677">
     <span class='ocr_line' id='line_1_83' title="bbox 1912 2599 3509 2677; baseline 0.006 -24"><span class='ocrx_word' id='word_1_582' title='bbox 1912 2599 2119 2672; x_wconf 89' lang='lat' dir='ltr'><strong>aliaque</strong></span> <span class='ocrx_word' id='word_1_583' title='bbox 2148 2603 2432 2658; x_wconf 89' lang='lat' dir='ltr'><strong>mulierum</strong></span> <span class='ocrx_word' id='word_1_584' title='bbox 2464 2604 2825 2660; x_wconf 88' lang='lat' dir='ltr'><strong>incommoda.</strong></span> <span class='ocrx_word' id='word_1_585' title='bbox 2849 2604 2956 2660; x_wconf 87' lang='lat' dir='ltr'><strong>Cur</strong></span> <span class='ocrx_word' id='word_1_586' title='bbox 2982 2622 3111 2677; x_wconf 90' lang='lat' dir='ltr'><strong>ergo</strong></span> <span class='ocrx_word' id='word_1_587' title='bbox 3133 2606 3336 2661; x_wconf 90' lang='lat' dir='ltr'><strong>ethnici</strong></span> <span class='ocrx_word' id='word_1_588' title='bbox 3365 2622 3509 2677; x_wconf 85' lang='lat' dir='ltr'><strong>a-gre</strong></span> 
     </span>
    </p>
   </div>
   <div class='ocr_carea' id='block_1_84' title="bbox 1912 2690 3513 2768">
    <p class='ocr_par' dir='ltr' id='par_1_84' title="bbox 1912 2690 3513 2768">
     <span class='ocr_line' id='line_1_84' title="bbox 1912 2690 3513 2768; baseline 0.006 -23"><span class='ocrx_word' id='word_1_589' title='bbox 1912 2690 2085 2746; x_wconf 83' lang='lat' dir='ltr'><strong>ferant</strong></span> <span class='ocrx_word' id='word_1_590' title='bbox 2116 2692 2248 2748; x_wconf 88' lang='lat' dir='ltr'><strong>tales</strong></span> <span class='ocrx_word' id='word_1_591' title='bbox 2274 2694 2406 2749; x_wconf 90' lang='lat' dir='ltr'><strong>deos</strong></span> <span class='ocrx_word' id='word_1_592' title='bbox 2436 2696 2647 2766; x_wconf 90' lang='lat' dir='ltr'><strong>genitos</strong></span> <span class='ocrx_word' id='word_1_593' title='bbox 2692 2708 2744 2751; x_wconf 93' lang='lat' dir='ltr'><strong>et</strong></span> <span class='ocrx_word' id='word_1_594' title='bbox 2789 2707 3114 2768; x_wconf 88' lang='lat' dir='ltr'><strong>generantes</strong></span> <span class='ocrx_word' id='word_1_595' title='bbox 3142 2714 3170 2752; x_wconf 90' lang='lat' dir='ltr'><strong>a</strong></span> <span class='ocrx_word' id='word_1_596' title='bbox 3204 2698 3513 2754; x_wconf 88' lang='lat' dir='ltr'><strong>christianis</strong></span> 
     </span>
    </p>
   </div>
   <div class='ocr_carea' id='block_1_85' title="bbox 1915 2787 2941 2861">
    <p class='ocr_par' dir='ltr' id='par_1_85' title="bbox 1915 2787 2941 2861">
     <span class='ocr_line' id='line_1_85' title="bbox 1915 2787 2941 2861; baseline 0.004 -21"><span class='ocrx_word' id='word_1_597' title='bbox 1915 2787 2214 2856; x_wconf 89' lang='lat' dir='ltr'><strong>reprohari,</strong></span> <span class='ocrx_word' id='word_1_598' title='bbox 2246 2789 2391 2843; x_wconf 88' lang='lat' dir='ltr'><strong>nulla</strong></span> <span class='ocrx_word' id='word_1_599' title='bbox 2427 2805 2648 2861; x_wconf 91' lang='lat' dir='ltr'><strong>prorsus</strong></span> <span class='ocrx_word' id='word_1_600' title='bbox 2676 2799 2758 2845; x_wconf 88' lang='lat' dir='ltr'><strong>est</strong></span> <span class='ocrx_word' id='word_1_601' title='bbox 2785 2791 2941 2845; x_wconf 90' lang='lat' dir='ltr'><strong>ratio.</strong></span> 
     </span>
    </p>
   </div>
   <div class='ocr_carea' id='block_1_86' title="bbox 1988 2879 3504 2956">
    <p class='ocr_par' dir='ltr' id='par_1_86' title="bbox 1988 2879 3504 2956">
     <span class='ocr_line' id='line_1_86' title="bbox 1988 2879 3504 2956; baseline 0.006 -21"><span class='ocrx_word' id='word_1_602' title='bbox 1988 2879 2236 2936; x_wconf 88' lang='lat' dir='ltr'><strong>Secundo</strong></span> <span class='ocrx_word' id='word_1_603' title='bbox 2266 2882 2427 2937; x_wconf 89' lang='lat' dir='ltr'><strong>iidem</strong></span> <span class='ocrx_word' id='word_1_604' title='bbox 2469 2885 2722 2952; x_wconf 86' lang='lat' dir='ltr'><strong>gentiles,</strong></span> <span class='ocrx_word' id='word_1_605' title='bbox 2757 2886 3210 2955; x_wconf 89' lang='lat' dir='ltr'><strong>quemadmodum</strong></span> <span class='ocrx_word' id='word_1_606' title='bbox 3240 2886 3504 2956; x_wconf 69' lang='lat' dir='ltr'><strong>Saducari,</strong></span> 
     </span>
    </p>
   </div>
   <div class='ocr_carea' id='block_1_87' title="bbox 1914 2973 3507 3051">
    <p class='ocr_par' dir='ltr' id='par_1_87' title="bbox 1914 2973 3507 3051">
     <span class='ocr_line' id='line_1_87' title="bbox 1914 2973 3507 3051; baseline 0.009 -28"><span class='ocrx_word' id='word_1_607' title='bbox 1914 2985 2224 3040; x_wconf 76' lang='lat' dir='ltr'><strong>persuasum</strong></span> <span class='ocrx_word' id='word_1_608' title='bbox 2247 2973 2513 3030; x_wconf 90' lang='lat' dir='ltr'><strong>habebant</strong></span> <span class='ocrx_word' id='word_1_609' title='bbox 2532 2975 2663 3031; x_wconf 89' lang='lat' dir='ltr'><strong>deos</strong></span> <span class='ocrx_word' id='word_1_610' title='bbox 2690 2993 2950 3047; x_wconf 87' lang='lat' dir='ltr'><strong>corporea</strong></span> <span class='ocrx_word' id='word_1_611' title='bbox 2977 2979 3313 3051; x_wconf 81' lang='lat' dir='ltr'><strong>humanaque</strong></span> <span class='ocrx_word' id='word_1_612' title='bbox 3338 2981 3507 3037; x_wconf 80' lang='lat' dir='ltr'><strong>forma</strong></span> 
     </span>
    </p>
   </div>
   <div class='ocr_carea' id='block_1_88' title="bbox 1914 3062 3510 3142">
    <p class='ocr_par' dir='ltr' id='par_1_88' title="bbox 1914 3062 3510 3142">
     <span class='ocr_line' id='line_1_88' title="bbox 1914 3062 3510 3142; baseline 0.009 -27"><span class='ocrx_word' id='word_1_613' title='bbox 1914 3062 2154 3133; x_wconf 87' lang='lat' dir='ltr'><strong>ﬁgurari,</strong></span> <span class='ocrx_word' id='word_1_614' title='bbox 2189 3081 2251 3120; x_wconf 89' lang='lat' dir='ltr'><strong>ac</strong></span> <span class='ocrx_word' id='word_1_615' title='bbox 2282 3069 2549 3136; x_wconf 89' lang='lat' dir='ltr'><strong>componi.</strong></span> <span class='ocrx_word' id='word_1_616' title='bbox 2584 3071 2652 3122; x_wconf 89' lang='lat' dir='ltr'><strong>At</strong></span> <span class='ocrx_word' id='word_1_617' title='bbox 2672 3078 2819 3123; x_wconf 89' lang='lat' dir='ltr'><strong>certe</strong></span> <span class='ocrx_word' id='word_1_618' title='bbox 2844 3070 3099 3141; x_wconf 89' lang='lat' dir='ltr'><strong>qttidqttid</strong></span> <span class='ocrx_word' id='word_1_619' title='bbox 3124 3088 3352 3142; x_wconf 90' lang='lat' dir='ltr'><strong>corpore</strong></span> <span class='ocrx_word' id='word_1_620' title='bbox 3379 3089 3510 3129; x_wconf 89' lang='lat' dir='ltr'><strong>con-</strong></span> 
     </span>
    </p>
   </div>
   <div class='ocr_carea' id='block_1_89' title="bbox 1912 3161 3509 3236">
    <p class='ocr_par' dir='ltr' id='par_1_89' title="bbox 1912 3161 3509 3236">
     <span class='ocr_line' id='line_1_89' title="bbox 1912 3161 3509 3236; baseline 0.008 -25"><span class='ocrx_word' id='word_1_621' title='bbox 1912 3168 2037 3225; x_wconf 91' lang='lat' dir='ltr'><strong>stat,</strong></span> <span class='ocrx_word' id='word_1_622' title='bbox 2072 3161 2296 3216; x_wconf 89' lang='lat' dir='ltr'><strong>mortale</strong></span> <span class='ocrx_word' id='word_1_623' title='bbox 2333 3163 2515 3233; x_wconf 90' lang='lat' dir='ltr'><strong>utique</strong></span> <span class='ocrx_word' id='word_1_624' title='bbox 2536 3163 2605 3217; x_wconf 90' lang='lat' dir='ltr'><strong>sit</strong></span> <span class='ocrx_word' id='word_1_625' title='bbox 2633 3172 2866 3233; x_wconf 81' lang='lat' dir='ltr'><strong>Oportet.</strong></span> <span class='ocrx_word' id='word_1_626' title='bbox 2897 3164 3033 3232; x_wconf 90' lang='lat' dir='ltr'><strong>Quid</strong></span> <span class='ocrx_word' id='word_1_627' title='bbox 3065 3182 3214 3234; x_wconf 88' lang='lat' dir='ltr'><strong>vero,</strong></span> <span class='ocrx_word' id='word_1_628' title='bbox 3247 3167 3388 3236; x_wconf 89' lang='lat' dir='ltr'><strong>quod</strong></span> <span class='ocrx_word' id='word_1_629' title='bbox 3409 3174 3509 3223; x_wconf 83' lang='lat' dir='ltr'><strong>Ar-</strong></span> 
     </span>
    </p>
   </div>
   <div class='ocr_carea' id='block_1_90' title="bbox 1912 3250 3501 3326">
    <p class='ocr_par' dir='ltr' id='par_1_90' title="bbox 1912 3250 3501 3326">
     <span class='ocr_line' id='line_1_90' title="bbox 1912 3250 3501 3326; baseline 0.006 -21"><span class='ocrx_word' id='word_1_630' title='bbox 1912 3250 2105 3305; x_wconf 87' lang='lat' dir='ltr'><strong>nobius</strong></span> <span class='ocrx_word' id='word_1_631' title='bbox 2126 3250 2264 3306; x_wconf 86' lang='lat' dir='ltr'><strong>facta</strong></span> <span class='ocrx_word' id='word_1_632' title='bbox 2290 3252 2646 3308; x_wconf 89' lang='lat' dir='ltr'><strong>humanorum</strong></span> <span class='ocrx_word' id='word_1_633' title='bbox 2686 3255 3049 3309; x_wconf 87' lang='lat' dir='ltr'><strong>membrorum</strong></span> <span class='ocrx_word' id='word_1_634' title='bbox 3076 3258 3501 3326; x_wconf 88' lang='lat' dir='ltr'><strong>enumeratione,</strong></span> 
     </span>
    </p>
   </div>
   <div class='ocr_carea' id='block_1_91' title="bbox 1912 3343 3505 3417">
    <p class='ocr_par' dir='ltr' id='par_1_91' title="bbox 1912 3343 3505 3417">
     <span class='ocr_line' id='line_1_91' title="bbox 1912 3343 3505 3417; baseline 0.006 -19"><span class='ocrx_word' id='word_1_635' title='bbox 1912 3344 1995 3400; x_wconf 93' lang='lat' dir='ltr'><strong>his</strong></span> <span class='ocrx_word' id='word_1_636' title='bbox 2019 3343 2149 3399; x_wconf 89' lang='lat' dir='ltr'><strong>deos</strong></span> <span class='ocrx_word' id='word_1_637' title='bbox 2174 3346 2422 3415; x_wconf 90' lang='lat' dir='ltr'><strong>componi</strong></span> <span class='ocrx_word' id='word_1_638' title='bbox 2468 3362 2572 3400; x_wconf 89' lang='lat' dir='ltr'><strong>non</strong></span> <span class='ocrx_word' id='word_1_639' title='bbox 2618 3362 2779 3417; x_wconf 83' lang='lat' dir='ltr'><strong>posse</strong></span> <span class='ocrx_word' id='word_1_640' title='bbox 2830 3349 3110 3404; x_wconf 85' lang='lat' dir='ltr'><strong>ostendit?</strong></span> <span class='ocrx_word' id='word_1_641' title='bbox 3150 3349 3263 3405; x_wconf 84' lang='lat' dir='ltr'><strong>Huc</strong></span> <span class='ocrx_word' id='word_1_642' title='bbox 3298 3350 3505 3407; x_wconf 88' lang='lat' dir='ltr'><strong>accedit</strong></span> 
     </span>
    </p>
   </div>
   <div class='ocr_carea' id='block_1_92' title="bbox 1910 3436 3504 3511">
    <p class='ocr_par' dir='ltr' id='par_1_92' title="bbox 1910 3436 3504 3511">
     <span class='ocr_line' id='line_1_92' title="bbox 1910 3436 3504 3511; baseline 0.005 -20"><span class='ocrx_word' id='word_1_643' title='bbox 1910 3436 2051 3507; x_wconf 88' lang='lat' dir='ltr'><strong>quod</strong></span> <span class='ocrx_word' id='word_1_644' title='bbox 2081 3437 2152 3491; x_wconf 89' lang='lat' dir='ltr'><strong>dii</strong></span> <span class='ocrx_word' id='word_1_645' title='bbox 2185 3437 2285 3491; x_wconf 91' lang='lat' dir='ltr'><strong>sibi</strong></span> <span class='ocrx_word' id='word_1_646' title='bbox 2319 3439 2549 3493; x_wconf 89' lang='lat' dir='ltr'><strong>invicem</strong></span> <span class='ocrx_word' id='word_1_647' title='bbox 2592 3439 2697 3494; x_wconf 90' lang='lat' dir='ltr'><strong>dici</strong></span> <span class='ocrx_word' id='word_1_648' title='bbox 2737 3439 2998 3496; x_wconf 86' lang='lat' dir='ltr'><strong>deberent</strong></span> <span class='ocrx_word' id='word_1_649' title='bbox 3022 3452 3113 3497; x_wconf 86' lang='lat' dir='ltr'><strong>aut</strong></span> <span class='ocrx_word' id='word_1_650' title='bbox 3158 3442 3380 3511; x_wconf 89' lang='lat' dir='ltr'><strong>similes,</strong></span> <span class='ocrx_word' id='word_1_651' title='bbox 3412 3455 3504 3499; x_wconf 90' lang='lat' dir='ltr'><strong>aut</strong></span> 
     </span>
    </p>
   </div>
   <div class='ocr_carea' id='block_1_93' title="bbox 1908 3529 3502 3602">
    <p class='ocr_par' dir='ltr' id='par_1_93' title="bbox 1908 3529 3502 3602">
     <span class='ocr_line' id='line_1_93' title="bbox 1908 3529 3502 3602; baseline 0.004 -19"><span class='ocrx_word' id='word_1_652' title='bbox 1908 3529 2214 3584; x_wconf 89' lang='lat' dir='ltr'><strong>dissimiles.</strong></span> <span class='ocrx_word' id='word_1_653' title='bbox 2265 3529 2381 3585; x_wconf 84' lang='lat' dir='ltr'><strong>Non</strong></span> <span class='ocrx_word' id='word_1_654' title='bbox 2428 3532 2684 3602; x_wconf 86' lang='lat' dir='ltr'><strong>primum.</strong></span> <span class='ocrx_word' id='word_1_655' title='bbox 2717 3532 2850 3599; x_wconf 90' lang='lat' dir='ltr'><strong>Quis</strong></span> <span class='ocrx_word' id='word_1_656' title='bbox 2880 3533 3023 3588; x_wconf 89' lang='lat' dir='ltr'><strong>enim</strong></span> <span class='ocrx_word' id='word_1_657' title='bbox 3082 3551 3243 3589; x_wconf 90' lang='lat' dir='ltr'><strong>unum</strong></span> <span class='ocrx_word' id='word_1_658' title='bbox 3300 3535 3368 3590; x_wconf 90' lang='lat' dir='ltr'><strong>ab</strong></span> <span class='ocrx_word' id='word_1_659' title='bbox 3396 3535 3502 3590; x_wconf 91' lang='lat' dir='ltr'><strong>alio</strong></span> 
     </span>
    </p>
   </div>
   <div class='ocr_carea' id='block_1_94' title="bbox 1909 3626 3501 3702">
    <p class='ocr_par' dir='ltr' id='par_1_94' title="bbox 1909 3626 3501 3702">
     <span class='ocr_line' id='line_1_94' title="bbox 1909 3626 3501 3702; baseline 0.004 -22"><span class='ocrx_word' id='word_1_660' title='bbox 1909 3636 2088 3697; x_wconf 82' lang='lat' dir='ltr'><strong>posset</strong></span> <span class='ocrx_word' id='word_1_661' title='bbox 2111 3626 2458 3683; x_wconf 90' lang='lat' dir='ltr'><strong>discernere?</strong></span> <span class='ocrx_word' id='word_1_662' title='bbox 2489 3628 2603 3683; x_wconf 89' lang='lat' dir='ltr'><strong>Non</strong></span> <span class='ocrx_word' id='word_1_663' title='bbox 2624 3631 2917 3684; x_wconf 90' lang='lat' dir='ltr'><strong>secundum</strong></span> <span class='ocrx_word' id='word_1_664' title='bbox 2940 3648 2954 3696; x_wconf 91' lang='lat'><strong>;</strong></span> <span class='ocrx_word' id='word_1_665' title='bbox 2980 3647 3101 3685; x_wconf 88' lang='lat' dir='ltr'><strong>nam</strong></span> <span class='ocrx_word' id='word_1_666' title='bbox 3123 3632 3305 3702; x_wconf 90' lang='lat' dir='ltr'><strong>aliqui,</strong></span> <span class='ocrx_word' id='word_1_667' title='bbox 3330 3632 3404 3686; x_wconf 90' lang='lat' dir='ltr'><strong>uti</strong></span> <span class='ocrx_word' id='word_1_668' title='bbox 3433 3634 3501 3687; x_wconf 89' lang='lat' dir='ltr'><strong>ab</strong></span> 
     </span>
    </p>
   </div>
   <div class='ocr_carea' id='block_1_95' title="bbox 1905 3721 3497 3796">
    <p class='ocr_par' dir='ltr' id='par_1_95' title="bbox 1905 3721 3497 3796">
     <span class='ocr_line' id='line_1_95' title="bbox 1905 3721 3497 3796; baseline 0.004 -19"><span class='ocrx_word' id='word_1_669' title='bbox 1905 3721 2134 3777; x_wconf 86' lang='lat' dir='ltr'><strong>ethnicis</strong></span> <span class='ocrx_word' id='word_1_670' title='bbox 2166 3723 2715 3792; x_wconf 62' lang='lat' dir='ltr'><strong>repraesentabuntur,</strong></span> <span class='ocrx_word' id='word_1_671' title='bbox 2745 3726 3024 3796; x_wconf 89' lang='lat' dir='ltr'><strong>capitones</strong></span> <span class='ocrx_word' id='word_1_672' title='bbox 3050 3738 3255 3791; x_wconf 86' lang='lat' dir='ltr'><strong>essent,</strong></span> <span class='ocrx_word' id='word_1_673' title='bbox 3287 3728 3497 3783; x_wconf 84' lang='lat' dir='ltr'><strong>fronto-</strong></span> 
     </span>
    </p>
   </div>
   <div class='ocr_carea' id='block_1_96' title="bbox 1907 3814 3496 3884">
    <p class='ocr_par' dir='ltr' id='par_1_96' title="bbox 1907 3814 3496 3884">
     <span class='ocr_line' id='line_1_96' title="bbox 1907 3814 3496 3884; baseline 0.006 -17"><span class='ocrx_word' id='word_1_674' title='bbox 1907 3829 2025 3878; x_wconf 92' lang='lat' dir='ltr'><strong>nes,</strong></span> <span class='ocrx_word' id='word_1_675' title='bbox 2057 3815 2225 3882; x_wconf 88' lang='lat' dir='ltr'><strong>pueri,</strong></span> <span class='ocrx_word' id='word_1_676' title='bbox 2255 3814 2504 3882; x_wconf 82' lang='lat' dir='ltr'><strong>juvenes,</strong></span> <span class='ocrx_word' id='word_1_677' title='bbox 2534 3830 2715 3881; x_wconf 90' lang='lat' dir='ltr'><strong>senes,</strong></span> <span class='ocrx_word' id='word_1_678' title='bbox 2752 3818 2997 3872; x_wconf 89' lang='lat' dir='ltr'><strong>nonnulli</strong></span> <span class='ocrx_word' id='word_1_679' title='bbox 3031 3820 3112 3873; x_wconf 90' lang='lat' dir='ltr'><strong>his</strong></span> <span class='ocrx_word' id='word_1_680' title='bbox 3139 3820 3496 3884; x_wconf 89' lang='lat' dir='ltr'><strong>lineamentis,</strong></span> 
     </span>
    </p>
   </div>
   <div class='ocr_carea' id='block_1_97' title="bbox 1903 3905 3499 3985">
    <p class='ocr_par' dir='ltr' id='par_1_97' title="bbox 1903 3905 3499 3985">
     <span class='ocr_line' id='line_1_97' title="bbox 1903 3905 3499 3985; baseline 0.009 -27"><span class='ocrx_word' id='word_1_681' title='bbox 1903 3905 1995 3959; x_wconf 87' lang='lat' dir='ltr'><strong>alii</strong></span> <span class='ocrx_word' id='word_1_682' title='bbox 2018 3905 2140 3960; x_wconf 88' lang='lat' dir='ltr'><strong>aliis</strong></span> <span class='ocrx_word' id='word_1_683' title='bbox 2167 3907 2510 3973; x_wconf 78' lang='lat' dir='ltr'><strong>conformati,</strong></span> <span class='ocrx_word' id='word_1_684' title='bbox 2541 3909 2757 3980; x_wconf 87' lang='lat' dir='ltr'><strong>quidam</strong></span> <span class='ocrx_word' id='word_1_685' title='bbox 2793 3911 2912 3978; x_wconf 85' lang='lat' dir='ltr'><strong>hac,</strong></span> <span class='ocrx_word' id='word_1_686' title='bbox 2945 3913 3033 3966; x_wconf 85' lang='lat' dir='ltr'><strong>alii</strong></span> <span class='ocrx_word' id='word_1_687' title='bbox 3075 3914 3176 3968; x_wconf 85' lang='lat' dir='ltr'><strong>alia</strong></span> <span class='ocrx_word' id='word_1_688' title='bbox 3209 3914 3397 3985; x_wconf 88' lang='lat' dir='ltr'><strong>ﬁgura.</strong></span> <span class='ocrx_word' id='word_1_689' title='bbox 3432 3919 3499 3972; x_wconf 87' lang='lat' dir='ltr'><strong>At</strong></span> 
     </span>
    </p>
   </div>
   <div class='ocr_carea' id='block_1_98' title="bbox 1902 3997 3497 4074">
    <p class='ocr_par' dir='ltr' id='par_1_98' title="bbox 1902 3997 3497 4074">
     <span class='ocr_line' id='line_1_98' title="bbox 1902 3997 3497 4074; baseline 0.009 -24"><span class='ocrx_word' id='word_1_690' title='bbox 1902 3997 1953 4051; x_wconf 88' lang='lat' dir='ltr'><strong>id</strong></span> <span class='ocrx_word' id='word_1_691' title='bbox 1977 4016 2079 4053; x_wconf 90' lang='lat' dir='ltr'><strong>non</strong></span> <span class='ocrx_word' id='word_1_692' title='bbox 2099 4000 2275 4055; x_wconf 89' lang='lat' dir='ltr'><strong>minus</strong></span> <span class='ocrx_word' id='word_1_693' title='bbox 2303 4001 2618 4070; x_wconf 85' lang='lat' dir='ltr'><strong>absurdum,</strong></span> <span class='ocrx_word' id='word_1_694' title='bbox 2642 4020 2801 4074; x_wconf 89' lang='lat' dir='ltr'><strong>quatn</strong></span> <span class='ocrx_word' id='word_1_695' title='bbox 2825 4006 3134 4061; x_wconf 87' lang='lat' dir='ltr'><strong>animalium</strong></span> <span class='ocrx_word' id='word_1_696' title='bbox 3166 4007 3363 4064; x_wconf 82' lang='lat' dir='ltr'><strong>formas</strong></span> <span class='ocrx_word' id='word_1_697' title='bbox 3392 4010 3497 4066; x_wconf 90' lang='lat' dir='ltr'><strong>illis</strong></span> 
     </span>
    </p>
   </div>
   <div class='ocr_carea' id='block_1_99' title="bbox 1901 4092 3497 4174">
    <p class='ocr_par' dir='ltr' id='par_1_99' title="bbox 1901 4092 3497 4174">
     <span class='ocr_line' id='line_1_99' title="bbox 1901 4092 3497 4174; baseline 0.01 -30"><span class='ocrx_word' id='word_1_698' title='bbox 1901 4092 2141 4159; x_wconf 86' lang='lat' dir='ltr'><strong>attribui,</strong></span> <span class='ocrx_word' id='word_1_699' title='bbox 2174 4093 2316 4164; x_wconf 84' lang='lat' dir='ltr'><strong>quod</strong></span> <span class='ocrx_word' id='word_1_700' title='bbox 2344 4110 2475 4150; x_wconf 87' lang='lat' dir='ltr'><strong>sane</strong></span> <span class='ocrx_word' id='word_1_701' title='bbox 2504 4096 2573 4149; x_wconf 89' lang='lat' dir='ltr'><strong>ab</strong></span> <span class='ocrx_word' id='word_1_702' title='bbox 2603 4094 2873 4169; x_wconf 61' lang='lat' dir='ltr'><strong>[Egyptiis</strong></span> <span class='ocrx_word' id='word_1_703' title='bbox 2897 4099 3090 4154; x_wconf 78' lang='lat' dir='ltr'><strong>factum</strong></span> <span class='ocrx_word' id='word_1_704' title='bbox 3114 4102 3296 4156; x_wconf 76' lang='lat' dir='ltr'><strong>cmteri</strong></span> <span class='ocrx_word' id='word_1_705' title='bbox 3320 4106 3497 4174; x_wconf 85' lang='lat' dir='ltr'><strong>genti-</strong></span> 
     </span>
    </p>
   </div>
   <div class='ocr_carea' id='block_1_100' title="bbox 1901 4184 2546 4243">
    <p class='ocr_par' dir='ltr' id='par_1_100' title="bbox 1901 4184 2546 4243">
     <span class='ocr_line' id='line_1_100' title="bbox 1901 4184 2546 4243; baseline 0.006 -5"><span class='ocrx_word' id='word_1_706' title='bbox 1901 4184 1985 4239; x_wconf 87' lang='lat' dir='ltr'><strong>les</strong></span> <span class='ocrx_word' id='word_1_707' title='bbox 2008 4189 2197 4241; x_wconf 88' lang='lat' dir='ltr'><strong>merilo</strong></span> <span class='ocrx_word' id='word_1_708' title='bbox 2225 4188 2546 4243; x_wconf 85' lang='lat' dir='ltr'><strong>irridehant.</strong></span> 
     </span>
    </p>
   </div>
   <div class='ocr_carea' id='block_1_101' title="bbox 1972 4277 3494 4357">
    <p class='ocr_par' dir='ltr' id='par_1_101' title="bbox 1972 4277 3494 4357">
     <span class='ocr_line' id='line_1_101' title="bbox 1972 4277 3494 4357; baseline 0.009 -25"><span class='ocrx_word' id='word_1_709' title='bbox 1972 4277 2153 4349; x_wconf 84' lang='lat' dir='ltr'><strong>Neque</strong></span> <span class='ocrx_word' id='word_1_710' title='bbox 2205 4295 2269 4335; x_wconf 82' lang='lat' dir='ltr'><strong>ex</strong></span> <span class='ocrx_word' id='word_1_711' title='bbox 2300 4280 2383 4334; x_wconf 87' lang='lat' dir='ltr'><strong>ltis</strong></span> <span class='ocrx_word' id='word_1_712' title='bbox 2410 4282 2627 4350; x_wconf 89' lang='lat' dir='ltr'><strong>quidam</strong></span> <span class='ocrx_word' id='word_1_713' title='bbox 2674 4282 2950 4348; x_wconf 87' lang='lat' dir='ltr'><strong>audiendi.</strong></span> <span class='ocrx_word' id='word_1_714' title='bbox 2982 4286 3070 4356; x_wconf 90' lang='lat' dir='ltr'><strong>qui</strong></span> <span class='ocrx_word' id='word_1_715' title='bbox 3101 4288 3494 4357; x_wconf 87' lang='lat' dir='ltr'><strong>respondebant</strong></span> 
     </span>
    </p>
   </div>
   <div class='ocr_carea' id='block_1_102' title="bbox 1899 4370 3495 4445">
    <p class='ocr_par' dir='ltr' id='par_1_102' title="bbox 1899 4370 3495 4445">
     <span class='ocr_line' id='line_1_102' title="bbox 1899 4370 3495 4445; baseline 0.007 -18"><span class='ocrx_word' id='word_1_716' title='bbox 1899 4370 2184 4428; x_wconf 84' lang='lat' dir='ltr'><strong>humanam</strong></span> <span class='ocrx_word' id='word_1_717' title='bbox 2217 4374 2438 4445; x_wconf 85' lang='lat' dir='ltr'><strong>ﬁguram</strong></span> <span class='ocrx_word' id='word_1_718' title='bbox 2470 4375 2573 4429; x_wconf 90' lang='lat' dir='ltr'><strong>diis</strong></span> <span class='ocrx_word' id='word_1_719' title='bbox 2606 4374 2826 4431; x_wconf 83' lang='lat' dir='ltr'><strong>honoris</strong></span> <span class='ocrx_word' id='word_1_720' title='bbox 2855 4387 3059 4432; x_wconf 88' lang='lat' dir='ltr'><strong>tantum</strong></span> <span class='ocrx_word' id='word_1_721' title='bbox 3093 4394 3253 4434; x_wconf 88' lang='lat' dir='ltr'><strong>causa</strong></span> <span class='ocrx_word' id='word_1_722' title='bbox 3282 4398 3495 4438; x_wconf 84' lang='lat' dir='ltr'><strong>accom—</strong></span> 
     </span>
    </p>
   </div>
   <div class='ocr_carea' id='block_1_103' title="bbox 1895 4467 3491 4541">
    <p class='ocr_par' dir='ltr' id='par_1_103' title="bbox 1895 4467 3491 4541">
     <span class='ocr_line' id='line_1_103' title="bbox 1895 4467 3491 4541; baseline 0.007 -20"><span class='ocrx_word' id='word_1_723' title='bbox 1895 4467 2123 4524; x_wconf 89' lang='lat' dir='ltr'><strong>modari.</strong></span> <span class='ocrx_word' id='word_1_724' title='bbox 2156 4467 2316 4536; x_wconf 81' lang='lat' dir='ltr'><strong>Pejor</strong></span> <span class='ocrx_word' id='word_1_725' title='bbox 2336 4468 2601 4538; x_wconf 87' lang='lat' dir='ltr'><strong>siquidem</strong></span> <span class='ocrx_word' id='word_1_726' title='bbox 2632 4485 2801 4537; x_wconf 91' lang='lat' dir='ltr'><strong>error,</strong></span> <span class='ocrx_word' id='word_1_727' title='bbox 2858 4471 3138 4541; x_wconf 87' lang='lat' dir='ltr'><strong>majorque</strong></span> <span class='ocrx_word' id='word_1_728' title='bbox 3168 4477 3491 4532; x_wconf 88' lang='lat' dir='ltr'><strong>contumelia</strong></span> 
     </span>
    </p>
   </div>
   <div class='ocr_carea' id='block_1_104' title="bbox 1897 4559 3491 4630">
    <p class='ocr_par' dir='ltr' id='par_1_104' title="bbox 1897 4559 3491 4630">
     <span class='ocr_line' id='line_1_104' title="bbox 1897 4559 3491 4630; baseline 0.005 -16"><span class='ocrx_word' id='word_1_729' title='bbox 1897 4569 1999 4625; x_wconf 90' lang='lat' dir='ltr'><strong>est,</strong></span> <span class='ocrx_word' id='word_1_730' title='bbox 2030 4559 2133 4613; x_wconf 87' lang='lat' dir='ltr'><strong>diis</strong></span> <span class='ocrx_word' id='word_1_731' title='bbox 2168 4559 2369 4613; x_wconf 82' lang='lat' dir='ltr'><strong>fortnas</strong></span> <span class='ocrx_word' id='word_1_732' title='bbox 2401 4559 2731 4627; x_wconf 81' lang='lat' dir='ltr'><strong>adscribere,</strong></span> <span class='ocrx_word' id='word_1_733' title='bbox 2757 4575 2889 4630; x_wconf 89' lang='lat' dir='ltr'><strong>quas</strong></span> <span class='ocrx_word' id='word_1_734' title='bbox 2918 4561 3113 4617; x_wconf 86' lang='lat' dir='ltr'><strong>habere</strong></span> <span class='ocrx_word' id='word_1_735' title='bbox 3136 4580 3240 4617; x_wconf 91' lang='lat' dir='ltr'><strong>non</strong></span> <span class='ocrx_word' id='word_1_736' title='bbox 3267 4568 3491 4622; x_wconf 84' lang='lat' dir='ltr'><strong>credan-</strong></span> 
     </span>
    </p>
   </div>
   <div class='ocr_carea' id='block_1_105' title="bbox 1899 4653 3492 4724">
    <p class='ocr_par' dir='ltr' id='par_1_105' title="bbox 1899 4653 3492 4724">
     <span class='ocr_line' id='line_1_105' title="bbox 1899 4653 3492 4724; baseline 0.004 -16"><span class='ocrx_word' id='word_1_737' title='bbox 1899 4664 2002 4708; x_wconf 90' lang='lat' dir='ltr'><strong>tur.</strong></span> <span class='ocrx_word' id='word_1_738' title='bbox 2035 4653 2198 4709; x_wconf 83' lang='lat' dir='ltr'><strong>Addit</strong></span> <span class='ocrx_word' id='word_1_739' title='bbox 2236 4653 2376 4709; x_wconf 89' lang='lat' dir='ltr'><strong>baud</strong></span> <span class='ocrx_word' id='word_1_740' title='bbox 2421 4654 2637 4724; x_wconf 88' lang='lat' dir='ltr'><strong>illepide</strong></span> <span class='ocrx_word' id='word_1_741' title='bbox 2669 4655 2959 4721; x_wconf 86' lang='lat' dir='ltr'><strong>Arnobius,</strong></span> <span class='ocrx_word' id='word_1_742' title='bbox 2988 4656 3030 4709; x_wconf 90' lang='lat' dir='ltr'><strong>si</strong></span> <span class='ocrx_word' id='word_1_743' title='bbox 3064 4656 3253 4712; x_wconf 83' lang='lat' dir='ltr'><strong>bellua:</strong></span> <span class='ocrx_word' id='word_1_744' title='bbox 3282 4661 3492 4716; x_wconf 89' lang='lat' dir='ltr'><strong>ratione</strong></span> 
     </span>
    </p>
   </div>
   <div class='ocr_carea' id='block_1_106' title="bbox 1895 4746 3490 4818">
    <p class='ocr_par' dir='ltr' id='par_1_106' title="bbox 1895 4746 3490 4818">
     <span class='ocr_line' id='line_1_106' title="bbox 1895 4746 3490 4818; baseline 0.005 -16"><span class='ocrx_word' id='word_1_745' title='bbox 1895 4746 2182 4818; x_wconf 89' lang='lat' dir='ltr'><strong>aliquando</strong></span> <span class='ocrx_word' id='word_1_746' title='bbox 2207 4747 2440 4817; x_wconf 70' lang='lat' dir='ltr'><strong>prmdita:</strong></span> <span class='ocrx_word' id='word_1_747' title='bbox 2485 4747 2731 4801; x_wconf 90' lang='lat' dir='ltr'><strong>homines</strong></span> <span class='ocrx_word' id='word_1_748' title='bbox 2763 4747 3031 4803; x_wconf 88' lang='lat' dir='ltr'><strong>honorare</strong></span> <span class='ocrx_word' id='word_1_749' title='bbox 3078 4750 3297 4816; x_wconf 85' lang='lat' dir='ltr'><strong>vellent,</strong></span> <span class='ocrx_word' id='word_1_750' title='bbox 3336 4768 3490 4810; x_wconf 90' lang='lat' dir='ltr'><strong>num-</strong></span> 
     </span>
    </p>
   </div>
   <div class='ocr_carea' id='block_1_107' title="bbox 1895 4841 3488 4914">
    <p class='ocr_par' dir='ltr' id='par_1_107' title="bbox 1895 4841 3488 4914">
     <span class='ocr_line' id='line_1_107' title="bbox 1895 4841 3488 4914; baseline 0.005 -17"><span class='ocrx_word' id='word_1_751' title='bbox 1895 4842 2019 4914; x_wconf 91' lang='lat' dir='ltr'><strong>quid</strong></span> <span class='ocrx_word' id='word_1_752' title='bbox 2066 4843 2313 4896; x_wconf 88' lang='lat' dir='ltr'><strong>homines</strong></span> <span class='ocrx_word' id='word_1_753' title='bbox 2369 4842 2632 4911; x_wconf 85' lang='lat' dir='ltr'><strong>patienter</strong></span> <span class='ocrx_word' id='word_1_754' title='bbox 2670 4841 2873 4896; x_wconf 80' lang='lat' dir='ltr'><strong>ferrent</strong></span> <span class='ocrx_word' id='word_1_755' title='bbox 2921 4858 2979 4897; x_wconf 84' lang='lat' dir='ltr'><strong>se</strong></span> <span class='ocrx_word' id='word_1_756' title='bbox 3035 4843 3269 4900; x_wconf 54' lang='lat' dir='ltr'><strong>bx-lluina</strong></span> <span class='ocrx_word' id='word_1_757' title='bbox 3320 4847 3488 4905; x_wconf 76' lang='lat' dir='ltr'><strong>forma</strong></span> 
     </span>
    </p>
   </div>
   <div class='ocr_carea' id='block_1_108' title="bbox 1896 4933 3488 5012">
    <p class='ocr_par' dir='ltr' id='par_1_108' title="bbox 1896 4933 3488 5012">
     <span class='ocr_line' id='line_1_108' title="bbox 1896 4933 3488 5012; baseline 0.005 -22"><span class='ocrx_word' id='word_1_758' title='bbox 1896 4935 2041 5007; x_wconf 88' lang='lat' dir='ltr'><strong>pingi</strong></span> <span class='ocrx_word' id='word_1_759' title='bbox 2091 4946 2145 4990; x_wconf 91' lang='lat' dir='ltr'><strong>et</strong></span> <span class='ocrx_word' id='word_1_760' title='bbox 2184 4934 2472 4990; x_wconf 76' lang='lat' dir='ltr'><strong>exhiberi?</strong></span> <span class='ocrx_word' id='word_1_761' title='bbox 2504 4933 2653 4989; x_wconf 85' lang='lat' dir='ltr'><strong>Nulla</strong></span> <span class='ocrx_word' id='word_1_762' title='bbox 2688 4938 2849 5006; x_wconf 87' lang='lat' dir='ltr'><strong>igitur</strong></span> <span class='ocrx_word' id='word_1_763' title='bbox 2878 4937 2994 5001; x_wconf 85' lang='lat' dir='ltr'><strong>Dei,</strong></span> <span class='ocrx_word' id='word_1_764' title='bbox 3030 4940 3240 4994; x_wconf 90' lang='lat' dir='ltr'><strong>tametsi</strong></span> <span class='ocrx_word' id='word_1_765' title='bbox 3287 4943 3488 5012; x_wconf 88' lang='lat' dir='ltr'><strong>audiat,</strong></span> 
     </span>
    </p>
   </div>
   <div class='ocr_carea' id='block_1_109' title="bbox 1895 5028 3491 5105">
    <p class='ocr_par' dir='ltr' id='par_1_109' title="bbox 1895 5028 3491 5105">
     <span class='ocr_line' id='line_1_109' title="bbox 1895 5028 3491 5105; baseline 0.004 -22"><span class='ocrx_word' id='word_1_766' title='bbox 1895 5030 2095 5096; x_wconf 84' lang='lat' dir='ltr'><strong>videat,</strong></span> <span class='ocrx_word' id='word_1_767' title='bbox 2138 5028 2421 5097; x_wconf 87' lang='lat' dir='ltr'><strong>intelligat,</strong></span> <span class='ocrx_word' id='word_1_768' title='bbox 2452 5029 2662 5099; x_wconf 88' lang='lat' dir='ltr'><strong>species</strong></span> <span class='ocrx_word' id='word_1_769' title='bbox 2688 5038 2783 5083; x_wconf 89' lang='lat' dir='ltr'><strong>aut</strong></span> <span class='ocrx_word' id='word_1_770' title='bbox 2837 5029 3003 5100; x_wconf 84' lang='lat' dir='ltr'><strong>ﬁgura</strong></span> <span class='ocrx_word' id='word_1_771' title='bbox 3033 5047 3152 5088; x_wconf 89' lang='lat' dir='ltr'><strong>esse</strong></span> <span class='ocrx_word' id='word_1_772' title='bbox 3178 5043 3369 5105; x_wconf 88' lang='lat' dir='ltr'><strong>potest.</strong></span> <span class='ocrx_word' id='word_1_773' title='bbox 3398 5047 3491 5090; x_wconf 88' lang='lat' dir='ltr'><strong>aut</strong></span> 
     </span>
    </p>
   </div>
   <div class='ocr_carea' id='block_1_110' title="bbox 1891 5122 3489 5193">
    <p class='ocr_par' dir='ltr' id='par_1_110' title="bbox 1891 5122 3489 5193">
     <span class='ocr_line' id='line_1_110' title="bbox 1891 5122 3489 5193; baseline 0.004 -17"><span class='ocrx_word' id='word_1_774' title='bbox 1891 5124 1935 5176; x_wconf 89' lang='lat' dir='ltr'><strong>si</strong></span> <span class='ocrx_word' id='word_1_775' title='bbox 1959 5139 2077 5193; x_wconf 79' lang='lat' dir='ltr'><strong>qua:</strong></span> <span class='ocrx_word' id='word_1_776' title='bbox 2105 5123 2427 5193; x_wconf 90' lang='lat' dir='ltr'><strong>sit,prorsus</strong></span> <span class='ocrx_word' id='word_1_777' title='bbox 2463 5123 2755 5177; x_wconf 89' lang='lat' dir='ltr'><strong>nescimus.</strong></span> <span class='ocrx_word' id='word_1_778' title='bbox 2781 5122 2956 5179; x_wconf 79' lang='lat' dir='ltr'><strong>Unum</strong></span> <span class='ocrx_word' id='word_1_779' title='bbox 2985 5126 3182 5180; x_wconf 88' lang='lat' dir='ltr'><strong>scimus</strong></span> <span class='ocrx_word' id='word_1_780' title='bbox 3211 5127 3339 5182; x_wconf 88' lang='lat' dir='ltr'><strong>nihil</strong></span> <span class='ocrx_word' id='word_1_781' title='bbox 3369 5143 3489 5183; x_wconf 90' lang='lat' dir='ltr'><strong>cor-</strong></span> 
     </span>
    </p>
   </div>
   <div class='ocr_carea' id='block_1_111' title="bbox 1895 5216 3484 5286">
    <p class='ocr_par' dir='ltr' id='par_1_111' title="bbox 1895 5216 3484 5286">
     <span class='ocr_line' id='line_1_111' title="bbox 1895 5216 3484 5286; baseline 0.006 -18"><span class='ocrx_word' id='word_1_782' title='bbox 1895 5216 2071 5286; x_wconf 89' lang='lat' dir='ltr'><strong>porei,</strong></span> <span class='ocrx_word' id='word_1_783' title='bbox 2121 5225 2215 5270; x_wconf 90' lang='lat' dir='ltr'><strong>attt</strong></span> <span class='ocrx_word' id='word_1_784' title='bbox 2263 5217 2618 5273; x_wconf 87' lang='lat' dir='ltr'><strong>humanorum</strong></span> <span class='ocrx_word' id='word_1_785' title='bbox 2648 5217 3094 5275; x_wconf 89' lang='lat' dir='ltr'><strong>lineamentorum</strong></span> <span class='ocrx_word' id='word_1_786' title='bbox 3125 5231 3177 5277; x_wconf 90' lang='lat' dir='ltr'><strong>et</strong></span> <span class='ocrx_word' id='word_1_787' title='bbox 3202 5220 3484 5277; x_wconf 80' lang='lat' dir='ltr'><strong>aﬁ&#39;ectuum</strong></span> 
     </span>
    </p>
   </div>
   <div class='ocr_carea' id='block_1_112' title="bbox 1893 5311 3486 5386">
    <p class='ocr_par' dir='ltr' id='par_1_112' title="bbox 1893 5311 3486 5386">
     <span class='ocr_line' id='line_1_112' title="bbox 1893 5311 3486 5386; baseline 0.003 -19"><span class='ocrx_word' id='word_1_788' title='bbox 1893 5326 2014 5367; x_wconf 88' lang='lat' dir='ltr'><strong>esse</strong></span> <span class='ocrx_word' id='word_1_789' title='bbox 2038 5312 2091 5366; x_wconf 90' lang='lat' dir='ltr'><strong>in</strong></span> <span class='ocrx_word' id='word_1_790' title='bbox 2124 5311 2255 5380; x_wconf 88' lang='lat' dir='ltr'><strong>Deo,</strong></span> <span class='ocrx_word' id='word_1_791' title='bbox 2309 5312 2463 5383; x_wconf 89' lang='lat' dir='ltr'><strong>cujus</strong></span> <span class='ocrx_word' id='word_1_792' title='bbox 2512 5324 2700 5370; x_wconf 89' lang='lat' dir='ltr'><strong>natura</strong></span> <span class='ocrx_word' id='word_1_793' title='bbox 2749 5314 2896 5369; x_wconf 92' lang='lat' dir='ltr'><strong>nullo</strong></span> <span class='ocrx_word' id='word_1_794' title='bbox 2927 5325 3105 5386; x_wconf 87' lang='lat' dir='ltr'><strong>potest</strong></span> <span class='ocrx_word' id='word_1_795' title='bbox 3135 5317 3347 5371; x_wconf 88' lang='lat' dir='ltr'><strong>mortali</strong></span> <span class='ocrx_word' id='word_1_796' title='bbox 3373 5334 3486 5375; x_wconf 85' lang='lat' dir='ltr'><strong>scr-</strong></span> 
     </span>
    </p>
   </div>
   <div class='ocr_carea' id='block_1_113' title="bbox 1889 5407 2348 5476">
    <p class='ocr_par' dir='ltr' id='par_1_113' title="bbox 1889 5407 2348 5476">
     <span class='ocr_line' id='line_1_113' title="bbox 1889 5407 2348 5476; baseline 0.011 -14"><span class='ocrx_word' id='word_1_797' title='bbox 1889 5420 2051 5462; x_wconf 89' lang='lat' dir='ltr'><strong>mone</strong></span> <span class='ocrx_word' id='word_1_798' title='bbox 2070 5407 2348 5476; x_wconf 78' lang='lat' dir='ltr'><strong>explicari.</strong></span> 
     </span>
    </p>
   </div>
   <div class='ocr_carea' id='block_1_114' title="bbox 1961 5500 3487 5576">
    <p class='ocr_par' dir='ltr' id='par_1_114' title="bbox 1961 5500 3487 5576">
     <span class='ocr_line' id='line_1_114' title="bbox 1961 5500 3487 5576; baseline 0.004 -21"><span class='ocrx_word' id='word_1_799' title='bbox 1961 5500 2146 5556; x_wconf 83' lang='lat' dir='ltr'><strong>Tertio</strong></span> <span class='ocrx_word' id='word_1_800' title='bbox 2191 5501 2392 5557; x_wconf 88' lang='lat' dir='ltr'><strong>ethnici</strong></span> <span class='ocrx_word' id='word_1_801' title='bbox 2454 5504 2588 5558; x_wconf 88' lang='lat' dir='ltr'><strong>deos</strong></span> <span class='ocrx_word' id='word_1_802' title='bbox 2643 5502 2966 5559; x_wconf 75' lang='lat' dir='ltr'><strong>induceltant</strong></span> <span class='ocrx_word' id='word_1_803' title='bbox 3020 5503 3193 5573; x_wconf 88' lang='lat' dir='ltr'><strong>aliqua</strong></span> <span class='ocrx_word' id='word_1_804' title='bbox 3248 5504 3487 5576; x_wconf 85' lang='lat' dir='ltr'><strong>singulos</strong></span> 
     </span>
    </p>
   </div>
   <div class='ocr_carea' id='block_1_115' title="bbox 1892 5595 3482 5665">
    <p class='ocr_par' dir='ltr' id='par_1_115' title="bbox 1892 5595 3482 5665">
     <span class='ocr_line' id='line_1_115' title="bbox 1892 5595 3482 5665; baseline 0.005 -20"><span class='ocrx_word' id='word_1_805' title='bbox 1892 5608 2136 5663; x_wconf 86' lang='lat' dir='ltr'><strong>quosque</strong></span> <span class='ocrx_word' id='word_1_806' title='bbox 2167 5603 2303 5657; x_wconf 88' lang='lat' dir='ltr'><strong>arte,</strong></span> <span class='ocrx_word' id='word_1_807' title='bbox 2337 5604 2390 5648; x_wconf 92' lang='lat' dir='ltr'><strong>et</strong></span> <span class='ocrx_word' id='word_1_808' title='bbox 2419 5596 2636 5649; x_wconf 87' lang='lat' dir='ltr'><strong>scientia</strong></span> <span class='ocrx_word' id='word_1_809' title='bbox 2671 5595 3002 5659; x_wconf 79' lang='lat' dir='ltr'><strong>informatus,</strong></span> <span class='ocrx_word' id='word_1_810' title='bbox 3035 5611 3097 5650; x_wconf 89' lang='lat' dir='ltr'><strong>ac</strong></span> <span class='ocrx_word' id='word_1_811' title='bbox 3129 5596 3482 5665; x_wconf 85' lang='lat' dir='ltr'><strong>particulatim</strong></span> 
     </span>
    </p>
   </div>
   <div class='ocr_carea' id='block_1_116' title="bbox 1893 5684 3483 5757">
    <p class='ocr_par' dir='ltr' id='par_1_116' title="bbox 1893 5684 3483 5757">
     <span class='ocr_line' id='line_1_116' title="bbox 1893 5684 3483 5757; baseline 0.006 -18"><span class='ocrx_word' id='word_1_812' title='bbox 1893 5684 2149 5741; x_wconf 81' lang='lat' dir='ltr'><strong>humanis</strong></span> <span class='ocrx_word' id='word_1_813' title='bbox 2178 5687 2391 5754; x_wconf 77' lang='lat' dir='ltr'><strong>ofﬁciis,</strong></span> <span class='ocrx_word' id='word_1_814' title='bbox 2424 5688 2670 5757; x_wconf 79' lang='lat' dir='ltr'><strong>negotiis.</strong></span> <span class='ocrx_word' id='word_1_815' title='bbox 2716 5690 2980 5756; x_wconf 83' lang='lat' dir='ltr'><strong>rebusque</strong></span> <span class='ocrx_word' id='word_1_816' title='bbox 3022 5690 3139 5743; x_wconf 76' lang='lat' dir='ltr'><strong>aliis</strong></span> <span class='ocrx_word' id='word_1_817' title='bbox 3181 5689 3299 5745; x_wconf 84' lang='lat' dir='ltr'><strong>sive</strong></span> <span class='ocrx_word' id='word_1_818' title='bbox 3330 5691 3483 5748; x_wconf 86' lang='lat' dir='ltr'><strong>bonis</strong></span> 
     </span>
    </p>
   </div>
   <div class='ocr_carea' id='block_1_117' title="bbox 1896 5778 3481 5850">
    <p class='ocr_par' dir='ltr' id='par_1_117' title="bbox 1896 5778 3481 5850">
     <span class='ocr_line' id='line_1_117' title="bbox 1896 5778 3481 5850; baseline 0.004 -18"><span class='ocrx_word' id='word_1_819' title='bbox 1896 5787 1990 5832; x_wconf 91' lang='lat' dir='ltr'><strong>aut</strong></span> <span class='ocrx_word' id='word_1_820' title='bbox 2016 5778 2195 5845; x_wconf 88' lang='lat' dir='ltr'><strong>tnalis,</strong></span> <span class='ocrx_word' id='word_1_821' title='bbox 2228 5779 2344 5835; x_wconf 86' lang='lat' dir='ltr'><strong>sive</strong></span> <span class='ocrx_word' id='word_1_822' title='bbox 2394 5780 2632 5834; x_wconf 86' lang='lat' dir='ltr'><strong>honestis</strong></span> <span class='ocrx_word' id='word_1_823' title='bbox 2677 5788 2767 5834; x_wconf 90' lang='lat' dir='ltr'><strong>aut</strong></span> <span class='ocrx_word' id='word_1_824' title='bbox 2795 5781 3057 5850; x_wconf 87' lang='lat' dir='ltr'><strong>turpibus,</strong></span> <span class='ocrx_word' id='word_1_825' title='bbox 3090 5780 3177 5837; x_wconf 90' lang='lat' dir='ltr'><strong>hic</strong></span> <span class='ocrx_word' id='word_1_826' title='bbox 3202 5781 3270 5837; x_wconf 89' lang='lat' dir='ltr'><strong>ab</strong></span> <span class='ocrx_word' id='word_1_827' title='bbox 3304 5784 3481 5839; x_wconf 83' lang='lat' dir='ltr'><strong>Arno-</strong></span> 
     </span>
    </p>
   </div>
   <div class='ocr_carea' id='block_1_118' title="bbox 1894 5870 3483 5945">
    <p class='ocr_par' dir='ltr' id='par_1_118' title="bbox 1894 5870 3483 5945">
     <span class='ocr_line' id='line_1_118' title="bbox 1894 5870 3483 5945; baseline 0.005 -18"><span class='ocrx_word' id='word_1_828' title='bbox 1894 5870 1986 5927; x_wconf 85' lang='lat' dir='ltr'><strong>bio</strong></span> <span class='ocrx_word' id='word_1_829' title='bbox 2028 5882 2279 5929; x_wconf 88' lang='lat' dir='ltr'><strong>accurate</strong></span> <span class='ocrx_word' id='word_1_830' title='bbox 2327 5872 2675 5941; x_wconf 88' lang='lat' dir='ltr'><strong>enumeratis,</strong></span> <span class='ocrx_word' id='word_1_831' title='bbox 2726 5873 3095 5945; x_wconf 70' lang='lat' dir='ltr'><strong>praesidentes.</strong></span> <span class='ocrx_word' id='word_1_832' title='bbox 3133 5874 3325 5932; x_wconf 78' lang='lat' dir='ltr'><strong>Verum</strong></span> <span class='ocrx_word' id='word_1_833' title='bbox 3366 5874 3483 5935; x_wconf 70' lang='lat' dir='ltr'><strong>lure</strong></span> 
     </span>
    </p>
   </div>
  </div>
