3942 6284
489 328 595 386 579

1734 332 2191 393 DlSSERTATlO
2228 338 2501 399 PMVIA

3664 353 3763 411 380

488 449 798 521 christianis
826 452 1216 523 quantumlibet
1242 451 1391 523 impii
1416 459 1471 507 et
1493 452 1636 508 athei
1663 451 1929 516 dicantur,
1953 450 2078 505 nul-
2106 456 2155 512 Α
2184 454 2352 523 misit,
2379 457 2608 530 singulis
2648 461 2812 519 rebus
2854 465 3099 535 praesint,
3144 479 3242 520 cur
3269 480 3374 521 non
3411 467 3652 524 similiter
3691 470 3761 527 dii

490 545 575 601 lus
608 562 854 616 umquam
881 546 1238 615 persuadebit.

561 640 781 709 Quarto,
830 641 1103 697 Arnobius
1143 640 1446 696 luculenter
1484 642 1820 697 demonstrat
1866 638 2080 694 fictitios

488 713 706 787 omnino
727 747 846 788 esse
872 733 1149 805 gentilium
1175 734 1324 797 deos,
1351 748 1414 789 ex
1439 734 1601 788 variis
1631 733 1839 787 illorum
1870 732 2079 802 epinic-

486 825 643 881 nibus
671 826 736 881 de
759 825 914 892 Jano,
932 828 1193 903 Saturno,
1226 826 1378 888 Jove,
1407 826 1637 892 Junone,
1657 825 1912 889 Minerva,
1940 824 2079 895 Nep-

484 927 632 985 tuno,
689 918 975 987 Mercurio,
1018 919 1204 991 Magna
1259 929 1451 985 matre,
1507 918 1763 985 Vulcano,
1807 918 1971 973 Diana
2026 928 2081 973 et

483 1010 620 1066 aliis.
652 1011 799 1066 Unus
825 1012 968 1067 enim
1002 1012 1370 1067 tantummodo
1421 1026 1540 1065 cum
1568 1025 1687 1065 esse
1728 1011 1895 1079 possit
1923 1021 2080 1064 arter-

482 1120 581 1160 nus
608 1103 772 1170 Deus,
805 1120 963 1176 quem
991 1106 1185 1161 frustra
1217 1105 1456 1160 nonnulli
1507 1104 1763 1158 mundum
1793 1102 1935 1158 hunc
1958 1118 2079 1159 esse

483 1197 757 1267 putabant,
793 1208 1111 1253 eteterorum
1139 1199 1407 1265 omnium,
1459 1201 1529 1253 uti
1565 1199 1912 1263 vocabantur,
1951 1198 2079 1251 deo-

480 1307 596 1346 rum
624 1290 830 1347 falsitas
847 1308 917 1348 ex
945 1292 1045 1347 hac
1073 1295 1388 1363 Opinionum
1422 1292 1579 1364 plane
1608 1292 1950 1347 ridicularum
1988 1306 2076 1345 va-

478 1384 668 1440 rietate
695 1385 1097 1442 evidentissime
1128 1385 1447 1441 ostenditur.

550 1478 775 1547 Quinto,
800 1480 976 1563 itaque
993 1480 1261 1535 Arnobius
1284 1480 1424 1536 idem
1452 1495 1554 1534 non
1584 1479 1761 1551 minus
1784 1478 2079 1534 efficaciter

476 1573 689 1628 coniicit
710 1588 775 1629 ex
801 1575 1114 1629 eorumdem
1147 1573 1487 1629 ethnicorum
1515 1574 1582 1629 de
1628 1574 1857 1644 origine,
1887 1581 1941 1625 ct
1978 1587 2080 1625 nu-

475 1682 628 1723 mero
653 1667 878 1722 deorum
910 1683 1150 1735 suorum,
1186 1678 1311 1740 puta
1354 1667 1646 1732 Musarum,
1679 1667 2071 1732 Novensiliutn,

2182 546 2346 619 aliqui
2377 554 2694 621 cucurbitis,
2746 558 2913 626 rapis,
2944 557 3160 623 culinze,
3208 560 3495 623 nasturtio,
3526 560 3655 627 ficis,
3677 562 3762 617 be-

2182 643 2368 708 taceis,
2400 646 2666 715 caulibus,
2704 651 2988 719 unguibus,
3032 651 3173 720 pilis,
3232 651 3461 721 aliisque
3485 666 3763 724 corporum

2182 734 2422 801 partibus
2465 738 2869 806 prreficiuntnr?
2920 741 3095 797 Unum
3147 743 3412 814 siquidem
3464 758 3569 799 non
3601 751 3762 818 magis

2182 840 2341 895 quam
2373 829 2604 884 alterum
2634 846 2663 886 a
2692 849 2818 888 vero
2842 834 3157 901 abhorrere,
3184 836 3408 908 deisque
3437 839 3632 907 probro
3651 856 3765 897 esse

2184 918 2276 974 ille
2306 921 2608 979 luculenter
2630 927 2890 982 ostendit.

2251 1013 2362 1069 Nec
2378 1026 2460 1071 est
2487 1018 2628 1086 quod
2661 1020 2855 1090 aliquis
2891 1020 3109 1091 objiciat
3142 1023 3263 1078 illos
3304 1024 3428 1079 ideo
3467 1025 3601 1081 deos
3645 1040 3759 1083 esse

2183 1109 2328 1179 quod
2354 1111 2421 1163 ab
2459 1111 2833 1183 haruspicibus
2879 1117 3071 1183 vocati,
3103 1119 3363 1173 continuo
3393 1120 3627 1187 veniant,
3658 1136 3769 1176 cer-

2182 1211 2343 1273 taque
2393 1220 2649 1275 responsa
2711 1208 3072 1266 reddiderint.
3120 1212 3377 1278 Quamvis
3418 1215 3618 1268 etenim
3673 1216 3769 1271 hoc

2179 1298 2347 1364 gratis
2375 1299 2724 1367 concedatur,
2759 1303 2878 1371 quis
2908 1304 3214 1358 Melioniam
3252 1317 3345 1360 ant
3390 1307 3764 1375 Limentinum,

2182 1398 2523 1461 utreeponsa
2564 1393 2740 1461 daret,
2790 1395 2984 1450 alienis
3033 1397 3183 1451 fibris
3237 1399 3472 1454 insertos
3500 1400 3631 1455 vidit
3675 1417 3769 1457 un-

2183 1488 2377 1555 quam?
2405 1487 2542 1555 Quid
2570 1488 2612 1541 si
2648 1489 2773 1544 dolo
2796 1502 2847 1543 cl
2883 1491 3094 1558 fraude,
3130 1494 3211 1546 vel
3240 1492 3549 1549 daemonum
3577 1508 3691 1550 arte
3711 1508 3770 1550 ac

2182 1579 2406 1633 fallaciis
2434 1596 2692 1651 responsa
2721 1582 2844 1636 data
2876 1584 2980 1637 sint
2999 1584 3025 1637 .9
3048 1583 3128 1638 Ad
3158 1583 3275 1639 lucc
3296 1600 3453 1652 vero,
3487 1603 3608 1642 cum
3636 1596 3768 1643 tanta

2179 1669 2403 1726 deorum
2440 1656 2729 1728 multitudo
2755 1674 2824 1728 ab
2852 1675 3083 1729 ethnicis
3129 1678 3453 1746 proferatur,
3486 1680 3624 1734 seire
3670 1696 3768 1734 non

476 1762 758 1826 Penatum,
794 1762 1010 1817 Larium
1044 1764 1316 1832 perpetuis
1365 1761 1724 1833 absurdisqne
1773 1761 2074 1816 contentio-
2106 1780 2155 1839 Β
2181 1779 2448 1838 poterant,
2481 1778 2659 1824 utrum
2715 1784 2854 1824 unus
2913 1758 3301 1825 tantnm'dcus
3354 1772 3476 1827 aliis
3505 1775 3767 1836 omnibus,

475 1854 632 1910 nibus
655 1871 718 1910 ac
746 1853 1003 1911 dissidiis.
1035 1853 1244 1910 Nemini
1273 1855 1470 1926 quippe
1495 1855 1712 1908 ethnico
1733 1852 1936 1908 homini
1962 1863 2076 1905 tan-

475 1956 557 2001 tas
586 1947 729 2001 inter
752 1946 1115 2002 dissentiones
1143 1947 1291 2002 licuit
1318 1947 1648 2011 discernere,
1696 1947 1815 2016 quis
1856 1962 1919 2000 ex
1970 1946 2075 1999 illis

475 2056 635 2096 verus
655 2049 773 2095 erat.
805 2040 965 2104 Deus,
998 2042 1119 2112 quis
1140 2042 1471 2097 invocnndus
1493 2052 1548 2096 et
1566 2039 1928 2104 honorandus,
1954 2040 2073 2110 quis

475 2148 631 2206 opem
664 2134 967 2206 petentibus
995 2137 1135 2191 ferre
1162 2150 1415 2219 umquam
1445 2142 1671 2206 poterat.

1061 2289 1353 2337 Αιιτιουιιυε
1390 2291 1466 2337 ιν.

992 2388 1219 2454 Aualysls
1240 2389 1354 2443 libri
1376 2394 1552 2454 quarti.

543 2519 837 2593 inemptum
862 2518 1127 2575 adversus
1166 2520 1446 2591 gentilium
1475 2518 1608 2575 deos
1648 2519 2065 2605 disputationem

473 2617 815 2687 prosequitur
854 2614 1143 2681 Arnobius,
1200 2615 1463 2693 planeque
1507 2612 1741 2673 ostendit
1781 2614 2062 2681 Pietatem,

472 2708 850 2774 Concordiam,
890 2708 1153 2775 Salutem,
1184 2707 1476 2779 Honorem,
1512 2708 1792 2774 Virtutem,
1821 2708 2067 2766 Felicita-

470 2802 827 2876 tetn,aliaque
858 2801 1163 2874 hujusmodi
1197 2803 1436 2864 numina.
1467 2800 1661 2875 quibus
1699 2801 1858 2861 iidem
1886 2803 2063 2879 genti-

474 2898 551 2954 les
582 2898 863 2969 magnitica
891 2897 1084 2971 templa
1106 2907 1537 2964 construxerant,
1562 2913 1659 2951 nec
1681 2896 1791 2953 risu
1811 2906 1897 2949 aut
1917 2898 2058 2973 joco,

472 3006 572 3057 nec
597 2991 741 3050 serio
767 3002 821 3045 et
843 2990 1106 3046 affirmate
1128 2991 1231 3051 dici
1259 3005 1417 3061 posse
1445 2990 1549 3044 vim
1578 2990 1776 3044 habere
1803 2988 2062 3053 divinam,

2182 1875 2320 1929 quos
2345 1861 2687 1925 invocabant,
2720 1878 2825 1916 non
2864 1874 3220 1933 supponatur.
3252 1864 3387 1932 Quis
3411 1875 3591 1921 autem
3621 1880 3769 1920 verus

2182 1951 2327 2008 Deus
2379 1954 2467 2017 sit,
2499 1970 2691 2024 rogare
2728 1971 2831 2009 non
2880 1955 3101 2018 debent,
3146 1957 3583 2027 quandoquidem
3627 1958 3767 2013 illum

2178 2046 2435 2118 Egyptii,
2462 2047 2663 2114 Persae,
2695 2048 2808 2103 indi
2832 2050 3032 2118 aliique
3053 2065 3245 2106 omnes
3274 2062 3633 2123 agnoverunt.

2251 2140 2356 2197 Sed
2390 2142 2552 2195 instat
2577 2142 2870 2205 Arnobius,
2895 2142 3225 2213 planumque
3244 2142 3372 2198 facit
3393 2144 3766 2201 absurdissima

2175 2233 2242 2288 ab
2269 2233 2497 2289 ethnicis
2546 2234 2769 2305 produci
2819 2234 3044 2290 deorum
3097 2250 3320 2290 suorum
3369 2248 3630 2303 monstra,
3664 2247 3766 2293 tres

2175 2328 2425 2383 videlicet
2451 2328 2632 2389 Jovcs,
2679 2329 2916 2400 quinque
2969 2328 3147 2395 Soles,
3189 2330 3413 2386 totidem
3460 2330 3762 2392 Mercurios.

2173 2421 2458 2486 Minervas,
2492 2432 2545 2477 et
2574 2423 2869 2495 Dyonisos;
2926 2432 3037 2477 tres
3063 2423 3279 2491 Dianas,
3314 2434 3371 2479 et
3398 2422 3761 2497 Escttiapios;

2171 2525 2403 2586 quatuor
2431 2513 2721 2581 Vulcanus,
2752 2514 3113 2581 eLVeneres;
3141 2515 3239 2570 tria
3266 2530 3465 2585 genera
3492 2516 3761 2571 Castorum

2170 2619 2223 2664 et
2277 2608 2573 2675 Musarum,
2621 2622 2713 2662 sex
2766 2608 3047 2671 Hercules,
3098 2596 3275 2679 trigas
3312 2610 3654 2679 Cupidinum,
3711 2617 3763 2665 et

2171 2702 2562 2772 Apollinarium
2606 2702 2886 2757 nominum
2938 2701 3250 2772 quadrigas.
3286 2704 3359 2756 At
3398 2703 3453 2757 hi
3479 2718 3666 2758 omnes
3692 2701 3761 2756 dii

2166 2797 2410 2867 ejusdem
2435 2797 2668 2851 nominis
2695 2812 2814 2851 esse
2844 2811 2950 2850 non
2989 2806 3234 2865 possunt,
3282 2806 3381 2850 aut
3425 2798 3547 2867 quis
3573 2812 3635 2850 ex
3665 2795 3760 2849 illis

2173 2905 2329 2944 verus
2353 2890 2491 2944 Deus
2520 2890 2608 2953 sit,
2636 2889 3164 2960 penitusignnratur.
3190 2888 3398 2943 Deinde
3427 2903 3557 2943 vero
3584 2888 3629 2942 si
3654 2886 3758 2950 uni,

2169 2982 2317 3039 verbi
2347 2983 2513 3053 gratia
2546 2982 2824 3049 Minervte,
2862 2996 2963 3036 nec
2991 2980 3316 3035 nominatim
3369 2982 3648 3048 appellata;
3675 2979 3760 3035 flat

470 3094 524 3139 et
568 3085 931 3140 innumerum
985 3083 1206 3153 deorum
1251 3082 1548 3169 aggregari.
1602 3081 1746 3140 Idem
1799 3086 1951 3157 plane
2000 3082 2068 3137 de
2094 3093 2139 3157 ο
2172 3078 2517 3142 sacrificium,
2553 3090 2734 3131 nonne
2773 3076 2893 3129 alite
2939 3084 3211 3144 tamquam
3240 3074 3343 3130 sibi
3384 3075 3582 3131 factum
3606 3073 3761 3129 stulta

470 3176 724 3253 Victoria,
752 3175 908 3247 Pace,
928 3185 979 3229 et
1010 3175 1278 3251 Aﬁquitate
1309 3174 1824 3247 statuendum.Nam
1855 3191 1917 3235 ea
1947 3192 2065 3235 om-

471 3270 578 3341 nia,
607 3270 743 3337 sicut
765 3278 1027 3337 eteorum
1060 3269 1352 3333 contraria,
1384 3268 1438 3321 in
1465 3270 1741 3323 hominum
1765 3269 2064 3335 actionibus

469 3361 855 3433 affectibusque
890 3361 1059 3435 posita
1089 3372 1235 3429 sunt.
1271 3361 1379 3415 Nec
1410 3362 1586 3417 t‘uinus
1630 3358 1960 3451 prmpostere
1998 3363 2066 3416 ab

470 3457 699 3521 ethnicis
716 3455 992 3523 nonnulla,
1010 3456 1084 3523 uti
1102 3454 1750 3537 somniaverant,proptcr
1767 3454 2065 3525 benefacta,

469 3551 651 3619 plures
688 3549 783 3616 dii,
821 3547 1274 3623 quemadmodum
1306 3545 1544 3619 Lupercal
1567 3589 1581 3613 ,
1614 3546 1888 3613 Praestent!
1918 3590 1930 3629 ,
1974 3565 2067 3603 seu

471 3642 676 3713 Panda,
708 3643 791 3697 vel
824 3643 1062 3709 Pantica,
1094 3641 1355 3707 Pelionia,
1386 3643 1611 3717 aliaeque
1638 3643 1940 3715 ignotorum
1968 3660 2068 3707 nu-

470 3734 674 3789 minum
702 3744 934 3789 catervas
957 3733 1347 3803 edocebantur.
1382 3733 1495 3787 Non
1524 3734 1665 3788 enim
1699 3735 1943 3805 benefici,
1972 3735 2064 3790 sed

471 3829 617 3884 solus
657 3842 833 3882 rerum
858 3829 1095 3883 omnium
1117 3837 1331 3883 creator
1360 3841 1517 3883 verus
1546 3827 1686 3882 Deus
1715 3836 1816 3881 est.

541 3922 673 3990 Quis
696 3921 996 3979 etiamsine
1045 3922 1420 3993 indignatione
1448 3938 1543 3977 eos
1596 3922 1783 3977 audire
1831 3931 2064 3995 poterat,

469 4014 557 4086 qtti
581 4014 891 4088 garriebant
912 4014 1171 4085 quosdam
1212 4030 1331 4070 esse
1362 4014 1493 4069 deos
1516 3998 1855 4070 sinistrarum
1885 4017 2062 4087 regio-

470 4126 597 4164 num
631 4110 913 4179 prmsides,
937 4108 1282 4164 dexterarum
1314 4108 1603 4164 inimicos?
1636 4110 1863 4167 Mundus
1892 4109 2068 4164 enim-

467 4220 596 4269 vero
621 4220 743 4262 cum
791 4213 933 4260 teres
964 4205 1036 4259 sit
1076 4220 1139 4259 ac
1190 4204 1477 4281 rotundus,
1523 4219 1646 4274 pars
1686 4206 1802 4274 ejus
1853 4203 1982 4281 Ireva
2013 4211 2067 4258 et

467 4299 705 4364 dextera,
733 4299 914 4353 oriens
944 4308 997 4352 et
1018 4296 1294 4365 occidens,
1322 4280 1507 4351 auster
1528 4306 1579 4350 et
1604 4297 1875 4363 meridies,
1896 4297 2064 4349 nostri

468 4404 694 4457 tantum,
724 4392 939 4464 quando
972 4390 1322 4463 quiescimus,
1354 4400 1604 4467 respectu
1636 4392 1738 4445 dici
1767 4401 1961 4460 potest.
1986 4391 2064 4445 Ab

464 4485 655 4542 iisdem
688 4502 901 4559 quoque
933 4485 1220 4556 gentilibus
1253 4484 1457 4538 insulse
1484 4485 1704 4541 omnino
1728 4482 2066 4559 fingebantur

424 4565 429 4570 ”
463 4579 679 4652 quidam
711 4579 782 4634 dii
810 4580 972 4635 rebus
1014 4578 1359 4655 quihusdam,
1393 4593 1509 4632 niue
1538 4576 1658 4637 aliis
1692 4576 1951 4651 prrefemi,
1980 4577 2061 4631 vi-

369 4744 376 4752 .
464 4672 660 4728 delicet
691 4673 1009 4739 Lateranus,
1037 4687 1133 4727 seu
1161 4670 1366 4727 Genius
1409 4670 1566 4739 focis,
1591 4668 1775 4729 Venus
1821 4669 2065 4731 Militaris

464 4764 678 4836 ﬂagitiis
708 4765 1077 4821 castrensibus
1129 4775 1181 4820 et
1238 4779 1526 4836 puerorum
1575 4763 1797 4833 stupris,
1832 4760 2061 4826 Perfica,

465 4855 755 4923 Pcrtunda,
806 4855 1055 4911 Tutunus
1104 4857 1268 4912 rebus
1318 4854 1591 4921 obscenis,
1648 4855 1778 4915 Puta
1814 4854 2061 4926 putandis

465 4947 767 5012 arboribus,
791 4948 1103 5002 nemoribus
1128 4947 1522 5015 Nemestrinns,
1547 4947 1817 5002 Patellana
1869 4958 1924 5003 et
1964 4946 2064 5001 Pa-

466 5040 588 5095 tella
617 5040 1000 5111 patefaciendis
1030 5048 1124 5094 aut
1155 5039 1439 5111 patefactis
1477 5043 1653 5107 ostiis,
1687 5040 1915 5096 Nadutis
1944 5039 2061 5094 fru-

464 5150 587 5205 gum
618 5130 796 5194 nodis,
833 5131 898 5186 iis
929 5132 1166 5186 terendis
1194 5132 1472 5197 'i‘erensis,
1504 5132 1692 5187 Vibilia
1740 5135 1945 5188 viarqu
1974 5149 2061 5190 er-

467 5226 700 5292 roribus,
733 5223 949 5281 Orbana
1000 5224 1235 5279 filiorum
1285 5225 1490 5281 orbatis
1520 5227 1855 5297 parentibus,
1881 5227 2064 5284 Nmnia

466 5323 590 5377 xitre
619 5321 899 5385 extremis,
929 5318 1176 5389 Ossilago
1219 5321 1428 5375 ossibus
1457 5322 1881 5389 consolidandis,
1911 5322 2061 5387 Peta,

465 5415 621 5477 Puta,
658 5415 858 5470 Patella
887 5413 1100 5486 apibus,
1155 5416 1300 5470 melli
1348 5416 1616 5480 Mellonia,
1661 5416 1841 5473 Lucrii
1889 5416 2061 5485 lucro,

466 5509 747 5564 Libentina
780 5520 831 5564 et
861 5509 1134 5564 Liburnus
1158 5509 1384 5578 libidini,
1429 5510 1704 5565 liminibus
1733 5511 2068 5567 Limentinns

466 5611 525 5657 et
574 5601 748 5668 Limn,
801 5600 1206 5673 obiiquitatibus
1263 5602 1479 5668 Limus,
1533 5604 1727 5658 sationi
1781 5603 2065 5670 Saturnus,

468 5691 740 5747 montibus
768 5693 1060 5759 Montiuus,
1096 5692 1334 5748 Murcida
1367 5693 1643 5763 segnibus,
1674 5709 1736 5747 ac
1756 5695 1995 5762 pecunire
2016 5704 2070 5749 et

469 5780 668 5839 divitiis
700 5781 795 5837 tica
826 5784 1080 5839 Pecunia.
1114 5787 1168 5840 Si
1219 5786 1362 5853 enim
1417 5785 1471 5839 lti
1522 5785 1721 5856 aliique
1754 5784 1935 5856 plures
1972 5786 2067 5857 dii,

470 5886 609 5942 quos
641 5874 844 5930 Auctor
877 5886 1063 5931 neSter
1114 5890 1185 5931 ne
1232 5876 1419 5933 lectori
1448 5876 1609 5934 ttrdio
1652 5888 1819 5947 esset,
1847 5887 2072 5948 pra-iter-

2163 3172 2507 3228 contentione
2538 3166 2811 3222 vindicare
2837 3167 3213 3221 conabuntur?

2238 3262 2391 3329 Quod
2422 3262 2465 3315 si
2508 3260 2629 3327 quis
2656 3260 2855 3313 dixerit
2896 3259 2996 3313 sibi
3049 3258 3220 3315 latere
3250 3272 3316 3311 an
3357 3257 3590 3327 theologi
3614 3256 3765 3310 aliive

2169 3358 2281 3412 suis
2334 3358 2387 3411 in
2416 3356 2566 3409 libris
2597 3355 2812 3423 cognita
2844 3361 2899 3407 et
2927 3353 3230 3423 explorata,
3260 3353 3348 3406 vel
3381 3350 3514 3408 falsa
3545 3352 3761 3419 fretaque

2172 3467 2269 3522 pro
2289 3450 2512 3504 libidine
2540 3448 2857 3516 scripserint
2889 3447 3057 3516 :qnitl
3085 3446 3153 3499 ad
3187 3445 3325 3501 nos?
3384 3449 3552 3517 inquit
3599 3446 3763 3499 Arno-

2172 3543 2310 3598 bius.
2334 3542 2546 3597 Sufficit
2576 3528 2663 3594 illa
2692 3541 2895 3599 omnia,
2927 3554 3046 3608 qua:
3083 3538 3153 3593 de
3181 3538 3283 3593 diis
3310 3537 3589 3602 dicuntur,
3619 3536 3761 3597 fulsi-

2173 3635 2299 3690 tatis
2328 3634 2598 3689 convinci.
2635 3633 2709 3688 De
2731 3632 2911 3687 medio
2944 3632 3109 3701 igitur
3135 3630 3364 3689 tollendi
3392 3641 3518 3687 sunt
3545 3632 3595 3686 bi
3621 3630 3763 3685 theo-

2171 3729 2436 3798 logorum,
2473 3727 2809 3796 pontificum,
2860 3726 3195 3794 aliorumque
3238 3733 3452 3780 veteres
3500 3723 3639 3788 libri,
3678 3729 3763 3775 aut

2170 3820 2370 3876 ethnici
2410 3835 2471 3874 ea
2501 3818 2809 3891 patefacere
2836 3818 2993 3873 nobis
3023 3816 3247 3881 debent,
3278 3832 3404 3885 quae
3430 3832 3555 3873 vera
3585 3817 3637 3871 in
3662 3812 3762 3868 ‘eis

2170 3914 2531 3983 reperiantur.

2241 4010 2311 4062 At
2336 4006 2610 4077 quomodo
2635 4008 2748 4061 veri
2777 4005 2979 4076 aliquid
3015 4005 3066 4060 in
3096 4005 3204 4069 illis
3231 4004 3463 4062 indicari
3488 4011 3684 4076 posset,
3710 4001 3761 4055 in

2173 4104 2367 4173 quibus
2396 4103 2556 4159 iidem
2589 4101 2663 4157 dii
2693 4101 2920 4157 summis
2963 4100 3314 4155 contumeliis
3343 4100 3543 4170 ubique
3571 4095 3757 4168 passim

2171 4195 2502 4251 afficiuntur.
2532 4195 2664 4249 Nam
2699 4194 2769 4249 ibi
2814 4191 3176 4264 praedicantur
3218 4192 3290 4246 dii
3339 4206 3449 4247 non
3504 4202 3654 4246 secus
3700 4199 3760 4240 ae

2171 4289 2421 4344 homines
2438 4288 2627 4358 geniti,
2651 4286 2941 4341 celebratis
2960 4284 3109 4354 prius
3134 4285 3360 4354 nuptiis,
3385 4294 3478 4339 aut
3501 4280 3759 4337 adulterio

2170 4393 2226 4438 et
2249 4384 2480 4444 incestu,
2513 4380 2670 4435 sicuti
2718 4378 2946 4448 Jupiter,
2981 4389 3035 4433 et
3083 4377 3177 4431 lilii
3209 4377 3351 4445 ejus,
3398 4388 3491 4437 ant
3536 4376 3601 4431 ex
3650 4372 3760 4427 ovis

2170 4475 2319 4531 velut
2359 4472 2552 4528 Castor
2578 4484 2629 4527 et
2657 4470 2869 4535 Pollux,
2903 4478 2998 4524 aut
3043 4484 3109 4524 ex
3155 4468 3331 4539 pelagi
3379 4481 3588 4539 spuma,
3631 4464 3760 4519 sicut

2171 4570 2369 4625 Venus.
2397 4567 2589 4623 Nonne
2625 4580 2757 4636 ergo
2782 4564 3011 4636 publica;
3054 4564 3271 4635 generis
3301 4562 3523 4619 humani
3548 4557 3759 4616 calami-

2170 4670 2310 4717 tates
2334 4659 2524 4715 iisdem
2572 4659 2830 4723 ethnicis,
2861 4657 2978 4712 hate
3005 4657 3436 4727 pertinacissime
3477 4651 3758 4710 asserenti-

2168 4760 2287 4823 bns,
2338 4758 2559 4828 haecque
2616 4756 2896 4811 numinum
2950 4763 3200 4826 portenta
3239 4753 3406 4824 impie
3458 4748 3757 4810 colentibus

2167 4848 2540 4907 adscribenda:
2598 4861 2746 4913 sunt,
2804 4863 2911 4904 non
2967 4857 3149 4904 autem
3192 4847 3529 4913 Christianis,
3558 4844 3646 4916 qui
3675 4855 3756 4906 ea,

2164 4961 2272 5016 quo
2304 4960 2400 5016 par
2424 4953 2531 5010 est,
2564 4944 2791 4999 horrore
2812 4943 3150 4999 detestantur
3165 4942 3191 4996 ξ)
3748 4966 3781 4976 -

2240 5041 2427 5111 Neque
2449 5049 2626 5095 tamen
2650 5039 2722 5093 ibi
2749 5040 2900 5093 stetit
2948 5038 3134 5091 insana
3163 5036 3451 5109 gentilium
3496 5030 3754 5105 opinatio.

2167 5133 2274 5190 Sed
2304 5134 2419 5188 suis
2448 5133 2622 5189 adhuc
2652 5134 2705 5187 in
2730 5132 2884 5186 libris
2926 5130 3281 5186 venditabant
3298 5129 3588 5185 Saturnum
3618 5126 3757 5178 vinc-

2168 5235 2304 5290 tum,
2331 5224 2517 5280 Jovem
2557 5223 2819 5279 infantem
2841 5238 2871 5287 a
2895 5220 3184 5285 Curetibus
3221 5230 3512 5286 servatum,
3538 5230 3753 5289 regnum

2168 5318 2376 5387 expulsi
2407 5317 2437 5372 ὲ
2468 5333 2528 5373 sc
2570 5318 2735 5388 patris
2762 5326 3141 5393 occupantem,
3180 5316 3426 5371 humanis
3456 5309 3756 5382 impruden-

2169 5421 2250 5466 ter
2280 5420 2493 5481 pastum
2537 5410 2811 5465 carnibus.
2843 5409 3136 5465 Vulcanum
3168 5409 3403 5473 fabrum,
3431 5408 3602 5463 altero
3617 5402 3754 5459 clan-

2172 5504 2297 5561 dttm
2322 5504 2489 5575 pede;
2529 5503 2904 5574 Esculapinm
2933 5519 3251 5574 percussum
3285 5503 3528 5569 fulmine,
3559 5493 3753 5567 Apolli-

2174 5613 2295 5651 nem
2335 5595 2484 5650 falsis
2507 5596 2781 5667 respnnsis
2811 5597 3214 5665 locupletatum,
3256 5595 3401 5650 fures
3441 5588 3751 5648 Mercurium

2174 5702 2225 5747 et
2254 5691 2569 5756 Lavernam,
2607 5690 2785 5745 Musas
2814 5689 3139 5759 Megaclonis
3165 5688 3468 5748 ancillulas,
3501 5684 3752 5739 Venerem

2175 5781 2539 5849 meretricem,
2587 5781 2882 5837 Palladium
2917 5797 2983 5835 ex
3011 5781 3228 5852 Pelopis
3252 5779 3498 5851 reliquiis
3524 5775 3751 5834 factum;

2180 5873 2366 5932 Martis
2387 5868 2641 5945 patriam,
2676 5874 2915 5943 vincula,
2941 5882 3139 5931 etcum
3164 5873 3378 5932 Venere
3408 5867 3755 5926 adulterium;
