4030 6290
194 361 296 421 581

1455 366 1523 423 ΙΝ
1561 367 1940 439 ARNDBIUM,
1982 371 2136 439 CAP.
2178 374 2220 429 Ι.

3380 377 3488 433 583

195 481 589 537 mercenariam
615 480 882 551 Herculis,
910 484 1179 556 Apollinis
1207 494 1262 542 et
1288 486 1523 559 Neptuni
1550 489 1787 547 servitu.
1814 492 1866 553 Α
1893 506 2010 548 esse
2039 491 2455 553 arbitrabamur.
2507 493 2686 551 Prima
2718 503 2801 550 est
2842 493 3031 559 Numa:
3078 492 3350 569 Pompilii,
3397 494 3489 565 qui

194 582 342 638 tem;
371 575 665 631 Minervam
718 577 769 631 in
800 579 1176 649 conjugalibus
1206 583 1432 637 secretis
1488 584 1788 641 ministram

192 666 366 733 lucis;
415 667 620 736 Martis,
663 669 910 737 Veneris,
956 672 1226 742 Plutonis,
1270 675 1499 731 .luuonis
1526 677 1786 744 vulnera;

190 759 366 830 Jovis,
392 760 627 829 Saturni,
655 764 893 822 Castoris
924 777 979 821 et
1007 768 1242 824 Pollucis
1272 772 1622 841 sepulturam,
1660 773 1786 828 bos-

188 869 301 924 que
338 855 560 910 alternis
609 857 850 913 virentes
880 874 943 914 ac
1000 862 1323 929 morientes;
1356 863 1636 918 llerculem
1667 865 1788 936 igne

188 956 526 1012 crematum;
558 946 887 1009 eii‘raenatam
924 951 1155 1022 Neptuni
1177 964 1232 1009 et
1252 956 1529 1025 iApollinis
1552 957 1604 1021 in
1633 957 1789 1014 femi-

187 1055 293 1096 nas
317 1040 387 1097 ab
414 1049 635 1097 auctore
662 1054 848 1099 nostro
870 1048 1184 1103 nominibus
1204 1049 1319 1107 suis
1339 1051 1636 1120 appellatas
1664 1051 1788 1109 lthi-

186 1130 410 1198 dinem;
439 1135 615 1191 varias
650 1135 800 1191 Juvis
825 1153 946 1193 eam
979 1140 1050 1194 ob
1082 1156 1196 1195 rem
1246 1141 1652 1206 conversiones,
1705 1142 1789 1197 fu-

187 1234 401 1281 rentem
429 1226 593 1298 hujus
618 1237 674 1282 et
703 1230 926 1287 aliorum
951 1230 1174 1286 deorum
1230 1247 1294 1287 ac
1340 1232 1564 1289 dearum
1588 1235 1640 1288 in
1668 1250 1785 1303 ma-

186 1320 376 1379 sculos
403 1322 777 1390 petulantiam.
811 1324 969 1395 Atqui
1001 1326 1117 1381 hzrc
1145 1329 1324 1391 omnia
1354 1338 1446 1384 aut
1474 1328 1604 1385 falsa
1639 1339 1782 1397 sunt,

185 1422 287 1469 aut
309 1429 457 1470 vera.
490 1415 545 1471 Si
578 1418 833 1486 primum,
868 1419 939 1477 dii
975 1430 1151 1477 tantas
1189 1432 1404 1493 tamque
1445 1424 1786 1494 impudentes

183 1507 488 1565 calumnias
519 1519 695 1566 morte
749 1511 1087 1579 ethnicorum
1118 1517 1357 1571 omnium
1392 1518 1662 1574 vindicare
1689 1520 1785 1575 de-

180 1597 443 1655 buerunt.
482 1600 538 1656 Si
578 1604 893 1669 secundum,
933 1606 1095 1669 iidem
1128 1609 1201 1663 dii
1232 1609 1437 1673 miseri.
1474 1610 1703 1667 infames
1730 1624 1787 1668 et

179 1692 589 1753 sceleratissimi
613 1694 860 1751 homines
890 1696 1058 1755 fuisse
1084 1700 1494 1758 convincuntur.

257 1783 396 1852 Quid
421 1800 572 1853 vero,
604 1788 746 1856 quod
772 1787 1007 1849 humana
1039 1790 1259 1851 illorum
1309 1803 1499 1848 natura
1531 1794 1788 1861 manifes-

1893 598 1921 637 a
1951 584 2083 641 Jove
2106 584 2293 651 Elicio,
2328 585 2466 645 dolis
2490 595 2541 643 et
2571 586 2775 647 artibus
2805 586 3056 661 decepto,
3083 587 3356 647 ferebatur
3380 586 3487 655 im-

1893 681 2187 748 petravisse
2210 680 2448 739 fulminis
2463 682 2919 751 procurationem.
2942 682 3017 747 Ex
3037 680 3289 751 omnibus
3310 691 3486 749 autem

1891 769 2052 840 hujus
2103 770 2342 831 historia:
2412 773 2829 831 circumstantiis
2900 774 3244 835 manifestum
3301 781 3489 843 auctor

1890 873 2075 923 noster
2100 866 2353 921 omnibus
2381 866 2508 929 facit
2556 866 2688 931 nihil
2732 880 2892 937 posse
2919 865 3047 941 tingi
3075 881 3106 921 a
3135 865 3380 933 veritate,
3432 872 3489 925 et

1889 956 2167 1015 divinitate
2197 959 2364 1030 magis
2388 960 2645 1015 alienum.

1958 1068 2205 1124 Secunda
2256 1070 2501 1124 Aedestis
2554 1078 2607 1125 et
2658 1069 2849 1143 Atydis
2897 1069 3124 1125 historia
3174 1078 3278 1135 est,
3326 1083 3486 1138 quam

1888 1175 2051 1215 nemo
2091 1163 2265 1217 nescit
2292 1162 2617 1231 turpissimis
2659 1162 2830 1229 lovis,
2875 1162 3056 1219 Matris
3085 1161 3267 1226 deum,
3300 1160 3484 1226 Name,

1888 1262 1943 1306 et
1967 1252 2047 1308 Ite
2068 1253 2306 1324 ﬂagitiis,
2336 1255 2692 1324 ignominiosa
2715 1256 2904 1327 Atydis
2932 1256 3282 1320 castratione,
3317 1254 3487 1309 illius-

1888 1359 1991 1413 que
2007 1354 2061 1400 et
2082 1344 2161 1399 ire
2189 1358 2381 1409 nwrte,
2423 1347 2650 1416 aliisque
2679 1347 2757 1402 illi
2785 1347 3073 1417 adiunctis,
3120 1347 3285 1405 fuisse
3314 1347 3484 1401 tanto-

1887 1435 2175 1492 sissitnatn.
2245 1438 2444 1492 Contra
2502 1438 2650 1493 illam
2724 1439 2885 1509 igitur
2953 1438 3226 1497 Arnobius
3293 1437 3485 1499 eodem

1885 1543 2001 1598 pro:
2016 1545 2109 1584 sus
2127 1530 2288 1587 modo
2307 1546 2372 1586 ac
2393 1543 2579 1587 contra
2602 1530 2737 1587 alias
2758 1540 3183 1602 argumentatur,
3220 1529 3486 1607 planeque

1887 1623 2123 1678 ostendit
2147 1638 2266 1678 eam
2291 1624 2360 1679 ab
2390 1624 2623 1683 ethnicis
2646 1640 2753 1681 non
2784 1638 2943 1694 posse
2972 1622 3222 1681 falsitatis
3244 1622 3481 1692 coargui.

1887 1715 1971 1769 Ab
1996 1714 2384 1783 antiquissimis
2411 1717 2677 1788 siquidem
2705 1716 2919 1774 illorum
2964 1716 3321 1785 scriptoribus
3374 1728 3482 1771 tra-

1886 1807 1996 1862 dita
2046 1809 2238 1874 fuerat,
2267 1819 2322 1865 et
2363 1810 2431 1866 ab
2455 1826 2637 1867 annuo
2682 1810 2915 1867 ethnicis
2940 1810 3124 1871 Matris
3151 1811 3313 1869 deum
3343 1809 3484 1866 festo

179 1878 397 1934 tissime
423 1879 810 1949 comprobatur
862 1898 968 1939 non
1027 1884 1205 1941 solum
1258 1885 1571 1954 Euhemeri,
1620 1887 1781 1944 Nica-

1891 1901 2119 1955 maxima
2143 1916 2262 1955 cum
2297 1918 2489 1974 pompa
2515 1914 2566 1957 et
2597 1904 2935 1958 solemnitate
2960 1901 3227 1958 celebrari
3253 1916 3487 1958 consue—

176 1986 351 2043 goraa,
379 1971 623 2040 Leontis,
647 1973 940 2043 Theodori,
972 1976 1253 2047 Hipponis,
1276 1988 1330 2035 et
1354 1978 1601 2050 Diagorae
1628 1982 1785 2039 testi-

176 2068 393 2134 monio,
428 2082 616 2129 verum
668 2070 832 2133 etiam
866 2070 1027 2129 rebus
1080 2087 1110 2125 a
1156 2071 1288 2128 Jove
1320 2074 1507 2144 gestis,
1533 2073 1788 2133 Minerva:

174 2160 478 2231 Dianaeque
501 2162 681 2228 bellis,
704 2162 961 2221 aﬂectato
1006 2180 1036 2223 tt
1078 2164 1274 2223 Libero
1300 2166 1566 2233 ilndorum
1595 2183 1782 2238 regno,

173 2266 346 2325 atque
372 2257 602 2315 aliorum
628 2260 960 2326 conditione,
980 2276 1173 2331 opera,
1190 2272 1397 2331 qutrstu
1419 2272 1474 2320 et
1498 2263 1783 2334 coniugiis.

177 2349 290 2405 Sed
313 2349 555 2405 declarat
585 2351 858 2411 Arnobius
886 2369 945 2408 re
968 2354 1042 2420 id,
1059 2355 1201 2424 quod
1227 2354 1381 2415 facile
1398 2365 1532 2418 erat.
1558 2356 1783 2413 demon-

175 2440 465 2503 strandum
494 2458 601 2499 non
627 2446 953 2514 suscepisse,
977 2446 1075 2503 sed
1110 2447 1243 2504 deos
1288 2464 1319 2503 a
1357 2449 1572 2507 nemine
1597 2458 1787 2509 contu-

174 2533 471 2589 meliosius
494 2550 654 2605 quam
683 2536 752 2590 ab
776 2537 1006 2595 ethnicis
1032 2542 1239 2595 vexari.

255 2624 410 2691 Quod
468 2626 683 2695 quidem
739 2627 827 2683 ille
872 2627 1248 2688 demonstrare
1285 2635 1481 2704 pergit,
1533 2646 1643 2689 tum
1689 2650 1782 2691 so-

176 2714 457 2773 lemnibus
477 2717 796 2788 statutisque
819 2719 874 2775 in
902 2722 1216 2777 earumdem
1244 2724 1468 2781 deorum
1494 2726 1783 2794 honorem,

180 2823 310 2878 qua:
339 2808 555 2879 quidem
587 2820 865 2879 poetarum
897 2825 1202 2871 commenta
1233 2815 1339 2871 diei
1375 2833 1479 2871 non
1510 2827 1781 2886 poterant,

178 2902 386 2967 sacris,
435 2905 724 2974 mysteriis,
776 2906 1136 2971 caeremoniis,
1168 2916 1223 2963 et
1266 2908 1428 2973 ludis,
1472 2920 1586 2969 tum
1618 2910 1780 2966 etiam

180 3011 252 3052 ex
279 2995 392 3064 jam
423 2997 710 3051 recensitis
738 2996 953 3052 illorum
979 2995 1214 3068 ﬂagitiis,
1243 3000 1564 3066 sceleribus,
1592 3003 1780 3059 vulne-

179 3088 337 3143 ribus
377 3097 432 3143 et
476 3088 653 3145 bellis.
700 3089 780 3143 Eo
819 3090 1018 3160 quippe
1066 3091 1238 3161 major
1281 3103 1398 3148 erat
1444 3093 1780 3152 ethnicorum

1889 2004 2059 2049 verat.
2086 1993 2240 2049 Nulla
2270 2005 2447 2065 autem
2482 2002 2643 2053 tanta;
2673 1994 3028 2059 solemnitatis
3054 2010 3214 2055 causa
3244 2009 3363 2051 esse
3392 2010 3486 2064 po-

1889 2086 2010 2153 tuit,
2046 2087 2147 2153 nisi
2178 2087 2301 2155 quia
2328 2103 2388 2145 ea
2417 2088 2595 2147 omnia
2627 2088 2803 2159 rcipsa
2833 2088 2969 2151 facta
2999 2086 3167 2145 fuisse
3191 2086 3485 2158 opinaban-

1890 2186 1994 2232 tur.
2029 2177 2084 2235 Si
2112 2194 2231 2250 quae
2261 2194 2395 2239 vero
2418 2179 2519 2241 alia
2551 2180 2691 2239 illius
2716 2179 2942 2241 obscura
2971 2179 3134 2235 fuerit
3177 2179 3334 2247 ratio,
3366 2194 3483 2237 eam

1889 2282 2061 2339 certe,
2104 2271 2536 2344 quandoquidem
2566 2272 2619 2331 in
2653 2272 2790 2328 festo
2830 2272 2927 2337 illo
2959 2271 3316 2345 turpitudines
3364 2287 3481 2328 ma—

1889 2367 2048 2429 sinite
2075 2366 2393 2439 agebantur,
2416 2366 2860 2437 obscenissituam
2883 2381 2949 2433 ac
2972 2365 3341 2447 turpissimam
3364 2379 3484 2423 esse

1887 2466 2126 2531 oportet.

1961 2552 2147 2613 Plures
2178 2552 2309 2609 alias
2341 2552 2426 2615 his
2472 2552 2677 2623 similes
2707 2551 2998 2627 Arnobius,
3032 2550 3362 2617 exsecrantia
3392 2565 3484 2611 ea-

1886 2661 2004 2703 rum
2052 2646 2291 2701 fmditate
2334 2645 2644 2715 deterritus,
2675 2660 2734 2703 se
2778 2646 3192 2717 prwterttiittere
3218 2644 3478 2707 declarat.

1891 2735 2077 2805 Paucis
2109 2749 2285 2797 tamen
2312 2738 2628 2811 perstrinxit
2654 2734 2908 2803 Fannatn,
2940 2738 3054 2797 sive
3081 2737 3281 2807 Bonam
3324 2736 3481 2795 deam

1883 2831 2047 2900 virgis
2072 2846 2287 2899 causam,
2334 2843 2539 2903 turpem
2569 2831 2738 2897 Servii
2773 2841 2967 2901 ortum,
3001 2847 3062 2887 ac
3097 2832 3389 2889 fmdissima
3425 2840 3482 2901 ct

1886 2923 2137 2990 nefanda,
2165 2940 2285 2994 quae
2318 2926 2369 2978 in
2399 2923 2763 3007 Omophagiis,
2794 2924 3211 2997 Corybantibus,
3241 2922 3480 2989 Baccha-

1887 3017 2115 3080 nalibus,
2148 3016 2393 3091 Phrygiis
2437 3017 2605 3071 sacris
2648 3032 2713 3071 ac
2750 3019 3020 3088 mysteriis
3067 3019 3179 3073 fieri
3212 3018 3476 3072 Solebant.

1888 3109 2089 3164 [lorum
2120 3094 2311 3162 autem
2345 3109 2628 3163 occasione
2660 3107 2791 3163 scite
2819 3109 3071 3163 observat
3098 3118 3177 3163 tot
3226 3119 3481 3180 tantaque

181 3180 462 3249 iniquitas,
505 3181 647 3251 quod
689 3197 897 3237 summa
946 3183 1122 3252 legum
1167 3186 1455 3240 severitate
1505 3188 1558 3242 in
1591 3188 1782 3247 famosi
1810 3168 1854 3231 Ο
1889 3201 2036 3256 .lovis
2067 3201 2271 3254 narrari
2298 3200 2580 3269 adulteria.
2613 3200 2822 3271 aiiaquc
2853 3201 3089 3271 ﬂagitia;
3145 3209 3197 3253 ut
3230 3216 3334 3254 non
3375 3202 3478 3255 alia

178 3272 417 3340 alicujus
443 3272 595 3337 dieti,
639 3275 917 3341 carminis,
966 3284 1020 3329 et
1063 3275 1227 3331 libelli
1256 3286 1506 3333 auctores
1533 3280 1785 3343 animad-

177 3371 484 3427 verterent,
529 3364 924 3435 patientissime
957 3381 1085 3422 vero
1114 3367 1319 3422 ferrent
1364 3378 1507 3425 tanta
1557 3371 1783 3435 deorum

176 3455 479 3525 approbria
503 3456 840 3512 ctdedecora
859 3458 1021 3512 scribi
1048 3467 1105 3514 et
1132 3459 1432 3525 decantari,
1456 3478 1627 3533 eaque
1650 3468 1786 3520 serio

176 3548 398 3611 Dentes,
445 3556 608 3617 atque
653 3550 816 3603 etiam
866 3548 1159 3607 histriones
1187 3561 1243 3607 et
1284 3554 1480 3611 mimos
1509 3557 1698 3613 eadem
1731 3561 1782 3614 in

175 3639 414 3697 theatris
442 3640 777 3710 publicisque
806 3644 1128 3711 spectaculis
1154 3657 1631 3716 repraesentantes,
1666 3667 1782 3706 ma-

174 3732 329 3787 xima
358 3732 653 3787 audiebant
694 3748 815 3788 cum
869 3736 1166 3805 voluptate,
1198 3748 1254 3793 et
1292 3740 1417 3801 illos
1448 3742 1695 3803 laudibus
1718 3762 1783 3802 ac

173 3825 427 3895 prmmiis
452 3825 961 3880 remunerabantur.

258 3914 389 3984 Quis
416 3931 544 3986 ergo
570 3916 852 3973 dubitandi
881 3918 1031 3975 locus
1060 3932 1365 3991 supererat,
1395 3925 1523 3995 quin
1548 3943 1611 3982 ex
1638 3938 1781 3986 tanta

172 4009 413 4064 deorum
442 4009 713 4075 irrisione,
747 4021 1002 4082 tantoque
1033 4013 1265 4069 ludibrio
1292 4027 1424 4072 orta:
1454 4017 1654 4077 fuerint
1681 4037 1782 4091 pu-

173 4103 340 4159 blica:
379 4102 754 4157 calamitates?
779 4103 970 4159 Nullus
1011 4106 1189 4175 itaque
1215 4124 1363 4163 satia:
1395 4113 1593 4170 mentis
1619 4113 1783 4174 homo

172 4210 419 4267 unquam
446 4196 661 4266 negabit
679 4196 765 4251 illa
788 4198 1071 4268 gentilium
1099 4202 1299 4271 scripta
1330 4205 1505 4274 potius
1530 4207 1783 4268 debuisse

173 4288 440 4351 cremari,
480 4304 641 4358 quam
671 4288 1089 4347 cbristiauorum
1120 4293 1310 4361 libros,
1363 4306 1524 4369 atque
1566 4300 1780 4360 illorum

174 4382 392 4437 theatra
424 4382 620 4451 potius,
674 4400 834 4454 quam
878 4385 1067 4440 horum
1114 4393 1485 4449 conventicula
1513 4395 1693 4452 dirui?
1721 4398 1778 4455 ln

173 4475 601 4533 Christianorum
654 4478 919 4548 siquidem
948 4482 1339 4540 conventiculis
1380 4502 1445 4543 ac
1488 4492 1779 4561 syuattibus

1889 3308 2052 3349 causa
2076 3292 2318 3347 videatur
2349 3302 2525 3359 natus,
2569 3294 2669 3348 nisi
2699 3303 2755 3347 ut
2781 3294 2832 3347 in
2865 3309 2987 3348 eum
3021 3294 3196 3359 omnis
3224 3293 3473 3359 infamim,

1889 3401 1951 3439 ac
1978 3385 2259 3455 cujuslibet
2288 3385 2563 3453 fmilissitui
2594 3385 2845 3451 facinoris
2866 3397 3023 3455 atque
3051 3385 3290 3450 sceleris,
3314 3385 3480 3441 eollu-

1889 3482 2002 3534 vies
2031 3481 2387 3535 derivaretur.
2422 3480 2557 3547 Tum
2585 3480 2781 3535 deinde
2809 3480 2912 3534 alia
2940 3480 3281 3550 prosequitur
3300 3495 3474 3546 sacra,

1888 3572 2137 3629 videlicet
2156 3572 2604 3643 TthtnOphoria,
2640 3573 2932 3640 Eleusinia,
2978 3582 3136 3642 atque
3165 3572 3474 3643 Alimuntia,

1888 3665 1940 3718 in
1970 3665 2161 3733 quibus
2194 3680 2298 3718 non
2328 3664 2526 3732 tniuor,
2554 3680 2713 3736 quam
2744 3665 2794 3719 in
2823 3665 2943 3719 aliis
2972 3664 3185 3719 lascivia
3211 3678 3274 3718 ac
3321 3675 3478 3734 petu-

1885 3756 2073 3812 lantia.
2124 3757 2312 3812 Postea
2340 3773 2467 3819 vero
2493 3772 2651 3827 quam
2683 3773 2744 3811 ea
2788 3757 2840 3811 in
2886 3757 3056 3811 oculis
3083 3765 3480 3827 conspectuque

1887 3850 2125 3904 omnium
2172 3851 2437 3920 exposuit,
2486 3850 2551 3903 ab
2581 3849 2811 3904 ethnicis
2859 3851 3091 3919 postulat
3122 3859 3297 3904 tttrutn
3327 3850 3473 3903 chri-

1887 3942 2045 3997 stiani
2078 3941 2142 3996 ad
2171 3942 2285 3996 haec
2311 3956 2461 3996 sacra
2491 3942 2695 4008 agenda
2725 3940 2870 3995 omni
2899 3941 3284 4010 suppliciorum
3315 3943 3475 3997 etiam

1886 4034 2277 4089 dirissimorum
2301 4049 2499 4105 genere
2523 4036 2640 4104 cogi
2670 4034 2922 4098 debeant,
2954 4050 3016 4090 ac
3056 4044 3235 4089 utrum
3265 4036 3480 4105 ipsimet

1885 4129 2083 4184 ethnici
2105 4129 2229 4193 diis,
2255 4144 2482 4198 quorum
2523 4128 2728 4184 scelera
2754 4140 2807 4183 et
2829 4128 3027 4201 ﬂagitia
3060 4129 3110 4182 in
3139 4128 3329 4183 iisdem
3356 4144 3476 4200 my-

1884 4222 2061 4276 steriis
2090 4220 2548 4284 memorabantur,
2578 4221 2785 4275 similes
2827 4234 2889 4276 se
2934 4234 3078 4285 esse,
3113 4221 3197 4275 vel
3234 4236 3328 4277 eos
3356 4221 3478 4276 tiliis

1884 4317 1998 4371 suis
2026 4324 2115 4370 aut
2144 4314 2462 4385 conjugibus
2510 4329 2814 4384 proponere
2840 4314 2891 4368 in
2924 4314 3224 4386 exemplum
3278 4314 3478 4373 velint?

1882 4407 2071 4462 Mirum
2098 4409 2279 4477 itaque
2310 4407 2411 4461 sibi
2438 4407 2604 4462 videri
2637 4406 2725 4461 ille
2772 4407 2844 4460 ait
2870 4421 3029 4471 eum;
3081 4406 3170 4476 qui
3212 4406 3315 4461 hos
3343 4406 3477 4462 deos

1883 4516 2004 4556 esse
2029 4510 2187 4571 neget
2211 4500 2293 4555 vel
2326 4500 2560 4563 dubitet,
2593 4498 2811 4553 athcutu
2840 4508 2894 4552 ct
2922 4500 3243 4569 sacrilegum
3275 4500 3342 4553 ab
3370 4500 3476 4555 illis

174 4571 328 4626 DNS
357 4585 519 4626 Verus
546 4582 824 4638 εκοΐθίυτν
859 4588 961 4642 llax
987 4583 1042 4629 εί
1071 4578 1222 4630 venia
1246 4594 1345 4649 Pro
1365 4581 1635 4649 omnibus,
1663 4586 1777 4642 sive
1799 4570 1854 4631 Ῑ)
1882 4570 2169 4665 appellari.
2198 4594 2440 4663 Denique
2467 4609 2535 4647 ex
2563 4593 2646 4647 his
2672 4592 2923 4647 omnibus
2947 4593 3039 4648 ille
3059 4593 3338 4648 concludit
3366 4594 3470 4648 hu-

174 4666 336 4733 vivis,
370 4666 485 4721 sive
514 4666 744 4721 mortuis
782 4668 1104 4736 postulatur,
1135 4670 1374 4741 nihilque
1400 4674 1638 4742 auditur,
1671 4678 1774 4734 nisi

175 4761 326 4834 quod
354 4761 643 4826 humanos,
674 4761 853 4828 mites,
881 4761 1237 4829 verecundos,
1273 4765 1495 4834 pudicos
1522 4776 1575 4823 et
1598 4779 1776 4827 castos

177 4859 363 4915 faciat.
391 4856 468 4910 Dii
492 4870 620 4925 ergo
647 4855 691 4909 si
715 4856 814 4921 ira,
842 4855 920 4910 uti
946 4856 1304 4923 epinabantur
1333 4858 1555 4927 ethnici,
1584 4877 1775 4919 accen-

177 4952 397 5013 dantur,
434 4963 539 5004 non
568 4948 902 5015 christianis,
936 4949 1029 5004 sed
1060 4950 1306 5020 ipsismet
1353 4953 1603 5021 ethnicis,
1652 4971 1773 5010 om-

178 5046 333 5102 nium
360 5040 508 5098 ante
538 5043 724 5098 oculos
767 5043 1001 5098 dedecus
1043 5053 1097 5098 et
1137 5046 1521 5115 turpitudinem
1560 5048 1771 5104 illorum

176 5135 561 5201 statuentibus,
596 5136 752 5190 irasci
794 5135 1084 5192 debebant.
1134 5136 1192 5192 Si
1240 5153 1369 5194 vero
1406 5141 1499 5195 ira:
1525 5151 1773 5212 expertes

180 5229 312 5296 sint,
346 5225 653 5285 Christianis
680 5225 880 5283 frustra
911 5228 1031 5283 irati
1075 5227 1344 5285 dicuntur.

786 5361 1078 5419 auricuws
1111 5379 1163 5417 v.

713 5494 934 5560 Analysis
956 5495 1067 5548 libri
1089 5499 1264 5563 quinti.

254 5620 334 5677 Atl
365 5621 507 5677 aliud
546 5631 731 5677 contra
761 5623 1039 5692 gentilium
1068 5624 1199 5680 deos
1226 5636 1598 5697 argumentum
1627 5628 1773 5683 venit

179 5715 474 5779 Arnobius,
500 5713 735 5784 illudque
756 5715 888 5783 petit
911 5731 974 5770 ex
1000 5716 1260 5782 historiis,
1280 5718 1413 5788 quas
1430 5734 1547 5774 cum
1572 5719 1770 5774 ethnici

178 5824 282 5861 usu
312 5806 627 5874 quotidiano
650 5806 964 5873 retinerent,
996 5808 1146 5864 fe5tis
1190 5810 1529 5865 celebrarent
1555 5812 1767 5877 annuis,

183 5899 499 5957 simulacris
528 5907 999 5970 reprazsentarent,
1049 5917 1143 5958 eas
1187 5904 1426 5973 profecto
1463 5905 1775 5962 verissimae

1874 4688 2112 4759 jusmodi
2144 4687 2299 4753 deos,
2327 4702 2433 4740 non
2457 4685 2790 4751 christianis,
2814 4699 2908 4740 eos
2939 4685 3344 4755 respuentibus,
3375 4686 3472 4741 sed

1880 4781 2114 4837 ethnicis
2140 4790 2283 4835 tanta
2315 4779 2530 4835 illorum
2556 4778 2785 4833 crimina
2816 4778 3260 4847 praedicantibus,
3294 4779 3471 4836 infen-

1877 4890 1970 4935 sos
1998 4891 2119 4931 esse
2143 4874 2416 4930 debuisse.

1950 4970 2179 5025 Futilem
2208 4965 2405 5021 deinde
2432 4979 2739 5037 vanamque
2783 4966 3055 5023 Arnobius
3087 4968 3324 5025 ostendit
3350 4983 3473 5024 esse

1878 5064 2156 5136 gentilium
2191 5062 2627 5132 responsionem,
2677 5063 2765 5132 qui
2798 5077 2986 5117 omnes
3014 5063 3177 5119 hasce
3217 5064 3471 5119 historias

1877 5160 2167 5230 allegorice
2190 5164 2398 5210 tantum
2427 5172 2589 5211 sensu
2631 5157 3008 5229 intelligendas
3028 5173 3150 5214 esse
3175 5157 3471 5212 contende-

1878 5255 2029 5309 bant.
2055 5252 2133 5305 Ati
2156 5266 2248 5304 eas
2266 5250 2531 5320 siquidem
2556 5252 2923 5321 explodendas
2948 5254 3105 5323 plane
3126 5253 3324 5307 sufficit
3349 5254 3471 5309 illas

1878 5360 1984 5399 non
2042 5357 2200 5414 posse
2254 5342 2486 5396 naturali
2538 5357 2703 5398 sensu
2745 5345 2861 5399 sine
2912 5344 3191 5413 impietate
3246 5346 3464 5413 exponi.

1880 5437 2087 5495 Deinde
2130 5453 2262 5493 vero
2301 5453 2399 5493 cur
2425 5453 2453 5492 a
2484 5438 2840 5508 scriptoribus
2890 5446 2996 5491 tam
3049 5438 3193 5492 serio
3234 5439 3469 5508 posteris

1878 5533 2091 5589 tradita:
2118 5540 2265 5600 sunt,
2298 5542 2356 5587 ut
2401 5547 2500 5587 suo
2529 5530 2760 5587 naturali
2792 5545 2953 5585 sensu
2984 5545 3093 5585 non
3125 5531 3465 5601 explicaren—

1878 5630 2003 5683 tur?
2031 5626 2383 5698 Nnmquidhi
2416 5626 2709 5696 scriptores
2758 5640 2850 5680 eas
2890 5624 3119 5695 mystico
3148 5624 3469 5696 allegorico-

1876 5734 1981 5790 qne
2029 5719 2313 5773 dumtaxat
2356 5733 2516 5770 sensu
2565 5714 2906 5786 accipiendas
2950 5716 3145 5770 alicubi
3197 5718 3467 5775 testificati

1877 5813 2036 5868 sunt?
2052 5812 2106 5868 Si
2123 5828 2203 5866 vet
2219 5827 2251 5865 o
2266 5810 2444 5880 plures
2460 5808 2665 5879 possint
2679 5822 2796 5862 esse
2819 5806 3060 5878 ejusdem
3088 5809 3324 5866 historia:
3341 5828 3468 5883 par-

1883 5913 1966 5962 tes
1988 5904 2259 5976 allegorici
2290 5902 2485 5960 occulti
2517 5916 2728 5973 sensus,
2761 5902 2979 5960 ubinam
3012 5903 3085 5959 illi
3116 5921 3222 5977 quo
3246 5908 3471 5979 prmcise
