4030 6286
532 375 638 432 585

1758 358 2211 418 DISSERTATIO
2248 355 2526 414 PREVIA

3723 337 3845 394 581-

535 491 760 564 intelligi
806 488 1108 552 debebant,
1171 484 1329 541 alicui
1378 481 1804 553 'patel‘ecerunt?
1852 477 2121 548 Numquid
2152 477 2197 537 Α
2228 474 2514 535 habebant,
2549 468 2877 564 turpissimis
2925 473 2982 522 et
3028 465 3206 521 divina
3235 463 3521 535 majestate
3547 460 3711 532 plane
3742 461 3840 515 in-

532 587 697 642 etiam
720 597 931 648 omnes,
954 581 1040 637 vel
1061 579 1256 651 aliqua:
1280 587 1484 632 tantum
1506 577 1664 631 unius
1687 573 1927 629 historize
1948 582 2128 642 partes

529 677 822 749 allegorica
851 675 1155 745 significatu
1184 670 1521 743 exponenda:
1565 668 1730 723 sunt?
1774 666 1893 722 Non
1939 680 2127 720 omnes

530 768 771 844 quidem.
801 766 1037 822 Necesse
1065 765 1206 821 enim
1238 772 1407 827 esset,
1443 770 1499 816 ut
1524 760 1725 816 ethnici
1757 757 1964 830 singula
1989 773 2129 829 qua:-

528 876 634 932 que
667 860 825 924 facta,
872 858 1042 926 locos,
1073 856 1343 927 regiones,
1375 855 1584 918 domos,
1617 852 1887 916 nationes,
1918 852 2128 923 aliaque

528 952 612 1008 his
642 951 884 1007 historiis
912 948 1326 1019 comprehensa,
1358 945 1648 1018 allegorico
1669 959 1830 1000 sensu
1859 945 2127 1012 interpre-

527 1055 806 1110 tarentur,
858 1058 961 1099 nec
1016 1042 1125 1097 alio
1175 1040 1401 1110 intelligi
1460 1054 1619 1110 posse
1667 1038 2124 1095 demonstrarent.

528 1139 708 1195 Gratis
736 1136 897 1194 etiam
928 1138 1197 1208 ﬁngerent
1245 1134 1453 1203 aliquas
1491 1134 1651 1187 unius
1682 1132 1926 1187 historia:
1952 1140 2128 1202 partes

526 1233 624 1287 illo
653 1232 969 1304 allegorico,
1000 1230 1132 1284 alias
1159 1227 1389 1284 naturali
1414 1244 1576 1283 sensu
1603 1226 1968 1296 accipiendas.
1995 1226 2128 1293 Qua:

526 1325 726 1382 etenim
756 1339 880 1395 pars
896 1323 1097 1393 potius,
1120 1338 1278 1393 quam
1305 1322 1409 1376 alia
1436 1322 1488 1375 itt
1516 1320 1800 1376 Summani
1830 1331 1884 1375 et
1908 1320 2128 1375 Proser-

525 1418 689 1488 pinae,
736 1417 824 1472 vel
871 1416 1021 1471 .Iovis
1044 1423 1100 1470 et
1125 1414 1344 1470 Cereris
1383 1412 1609 1468 historia
1635 1411 1898 1483 assignari
1924 1422 2123 1481 potest,

524 1529 646 1584 quae
686 1512 980 1583 allegorica
1010 1520 1103 1565 aut
1129 1508 1358 1565 naturali
1386 1524 1548 1563 sensu
1581 1507 1839 1578 explicari
1891 1505 2127 1561 debeat?

524 1607 655 1675 Qua:
681 1607 822 1662 ratio
840 1605 994 1661 reddi
1025 1606 1243 1674 poterit,
1266 1618 1363 1658 cur
1387 1602 1442 1656 in
1463 1601 1786 1672 quibusdam
1815 1600 1929 1654 sive
1952 1598 2124 1663 Jovis,

524 1699 643 1753 sive
696 1697 975 1754 Summani
1034 1694 1276 1750 historia:
1331 1694 1576 1764 partibus
1631 1691 2026 1762 explanandis,
2093 1706 2125 1745 a

522 1791 757 1846 naturali
779 1789 844 1845 ad
871 1790 1222 1862 allegoricum
1248 1802 1469 1844 sensum
1497 1801 1725 1843 necesse
1746 1787 1818 1841 sit
1840 1786 2122 1841 transitum

523 1882 679 1938 ﬁeri?

595 1995 789 2050 Omnia
817 1995 1000 2065 igitur,
1028 2009 1147 2066 quae
1173 2009 1279 2049 una
1305 1994 1604 2066 eademque
1625 1994 1847 2050 historia
1873 2010 2121 2066 compre-

527 2087 862 2157 henduntur,
898 2103 1007 2144 uuo
1032 2091 1333 2159 eodemque
1362 2104 1525 2143 sensu
1550 2090 1671 2145 sive
1716 2089 1970 2153 naturali,
2004 2092 2119 2145 sive

521 2183 818 2256 allegorico
836 2182 1034 2239 debent
1063 2181 1310 2253 intelligi.
1334 2183 1495 2253 Atqui
1521 2182 1622 2239 hoc
1652 2184 1895 2238 secundo
1920 2183 2120 2254 allego-

520 2276 638 2331 rico
689 2274 991 2347 signiﬁcatu
1044 2283 1238 2329 cuncta
1270 2276 1322 2328 in
1354 2291 1460 2330 una
1509 2275 1812 2347 eademque
1870 2276 2115 2345 historia,

518 2366 974 2439 quemadmodum
1005 2367 1058 2423 in
1086 2366 1304 2436 Trojani
1337 2366 1463 2421 belli
1491 2367 1573 2423 vel
1603 2368 1900 2423 Cannensis
1929 2383 2118 2439 pugnae

518 2461 853 2526 narratione,
889 2477 996 2515 non
1037 2470 1264 2530 possunt
1289 2459 1568 2530 explicari.
1602 2462 1678 2516 De
1708 2462 1811 2516 diis
1836 2462 2118 2519 enimvero

516 2569 639 2625 quae
667 2555 885 2625 scriptis
912 2554 1226 2625 consignata
1258 2555 1507 2625 legimus,
1555 2572 1619 2612 ea
1667 2556 1791 2612 inde
1824 2558 2118 2627 probantur

516 2648 694 2716 reipsa
724 2661 788 2702 ac
814 2662 942 2703 vere
972 2646 1110 2702 facta
1141 2662 1284 2713 esse,
1314 2648 1439 2718 quia
1470 2647 1539 2703 de
1567 2648 1674 2704 illis
1699 2648 1830 2704 festa
1856 2650 2114 2706 solemnia

516 2750 661 2796 stato
689 2750 933 2811 tempore
955 2740 1389 2796 celebrabantur.
1424 2739 1629 2796 Horum
1656 2741 1920 2812 siquidem
1952 2741 2117 2798 festo-

513 2853 636 2895 rum
680 2841 934 2891 coitstans
973 2844 1028 2891 et
1068 2844 1213 2892 certa
1244 2835 1475 2892 debebat
1504 2851 1626 2892 esse
1657 2827 1831 2909 origo,
1892 2853 1992 2893 nec
2023 2837 2113 2893 illa

514 2932 633 2988 sine
662 2931 840 3002 aliqua
867 2931 1078 2986 ratione
1108 2931 1349 2987 instituta
1380 2931 1619 2988 fuerunt.

587 3050 696 3106 Fac
723 3059 924 3113 tamen,
964 3049 1008 3104 si
1038 3049 1191 3115 velis,
1244 3049 1297 3104 in
1329 3049 1565 3106 historia:
1597 3050 1883 3120 cujuslibet
1913 3049 2113 3107 descri-

514 3144 699 3214 ptione
724 3142 867 3198 aliud
891 3143 1134 3203 omnino.
1167 3157 1331 3212 quam
1357 3142 1519 3197 verba
1551 3152 1768 3209 sonant,
1793 3142 2109 3212 signiﬁcari.

511 3235 628 3292 Non
661 3236 838 3291 minus
864 3244 1015 3290 certe
1042 3232 1172 3289 illttd
1204 3233 1269 3288 ad
1301 3234 1527 3288 deorum
1577 3233 1813 3288 dedecus
1839 3243 1891 3288 et
1923 3244 2113 3289 conlu-

512 3329 727 3384 meliatu
782 3326 1123 3383 redundabit.
1175 3324 1306 3393 Quze
1337 3326 1539 3381 etenim
1587 3326 1760 3391 maior
1786 3326 1888 3380 diis
1916 3326 2109 3398 injuria

512 3422 632 3478 ﬁeri
660 3430 860 3494 potest,
890 3436 1049 3493 quam
1078 3420 1229 3474 Jovis
1255 3434 1316 3474 ac
1344 3417 1582 3483 Cereris,
1613 3417 1758 3473 verbi
1790 3419 1984 3488 gratia,
2017 3436 2109 3474 ne-

509 3517 645 3573 fario
670 3515 959 3572 concubitu
987 3526 1186 3569 terram
1212 3511 1385 3568 imbre
1403 3510 1755 3567 madefactam
1780 3511 2110 3583 signiﬁCari?

511 3606 701 3663 Nonne
730 3606 902 3661 multo
922 3605 1090 3660 satius
1111 3614 1228 3660 erat
1254 3603 1525 3658 hominem
1553 3618 1675 3658 esse
1697 3612 1928 3669 mutum,
1947 3619 2106 3674 quant

509 3714 601 3757 res
628 3698 884 3753 honestas
911 3708 968 3755 et
999 3696 1270 3753 naturales
1303 3695 1627 3766 turpissimis
1656 3695 1882 3750 deorum
1926 3699 2109 3768 appel-

511 3794 627 3847 lare
654 3790 985 3846 sceleribus?
1011 3790 1105 3845 Dic
1125 3798 1330 3856 autem,
1357 3803 1565 3859 quaeso,
1592 3788 1719 3857 quid
1743 3788 1957 3843 vetabat.
1977 3806 2110 3858 quo-

509 3883 688 3940 minus
712 3899 1050 3954 unaquteque
1088 3900 1175 3939 res
1201 3883 1465 3939 naturalis
1492 3883 1707 3954 proprio
1731 3899 1830 3940 suo
1859 3885 2104 3953 nomine,

511 3992 619 4033 non
648 3976 871 4031 deorum
903 3977 1083 4048 aliquo
1106 3978 1331 4033 crimine
1351 3977 1787 4048 signiﬁcaretur?

580 4095 764 4167 Neque
792 4110 955 4165 porro
980 4094 1267 4151 dicendum
1295 4095 1429 4150 deos
1454 4095 1691 4150 uoluisse
1718 4110 1814 4149 sua
1846 4095 2106 4165 publicari

506 4189 784 4261 mySIeria,
828 4197 990 4259 atque
1019 4187 1220 4243 idcirco
1264 4202 1451 4242 eorum
1501 4187 1757 4243 historias
1802 4189 2108 4259 allegoricis

506 4283 736 4353 scriptas
761 4298 882 4338 esse
897 4282 1232 4353 ambagibus.
1264 4281 1397 4338 Nam
1427 4282 1512 4338 hac
1536 4282 1845 4353 allegoricis
1867 4286 2106 4340 tenebris

508 4374 763 4430 involuta:
794 4375 981 4446 paucis
1011 4375 1229 4446 quidem
1260 4375 1488 4445 cognitze
1520 4388 1699 4442 erant,
1750 4376 1844 4431 sed
1875 4378 2107 4446 apertis-

505 4468 641 4523 sima
688 4468 941 4523 omnibus
981 4467 1423 4538 proponebantur
1470 4468 1696 4525 deorum
1738 4467 1959 4540 ﬂagitia,
1989 4487 2107 4541 quae

506 4562 818 4618 hominibus
858 4562 911 4617 in
938 4562 1064 4616 vitia
1093 4562 1317 4617 nimium
1369 4563 1661 4635 propensis.
1694 4563 1893 4619 dabant
1917 4566 2103 4622 eadem

2230 567 2406 638 dignis
2436 565 2613 620 vocari
2646 560 2971 617 nominibus.

2805 692 3099 733 ARTICULUS
3152 692 3221 730 Vl.
3271 720 3274 724 .

2754 814 2977 879 Analysis
2996 812 3107 865 libri
3134 813 3283 863 sexti.

2302 945 2358 1000 lu
2391 945 2495 1000 hoc
2522 952 2578 999 et
2601 942 2948 1014 subsequeoti
2978 940 3116 996 libro
3142 940 3300 996 aliam
3333 937 3606 994 Arnobius
3653 937 3841 1008 genti—

2231 1041 2360 1096 lium
2409 1039 2560 1093 diluit
2593 1038 3047 1099 criminationem,
3092 1050 3197 1105 qua
3224 1033 3551 1089 christianos
3579 1032 3843 1085 maxima:

2232 1134 2519 1206 impietatis
2551 1142 2832 1204 propterea
2863 1129 3208 1193 accusabant,
3241 1126 3384 1198 quod
3426 1127 3569 1181 nulla
3601 1124 3845 1180 deorum

2231 1230 2493 1285 haberent
2531 1227 2728 1296 templa
2757 1233 2849 1279 aut
2877 1224 3186 1289 simulacra,
3218 1237 3317 1277 nec
3349 1221 3451 1275 ulla
3484 1236 3724 1292 unquam
3776 1218 3848 1273 iis

2230 1323 2495 1378 sacriﬁcia
2524 1320 2780 1376 facerent.
2814 1323 2852 1374 A
2887 1319 3103 1389 templis
3134 1327 3313 1374 autem
3343 1316 3570 1373 deorum
3593 1315 3845 1382 orditur,

2230 1419 2518 1490 palamque
2552 1416 2748 1472 fatetur
2775 1416 2841 1470 iis
2870 1414 3193 1470 christianos
3237 1427 3446 1475 carere,
3482 1426 3588 1466 non
3618 1411 3673 1464 in
3705 1410 3850 1465 deo-

2230 1527 2372 1568 rum.
2403 1511 2447 1564 si
2478 1508 2639 1565 modo
2683 1508 2819 1563 tales
2868 1506 3082 1578 quidam
3110 1507 3365 1571 existant,
3416 1514 3843 1574 contemptum;

2227 1604 2322 1658 sed
2353 1604 2477 1673 quia
2523 1617 2647 1657 cum
2696 1615 2912 1667 semper
2959 1599 3185 1654 beneﬁci
3220 1612 3341 1653 esse
3385 1596 3639 1663 debeant,
3687 1598 3848 1652 omni

2228 1699 2485 1751 virtutum
2541 1711 2740 1767 genere
2800 1692 3195 1764 perfectissimi,
3248 1692 3555 1760 nulliusque
3600 1691 3696 1745 ira:
3751 1690 3845 1747 vel

2228 1789 2649 1860 perturbationis
2679 1802 2927 1858 capaces,
2959 1787 3159 1855 templa
3193 1787 3372 1840 omnia
3406 1800 3601 1854 magno
3630 1783 3847 1840 ducunt

2154 1878 2201 1938 B
2227 1881 2548 1951 despicatui.
2580 1880 2654 1934 Ea
2688 1894 2921 1949 namque
2944 1878 3073 1932 nulli
3104 1877 3234 1949 ipsis
3262 1876 3378 1931 usui
3422 1891 3543 1931 esse
3585 1887 3840 1947 possunt,

2223 1974 2470 2046 quamvis
2492 1975 2685 2044 exiguo
2716 1972 2991 2026 hominum
3038 1971 3254 2042 ingenio
3299 1969 3579 2037 fabricata,
3636 1969 3843 2024 iisdem

2222 2066 2355 2121 solis
2384 2065 2693 2120 hominibus
2718 2063 3247 2136 magniﬁcentissima
3280 2065 3584 2119 videantur.
3614 2063 3840 2119 Primus

2222 2168 2401 2213 autem
2434 2157 2672 2211 omnium
2706 2156 3045 2220 Phoroneus,
3096 2157 3183 2211 vel
3232 2155 3476 2227 Merops,
3507 2155 3594 2211 vel
3623 2155 3838 2212 IEacus

2222 2267 2284 2306 ea
2324 2251 2627 2307 aediﬁcasse
2657 2250 2991 2322 perhibetur.
3017 2251 3082 2306 At
3111 2248 3445 2321 quantalibet
3473 2251 3838 2320 magniﬁcen-

2223 2345 2292 2399 tia
2320 2356 2440 2415 post
2464 2343 2579 2397 lure
2600 2353 2909 2399 constructa
2938 2344 3066 2409 sint,
3109 2342 3236 2413 quid
3262 2342 3369 2397 diis
3396 2342 3565 2413 magis
3604 2342 3837 2412 injurin-

2220 2450 2339 2491 sum
2366 2452 2427 2492 ac
2454 2437 2929 2499 contumeliosum,
2963 2449 3123 2505 quam
3155 2443 3360 2490 temere
3383 2447 3699 2507 asseverare
3725 2433 3829 2489 Jo—

2222 2544 2362 2596 vem,
2417 2539 2509 2583 aut
2554 2530 2717 2584 alium
2767 2528 3013 2598 quemvis
3039 2527 3200 2584 deum
3254 2526 3477 2596 templo,
3533 2526 3829 2597 tuguriolo,

2220 2620 2466 2675 conclavi
2493 2630 2548 2676 et
2582 2620 2772 2676 cellula
2804 2618 3043 2674 includi?

2291 2713 2491 2770 Verum
2523 2715 2645 2781 diis,
2676 2714 2986 2786 inquiebant
3009 2712 3230 2777 ethnici,
3258 2713 3459 2781 templa
3486 2714 3829 2778 extruimus;

2220 2817 2275 2860 ut
2293 2822 2414 2862 cum
2441 2809 2519 2863 eis
2541 2808 2941 2878 quodammodo
2970 2806 3324 2876 prmsentibus
3351 2822 3457 2861 non
3489 2822 3681 2877 magna
3707 2808 3832 2864 sine

2216 2901 2519 2956 reverautia
2541 2900 2936 2967 colloquantur,
2965 2907 3125 2968 atque
3155 2899 3275 2953 illos
3301 2897 3371 2953 de
3398 2898 3646 2966 proximo
3672 2900 3835 2953 invo-

2216 3002 2420 3059 cantes,
2453 2993 2521 3047 ab
2548 2993 2676 3062 ipsis
2704 2991 2908 3047 facilius
2937 2990 3236 3046 audiamur.
3266 2989 3374 3046 Sed
3402 3005 3715 3061 perperam,
3747 2994 3831 3049 ait

2216 3084 2505 3139 Arnobius.
2529 3084 2721 3139 Omnia
2740 3086 2953 3154 quippe,
2978 3098 3040 3138 ac
3061 3085 3249 3139 tacitas
3270 3083 3432 3139 etiam
3456 3086 3623 3139 animi
3648 3088 3827 3141 nostri

2216 3178 2570 3243 cogitationes
2613 3193 2770 3232 verus
2805 3179 2942 3232 Dens
2985 3178 3286 3246 cognoscit,
3319 3186 3510 3232 cuneta
3540 3179 3829 3249 :rqualiter

2139 3281 2183 3343 ρ
2217 3269 2385 3333 audit,
2423 3272 2606 3325 nullihi
2636 3271 2808 3337 abest,
2842 3287 2940 3326 nec
2984 3272 3119 3326 sicut
3143 3271 3354 3342 Jupiter
3374 3283 3646 3328 comatum
3680 3274 3832 3330 vadit

2214 3364 2283 3418 ad
2318 3364 2621 3435 Ethiopas,
2682 3380 2788 3419 uno
2842 3365 3010 3420 verbo
3066 3366 3427 3420 immensitate
3474 3381 3569 3421 sua
3626 3367 3830 3439 ubique

2215 3470 2459 3527 praesens
2480 3465 2582 3521 est,
2617 3472 2789 3524 neque
2821 3473 3070 3528 umquam
3097 3459 3217 3513 loco
3245 3468 3509 3514 mavetttr.

2290 3547 2404 3603 Huc
2429 3548 2641 3602 accedit
2672 3548 2928 3619 pleraque
2955 3549 3178 3604 deorum
3226 3552 3699 3620 sumptuosissima
3731 3569 3831 3607 au-

2215 3640 2631 3710 gustissimaque
2679 3641 2875 3711 templa
2919 3642 3051 3696 nihil
3083 3658 3206 3698 esse
3250 3643 3414 3705 aliud,
3446 3645 3548 3698 nisi
3576 3647 3829 3715 sepulcra

2218 3743 2573 3790 mortuorum.
2603 3734 2753 3789 Talia
2784 3736 3064 3790 enimvero
3090 3736 3392 3806 produntur
3422 3737 3591 3794 fuisse
3617 3739 3830 3794 Cecro-

2215 3826 2319 3895 pis,
2352 3827 2568 3895 Acrisii,
2601 3827 2923 3893 Ericthonii,
2958 3828 3149 3895 Dairm,
3180 3840 3233 3884 et
3263 3829 3499 3895 lmmari,
3531 3831 3680 3888 Celei
3715 3834 3832 3888 vir-

2211 3918 2419 3988 ginttm,
2474 3918 2823 3991 Hyperoches
2863 3932 2915 3977 et
2963 3922 3241 3989 Laodices,
3295 3922 3564 3992 Clearchi,
3612 3925 3829 3982 Leuco-

2212 4012 2474 4085 phrynes,
2527 4012 2821 4082 'Iesmessi,
2870 4015 3107 4087 Cynirae,
3138 4026 3195 4072 et
3219 4018 3446 4072 aliorum
3478 4035 3638 4089 quam
3698 4020 3828 4089 plu-

2211 4107 2350 4161 rium
2393 4120 2739 4163 monumenta
2768 4124 2831 4164 ac
2858 4110 3194 4180 polyandria.
3232 4111 3471 4181 Denique
3493 4110 3823 4183 Capitolium

2210 4201 2278 4256 ab
2309 4202 2526 4257 invento
2553 4203 2670 4257 ΤυΙί
2701 4205 2878 4274 capite
2933 4220 3128 4260 nomen
3183 4206 3412 4274 accepit.
3462 4211 3637 4274 Atque
3689 4208 3822 4265 inde

2210 4294 2714 4352 conﬁeitArnobins
2736 4298 2841 4352 diis
2868 4297 3091 4364 frustra,
3119 4312 3182 4353 ac
3208 4308 3392 4354 contra
3419 4315 3606 4355 eorum
3626 4300 3822 4369 decus,

2211 4390 2412 4458 templa
2437 4389 2707 4445 fabricari.

2283 4480 2505 4538 Colendi
2556 4498 2684 4537 vero
2713 4497 2898 4538 eorum
2947 4472 3236 4540 simulacra
3266 4501 3372 4541 non
3421 4488 3604 4557 potior
3630 4490 3821 4560 utique

2166 4598 2173 4607 ι
2212 4580 2296 4627 est
2322 4573 2480 4628 ratio.
2510 4573 2586 4627 Dii
2619 4574 2816 4644 quippe
2844 4576 2885 4629 si
2923 4576 2974 4629 in
2999 4577 3140 4631 cmlo
3173 4578 3433 4647 habitant,
3482 4579 3549 4635 ad
3580 4596 3675 4636 eos
3705 4598 3818 4639 non

502 4656 734 4711 faciendi
757 4656 1121 4713 occasionem.
1149 4655 1350 4711 Deinde
1376 4672 1507 4711 vero
1531 4655 1619 4711 cui
1641 4673 1874 4728 unquam
1901 4658 2102 4714 homini
2131 4688 2185 4747 D
2209 4665 2275 4721 ad
2303 4666 2517 4721 illorum
2540 4667 2823 4723 simulacra
2854 4668 3139 4725 fundendm
3159 4683 3284 4726 sunt
3315 4687 3525 4739 preces.
3550 4674 3607 4729 Si
3630 4686 3811 4732 antem

505 4746 582 4802 dii
604 4747 1017 4803 declaravernnt
1044 4746 1279 4801 voluisse
1306 4748 1406 4803 sub
1434 4748 1736 4818 allegoricae
1778 4748 2104 4818 interpreta-

506 4837 672 4892 tionis
702 4837 1031 4892 obscuritate
1061 4837 1332 4908 adscripta
1361 4839 1462 4892 sibi
1489 4838 1875 4895 obscenissima
1901 4841 2102 4911 ﬂagitia

503 4930 804 4985 venditari?
836 4930 968 4998 Quis
994 4945 1125 4986 vero
1151 4929 1362 4985 dubitat
1388 4947 1483 4987 eos
1512 4947 1616 4988 non
1645 4934 1845 5002 turpia,
1875 4935 1969 4990 sed
2007 4936 2104 4989 ho-

500 5032 653 5079 nesta
683 5022 751 5077 de
782 5037 841 5077 se
866 5021 970 5077 dici
1001 5037 1215 5093 semper
1243 5023 1529 5079 maluisse?
1580 5026 1848 5081 Praeterea
1876 5027 1919 5080 si
1952 5027 2104 5098 Atty-

501 5114 589 5172 dis
619 5114 837 5169 nomine
881 5113 1053 5169 solem
1086 5125 1482 5182 nuncuparunt,
1538 5116 1665 5186 quid
1696 5115 1895 5172 factum
1926 5128 2008 5173 est
2033 5119 2102 5173 de

499 5209 617 5277 illo,
647 5225 806 5277 quem
842 5208 1080 5264 historia:
1125 5209 1410 5279 perhibent
1448 5209 1501 5264 in
1534 5209 1764 5284 Phrygia
1809 5221 2013 5278 natum,
2042 5229 2107 5269 ac

499 5304 729 5374 plurima
762 5302 960 5372 egisse,
1012 5318 1131 5373 quze
1165 5313 1624 5373 reprzesentantur
1674 5306 1726 5359 in
1776 5306 2020 5372 theatris,
2052 5316 2109 5362 et

499 5397 698 5453 annuis
747 5396 1178 5452 solemnitatibus
1226 5397 1576 5453 recoluntur?
1622 5398 1760 5465 Quid
1813 5400 1973 5453 etiam
2025 5402 2107 5455 sol

501 5490 731 5553 meruit;
760 5499 816 5543 ut
844 5487 1059 5560 Attydis
1087 5489 1307 5544 castrati
1339 5489 1572 5545 hominis
1597 5499 1821 5545 vocetur
1849 5492 2106 5547 nomine?

503 5582 744 5651 Denique
796 5586 996 5639 Auctor
1042 5593 1228 5638 noster
1278 5585 1442 5639 multa
1494 5586 1545 5638 in
1595 5584 1817 5639 deorum
1866 5583 2106 5639 historiis

502 5675 714 5728 lectitar
779 5676 1053 5743 ostendit,
1113 5694 1234 5746 qua:
1291 5678 1586 5747 allegorice
1628 5693 1792 5731 sensu
1852 5677 2107 5747 explicari

504 5776 795 5837 nequeunt.
825 5768 902 5822 Ex
930 5770 1124 5839 quibus
1146 5771 1239 5825 ille
1266 5771 1542 5825 concludit
1564 5768 1717 5825 nefas
1738 5786 1960 5840 prorsus
1987 5785 2106 5827 esse

505 5857 637 5914 deos
665 5860 734 5915 ab
757 5861 1071 5928 gentilibus,
1101 5864 1146 5918 si
1169 5863 1289 5918 illus
1317 5878 1502 5920 revera
1530 5864 1766 5921 existere
1791 5880 2104 5935 persuasum

2209 4759 2331 4813 illos
2362 4758 2432 4813 ibi
2460 4759 2699 4815 habitare
2728 4760 2949 4816 dubium
2980 4762 3073 4824 sit.
3109 4762 3305 4817 frustra
3338 4765 3415 4820 rei
3448 4764 3624 4820 dubia:
3654 4768 3820 4821 simu-

2208 4853 2412 4909 lacrum
2448 4855 2683 4926 ﬁngitur.
2721 4856 2987 4911 Praeterea
3040 4858 3128 4927 qui
3177 4857 3309 4911 deos
3335 4873 3457 4913 esse
3499 4859 3693 4925 credit,
3729 4860 3817 4915 hic

2206 4946 2274 5000 ad
2305 4947 2661 5003 exhibendam
2691 4950 2902 5004 illorum
2946 4949 3289 5020 praesentiam
3331 4948 3653 5007 simulacris
3678 4968 3815 5025 opus

2210 5052 2317 5092 non
2339 5038 2518 5094 habet.

2283 5130 2420 5186 Tum
2460 5131 2725 5186 arnobius
2768 5133 2831 5186 iis
2876 5132 3130 5195 occurrit,
3179 5134 3268 5204 qui
3319 5135 3701 5191 asseverabant
3755 5153 3814 5194 se

2209 5238 2307 5296 per
2333 5224 2619 5278 simulacra
2636 5225 2766 5278 deos
2795 5225 2977 5280 colere
3002 5241 3064 5280 ac
3093 5227 3321 5295 precari.
3341 5226 3643 5299 Numquam
3665 5231 3811 5285 enim

2208 5329 2328 5379 eos,
2362 5315 2405 5368 si
2437 5330 2523 5369 res
2553 5316 2623 5369 ita
2654 5316 2742 5382 sit,
2776 5329 3185 5383 venerarentnr,
3236 5318 3279 5371 si
3326 5318 3470 5372 nulla
3501 5330 3687 5376 essent
3713 5322 3814 5377 hu—

2204 5408 2441 5479 jusmodi
2466 5408 2774 5465 simulacra.
2810 5411 2946 5480 Quid
2975 5412 3136 5467 etiam
3160 5411 3465 5479 absurdius,
3496 5428 3657 5483 quam
3687 5432 3808 5471 cum

2209 5501 2314 5556 diis
2344 5501 2477 5570 ipsis
2503 5502 2637 5567 suis,
2672 5503 2746 5556 ttti
2780 5505 3039 5574 putabant
3088 5503 3310 5561 ethnici.
3344 5504 3650 5574 supplicare
3683 5523 3808 5577 pos-

2209 5601 2350 5661 sent,
2381 5592 2499 5646 illos
2530 5608 2623 5662 per
2651 5603 2917 5650 mortuam
2949 5594 3202 5664 efﬁgiem.
3239 5606 3488 5664 tanquam
3518 5612 3616 5666 per
3639 5600 3809 5668 quod-

2208 5684 2332 5739 dam
2364 5684 2487 5738 ﬁdei
2532 5686 2881 5741 commissum
2910 5687 3111 5757 aliquid
3142 5688 3365 5758 rogare?
3392 5687 3529 5755 Quid
3578 5703 3812 5760 namque

2210 5775 2341 5833 illttd
2369 5789 2471 5842 εει,
2506 5777 2605 5833 nisi
2634 5776 2798 5833 Deum
2826 5780 3044 5834 alterum
3072 5781 3219 5847 scire,
3268 5792 3324 5837 ct
3350 5779 3580 5851 effigiem
3608 5781 3811 5847 depre-

2210 5871 2319 5926 cari
2347 5870 2495 5927 omni
2525 5885 2689 5928 sensu
2716 5877 3029 5930 carentem?
