3942 6282
148 312 241 370 385

1377 316 1441 375 lN
1481 316 1867 387 ARNOBIUM,
1907 318 2066 376 CAP.
2107 316 2149 374 l.

1896 10 2307 23 —_—n—.~_-—
2340 10 2557 25 ἸΙ-ῌ--η--ι
2588 14 2705 27 0—:-
2736 18 2755 25 -

3258 315 3404 377 32386

196 431 449 485 l’rmterea
478 431 651 501 imago
671 430 751 485 rei
776 430 1004 501 alicujus
1026 432 1125 503 ipsi
1154 433 1345 488 similis
1368 450 1489 489 esse
1520 435 1701 502 debet,
1733 438 1786 497 Α
1808 434 2077 504 Numquid
2123 434 2196 489 dii
2245 435 2295 488 in
2338 434 2514 504 parvis
2552 431 2857 488 simulacris
2901 429 3165 487 dedicatis
3208 444 3407 502 corpus

133 521 343 593 alioquin
373 521 551 592 imago
580 538 685 576 non
714 524 838 578 erit.
867 523 1028 594 Atqui
1062 541 1220 580 nemo
1251 527 1497 581 ethnicus
1542 530 1705 581 homo

132 616 251 669 scire
275 625 450 684 potest
473 628 647 669 utrum
668 615 892 685 quilibet
916 617 1047 672 deus
1067 619 1186 672 talis
1212 634 1397 673 revera
1418 618 1506 683 sit,
1534 619 1706 691 qualis

129 710 231 777 ejus
246 707 436 778 imago.
458 706 529 764 At
550 719 699 764 certe
725 708 926 764 scimus
949 710 1081 764 tales
1098 713 1231 765 deos
1255 727 1373 765 esse
1390 726 1496 765 non
1524 727 1701 781 posse,

130 801 292 871 quales
319 801 420 868 sol,
456 802 601 867 luna,
636 803 805 869 venti,
835 803 1037 874 aliique
1068 804 1281 860 leonina
1314 806 1395 859 vel
1435 804 1536 859 alia
1571 805 1704 860 facie

129 898 652 968 reprtesentabantur.
705 899 789 952 Ab
838 898 1068 953 ethnicis
1115 908 1295 953 autem
1341 899 1462 969 jure
1510 900 1704 955 merito

129 990 268 1045 derisi
291 1000 415 1045 sunt
444 991 603 1061 prisci
638 990 903 1056 homines,
935 991 1025 1061 qui
1071 1007 1169 1063 pro
1197 990 1301 1047 diis
1327 992 1569 1059 ﬂuvium,
1595 994 1704 1049 aci-

127 1097 315 1149 nacem,
346 1081 603 1149 lapidem,
655 1082 886 1139 informe
939 1084 1162 1153 lignum,
1217 1095 1308 1141 aut
1353 1085 1481 1155 quid
1529 1086 1702 1142 simile

128 1176 370 1230 colebant.
401 1173 603 1229 Verum
636 1176 711 1230 illi
762 1178 861 1247 ipsi
912 1193 1017 1231 non
1073 1179 1251 1233 minus
1302 1177 1577 1243 irridendi,
1610 1181 1699 1250 qui

128 1270 459 1326 Hammonem
488 1286 611 1325 cum
642 1272 898 1327 cornibus
925 1272 1189 1338 arietinis,
1240 1274 1530 1328 Saturnum
1579 1290 1698 1329 cum

125 1365 278 1431 falce,
323 1365 519 1420 nudam
588 1365 891 1434 Venerem,
945 1365 1244 1421 Vulcanum
1292 1383 1415 1422 cum
1464 1370 1604 1437 pileo
1647 1377 1703 1425 et

126 1457 322 1521 malleo.
348 1473 469 1513 cum
505 1458 712 1528 plectro
733 1469 788 1515 et
812 1459 1004 1513 ﬁdibus
1044 1460 1373 1529 Apollinem,
1424 1470 1478 1515 et
1503 1460 1701 1531 Neptu-

124 1566 241 1606 num
264 1566 374 1605 cum
408 1551 612 1606 fuscina
640 1551 958 1623 depingunt.
1000 1551 1171 1619 Quam
1202 1553 1344 1608 enim
1372 1552 1489 1607 lucc
1515 1570 1541 1605 a
1574 1569 1698 1607 vera

125 1643 323 1698 deorum
344 1643 514 1712 ﬁgura
539 1644 892 1712 abhorreant,
920 1646 1042 1716 quis
1072 1663 1177 1702 non
1222 1647 1401 1703 videt?
1431 1647 1696 1702 Praeterea

121 1736 159 1790 si
181 1736 284 1791 haec
312 1737 527 1807 propria
558 1738 666 1792 sint
686 1738 1105 1809 uniuscujusque
1125 1738 1212 1794 dei
1236 1748 1574 1804 ornamenta,
1610 1739 1695 1793 ubi

1809 544 1965 581 suum
1998 526 2349 593 contrahunt,
2384 537 2437 580 et
2469 524 2749 596 porrigunt
2774 525 2826 578 in
2859 525 3068 595 magnis
3097 533 3153 580 et
3180 525 3408 581 immen-

1807 621 1922 675 sis?
1950 619 2218 690 Numquid
2269 634 2406 673 unus
2448 614 2603 684 deus,
2638 626 2762 688 puta
2805 615 3106 683 Vulcanus,
3139 617 3192 671 in
3235 618 3409 673 omni-

1807 710 1906 766 bus
1935 711 2048 765 suis
2089 710 2392 765 simulacris
2438 709 2637 780 ubique
2675 708 2916 780 gentiqu
2962 708 3151 778 positis
3183 716 3237 763 et
3279 724 3409 764 con-

1806 804 2032 859 seet-aris
2068 804 2151 858 vel
2183 804 2488 873 multiplex,
2522 804 2605 859 vel
2637 803 2901 859 indivisus
2941 818 3159 858 manere
3187 802 3407 873 peterit?

1877 897 2015 966 Quid
2064 898 2251 968 plura?
2282 897 2339 955 Si
2381 897 2455 952 dii
2499 898 2549 953 in
2594 897 2677 952 his
2706 897 2818 953 suis
2863 896 3165 952 simulacris
3216 910 3406 953 revera

1807 989 2075 1053 habitant,
2105 1005 2201 1045 cur
2230 1005 2292 1045 ea
2322 989 2574 1060 gentiles,
2604 1005 2673 1055 ne
2701 1005 2806 1060 qua
2842 989 3034 1059 injuria
3063 987 3403 1056 adﬁciantur,

1805 1082 2078 1148 claustris,
2109 1082 2371 1149 clavibus,
2398 1082 2649 1153 pessulis,
2677 1081 2923 1150 canibus,
2943 1081 3225 1138 anseribus
3250 1089 3406 1137 tuen-

1806 1181 1916 1238 tur,
1975 1190 2039 1229 ac
2084 1174 2499 1245 diligentissime
2548 1174 2900 1229 custodiunt?
2949 1173 3057 1228 Cur
3092 1173 3301 1244 Jupiter
3350 1181 3406 1230 et

1805 1266 2154 1334 [Esculapius
2187 1277 2292 1322 tam
2327 1269 2593 1338 patienter
2622 1267 2863 1321 tulerunt
2891 1267 3178 1321 simulacra
3205 1280 3301 1320 sua
3334 1265 3404 1320 ab

1803 1360 2076 1414 Antiocho
2102 1375 2157 1415 et
2176 1360 2430 1433 Dionysio
2459 1359 2716 1428 spoliari?
2744 1358 2800 1414 Si
2827 1358 3030 1414 dixeris
3052 1357 3121 1412 dc
3158 1357 3241 1411 his
3269 1357 3403 1411 nihil

1802 1453 1933 1507 deos
1959 1469 2199 1519 curasse,
2232 1464 2379 1509 certe
2407 1454 2591 1509 Venus
2622 1454 2994 1509 incredibilem
3038 1452 3403 1525 Pygmalionis

1802 1555 1856 1600 et
1879 1546 2100 1602 alterius
2128 1546 2323 1616 perditi
2352 1547 2590 1601 hominis
2622 1546 2672 1600 in
2702 1546 3007 1601 sumulacra
3037 1561 3132 1601 sua
3160 1543 3405 1614 petulan-

1803 1636 1929 1690 tiam
1964 1637 2279 1707 propulsare
2310 1637 2560 1693 debebat.
2595 1636 2784 1693 Nonne
2814 1638 2976 1693 etiam
3007 1636 3218 1709 Jupiter
3245 1636 3404 1707 Capi-

1801 1729 2034 1796 tolinus,
2094 1729 2234 1785 Juno
2275 1728 2511 1801 Argiva,
2567 1729 2823 1800 Serapis,
2875 1730 3038 1785 Diana
3087 1729 3396 1801 Ephesina,

124 1826 178 1881 ab
218 1843 316 1882 uno
361 1844 521 1884 suum
570 1828 870 1884 detraxeris
899 1838 953 1885 et
996 1829 1212 1885 dederis
1242 1829 1420 1894 alteri,
1471 1840 1680 1901 uterqnt

1802 1821 1994 1890 Apollo
2021 1829 2077 1876 ct
2101 1823 2189 1876 alii
2218 1822 2523 1877 debuerunt
2551 1821 2833 1877 simulacra
2862 1832 2918 1878 et
2947 1822 3089 1890 fana,
3122 1823 3172 1876 in
3204 1822 3400 1893 quibus

123 1917 331 1974 discerni
356 1922 591 1990 amplius
613 1936 718 1976 nou
747 1921 961 1991 poterit.

179 2011 346 2084 Neque
373 2012 594 2084 indigna
627 2024 831 2070 tantum
861 2013 1059 2071 ethnici
1104 2016 1207 2071 diis
1231 2015 1345 2072 suis
1376 2027 1689 2072 ornamenta

120 2102 375 2169 dederunt,
429 2106 528 2160 sed
557 2107 913 2177 quorumdam
967 2108 1268 2177 hominum,
1320 2120 1481 2181 atque
1525 2110 1688 2165 etiam

119 2197 432 2252 meretricum
491 2200 717 2269 figurant
766 2209 819 2254 et
866 2200 1213 2256 lineamenta.
1274 2202 1354 2256 Ad
1402 2202 1691 2258 Alcibiadis

117 2292 286 2359 quippe
322 2288 496 2345 instar
546 2290 892 2358 Mercurium,
936 2292 1001 2347 ad
1061 2293 1293 2349 Cratinaa
1339 2304 1395 2350 et
1449 2296 1690 2367 Phrynes

116 2379 373 2449 Venerem,
407 2382 917 2453 fahricarunt.Qnid
944 2402 1092 2451 vero,
1122 2387 1265 2457 quod
1290 2387 1507 2443 Phidias
1537 2389 1690 2443 lasci-

116 2471 258 2540 viens,
288 2475 343 2529 in
393 2474 551 2531 Jovis
596 2475 857 2549 Olympici
888 2494 917 2531 a
946 2494 1005 2533 se
1038 2478 1161 2534 facti
1189 2479 1353 2551 digito
1385 2478 1685 2548 Pantarces,

118 2568 248 2635 pueri
272 2585 299 2622 a
327 2584 387 2625 se
417 2572 608 2639 amati,
638 2587 835 2628 nomen
883 2573 1193 2643 inscripsit?
1224 2574 1303 2629 Eo
1327 2583 1508 2631 autem
1539 2585 1689 2646 pctu-

114 2658 267 2716 lantia‘.
292 2671 456 2734 atque
488 2664 729 2719 audacia:
760 2665 997 2731 devenit,
1032 2668 1156 2737 quia
1188 2678 1417 2723 noverat
1444 2685 1541 2724 suo
1566 2686 1686 2724 mu-

113 2767 241 2817 nere,
268 2767 318 2810 et
346 2767 470 2813 arte
498 2773 595 2812 sua
619 2757 806 2813 Jovem
835 2758 904 2814 ab
936 2759 1244 2814 hominibus
1271 2761 1504 2815 adorari.
1539 2761 1684 2830 Qua-

110 2856 304 2916 propter
333 2850 584 2905 ethnicos
616 2851 863 2906 hortatur
892 2852 1195 2917 Arnobius;
1235 2864 1294 2907 ut
1324 2854 1388 2907 ad
1420 2855 1686 2909 saniorem

107 2947 316 2996 mentem
372 2943 694 3010 redeuntes,
751 2943 965 2998 tandem
1025 2943 1322 3015 intengant
1376 2945 1683 3012 simulacra,

104 3044 204 3098 quin
231 3043 375 3090 tanto
398 3034 612 3092 honore
642 3034 962 3105 adorabunt,
993 3052 1116 3092 ossa
1146 3054 1290 3103 esse,
1324 3038 1548 3108 lapides,
1587 3054 1682 3107 (es,

105 3137 381 3195 argentum,
410 3144 633 3196 aurum,
663 3146 726 3185 ac
752 3130 950 3200 szepius
980 3131 1319 3198 vilissimum,
1342 3146 1406 3186 ae
1430 3148 1549 3201 quae
1574 3142 1684 3187 tur-

1798 1914 2126 1981 habitabant,
2157 1916 2226 1971 ab
2267 1915 2515 1972 incendio
2542 1915 2770 1987 aliisque
2810 1915 3025 1971 casibus
3059 1916 3255 1971 intacta
3277 1930 3397 1971 ser-

1795 2025 1923 2064 vare
1939 2010 1962 2063 ?

1868 2101 2126 2160 Ultimum
2160 2120 2320 2175 porro
2357 2103 2639 2176 gentilium
2682 2104 2749 2159 ad
2796 2104 3076 2160 retinenda
3110 2104 3397 2163 simulacra

1795 2198 2254 2269 propugnaculum
2276 2198 2394 2262 fuit,
2422 2200 2537 2253 haec
2555 2199 2735 2255 omnia
2764 2200 3015 2271 antiquos
3034 2218 3140 2256 non
3171 2200 3393 2272 fugisse,

1794 2293 1890 2347 sed
1933 2292 2022 2348 illo
2074 2294 2491 2349 simulacrorum
2538 2293 2685 2349 cultu
2743 2292 3051 2364 imperitum
3097 2295 3288 2367 vulgus
3341 2296 3395 2352 in

1793 2384 1978 2440 officio
2001 2394 2057 2440 et
2083 2385 2341 2456 religione
2369 2385 2779 2441 continendum.
2814 2385 2919 2442 Sed
2949 2386 3049 2442 hoc
3078 2386 3258 2457 seipso
3287 2387 3397 2443 ruit

1793 2484 1848 2531 et.
1872 2477 2153 2531 evertitur.
2206 2476 2343 2545 Quid
2394 2478 2536 2532 enim
2566 2478 2710 2549 plebi
2747 2479 3086 2549 quantumvis
3114 2470 3395 2551 imperita:

1791 2567 2194 2624 formidandum
2243 2586 2314 2624 ex
2373 2569 2597 2625 deorum
2649 2571 2957 2631 simulacris
3005 2572 3250 2641 spoliatis
3304 2581 3397 2629 aut

1792 2660 2053 2730 direptis?
2081 2661 2217 2729 Quid
2248 2661 2601 2718 metuendum
2625 2680 2688 2717 ex
2719 2662 2937 2718 Saturni
2965 2662 3126 2732 falce,
3160 2664 3278 2720 Jani
3309 2665 3391 2720 bi-

1791 2752 1969 2822 cipitis
2015 2753 2168 2809 clave
2214 2754 2467 2820 dentata,
2513 2753 2664 2810 Jovis
2692 2754 2899 2820 fomite,
2930 2768 3095 2812 czestu
3139 2755 3390 2826 Junonis,

1791 2841 2046 2899 Minervae
2064 2846 2241 2916 galea,
2270 2846 2487 2901 Cereris
2514 2848 2787 2915 mammis,
2822 2856 2876 2904 et
2905 2849 3117 2904 czeteris
3145 2848 3393 2920 hujusce-

1790 2936 1936 2990 modi
1976 2938 2221 2992 ridiculis
2251 2939 2476 2993 deorum
2524 2939 2866 3010 insignibus?
2894 2941 3029 3009 Quid
3061 2943 3176 2998 hare
3206 2953 3258 2999 et
3288 2944 3391 2999 alia
3438 3013 3445 3021 '

1790 3027 1949 3100 longe
2006 3030 2243 3100 turpiora
2289 3039 2542 3100 poterant
2591 3032 2656 3086 ad
2716 3033 3055 3089 retinendam
3111 3034 3388 3099 hominum

1790 3122 2103 3193 religionem
2149 3123 2438 3180 conferre?
2484 3124 2711 3180 Tantum
2764 3125 3005 3195 profecto
3045 3129 3219 3194 abest,
3256 3141 3310 3185 ut
3338 3130 3391 3187 id

108 3221 323 3289 pissimis
369 3225 561 3280 usibus
591 3225 875 3291 servierat,
907 3226 1206 3281 materiem.
1261 3225 1392 3294 Quis
1439 3227 1581 3282 enim
1628 3226 1679 3282 in

1793 3215 2068 3284 acciderit,
2086 3217 2212 3287 quin
2233 3219 2409 3289 potuis
2434 3217 2682 3274 homines
2698 3219 2844 3274 nullo
2858 3219 3034 3293 legum
3052 3223 3388 3279 severiorum
3413 3262 3417 3271 τ

110 3314 321 3370 animum
355 3316 579 3373 inducat
607 3328 662 3373 ut
692 3319 851 3373 deum
878 3317 1027 3372 illum
1051 3333 1174 3375 esse
1199 3319 1490 3386 existimet,
1517 3336 1676 3392 quem

104 3400 201 3472 ipse
224 3423 283 3461 ex
314 3408 485 3464 haece
512 3411 737 3465 materia
770 3409 1068 3466 fabricavit.

163 3496 308 3569 Urget
331 3500 611 3557 Arnobius
635 3504 909 3558 neminem
938 3519 1059 3559 esse
1090 3505 1161 3559 ita
1190 3505 1440 3562 insanum
1472 3508 1563 3578 qui
1596 3509 1675 3563 si-

103 3588 299 3646 mulacri
348 3592 584 3664 alicujus
633 3603 818 3664 partes
848 3597 1137 3666 separatim
1179 3598 1383 3668 pesitas
1428 3599 1589 3667 colat,
1620 3609 1676 3657 et

103 3682 283 3741 adoret.
310 3687 423 3744 Cur
440 3704 571 3762 ergo
598 3690 802 3745 ethnici
832 3691 955 3747 illas
976 3692 1135 3747 simul
1166 3695 1485 3763 conjunctas
1508 3709 1676 3751 vene-

101 3777 364 3838 rabantur?
415 3783 534 3839 Non
568 3785 827 3856 majorem
874 3799 1023 3843 certe
1048 3789 1370 3857 conjunctae,
1402 3808 1560 3863 quam
1587 3792 1673 3848 di-

101 3874 229 3940 visae,
256 3878 361 3932 vim
386 3878 627 3934 divinam
656 3880 874 3937 habent.
900 3880 1019 3937 Huc
1034 3882 1243 3938 accedit
1282 3884 1426 3954 quod
1473 3886 1518 3939 si
1550 3887 1672 3958 quis

101 3962 145 4018 in
177 3967 468 4040 Olympiaci
506 3970 676 4035 Iovis,
735 3983 825 4026 aut
855 3973 1079 4029 alterius
1126 3975 1402 4031 simulacri
1454 3979 1671 4034 intimas

103 4068 256 4125 partes
285 4064 576 4130 introierit,
600 4065 726 4134 quid
761 4076 955 4135 praeter
985 4067 1231 4134 laminas,
1263 4069 1345 4123 vel
1368 4070 1497 4140 ligni
1528 4073 1670 4126 saxi—

102 4165 183 4216 que
228 4165 425 4224 partes,
480 4157 699 4227 plumbo
743 4157 970 4225 suﬁ'uso,
1004 4170 1093 4214 aut
1138 4161 1375 4229 catenis,
1411 4166 1582 4230 uncis,
1616 4175 1671 4220 et

101 4244 275 4300 ansulis
293 4261 410 4302 cum
421 4258 625 4319 pactas,
644 4260 697 4306 et
716 4262 1121 4322 coagmentatas
1136 4256 1461 4325 conSpiciet?
1477 4256 1668 4314 Nonne

100 4333 271 4393 videbit
295 4350 477 4412 caput,
505 4352 770 4410 ventrem,
794 4344 1037 4416 aliasque
1067 4358 1246 4417 partes
1269 4348 1415 4406 intus
1444 4366 1663 4419 vacuas,

100 4424 278 4499 inanes,
317 4446 481 4506 atque
521 4437 906 4505 imperfectas?
955 4440 1059 4495 Sed
1098 4457 1160 4496 ea
1209 4458 1437 4501 cernere
1480 4447 1521 4501 si
1557 4463 1664 4502 non

102 4515 252 4591 liceat,
283 4541 464 4582 nonne
490 4530 668 4583 cernit
693 4541 873 4600 partes
901 4530 1178 4590 simulacri
1200 4546 1454 4595 externas
1477 4539 1663 4597 nidore

1786 3318 1957 3374 metu,
2007 3326 2107 3365 nec
2156 3310 2280 3365 ullis
2341 3312 2620 3383 suppliciis
2662 3329 2692 3367 a
2733 3314 3032 3370 sceleribus
3073 3325 3127 3370 et
3172 3316 3388 3387 flagitiis

1781 3401 2060 3471 patuerint
2116 3401 2373 3459 hactenus
2401 3404 2665 3460 cohiberi.
2700 3404 2984 3462 Postremo
3016 3408 3291 3464 Arnubius
3320 3408 3388 3465 de

1784 3494 2074 3552 sacriﬁciis
2098 3495 2356 3568 deinceps
2382 3497 2648 3569 agendum
2667 3498 2954 3571 signiﬁcat,
2984 3511 3039 3557 et
3066 3500 3203 3557 llbro
3224 3500 3384 3559 ﬁnem

1780 3585 2029 3658 imponit.

2380 3744 2672 3786 ARTICULUS
2700 3746 2796 3786 νιι.

2272 3859 2496 3926 Analysis
2518 3860 2630 3912 libri
2656 3866 2877 3927 septimi.

1847 3981 2083 4038 Primum
2125 3983 2303 4042 hocin
2332 3988 2469 4043 libro
2513 3988 2784 4046 Arnobius
2828 3992 3089 4051 Varronis
3127 3998 3365 4053 auctori-

1777 4082 1907 4139 tate,
1938 4090 2003 4130 ac
2052 4074 2249 4133 deinde
2298 4080 2506 4136 ratione
2553 4082 2747 4153 probat
2776 4085 2918 4140 nulla
2975 4087 3080 4143 diis
3130 4089 3373 4147 facienda

1773 4182 1895 4223 esse
1941 4170 2227 4226 sacriﬁcia.
2279 4172 2357 4228 Dii
2404 4176 2603 4247 quippe
2644 4178 2758 4234 sive
2807 4179 2918 4236 veri
2950 4180 3220 4251 dicantur,
3263 4185 3375 4242 sive

1771 4274 2031 4331 corporea
2081 4266 2306 4321 materia
2333 4270 2641 4339 compositi,
2681 4272 2795 4328 sive
2823 4272 3100 4330 hominum
3130 4292 3292 4333 manu
3319 4288 3376 4334 et

1768 4366 1885 4412 arte
1915 4356 2063 4425 facti,
2099 4360 2243 4417 nulla
2285 4364 2549 4421 sacriﬁcia
2589 4365 2926 4424 desiderant.
2957 4369 3084 4426 Veri
3132 4372 3276 4428 enim
3324 4374 3371 4430 si

1768 4450 1857 4516 qui
1885 4450 1990 4505 sint
2015 4495 2030 4520 ,
2065 4454 2197 4509 tales
2242 4471 2364 4512 esse
2391 4457 2612 4525 debent,
2646 4460 2860 4528 qualem
2891 4462 3173 4518 christiani
3207 4465 3366 4523 adse-

1767 4552 1893 4597 runt
1918 4557 2040 4599 esse
2071 4562 2252 4601 rerum
2299 4553 2539 4604 omnium
2568 4549 2874 4621 dominum,
2908 4557 3363 4627 omnipotentem,

164 4613 298 4715 iunio
324 4618 649 4685 decolorari,
679 4625 809 4690 situ,
838 4624 1105 4696 rubigine,
1132 4645 1196 4685 ac
1240 4633 1542 4701 putredine,
1574 4646 1663 4691 aut
1690 4640 1745 4700 1)
1768 4640 1930 4702 atque
1979 4637 2274 4707 ingenitum
2327 4638 2517 4694 Deum.
2550 4641 2649 4709 Qui
2683 4659 2812 4698 vero
2852 4613 2987 4703 tales
3035 4613 3365 4715 sunt.niliii

99 4700 414 4768 diuturnitate
443 4729 696 4769 corruere
716 4757 731 4781 ,
762 4724 922 4786 atque
950 4734 976 4771 a
1019 4720 1280 4785 muribus,
1314 4700 1663 4792 blattis,ara-

101 4795 194 4851 neis
219 4811 271 4856 et
299 4804 701 4877 hirundinibus,
740 4809 972 4882 aliisque
1016 4814 1354 4872 animalculis
1382 4818 1570 4877 fmderi
1598 4838 1663 4879 ac

99 4888 444 4962 coinquinari?

154 4977 318 5053 Erras,
348 4989 659 5061 inquiebant
698 4994 920 5052 ethnici.
954 4997 1066 5053 Non
1101 4998 1510 5058 simulacrorum
1545 5023 1657 5060 ma-

98 5074 280 5162 tlirium,
313 5083 409 5138 sed
449 5084 579 5139 deos
608 5086 658 5141 in
688 5088 1017 5156 simulacris,
1066 5106 1187 5162 post
1213 5110 1422 5151 sacram
1470 5113 1658 5154 eorum

97 5158 461 5231 dedicationem
503 5178 841 5251 habitantes,
884 5158 1131 5241 colimus.
1179 5184 1250 5243 At
1291 5205 1387 5244 vos
1417 5190 1540 5261 ipsi,
1570 5210 1658 5248 re—

99 5266 221 5324 P0nit
255 5269 523 5328 Arnobius
544 5316 558 5338 ,
590 5276 823 5345 gentiles
853 5287 961 5334 tota
987 5282 1181 5338 erratis
1220 5283 1323 5338 via.
1358 5284 1457 5341 Cui
1485 5288 1657 5343 enim-

97 5362 202 5450 i'el‘o
228 5364 481 5421 credibile
509 5368 601 5423 ﬁet
631 5370 762 5425 deos
786 5412 800 5436 ,
832 5374 1144 5430 caelestibus
1173 5375 1371 5433 relictis
1401 5379 1617 5436 sedibus
1641 5423 1658 5450 ,

98 5442 139 5539 in
165 5452 452 5515 simulacris
497 5460 773 5531 habitare,
808 5475 966 5538 atque
1004 5468 1180 5539 aliqua
1212 5486 1398 5527 eorum
1444 5473 1659 5530 dedica-

99 5535 217 5598 tione
254 5549 316 5604 ad
359 5568 420 5607 ea
470 5554 817 5612 inhabitanda
858 5561 1146 5630 compelli?
1177 5563 1378 5619 Deinde
1409 5567 1453 5620 si
1495 5568 1547 5621 in
1578 5569 1657 5623 eis

97 5642 281 5707 semper
321 5655 607 5715 maneant,
650 5648 780 5703 nihil
813 5649 911 5706 hac
940 5651 1269 5711 habitatione
1298 5658 1570 5713 miserius.
1600 5661 1658 5715 Si

96 5723 152 5777 ab
175 5729 242 5786 eis
300 5737 587 5811 aliquando
646 5740 937 5809 recedant,
997 5744 1260 5803 incertum
1323 5750 1505 5821 utique
1556 5752 1659 5808 erit

95 5825 279 5889 quando
332 5833 618 5893 simulacra
669 5834 881 5894 adorari
937 5839 1189 5898 debeant.
1244 5843 1352 5900 Sed
1402 5847 1653 5918 agedum.

1767 4729 1981 4798 penitus
2010 4746 2074 4785 ex
2108 4741 2323 4787 terrena
2367 4735 2588 4791 materia
2618 4737 2911 4807 accipiunt,
2942 4756 3050 4809 quo
3085 4752 3182 4798 aut
3208 4746 3362 4801 alan-

1766 4831 1873 4889 tur,
1902 4834 1993 4878 aut
2037 4823 2393 4882 delectentur.
2435 4826 2590 4883 Nulla
2642 4829 2802 4901 igitur
2832 4833 3217 4894 sacriﬁciorum
3259 4839 3364 4897 diis

1764 4914 2127 4972 faciendorum
2146 4933 2304 4973 causa
2329 4930 2507 4990 potest
2532 4921 2751 4979 adferri.
2781 4923 2897 4981 Non
2924 4927 3066 4983 enim
3090 4928 3175 4985 his
3196 4931 3363 4987 sacri-

1765 5010 1900 5064 ﬁciis
1927 5010 2266 5077 nutriuntur;
2329 5014 2763 5086 quandoquidem
2816 5020 3076 5093 quidquid
3131 5025 3362 5080 nutritur

1762 5102 1991 5157 mortale
2019 5110 2119 5157 est.
2154 5102 2292 5171 Quid
2330 5120 2490 5175 vero,
2524 5109 2669 5180 quod
2699 5125 2764 5165 ex
2798 5110 2911 5180 his,
2959 5130 3079 5186 quae
3104 5116 3361 5175 altaribus

1761 5192 2138 5263 admoventur,
2163 5195 2295 5252 nihil
2326 5197 2396 5253 ad
2423 5199 2556 5256 deos
2583 5203 2861 5273 pervenit?

1839 5286 1956 5342 Non
1991 5288 2282 5360 voluptatis
2312 5292 2475 5349 etiam
2504 5311 2668 5352 causa
2698 5296 2803 5354 diis
2831 5297 3021 5356 hostiae
3057 5300 3355 5358 caeduntur.

1764 5380 2003 5437 Mortalis
2032 5383 2299 5455 siquidem
2328 5387 2505 5445 adhuc
2521 5400 2623 5458 est,
2654 5392 2744 5461 qui
2773 5391 3077 5462 hujusmodi
3109 5393 3357 5453 adﬁcitur

1761 5474 2142 5535 delectatione.
2198 5480 2328 5548 Quae
2372 5498 2503 5538 vero
2553 5484 2605 5538 in
2648 5484 2991 5543 innoxiorum
3041 5489 3355 5547 animalium

1761 5569 2119 5637 mactatione,
2162 5586 2321 5641 aqua
2368 5574 2529 5628 etiam
2582 5575 2800 5630 homine
2842 5592 2986 5648 saepe
3034 5579 3351 5650 abhorrent,

1759 5671 1938 5731 potest
1958 5663 2058 5719 dits
2086 5680 2205 5720 esse
2229 5666 2515 5736 voluptatis
2544 5666 2837 5724 illecebra?

1835 5756 2117 5829 Popularis
2130 5760 2350 5831 quidem
2371 5775 2436 5814 ac
2459 5759 2696 5832 vulgaris
2716 5762 2903 5834 opinio
2924 5773 3046 5821 erat
3072 5766 3354 5824 sacriﬁciis

1762 5849 1990 5908 deorum
2023 5852 2155 5910 iram
2187 5854 2408 5927 placari.
2442 5853 2549 5912 Sed
2579 5855 2676 5913 ine
2708 5864 2914 5926 motus,
2942 5858 3050 5917 diis
3079 5860 3352 5934 indignus,
