4030 6276
530 296 633 370 ssi

1735 300 2185 370 DlSSERTATlO
2224 298 2499 369 PRAEVIA

3730 305 3841 373 388

530 431 581 484 in
637 429 993 486 immortalem
1039 427 1276 484 animum
1326 427 1522 485 cadere
1567 446 1673 485 non
1721 438 1919 501 potest.
1954 428 2388 489 DeturAaltera
2435 430 2589 486 alteri
2637 432 2813 487 hostia
2861 430 3515 505 immolatur?Ntunqnid
3548 449 3655 490 una
3706 434 3839 491 huic

533 534 710 578 tamen
753 525 881 579 deos
912 522 1186 578 iracundia
1226 523 1481 593 percelli,
1530 524 1638 579 illis
1676 538 1805 579 sane
1842 540 1947 579 non
2000 534 2123 579 ante

530 626 850 687 occupatum
897 614 1167 669 iracundia
1211 617 1450 671 animum
1499 616 1841 671 immolandre
1871 625 1998 670 sunt
2026 614 2124 669 ho-

529 709 663 764 stim.
694 706 810 765 Non
855 709 998 764 enim
1034 710 1142 766 illis
1174 711 1313 765 sicut
1340 708 1470 766 leris
1494 709 1760 766 etbelluis
1790 712 1908 765 oﬁ‘ae
1940 720 1992 765 et
2015 711 2121 766 cibi

529 798 810 869 oﬁ'eren'di,
840 804 908 857 ne
943 816 1129 856 eorum
1166 802 1240 855 ira
1275 801 1534 873 furorque
1578 803 1901 857 concitetur.
1937 801 2123 873 Neque

527 894 687 949 etiam
731 906 1013 965 posmuam
1051 904 1269 965 propter
1300 894 1774 962 homunculorum,
1804 898 1848 951 si
1882 895 1997 951 ﬁeri
2027 904 2125 968 po-

527 999 663 1055 test,
698 988 1052 1047 uiibnsionem
1085 992 1162 1046 ira
1194 990 1575 1047 incenduntur.
1603 989 1735 1047 Nam
1763 1002 2119 1063 prmterquam

528 1080 667 1155 quod
698 1080 833 1138 nihil
863 1096 926 1138 ea
955 1083 1021 1139 de
1052 1088 1111 1138 re
1150 1082 1222 1138 dii
1274 1092 1526 1153 umquam
1556 1093 1894 1148 statuerunt,
1924 1082 2122 1138 nemini

529 1174 843 1246 probabitur
872 1190 969 1232 eos
999 1184 1230 1232 mactata
1257 1188 1311 1232 et
1337 1178 1517 1232 oblata
1554 1177 1731 1247 aliqua
1773 1173 2001 1247 pecude,
2030 1182 2124 1230 aut

528 1268 661 1322 iram
694 1280 917 1337 ponere,
958 1280 1049 1322 aut
1091 1266 1406 1339 injuriarunt
1458 1282 1678 1323 suarum
1710 1267 1954 1324 oblivisci
1989 1284 2004 1323 :
2033 1276 2125 1323 aut

528 1361 611 1415 his
637 1361 936 1427 sacriﬁciis,
968 1371 1238 1431 tamquam
1263 1370 1414 1432 pacta
1439 1359 1688 1417 mercede
1714 1360 1843 1416 dare
1874 1369 2121 1431 peccato-

528 1472 645 1512 rum
689 1458 742 1511 in
791 1472 850 1512 se
896 1458 1310 1513 cntmuissorum
1362 1459 1596 1513 veniam.
1644 1456 1927 1514 Cresceret
1978 1456 2120 1513 enim

529 1551 816 1608 multitudo
866 1551 1202 1622 peccantium
1242 1550 1546 1620 hominum,
1576 1551 1619 1607 si
1650 1552 1727 1607 sic
1750 1551 1956 1607 venalis
1982 1560 2125 1607 esset

528 1644 753 1702 deorum
782 1646 1176 1717 ignoscentium
1207 1647 1402 1719 gratia.
1448 1644 1564 1701 line
1591 1645 1819 1713 ac'cedit,
1850 1644 1995 1716 quod
2026 1643 2125 1699 ini-

524 1744 691 1810 quum
720 1738 929 1796 videtur
956 1740 1222 1796 innocens
1268 1739 1467 1797 animal
1508 1755 1605 1811 pro
1635 1740 1853 1796 homine
1882 1739 2043 1796 noxio
2071 1748 2126 1795 et

531 1846 815 1906 peccatore
840 1834 1036 1891 occidi.

602 1924 711 1983 Nec
740 1941 821 1983 est
843 1938 1011 1992 certe,
1044 1924 1186 1998 quod
1216 1927 1337 1998 quis
1366 1934 1555 1999 arguat
1577 1926 1780 1983 hostias
1803 1925 1906 1982 diis
1936 1927 2126 1981 immo-

532 2019 650 2082 lari;
671 2029 725 2073 ut
745 2035 830 2074 res
854 2020 1091 2073 tribuant
1109 2034 1418 2089 prosperas,
1439 2030 1493 2074 et
1511 2018 1765 2074 adversas
1788 2030 2125 2074 removeant.

530 2098 666 2168 Nam
712 2120 1070 2183 praeterquam
1122 2112 1266 2182 quod
1339 2110 1635 2169 doctissimi
1690 2113 1827 2168 inter
1884 2112 2128 2169 ethnicos

533 2202 839 2279 philosophi
892 2207 1000 2261 lato
1059 2208 1239 2261 omnia
1300 2204 1414 2261 ﬁeri
1478 2206 1919 2274 arbitrabantur,
1976 2214 2128 2262 certe

532 2302 575 2354 si
635 2316 799 2371 penes
844 2299 977 2355 deos
1025 2300 1094 2355 sit
1144 2299 1378 2355 secunda
1432 2308 1487 2355 et
1535 2302 1761 2355 adversa
1823 2294 2128 2357 hominibus

533 2393 788 2459 tribuere,
823 2407 920 2447 cur
953 2400 1059 2446 tam
1087 2392 1299 2462 ingrato
1339 2392 1519 2446 animo
1551 2392 1733 2447 sinunt
1781 2391 2042 2462 plurimos
2067 2405 2129 2446 ac

535 2486 648 2541 fere
678 2484 1005 2552 innumeros,
1040 2484 1130 2555 qui
1171 2484 1443 2554 perpetuis
1486 2483 1766 2539 sacriﬁciis
1809 2494 1863 2540 et
1900 2483 2130 2539 victimis

534 2592 657 2631 aras
682 2574 900 2631 illorum
929 2582 1178 2642 onerant,
1213 2574 1279 2629 ad
1306 2584 1580 2630 extremas
1606 2577 1882 2646 angustias
1910 2574 2081 2645 redigi
2106 2572 2129 2626 ?

532 2667 740 2724 Deinde
785 2676 913 2722 vero
943 2667 1089 2722 dictu
1118 2665 1412 2721 absurdum
1443 2676 1527 2721 est
1563 2662 1696 2722 deos
1740 2666 2127 2723 sacriﬁciorum

534 2759 709 2831 pretio
738 2758 1003 2816 beneﬁcia
1036 2775 1131 2814 sua
1176 2759 1431 2814 vendere.
1468 2759 1623 2816 Dives
1662 2761 1804 2815 enim
1837 2759 1929 2830 qui
1957 2758 2128 2828 pluri-

534 2868 651 2909 mas
696 2861 959 2909 mactaret
986 2852 1210 2920 hostias,
1247 2851 1397 2922 plura
1427 2850 1649 2908 deberet
1676 2868 1705 2907 a
1736 2850 1839 2907 diis
1870 2850 2130 2907 beneﬁcia

533 2948 819 3018 accipere,
864 2945 1011 3002 nulla
1065 2963 1194 3002 vero
1243 2955 1336 3000 aut
1375 2944 1700 3017 paucissima
1751 2958 1994 3017 pauper,
2042 2943 2132 3015 qui

534 3040 783 3110 exiguum
817 3039 940 3094 thus
969 3037 1205 3093 oll'erret.
1238 3036 1510 3093 Prmterea
1536 3037 1579 3091 si
1609 3036 1716 3092 duo
1748 3036 1955 3108 populi,
1982 3032 2132 3091 bello

534 3132 893 3200 decertantes,
932 3130 1121 3189 eadem
1161 3131 1375 3201 penittts
1420 3129 1523 3185 diis
1562 3128 1806 3185 lacerent
1844 3128 2129 3197 sacriﬁcia,

2226 533 2379 593 grata
2410 532 2523 588 est,
2553 525 2656 579 alia
2685 524 2841 579 alteri
2873 523 3335 595 llljllCiltlda?Cur
3364 526 3488 582 huic
3518 541 3722 594 mares,
3757 527 3835 582 illi

2229 617 2439 673 lbniina:
2471 618 2861 686 sacriﬁcantur,
2893 634 3015 674 cum
3046 618 3193 674 nulla
3222 620 3294 675 sit
3320 621 3373 675 in
3412 620 3517 676 diis
3545 634 3717 677 sexus
3750 619 3840 676 di-

2225 710 2444 763 stinctio
2464 708 2612 764 ?Cnr
2625 708 2729 765 diis
2752 711 2962 780 superis
2980 710 3109 777 albi,
3130 709 3319 765 inferis
3335 726 3465 766 vero
3495 711 3603 767 atri
3629 713 3838 769 coloris

2225 802 2440 855 victima
2490 801 2754 857 creditur?
2795 802 3065 873 Numquid
3108 818 3247 857 unus
3289 802 3442 859 color
3485 804 3591 861 diis
3633 807 3836 875 magis,

2226 910 2383 965 quam
2408 896 2544 949 alius
2570 906 2754 966 gratus
2791 911 2912 952 esse
2946 897 3187 966 pustcst?
3225 898 3363 967 Quid
3396 910 3545 965 vero,
3581 897 3730 969 quod
3756 900 3837 955 dii

2226 987 2400 1054 ittl'eri,
2462 988 2910 1057 quemadmodum
2957 988 3179 1057 Manes,
3222 990 3356 1045 nulli
3404 990 3565 1047 sunt?
3591 990 3704 1048 Sed
3735 1006 3837 1049 eos

2226 1094 2345 1133 esse
2371 1082 2731 1135 concedamus
2768 1097 2781 1137 :
2806 1083 2850 1136 si
2882 1081 3073 1138 hostiae
3104 1083 3272 1154 nigrae
3293 1083 3400 1138 illis
3430 1083 3705 1154 placeant,
3736 1100 3839 1142 cur

2224 1172 2537 1227 earumdem
2586 1172 2882 1229 hostiarum
2909 1174 3125 1243 dentes,
3173 1191 3319 1241 ossa,
3349 1190 3499 1244 caro,
3541 1190 3641 1234 cur
3679 1179 3833 1247 thus,

2227 1262 2328 1325 lac.
2354 1265 2556 1333 oleum,
2606 1274 2661 1321 et
2701 1266 2803 1322 alia
2830 1308 2845 1327 .
2871 1283 2992 1337 qua:
3021 1267 3123 1322 atri
3152 1283 3258 1324 non
3287 1277 3413 1325 sunt
3442 1271 3663 1337 coloris,
3700 1270 3837 1343 ipsis

2225 1357 2562 1415 oﬁeruntur?
2591 1361 2699 1416 Nec
2729 1361 2841 1415 vult
2868 1362 3138 1417 Arnobius
3166 1363 3267 1418 sibi
3302 1365 3619 1436 responderi
3648 1365 3837 1438 aliqua

2228 1456 2621 1511 consuetudine
2659 1456 2890 1512 diversis
2930 1455 3033 1512 diis
3072 1454 3313 1513 diversas
3350 1459 3594 1516 victimas
3621 1460 3841 1516 sacriﬁ-

2228 1546 2360 1601 cari.
2394 1546 2511 1601 Non
2539 1547 2683 1603 enim
2704 1548 2993 1620 inquiritur
3010 1556 3189 1605 utrum
3219 1549 3487 1617 homines,
3519 1552 3615 1608 sed
3644 1562 3836 1609 utrum

2228 1640 2302 1694 dii
2325 1641 2657 1697 sanciverint
2678 1642 2913 1713 aliquam
2940 1641 3175 1697 hostiam
3207 1642 3297 1697 uni
3321 1643 3425 1699 deo
3441 1645 3634 1714 magis,
3667 1658 3838 1716 quam

2228 1732 2387 1788 alteri
2444 1734 2756 1799 convenire,
2813 1744 2867 1789 et
2910 1742 3091 1790 utrum
3144 1735 3362 1805 ipsimet
3410 1735 3487 1791 illi
3527 1735 3602 1791 dii
3671 1747 3840 1809 pacto

2156 1833 2203 1895 Β
2232 1841 2295 1883 ac
2336 1834 2604 1884 convento
2642 1826 2996 1885 sacriﬁcanda
3038 1829 3289 1884 animalia
3339 1829 3486 1886 inter
3530 1842 3596 1886 se
3635 1827 3848 1889 divise-

2234 1921 2367 1975 rint.

2306 2014 2571 2069 l‘neterea
2599 2029 2705 2085 quo
2725 2014 2848 2084 jure
2876 2013 3073 2071 dicitur
3099 2012 3302 2071 Telluri
3344 2016 3502 2071 matri
3540 2015 3842 2088 scropham

2231 2105 2503 2177 gravidam
2529 2149 2542 2171 ,
2575 2106 2823 2161 Minerva:
2851 2106 3043 2178 virgini
3076 2107 3343 2179 virginem
3378 2109 3602 2165 vitulam
3631 2124 3843 2167 conve-

2234 2199 2351 2251 nire
2398 2196 2584 2251 eadem
2640 2200 2850 2253 ratione
2900 2197 3220 2254 conﬁcietur
3249 2199 3512 2269 ,musicos
3568 2199 3843 2271 Apollini,

2233 2288 2541 2359 Aiscnlapio
2561 2289 2819 2353 medicos,
2852 2289 3034 2344 fabros
3059 2288 3323 2357 Vulcano,
3343 2300 3400 2347 et
3422 2290 3694 2348 Mercurio
3714 2293 3844 2350 elo-

2233 2390 2460 2451 quentes
2489 2382 2635 2435 vims
2660 2397 2983 2453 congruere,
3017 2392 3179 2453 atque
3222 2383 3346 2440 ideo
3393 2383 3491 2440 hos
3522 2385 3663 2452 illis,
3694 2388 3846 2444 sicut

2234 2472 2519 2547 scropham
2550 2474 2775 2544 Telluri,
2806 2487 2860 2532 et
2897 2476 3153 2533 Minerva:
3177 2478 3421 2548 vitulam,
3454 2480 3840 2538 immolandos.

2305 2568 2648 2640 Objiciebant
2680 2583 2812 2624 vero
2836 2568 3034 2624 ethnici
3075 2569 3178 2625 diis
3206 2571 3382 2637 bonis,
3416 2582 3473 2625 ut
3507 2574 3750 2642 prosint,
3785 2583 3846 2630 et

2234 2663 2390 2718 malis
2418 2678 2484 2717 ne
2502 2671 2753 2729 noceant,
2777 2663 3209 2718 sacriﬁcandum.
3233 2662 3546 2734 Respondet
3560 2664 3841 2722 Arnobius

2234 2756 2368 2813 deos
2403 2772 2589 2812 omnes
2618 2766 2807 2811 natura
2856 2770 2950 2811 sua
2980 2758 3151 2813 bonos
3186 2772 3308 2813 esse
3337 2758 3556 2814 debere.
3584 2759 3840 2829 Quapro-

2235 2860 2354 2921 pter
2377 2865 2499 2906 cum
2547 2849 2727 2905 nullus
2764 2850 2897 2906 deus
2941 2861 3129 2905 natura
3161 2866 3254 2905 sua
3286 2852 3353 2905 sit
3386 2852 3582 2920 malus,
3621 2853 3843 2909 etiamsi

2235 2941 2382 2996 nullo
2412 2941 2616 2997 honore
2655 2941 2724 2996 ab
2765 2941 3075 2997 hominibus
3122 2943 3431 3012 adﬁciatur,
3474 2944 3618 3000 male
3656 2953 3843 3002 tamen

2233 3036 2344 3092 illis
2372 3037 2576 3093 idcirco
2608 3038 2786 3092 facere
2816 3043 2908 3091 aut
2940 3052 3140 3092 nocere
3178 3037 3443 3107 nequibit.
3489 3037 3604 3093 Huc
3655 3049 3845 3096 autem

2235 3130 2463 3197 accedit,
2490 3128 2631 3201 quod
2662 3129 2708 3185 si
2741 3144 2864 3185 vera
2894 3129 2962 3184 sit
3000 3131 3119 3185 lucc
3147 3129 3487 3186 ethnicorum
3518 3132 3726 3202 opinio,
3765 3147 3840 3189 ex

535 3227 709 3282 neutri
735 3240 951 3295 eorum,
981 3238 1083 3281 nec
1130 3225 1291 3280 etiam
1327 3224 1488 3280 alicui
1517 3225 1635 3280 sine
1662 3222 1923 3295 injustitia
1971 3230 2127 3294 opem
2158 3230 2204 3296 ρ
2235 3240 2298 3279 ea
2346 3226 2591 3295 sequitur
2624 3224 2825 3279 bonum
2873 3222 3056 3285 deum.
3090 3225 3135 3279 si
3180 3222 3359 3280 debita
3404 3224 3484 3281 illi
3510 3225 3693 3282 hostia
3728 3241 3843 3282 non

532 3320 678 3377 ferre
704 3330 945 3392 possent.

606 3414 790 3485 Neque
819 3414 1014 3485 potiori
1057 3414 1267 3468 ratione
1296 3409 1565 3466 adseritur
1589 3410 1851 3464 sacriﬁcia
1892 3409 1999 3464 diis
2024 3408 2125 3463 lto-

530 3508 717 3575 iioris,
766 3518 926 3576 atque
975 3502 1367 3576 ampliﬁcandae
1407 3504 1623 3558 illorum
1662 3501 1915 3573 petentia:
1957 3504 2127 3572 gratia

535 3606 672 3659 ﬁeri.
704 3602 899 3671 Quidni
928 3602 1071 3656 enim
1112 3599 1255 3655 idem
1292 3598 1360 3654 de
1404 3600 1617 3653 exteris
1660 3596 1933 3651 hominum
1964 3596 2127 3651 aetio-

534 3699 691 3752 nibus
719 3696 963 3750 dicatur?
991 3693 1127 3762 Quid
1157 3693 1398 3762 insuper,
1427 3690 1573 3763 quod
1603 3690 1823 3745 honoris
1847 3700 1902 3744 et
1924 3700 2114 3759 poten-

538 3792 625 3843 tim
656 3787 1003 3858 ampliﬁcatio
1045 3788 1311 3850 homines,
1350 3796 1407 3841 ut
1438 3795 1560 3856 pote
1585 3784 1827 3841 inﬁrmos
1868 3793 1923 3840 et
1954 3784 2127 3839 ambi-

538 3884 728 3949 tiOSos,
760 3896 866 3936 non
894 3896 1023 3935 vero
1052 3878 1186 3935 deos
1217 3876 1469 3950 Spectat?

609 3975 830 4029 Fatetur
856 3983 1037 4030 tamen
1058 3970 1333 4027 ’Arnobins
1360 3970 1627 4028 honorem
1664 3970 1971 4027 habendum
2004 3986 2131 4026 vero

540 4069 651 4124 Deo
671 4108 685 4133 ,
714 4068 809 4137 qui
836 4067 973 4121 sicut
1000 4067 1079 4121 ira
1106 4076 1213 4120 non
1260 4064 1523 4131 ardescit,
1558 4066 1630 4119 ita
1661 4079 1760 4119 nec
1800 4065 1999 4119 collato
2028 4064 2131 4118 ho-

539 4177 673 4218 nore
716 4159 937 4232 gaudet,
971 4173 1070 4214 nec
1114 4168 1308 4229 negato
1347 4156 1678 4228 indignatur,
1735 4172 1909 4227 neque
1943 4157 2132 4212 alienis

539 4252 931 4309 adulationibus
960 4266 1018 4307 se
1041 4251 1304 4321 majorem
1334 4251 1451 4305 ﬁeri
1485 4250 1775 4305 existimat.
1818 4248 1972 4304 Adde
2000 4262 2135 4304 vero

540 4348 674 4405 nihil
709 4347 934 4402 honoris
971 4345 1073 4401 diis
1103 4344 1367 4401 accedere
1409 4358 1475 4399 ex
1506 4342 1753 4398 mactatis
1789 4342 2131 4409 animalibus,

540 4456 766 4514 quorum
784 4440 933 4496 fumo
953 4439 1261 4506 sinmlacra,
1286 4453 1350 4494 ac
1377 4438 1638 4508 sanguine
1655 4445 1711 4491 et
1726 4445 1915 4506 putore
1936 4435 2134 4506 templa

537 4546 697 4607 atque
720 4532 907 4590 altaria
934 4534 1370 4604 coinquinantur.

2232 3330 2517 3387 mactetur,
2562 3320 2679 3375 ﬁeri
2706 3320 2930 3384 malum,
2962 3319 3122 3375 deum
3167 3334 3298 3377 vero
3328 3323 3551 3389 malum,
3584 3320 3730 3378 facto
3756 3336 3845 3378 sa-

2230 3414 2433 3471 criﬁcio
2477 3414 2674 3469 bonum
2708 3413 2844 3469 ﬁeri.
2874 3412 3008 3480 Quis
3048 3423 3229 3470 autem
3258 3424 3403 3471 sanae
3433 3416 3635 3472 mentis
3665 3412 3838 3472 homo

2231 3507 2427 3563 dixerit
2450 3517 2697 3561 naturam
2729 3505 2821 3561 Dei
2850 3506 3087 3561 mutari?

2303 3598 2567 3655 Caeterum
2591 3598 2836 3670 quamvis
2872 3599 2949 3654 las
2982 3599 3097 3654 ﬁeri
3126 3610 3308 3670 posset
3348 3610 3406 3655 ut
3442 3600 3587 3655 tauri
3624 3599 3844 3673 aliaque

2232 3694 2483 3747 animalia
2515 3692 2616 3747 diis
2640 3693 3070 3761 immolarentur,
3089 3693 3212 3764 quid
3242 3695 3321 3750 eis
3344 3695 3654 3751 conducere
3677 3695 3830 3750 vale-

2233 3786 2364 3841 bant
2391 3786 2672 3840 innotnera
2703 3784 3064 3853 farciminuin,
3100 3785 3345 3857 pultium,
3377 3785 3633 3855 liberum,
3665 3796 3721 3843 et
3748 3788 3847 3844 l‘ri-

2234 3878 2470 3934 tillarntn
2504 3893 2725 3951 genera,
2757 3879 2826 3935 ab
2867 3888 3088 3935 auctore
3132 3889 3319 3935 nostro
3348 3891 3689 3946 enumerata.
3717 3897 3846 3953 quae

2235 3972 2287 4027 in
2325 3972 2660 4028 ethnicorum
2712 3974 2987 4044 mysteriis
3030 3988 3093 4030 ac
3138 3973 3419 4031 sacriﬁciis
3460 3970 3845 4032 adhibentur?

2236 4064 2499 4136 Numquid
2527 4081 2587 4121 ea
2618 4067 2819 4134 omnia,
2847 4081 2967 4136 qua:
2996 4066 3243 4121 obscuris
3271 4065 3578 4122 nominibus
3596 4110 3613 4135 ,
3642 4078 3700 4122 ut
3730 4083 3837 4123 au-

2234 4164 2472 4230 gustiora
2505 4159 2699 4222 forent.
2731 4160 3092 4231 appellantur,
3124 4159 3347 4216 deorum
3377 4162 3555 4232 palato
3581 4174 3755 4234 grata,
3785 4173 3845 4220 et

2237 4257 2511 4328 languenti
2543 4258 2823 4312 stomacho
2861 4257 3012 4311 utilia
3053 4260 3215 4312 sunt?
3239 4258 3351 4313 Cur
3376 4258 3464 4313 illa
3496 4256 3585 4315 vel
3610 4274 3843 4333 separa-

2238 4352 2353 4417 tim,
2384 4350 2467 4405 vel
2494 4349 2652 4404 modo
2674 4349 2861 4416 cruda,
2894 4351 3057 4406 modo
3080 4363 3253 4419 cocta,
3285 4351 3373 4408 vel
3404 4369 3527 4409 assa
3555 4368 3846 4426 apponun-

2241 4454 2346 4497 tur.

2309 4536 2509 4592 Thuris
2538 4552 2750 4609 quoque
2773 4553 2960 4594 eorum
2992 4541 3101 4595 aris
3122 4534 3374 4596 adolendi
3394 4556 3499 4596 non
3532 4542 3724 4597 melior
3753 4550 3843 4599 est

604 4626 763 4700 Quod
790 4631 836 4685 si
864 4628 1046 4684 adhuc
1075 4627 1428 4682 nihilonﬁnuﬁ
1449 4624 1769 4691 contendas,
1796 4624 1903 4678 iIOC
1930 4624 2134 4678 animi-
2161 4624 2215 4700 !)
2242 4632 2396 4687 ratio.
2430 4631 2642 4686 Recens
2688 4631 2886 4702 quippe
2934 4644 3017 4689 est
3047 4636 3181 4689 ritus
3215 4634 3325 4699 ille,
3356 4646 3410 4690 et
3438 4635 3673 4707 antiquis
3705 4646 3843 4691 tem-

540 4726 669 4780 lium
698 4734 891 4778 cruore
918 4722 1053 4779 deos
1091 4720 1372 4785 honorari,
1400 4734 1502 4774 cur
1538 4720 1617 4773 eis
1650 4732 1754 4772 non
1789 4717 2135 4773 it'nmolantur

541 4816 835 4887 elephanti,
879 4815 1096 4877 carneli,
1128 4814 1346 4878 leones,
1374 4812 1572 4883 aquila:
1593 4854 1607 4877 ,
1660 4814 1903 4877 ciconim.
1935 4823 1989 4866 et
2031 4812 2133 4865 alia

541 4908 795 4965 animalia
824 4907 984 4978 longe
1011 4907 1284 4977 plurima“!
1324 4906 1437 4961 Nec
1458 4906 1794 4976 respondere
1817 4906 1971 4975 juvat
2004 4904 2135 4959 deos

541 5003 607 5056 iis
637 5010 864 5065 tantum,
894 5012 1019 5070 'ane
1060 4999 1128 5054 ad
1174 5001 1372 5054 vietum
1415 4999 1570 5053 nobis
1616 4999 1845 5067 benigne
1872 5000 2133 5068 suppedi-

544 5098 678 5158 tant,
716 5092 1014 5147 honestari.
1043 5090 1177 5145 Nam
1200 5099 1259 5146 et
1283 5092 1577 5152 cuminum.
1610 5091 1949 5157 nasturtium,
1984 5106 2132 5162 rapa,

544 5202 596 5242 et
625 5188 726 5243 alia
758 5187 959 5250 omnia,
998 5192 1117 5256 qua:
1148 5194 1337 5239 nosuo
1364 5193 1492 5239 sunt
1514 5184 1631 5239 usui
1656 5216 1674 5249 -,
1705 5185 1893 5239 iisdem
1937 5185 2039 5239 «his
2072 5185 2136 5239 li-

547 5285 643 5338 tari
671 5280 965 5340 debebunt.
1024 5266 1227 5336 Deinde
1268 5281 1316 5336 si
1359 5280 1630 5350 ﬁngantur
1677 5294 1874 5347 canes,
1916 5290 2007 5335 attt
2030 5282 2137 5336 alia

547 5378 797 5433 animalia
818 5417 833 5443 ,
864 5388 1019 5430 usam
1060 5376 1335 5445 aeeepisse
1359 5374 1583 5428 rationis
1603 5414 1618 5439 ,
1644 5382 1804 5443 atque
1830 5373 2137 5427 hominibus

548 5480 796 5538 tanquam
828 5470 931 5524 diis
973 5469 1084 5523 suis
1108 5482 1198 5535 'ea,
1246 5468 1445 5537 quibus
1472 5468 1705 5533 aluntur,
1741 5466 1938 5522 oﬂ'erre
1972 5476 2028 5521 et
2053 5480 2140 5522 sa-

548 5565 789 5619 criﬁcare
810 5606 823 5629 ,
854 5578 1033 5618 nonne
1062 5564 1307 5617 homines
1338 5563 1388 5618 in
1416 5562 1500 5617 sui
1530 5562 1912 5618 ‘contumeliam
1941 5560 2137 5631 potius,

548 5672 710 5727 quam
741 5655 1003 5711 honorem
1035 5654 1087 5711 id
1112 5654 1316 5711 factum
1344 5655 1673 5711 censerent?

618 5753 789 5824 Urget
810 5754 1035 5823 insuper
1075 5751 1365 5818 Arnobius,
1412 5753 1634 5808 deorum
1683 5752 1824 5806 sicut
1848 5762 2015 5804 unum
2042 5764 2137 5820 ge-

551 5858 672 5917 mis,
702 5848 776 5902 ita
806 5860 909 5901 una
934 5858 1060 5909 esse
1086 5845 1251 5902 debet
1266 5847 1578 5913 sententia;
1608 5860 1707 5901 cur
1732 5857 1861 5915 ergo
1890 5845 1981 5899 uni
2013 5860 2139 5914 una,

2239 4724 2457 4794 poribus
2489 4724 2816 4795 incognitus.
2846 4725 3211 4795 Quamobrem
3244 4737 3335 4781 aut
3367 4728 3575 4782 inutilis
3627 4727 3841 4784 censeri

2239 4817 2417 4884 debet,
2462 4831 2556 4874 aut
2585 4835 2878 4890 peccavere
2927 4821 3087 4891 prisci
3135 4820 3406 4889 homines,
3436 4822 3631 4893 quibus
3683 4840 3842 4878 num-

2238 4926 2397 4983 quam
2416 4929 2515 4967 usu
2539 4916 2751 4969 veniSse
2772 4924 3003 4970 constat.
3029 4915 3167 4981 Quid
3191 4931 3339 4985 vero,
3364 4916 3506 4984 quod
3532 4915 3689 4972 thure
3711 4916 3841 4972 dato

2239 5006 2342 5061 diis
2390 5006 2612 5062 honoris
2660 5006 2862 5077 aliquid
2913 5008 3072 5062 tribui
3119 5016 3319 5063 trustra
3343 5007 3660 5078 jartitatur?
3696 5007 3844 5065 Nihil

2240 5101 2438 5169 quippe
2464 5097 2587 5153 thus
2614 5105 2717 5165 est,
2760 5097 2866 5152 nisi
2893 5098 3073 5152 viscus
3100 5108 3167 5152 ex
3198 5098 3515 5169 quibusdam
3548 5099 3841 5155 corticibus

2242 5190 2534 5260 proﬁucns.
2561 5189 2670 5243 Cur
2710 5204 2839 5259 ergo
2885 5204 2952 5244 ex
3006 5190 3126 5243 aliis
3180 5190 3466 5246 arboribus
3496 5189 3833 5256 coalescens,

2240 5285 2372 5353 ipsis
2399 5282 2648 5337 similiter
2666 5286 2780 5336 ‘non
2808 5280 3138 5337 incenditur?
3156 5283 3234 5336 An
3257 5282 3382 5353 quia
3414 5297 3520 5337 non
3555 5284 3627 5337 ita
3656 5283 3840 5337 suavis

2241 5388 2323 5433 est
2345 5376 2564 5431 odoris?
2591 5374 2729 5444 Quid
2762 5374 2923 5431 inde?
2944 5375 3209 5446 Numquid
3238 5376 3361 5443 diis,
3381 5375 3841 5446 quemadmodum

2246 5471 2574 5535 hominibus;
2616 5470 2708 5525 alii
2753 5471 2949 5526 odores
2985 5471 3119 5541 grati
3148 5481 3293 5534 sunt,
3342 5468 3432 5523 alii
3483 5471 3735 5525 insuaves
3786 5478 3842 5525 et

2244 5562 2560 5633 injueuudi‘l
2600 5561 2816 5617 Minime
2844 5563 3083 5634 quidem.
3115 5562 3247 5617 Nam
3277 5562 3565 5651 fatentibus
3594 5563 3843 5633 philoso-

2188 5656 2191 5659 ’
2246 5658 2366 5730 phis
2388 5656 2460 5712 dii
2488 5657 2791 5726 incorporei
2815 5669 2961 5722 sunt,
2987 5654 3267 5729 nullasque
3295 5670 3454 5713 nares
3482 5658 3706 5726 habent,
3739 5675 3842 5717 nec

2246 5760 2474 5823 possunt
2492 5749 2603 5805 ullo
2630 5749 2802 5805 thuris
2830 5760 2921 5805 aut
2948 5750 3054 5805 alio
3084 5750 3251 5807 odore
3279 5750 3524 5807 mulceri.

2318 5843 2537 5900 Frustra
2586 5844 2769 5914 etiam,
2813 5858 2876 5899 ac
2922 5842 3063 5899 nulla
3115 5844 3321 5917 pariter
3368 5842 3574 5902 ratione
3622 5842 3847 5907 addueti
