4030 6290
509 308 610 368 501
1726 308 2184 370 DISSERTATIO
2222 307 2502 366 PR/EVIA

511 433 673 494 atque
700 437 852 487 ossa.
882 430 976 478 aut
1003 421 1055 476 in
1086 419 1394 491 huiusmodi
1433 436 1614 479 rerum
1650 421 1894 479 habitare
1922 434 2094 479 tnate-
2124 425 2176 485 Α
2203 433 2423 493 postea,
2465 434 2774 493 temporum
2813 420 3090 492 designari
3127 422 3411 492 ordinem,
3443 424 3491 482 is
3518 431 3675 483 certe
3714 439 3829 483 nec

515 517 620 573 ria.
650 515 803 572 Nunc
830 515 1052 570 doctore
1094 523 1244 570 tanto
1285 515 1339 570 in
1385 516 1499 571 vias
1538 518 1778 573 veritatis
1820 518 2100 583 inductus,

511 610 691 665 omnia
732 609 831 664 ista
876 624 997 679 qute
1039 610 1178 670 sint,
1218 611 1331 664 scio
1352 652 1367 674 ,
1408 610 1568 681 digna
1596 612 1663 666 de
1687 612 1864 682 dignis
1888 613 2063 667 sentio
2086 652 2101 677 ,

510 702 886 759 contumeliam
910 704 1111 758 nomini
1136 705 1337 760 nullam
1363 705 1499 761 facio
1519 706 1733 771 divino;
1758 716 1814 763 et
1838 708 1963 778 quid
1989 709 2103 763 cui-

507 810 614 865 quc
651 792 909 850 debeatur
953 795 1040 850 vel
1078 811 1359 866 personae,
1401 798 1485 853 vel
1524 798 1728 869 capiti,
1772 800 2104 855 inconcussis

505 887 779 958 gradibus.
808 897 971 959 atque
996 889 1411 947 auctoritatibus
1438 892 1613 948 tribuo
1643 892 1903 963 (Arnob.,
1931 895 2019 949 lib.
2051 911 2097 962 t,

507 996 627 1050 pag.
652 978 724 1033 22
746 987 803 1036 et
822 980 892 1036 25
988 1000 1008 1033 ι

577 1072 750 1128 Tanto
774 1074 955 1144 itaque
976 1074 1180 1131 lumine
1203 1118 1217 1141 ,
1246 1083 1499 1147 tantaque
1521 1076 1720 1133 Christi
1742 1079 1910 1149 gratia
1937 1079 2105 1135 dona.

508 1175 590 1221 tus
606 1208 620 1231 ,
643 1180 707 1221 ac
728 1166 955 1221 somniis
974 1166 1140 1222 etiam
1167 1168 1408 1237 pulsatus
1423 1211 1439 1235 ,
1466 1169 1726 1239 pristinos
1743 1186 1958 1227 errores
1980 1172 2098 1241 eju-

448 1280 451 1283 ·
504 1258 692 1324 randi,
721 1267 777 1314 et
801 1257 1153 1314 christianam
1204 1262 1520 1331 religionem
1563 1263 1774 1332 publice
1817 1263 2101 1332 profitendi

508 1357 722 1409 veniam
744 1352 813 1408 ab
837 1353 1007 1411 Sicca:
1029 1355 1286 1425 episc0po
1310 1355 1484 1425 petiit.
1507 1356 1617 1412 Sed
1643 1358 1766 1427 quia
1798 1357 1943 1412 illam
1972 1374 2102 1413 rem.

505 1462 615 1515 per,
652 1455 709 1500 ut
743 1447 817 1501 ait
846 1446 1239 1519 Hieronymus,
1281 1464 1344 1504 ac
1385 1449 1616 1519 publicis
1654 1450 1767 1506 suis
1808 1452 1860 1505 in
1900 1452 2101 1506 scholis

502 1548 659 1594 antea
680 1539 1065 1610 impugnauerat
1082 1581 1098 1605 ,
1120 1540 1185 1595 ad
1214 1540 1357 1596 illius
1386 1541 1776 1613 professionem
1803 1542 2101 1613 Episcopus

503 1647 623 1686 eum
649 1632 796 1703 prius
817 1632 1105 1689 admittere
1126 1633 1328 1701 noluit,
1353 1650 1513 1704 quam
1539 1634 1765 1691 sincera:
1787 1636 1904 1707 ejus
1930 1638 2102 1708 poeni—

502 1727 683 1780 tentiae
706 1734 857 1780 certo
883 1726 1088 1781 certior
1113 1726 1286 1781 factus
1309 1724 1517 1782 fuisset.
1550 1726 1715 1784 Morte
1742 1728 1901 1799 igitur
1928 1730 2099 1800 impa-

2213 519 2352 573 ullus
2394 519 2530 574 alius
2567 516 2886 573 difﬁtebitur
2926 517 3077 574 illum
3109 517 3211 574 sibi
3241 534 3348 575 non
3374 517 3823 584 contradixisse,

2208 611 2500 681 verbisque
2542 610 2686 665 illius
2727 611 2909 680 potius
2949 610 3243 678 standum,
3283 626 3407 682 qua:
3451 611 3505 667 in
3535 610 3826 683 genuino,

2208 718 2368 774 quam
2392 719 2513 775 qum
2537 704 2589 758 in
2620 704 2802 760 alieno
2831 717 2999 773 opere
3026 704 3267 775 scripsit.

2278 796 2387 852 Sed
2425 798 2550 867 quia
2592 797 2681 853 ille
2722 797 2773 851 in
2805 812 2906 853 suo
2933 797 3003 852 de
3029 797 3391 868 scriptoribus
3419 797 3826 854 ecclesiasticis

2202 889 2448 959 catalogo
2480 890 2616 945 dixit
2642 889 2861 961 quidem
2893 890 3117 945 Arnobii
3150 890 3323 946 nostri
3354 890 3557 957 libros,
3603 891 3829 947 Diocle—

2206 980 2354 1036 tiano
2379 981 2710 1051 imperante,
2744 982 2953 1045 editos,
2988 998 3094 1037 non
3126 991 3306 1039 autem
3333 997 3443 1053 quo
3471 983 3691 1054 imperii
3717 983 3829 1040 hu-

2199 1072 2291 1140 jus
2312 1088 2477 1138 anno,
2509 1074 2559 1129 id
2579 1090 2610 1129 a
2640 1075 2797 1130 nobis
2820 1075 3128 1130 accuratius
3154 1074 3536 1145 inquirendum
3560 1085 3668 1132 est.
3696 1075 3825 1133 Non

2200 1164 2419 1222 aliunde
2442 1176 2619 1223 autem
2651 1166 2877 1233 melius;
2905 1183 3068 1238 quam
3091 1183 3159 1222 ex
3181 1166 3374 1223 iisdem
3407 1168 3689 1239 ipsiusntet
3714 1183 3824 1223 au-

2204 1258 2373 1313 ctoris
2405 1260 2575 1315 nostri
2607 1259 2759 1316 libris
2788 1270 2968 1331 petest
2996 1260 3266 1332 dignosci.
3314 1264 3385 1317 At
3424 1263 3625 1333 prioris
3655 1263 3824 1319 initio

2202 1354 2347 1410 hunc
2384 1354 2476 1411 ille
2519 1355 2754 1427 loquitur
2792 1356 2844 1411 in
2884 1356 3141 1412 modum:
3170 1376 3192 1410 ί
3216 1355 3468 1412 Trecenti
3511 1367 3640 1412 sunt
3683 1358 3822 1414 anni

2202 1447 2391 1511 ferme,
2421 1438 2598 1503 minus
2624 1448 2707 1504 vel
2738 1448 2858 1518 plus
2887 1449 3091 1520 aliquid
3113 1489 3130 1514 ,
3157 1465 3226 1505 ex
3256 1464 3367 1519 quo
3391 1449 3661 1520 coepimus
3688 1466 3824 1508 esse

2202 1542 2485 1596 christiani
2507 1584 2524 1605 ,
2552 1549 2608 1597 et
2634 1551 2902 1599 terrarum
2936 1543 2989 1598 in
3019 1542 3154 1599 orbe
3178 1542 3390 1599 censeri
3421 1540 3685 1614 (Ληθὼ,
3719 1544 3820 1598 lib.

2203 1651 2253 1699 ι,
2285 1651 2404 1707 pag.
2435 1635 2538 1707 9).
2568 1656 2587 1690 ι
2615 1637 2901 1693 Manifeste
2940 1646 3121 1693 autem
3164 1638 3291 1693 inde
3329 1638 3621 1709 colligitur,
3660 1639 3818 1709 quod

2201 1744 2393 1786 omnes
2434 1730 2592 1787 facile
2630 1731 2969 1798 concedunt,
3005 1730 3106 1787 bos
3134 1731 3302 1787 libros
3341 1731 3411 1786 ab
3452 1745 3520 1786 eo
3555 1745 3819 1788 exemtus

502 1818 642 1873 tiens
671 1818 941 1874 Arnobius
961 1861 975 1883 ,
1007 1828 1170 1889 atque
1199 1829 1255 1874 ut
1286 1819 1392 1874 vati
1421 1835 1643 1890 compos
1672 1836 1832 1891 quam
1868 1823 2098 1892 primum
2130 1822 2179 1883 B
2204 1825 2346 1881 circa
2386 1826 2494 1881 500
2532 1825 2738 1882 Christi
2777 1840 3007 1881 annum.
3038 1825 3147 1881 Sed
3178 1825 3320 1880 nulla
3349 1824 3529 1880 adhuc
3554 1834 3707 1881 certa
3744 1826 3815 1880 il.

426 1958 433 1961 .
500 1910 686 1977 lieret,
720 1909 958 1966 animum
995 1911 1061 1966 ad
1103 1911 1418 1967 scribendos
1461 1912 1562 1968 hos
1603 1913 1770 1968 libros
1814 1914 2094 1985 adjuuxit,

501 2002 676 2073 iisque
713 2011 984 2073 tamquam
1017 2003 1238 2060 totidem
1269 2004 1390 2059 lidei
1424 2020 1536 2061 suae
1565 2007 1792 2075 publicis
1819 2007 2097 2064 obsidibus

500 2097 678 2164 datis,
711 2098 777 2152 ad
809 2098 1205 2168 optatissimam
1235 2098 1544 2154 christiana:
1576 2102 1851 2171 religionis
1888 2102 2097 2173 profes-

501 2190 708 2245 sionem
743 2190 955 2260 publice
997 2189 1312 2246 tnittendam
1366 2192 1667 2259 admissus,
1700 2196 1869 2249 sacris
1898 2196 2096 2252 nostris

498 2282 775 2354 mysteriis
799 2283 869 2338 ab
895 2281 1088 2339 eodem
1118 2282 1375 2354 episcopo
1400 2284 1638 2339 initiatus
1664 2297 1767 2341 est.
1795 2286 1900 2342 Sed
1931 2304 2097 2358 prtes-

501 2386 578 2431 tat
605 2377 988 2449 Hieronymum
1021 2376 1198 2432 adhuc
1226 2378 1340 2433 haec
1368 2389 1678 2435 narrantem
1704 2380 1921 2438 audire:
1950 2402 1969 2434 ι
1995 2382 2098 2437 Ar—

499 2471 692 2527 nobius
719 2472 920 2537 rhetor,
952 2474 1131 2529 clarus
1162 2476 1214 2530 in
1244 2473 1422 2530 Africa
1463 2476 1716 2543 habetur,
1753 2479 1844 2548 qui
1881 2494 2001 2533 cum
2041 2480 2093 2533 in

498 2566 716 2622 civitate
744 2567 911 2623 Siccae
936 2567 1003 2623 ad
1035 2568 1447 2624 declamandum
1477 2569 1706 2639 juvenes
1738 2570 2005 2636 crudiret,
2040 2580 2096 2626 et

498 2658 675 2716 adhuc
701 2660 954 2716 ethnicus
982 2661 1049 2717 ad
1076 2661 1453 2718 credulitatem
1481 2662 1711 2718 somniis
1739 2664 2096 2735 compellere.

499 2765 606 2822 tur,
631 2772 807 2828 neque
828 2758 895 2813 ab
918 2756 1190 2828 Episc0po
1216 2759 1532 2826 impetraret
1553 2759 1712 2814 fidem
1732 2800 1746 2824 ,
1771 2776 1930 2830 quam
1957 2775 2098 2815 sem.

496 2865 594 2920 per
630 2849 1079 2922 impugnaverat,
1121 2852 1462 2907 elucubravit
1502 2853 1764 2908 adversus
1805 2853 2089 2923 pristinam

496 2940 808 3011 religionem
852 2942 1308 2999 luculentissimos
1348 2943 1548 3009 libros,
1592 2953 1646 3000 et
1692 2945 1904 3001 tandem
1948 2945 2095 3001 velut

495 3034 814 3105 quibusdam
845 3036 1118 3092 obsidibus
1149 3038 1361 3107 pietatis
1393 3037 1569 3094 foedus
1607 3037 1911 3108 impetravit
1942 3037 2094 3110 (Hie-

495 3144 719 3199 ronym.,
745 3130 798 3183 in
819 3131 996 3184 chron.
1022 3133 1090 3183 ad
1109 3146 1232 3184 ann.
1256 3130 1399 3186 2542
1418 3128 1461 3203 ).
1491 3132 1622 3198 Quae
1651 3148 1779 3186 vero
1809 3141 1992 3202 postea
2024 3132 2093 3188 ab

2200 1917 2373 1974 lorum
2401 1928 2535 1974 tetas
2560 1918 2631 1973 ibi
2662 1917 2998 1989 designatur.
3026 1917 3257 1985 Quidam
3284 1917 3468 1988 itaque
3495 1917 3818 1975 existimant

2201 2011 2349 2066 illam
2393 2027 2457 2068 ex
2500 1997 2595 2066 his
2620 2011 2954 2083 deprehendi
2984 2025 3145 2082 posse
3172 2012 3344 2083 ipsius
3372 2011 3553 2068 verbis
3572 2030 3589 2065 :
3618 2030 3640 2065 ι
3665 2012 3819 2069 Nos-

2203 2116 2281 2161 tra
2320 2105 2538 2174 quidem
2570 2105 2772 2176 scripta
2801 2120 2900 2161 cur
2927 2105 3141 2176 ignibus
3168 2114 3485 2161 meruerunt
3508 2104 3625 2160 dari
3643 2108 3669 2159 ζ’
3694 2105 3818 2162 Cur

2200 2198 2506 2253 inunaniter
2531 2196 2906 2252 conventicula
2947 2198 3126 2253 dirui?
3158 2195 3316 2269 (Lib.
3344 2198 3413 2265 4,
3446 2214 3567 2269 pag.
3602 2195 3754 2270 152)
3788 2216 3809 2249 ι

2198 2288 2330 2345 Nam
2374 2288 2464 2344 ubi
2498 2289 2768 2345 Eusebius
2807 2289 2876 2345 de
2908 2289 3225 2345 Diocletiani
3255 2299 3445 2346 contra
3476 2289 3816 2347 christianos

2199 2382 2474 2438 saevientis
2503 2382 2837 2451 temporibus
2863 2382 3135 2452 disputat:
3165 2400 3185 2433 ‹
3211 2381 3370 2437 Tunc
3393 2381 3541 2438 :edes
3568 2397 3758 2437 sacras
3784 2403 3808 2435 ι

2199 2475 2368 2546 inquit
2391 2474 2631 2549 (Euaeb.,
2658 2474 2750 2531 lib.
2777 2490 2903 2543 vttt,
2932 2474 3130 2531 Hiator.
3156 2475 3357 2539 ποια..
3382 2491 3500 2546 cap.
3522 2490 3618 2530 vttt
3637 2518 3652 2541 ,
3679 2493 3809 2549 pag.

2196 2568 2304 2624 295
2325 2568 2368 2640 ),
2394 2587 2413 2620 r
2435 2568 2553 2624 solo
2578 2568 2778 2635 aequari
2795 2609 2808 2633 ,
2839 2584 2903 2623 ac
2931 2567 3171 2624 funditus
3196 2568 3468 2629 subverti.
3499 2583 3686 2626 sacros
3719 2571 3810 2625 di-

2200 2662 2447 2716 vinarum
2477 2661 2880 2732 Scripturarum
2909 2660 3078 2717 libros
3104 2660 3159 2715 in
3198 2660 3377 2718 medio
3415 2660 3537 2717 foro
3576 2676 3810 2718 concre-

2198 2757 2333 2811 mari
2359 2756 2530 2812 oculis
2562 2756 2764 2811 nostris
2791 2755 3043 2811 vidimus.
3071 2775 3092 2806 ι
3121 2754 3248 2810 Hec
3274 2765 3455 2810 autem
3483 2755 3622 2811 facta
3653 2767 3805 2818 sunt,

2197 2848 2336 2904 sicut
2361 2847 2486 2902 alibi
2526 2847 2932 2913 annotavimus,
2976 2846 3304 2902 Diocletiano
3328 2844 3435 2910 lx.
3466 2845 3803 2901 Maximiano

2196 2941 2324 3008 VII,
2357 2951 2450 2996 aut
2480 2952 2536 2997 ut
2563 2941 2803 2997 nonnulli
2833 2950 3060 2997 censent
3091 2940 3423 2997 Diocletiano
3445 2939 3588 3004 VIII.
3615 2941 3812 2997 etua-

2197 3033 2434 3089 ximiano
2464 3032 2532 3088 Vl
2554 3076 2568 3099 ,
2601 3032 2917 3089 consulibus
2936 3075 2950 3100 ,
2983 3035 3085 3087 hoc
3111 3041 3231 3097 est,
3261 3047 3405 3087 anno
3430 3030 3630 3089 Christi
3661 3033 3805 3100 505,

2196 3129 2282 3183 vel
2307 3128 2414 3183 502
2439 3126 2692 3199 (Diuert.
2727 3128 2781 3183 in
2811 3126 2937 3182 Luc.
2968 3126 3148 3189 σείει..
3179 3142 3296 3196 cap.
3323 3126 3390 3193 8,
3418 3135 3519 3181 art.
3542 3126 3634 3198 5).
3662 3126 3808 3183 Tum

493 3237 560 3277 co
590 3231 706 3277 acta
737 3223 865 3291 sint,
899 3223 1055 3279 nobis
1083 3223 1277 3279 invidit
1303 3233 1398 3279 aut
1427 3223 1618 3294 injuria
1648 3233 1974 3295 temporum,
2006 3236 2099 3280 aut
2126 3221 2172 3283 C
2201 3224 2342 3278 enim
2372 3224 2476 3277 lata
2507 3224 2624 3292 lcge
2648 3222 2915 3277 sancitum
2945 3222 3073 3288 fuit,
3108 3230 3166 3276 ut
3203 3222 3343 3276 sacri
3382 3220 3809 3278 cltristianorum

493 3316 814 3385 scriptorum
861 3317 1211 3386 negligentia.
1259 3320 1327 3371 At
1369 3326 1517 3372 certe
1554 3316 1679 3387 quia
1722 3327 1829 3372 tam
1876 3317 2087 3373 ardenti

492 3405 671 3463 studio
694 3406 1042 3462 Christianam
1068 3408 1385 3479 religionem
1417 3407 1758 3479 amplexatus
1778 3417 1883 3474 est,
1909 3408 2091 3464 nullus

494 3500 736 3571 profecto
759 3499 877 3555 dari
905 3500 1118 3555 videtur
1144 3500 1452 3571 ambigendi
1482 3504 1654 3567 locus,
1683 3501 1811 3571 quin
1839 3501 2091 3558 omnibus

492 3595 653 3665 plane
681 3593 1006 3649 satisfecerit
1031 3595 1143 3649 veri
1175 3593 1358 3665 piique
1384 3595 1665 3649 christiani
1692 3593 1907 3650 ofﬁciis.

565 3685 682 3753 Quo
710 3695 887 3741 autem
918 3687 1148 3757 prtrcise
1179 3696 1425 3758 tempore
1455 3687 1554 3743 hos
1583 3688 1673 3742 ille
1716 3688 1885 3744 libros
1922 3689 2091 3760 scrip-

494 3777 657 3845 serit,
689 3777 742 3833 in
774 3779 1200 3835 controversiam
1232 3780 1789 3853 disceptationemque
1815 3782 1884 3837 ab
1908 3782 2089 3839 erudi-

492 3870 720 3927 tissimis
756 3872 930 3928 aetatis
962 3884 1166 3929 nostrze
1196 3874 1561 3944 scriptoribus
1592 3884 1833 3931 vocatur.
1877 3877 2088 3932 Prolata

493 3964 772 4022 enimvero
798 3982 829 4021 a
859 3966 1014 4022 nobis
1045 3967 1357 4040 Hieronymi
1388 3969 1551 4025 verba
1571 4013 1585 4037 ,
1620 3970 1673 4025 in
1707 3969 1967 4027 chronica
1995 3987 2089 4026 eu-

493 4057 718 4114 sebiano
759 4061 1001 4129 proxime
1031 4062 1230 4133 scripta
1262 4073 1390 4119 sunt
1421 4075 1542 4134 post
1576 4074 1755 4120 notata
1792 4068 2086 4122 vicennalia

493 4151 850 4216 Constantini,
875 4154 1206 4211 Nicomedia:
1228 4174 1373 4212 anno
1396 4157 1596 4213 Christi
1620 4201 1634 4223 ,
1666 4160 1741 4213 nti
1771 4160 1956 4227 aiunt,
1981 4160 2090 4217 526

491 4246 787 4303 celebrata.
812 4245 1012 4304 Contra
1041 4258 1220 4306 tamen
1246 4250 1386 4306 idem
1415 4252 1529 4322 ipse
1556 4252 1918 4326 Hieronymus
1944 4256 2085 4319 aliis,

492 4354 614 4408 qua:
653 4351 811 4396 antea
852 4341 1168 4411 retulimus,
1210 4343 1391 4398 verbis
1432 4342 1574 4398 battd
1613 4344 1845 4401 obscure
1883 4346 2087 4416 signifi-

490 4446 618 4489 care
643 4433 854 4490 videtur
878 4435 1100 4491 eosdem
1129 4436 1298 4492 libros
1325 4436 1395 4491 ab
1420 4435 1664 4493 Arnobio
1691 4447 1802 4492 tum
1832 4438 1884 4493 in
1911 4439 2085 4495 lucem

491 4524 701 4593 editos,
734 4542 856 4582 cum
892 4527 1252 4585 Diocletianus
1281 4529 1543 4585 Romanis
1570 4530 1894 4601 imperabat.
1925 4532 2085 4602 Atqui

2194 3315 2443 3383 codices,
2471 3324 2564 3370 aut
2586 3316 2740 3370 sicuti
2767 3316 2820 3369 in
2848 3315 2951 3370 vita
2980 3312 3174 3370 Felicis
3198 3314 3441 3389 episcopi
3466 3313 3807 3370 tubiacensis

2196 3409 2449 3480 legimus,
2500 3409 2615 3462 libri
2661 3408 2863 3478 deiﬁci,
2914 3408 3022 3480 igni
3072 3416 3127 3462 et
3176 3407 3409 3462 ﬂammis
3454 3408 3803 3464 traderentur

2194 3501 2395 3573 (Optat.
2427 3500 2630 3566 Μειω..
2654 3516 2771 3556 nou.
2804 3501 2954 3567 edit.,
2985 3518 3108 3571 pag.
3135 3500 3242 3555 227
3268 3502 3309 3571 ),
3337 3500 3662 3571 illorumque
3690 3500 3808 3557 Ec.

2192 3596 2371 3652 ciosite
2390 3637 2406 3663 ,
2438 3594 2526 3650 vel
2554 3594 2694 3650 sicut
2720 3604 2909 3650 auctor
2939 3603 3126 3651 noster
3154 3594 3302 3664 loqui
3329 3603 3507 3661 amat,
3554 3610 3805 3652 conven-

2195 3689 2353 3745 ticula
2392 3688 2752 3744 diruerentur.
2796 3691 2868 3744 At
2902 3703 2969 3745 ex
3011 3688 3127 3755 his,
3159 3703 3282 3759 quae
3310 3688 3380 3745 ab
3410 3689 3721 3759 Augustino
3748 3701 3806 3746 et

2193 3783 2537 3841 Theodoreto
2566 3783 2983 3848 confirmantur,
3016 3783 3261 3839 nonnulli
3287 3782 3481 3839 conﬁci
3505 3799 3668 3855 posse
3699 3801 3807 3855 pu-

2192 3882 2309 3929 tant
2334 3875 2631 3931 Arnobium
2663 3874 3011 3932 conﬁciendis
3037 3874 3188 3930 libris
3217 3875 3333 3931 suis
3361 3875 3465 3931 hoc
3489 3875 3613 3946 ipso
3650 3891 3807 3932 anno

2192 3982 2411 4039 operam
2451 3966 2667 4024 dedisse
2708 3967 3008 4039 (Aaguat.,
3048 3966 3139 4022 lib.
3180 3981 3288 4034 vtt,
3331 3966 3396 4022 de
3432 3966 3587 4037 Bapt.
3627 3980 3804 4026 contr.

2192 4062 2413 4131 Donat.,
2443 4080 2561 4134 cap.
2587 4062 2653 4129 2,
2682 4078 2807 4134 pag.
2832 4062 2972 4128 187;
3002 4070 3048 4116 et
3073 4059 3273 4115 Brevic.
3296 4078 3310 4126 ;
3333 4058 3520 4117 Collat.
3543 4078 3662 4115 cum
3688 4060 3806 4117 Do—

2192 4167 2299 4212 nat.
2322 4198 2339 4225 ,
2369 4175 2489 4230 cap.
2517 4159 2618 4223 £5,
2648 4175 2767 4229 pag.
2801 4155 2944 4224 569,
2973 4165 3031 4211 et
3062 4155 3205 4220 573;
3229 4152 3535 4210 Theodoret.
3561 4196 3574 4221 ,
3609 4156 3699 4209 lib.
3745 4173 3801 4224 v,

2191 4252 2333 4307 Hist.
2367 4253 2571 4318 eccles.,
2601 4268 2719 4321 cap.
2750 4252 2842 4317 59,
2874 4267 2994 4323 pag.
3026 4247 3192 4322 248).

2264 4345 2370 4403 Sed
2398 4345 2480 4401 bis
2507 4345 2595 4400 alii
2617 4352 2899 4417 opponunt
2929 4344 3129 4400 nullam
3155 4343 3225 4399 de
3252 4345 3374 4416 lege
3404 4352 3597 4401 contra
3622 4344 3804 4401 cirris-

2191 4438 2456 4494 tianorum
2494 4436 2865 4493 conventicula
2904 4444 2962 4492 et
2998 4435 3169 4492 libros
3207 4434 3365 4502 data,
3405 4436 3500 4492 sed
3538 4435 3609 4492 de
3645 4451 3804 4492 com-

2190 4530 2360 4586 bustis
2395 4529 2546 4586 libris
2582 4538 2640 4585 et
2676 4528 3067 4586 conventiculis
3101 4528 3305 4584 eversis
3342 4528 3537 4583 factam
3579 4529 3650 4585 ab
3689 4532 3799 4585 Ar—

3712 305 3841 364 ωε

490 4620 851 4679 Diocletianus
894 4623 1081 4695 viginti
1127 4624 1344 4681 circiter
1382 4640 1589 4691 annos,
1623 4625 1692 4682 ab
1733 4625 1929 4681 Christi
1973 4627 2082 4683 sci-
2110 4625 2347 4686 Dnobio
2388 4624 2740 4679 mentionem.
2783 4624 2913 4679 Esto
2951 4633 3131 4680 tamen
3158 4666 3171 4686 ,
3218 4622 3499 4691 inquiunt,
3548 4623 3615 4678 ad
3665 4636 3801 4680 eam

490 4715 619 4783 licet
645 4732 786 4772 anno
806 4717 946 4783 284,
978 4717 1044 4773 ad
1074 4734 1273 4774 annum
1300 4718 1436 4784 504,
1464 4734 1720 4790 regnasse
1747 4719 2081 4784 perhibetur.
2185 4716 2550 4786 spectaverit,
2578 4731 2758 4770 nonne
2786 4714 2974 4769 similis
2999 4724 3155 4770 antea
3197 4713 3373 4770 fuerat
3411 4713 3608 4769 Justini
3644 4730 3801 4770 mar-

490 4803 681 4863 Nonne
715 4824 844 4880 ergo
874 4808 1237 4882 Hieronymus
1266 4810 1368 4866 bos
1397 4811 1562 4866 libros
1591 4822 1717 4866 ante
1747 4810 2083 4868 Constantini
2188 4810 2322 4882 tyris
2343 4825 2465 4864 cum
2486 4809 2777 4880 gentilibus
2797 4808 2865 4865 de
2886 4822 3164 4864 sacrormn
3195 4806 3454 4863 librorum
3481 4819 3797 4862 nostrorum

491 4900 793 4957 vicennalia
834 4904 950 4960 sive
978 4920 1179 4959 annum
1208 4905 1315 4961 326
1354 4906 1423 4961 ab
1466 4908 1706 4962 Arnoliio
1747 4906 1923 4963 editos
1962 4922 2084 4964 esse
2185 4902 2583 4973 proscriptione
2603 4900 2998 4973 expostulatio?
3023 4925 3044 4954 ι
3063 4899 3241 4970 Opera
3266 4919 3285 4952 ι
3310 4900 3387 4954 ait
3411 4919 3432 4953 ‹
3454 4909 3510 4955 et
3534 4900 3799 4957 instinctu

491 4993 787 5050 arbitratus
814 4996 933 5050 est?
958 4994 1126 5052 Nobis
1162 5006 1343 5052 tamen
1372 4998 1587 5054 videtur
1622 5015 1782 5069 posse
1820 5000 2083 5074 Hierony-
2182 4997 2450 5053 malorum
2468 4996 2772 5053 daemonum
2797 4995 2988 5050 mortis
3007 4981 3330 5065 supplicium
3347 4993 3607 5049 adversus
3625 4995 3798 5049 libro-

490 5100 639 5139 mum
682 5084 784 5140 sibi
827 5086 929 5157 ipsi
974 5087 1132 5157 facile
1171 5090 1469 5144 conciliari.
1515 5090 1645 5146 Nam
1690 5093 1742 5146 in
1772 5092 2080 5149 Eusebiano
2184 5107 2304 5147 rum
2335 5090 2614 5163 Hystaspis
2636 5100 2729 5144 aut
2753 5087 3007 5160 Sybilla,
3033 5094 3128 5142 aut
3153 5084 3536 5157 prophetarum
3564 5087 3802 5143 lectores

490 5176 748 5234 cbronico
770 5189 891 5248 post
912 5188 1094 5247 notata
1117 5177 1452 5236 Constantini
1475 5182 1773 5239 viceunalia
1799 5185 1912 5254 ipse
1931 5186 2081 5257 adje-
2181 5183 2535 5240 constitutum
2574 5191 2697 5248 est,
2740 5190 2799 5236 ut
2834 5195 2931 5251 per
2974 5179 3221 5235 timorem
3257 5178 3508 5235 homines
3545 5180 3613 5235 ab
3649 5179 3796 5266 illis,

489 5271 598 5327 cit:
630 5291 649 5323 ε
675 5270 792 5327 Huc
833 5286 1003 5342 usque
1047 5272 1323 5328 historiam
1363 5274 1553 5330 scribit
1594 5276 1885 5344 Eusebius,
1922 5279 2080 5333 Pam.
2184 5275 2474 5347 quominus
2506 5273 2713 5345 scripta
2741 5288 2802 5328 ea
2834 5273 3111 5357 legentes,
3144 5287 3324 5327 rerum
3361 5271 3621 5328 bonarum
3642 5274 3799 5328 noti-

489 5364 620 5435 phili
669 5366 921 5436 martyris
967 5366 1406 5435 contubernalis,
1447 5370 1532 5423 cui
1573 5386 1675 5426 nos
1714 5371 1812 5427 iata
1848 5372 2084 5444 sulijeci-
2185 5370 2317 5425 tiam
2349 5369 2690 5440 percipiant,
2723 5368 2819 5424 sed
2844 5368 2898 5423 in
2925 5368 3187 5424 servitute
3209 5383 3398 5423 eorum
3430 5367 3795 5434 retineantur,

490 5473 632 5513 mus.
661 5477 680 5511 ι
707 5458 845 5515 Tum
888 5464 1268 5515 continenter:
1312 5460 1561 5516 Arnobius
1582 5502 1596 5526 ,
1644 5463 1846 5535 inquit,
1891 5463 2083 5529 rhetor,
2186 5462 2597 5518 absterreantur
2628 5460 2845 5534 (Justiti.
2881 5460 3126 5531 Μονίμη.
3157 5461 3377 5531 Apolog.
3407 5477 3453 5525 t,
3482 5478 3604 5532 pag.
3628 5460 3793 5530 82).)

489 5559 597 5606 etc.
640 5550 829 5608 Nonne
864 5562 1045 5608 autem
1086 5552 1191 5608 dici
1235 5564 1413 5624 potest
1445 5556 1557 5611 haec
1583 5557 1701 5627 ejus
1733 5556 1894 5611 verba
1927 5571 2086 5626 supe-
2261 5554 2400 5622 Quid
2434 5569 2585 5621 vero,
2618 5555 2762 5624 quod
2792 5554 3054 5626 Origenes
3086 5554 3366 5609 memoria:
3398 5554 3634 5623 prodidit
3664 5564 3797 5609 ante

491 5643 730 5699 rioribus
761 5645 973 5700 Eusebii
1001 5644 1244 5716 subjecta
1276 5645 1478 5711 fuisse,
1510 5664 1577 5703 ne
1607 5648 1754 5703 illius
1780 5663 2089 5705 sermonem
2189 5648 2415 5704 Arnobii
2455 5648 2624 5703 nostri
2666 5659 2942 5720 tempora,
2986 5656 3151 5721 atque
3189 5648 3481 5704 Maximino
3507 5666 3656 5706 anno
3678 5651 3793 5707 255

492 5736 944 5807 interrumperet.
975 5752 1074 5793 nec
1102 5737 1177 5792 ibi
1207 5754 1387 5794 veram
1416 5740 1685 5795 indicasse
1713 5738 1935 5795 Arnobii
1964 5749 2092 5796 aeta—
2192 5748 2480 5812 regnante,
2508 5740 2756 5797 incensas
2784 5739 2954 5797 fuisse
2976 5741 3261 5807 ecclesias,
3289 5749 3453 5813 atque
3478 5740 3707 5807 idcirco,
3741 5750 3803 5799 ut

494 5837 627 5886 tem.
660 5828 717 5884 Si
746 5829 866 5899 quis
896 5843 1025 5885 vero
1057 5827 1213 5884 nobis
1241 5831 1460 5899 obiiciat
1501 5833 1569 5888 ab
1608 5846 1672 5886 eo
1711 5830 1814 5898 ibi,
1860 5833 2000 5888 sicut
2037 5842 2092 5892 et
2194 5835 2431 5893 auctoris
2456 5837 2625 5892 nostri
2657 5834 2837 5893 verbis
2864 5843 3104 5899 utamur,
3133 5834 3312 5890 diruta
3344 5834 3511 5893 fuisse
3534 5833 3802 5892 christia-

4006 1522 4030 2093 Ξ

4006 2110 4030 3109 ξ

4008 3160 4030 3853 1

4008 3946 4030 4616 ἓ

4014 4640 4030 5197 l

4014 5412 4030 5828 ἐ
