3980 6284
189 293 306 349 ’595

1437 292 1504 350 IN
1543 289 1929 359 ARNOBIUM,
1971 290 2123 348 CAP.
2165 294 2230 350 ll.

3369 300 3472 359 59-1

185 421 379 462 norum
425 406 844 463 conventicula?
893 426 912 458 ‹
942 404 1154 463 Scimus
1185 425 1205 460 ι
1255 408 1430 480 inquit
1478 409 1777 480 Origenes,
1805 413 1858 472 Α
1882 405 2064 463 codice
2090 408 2268 478 regio,
2301 422 2332 462 a
2364 422 2471 480 quo
2502 408 2674 478 prima
2705 409 2894 480 pagina
2917 409 3102 466 avulsa
3127 418 3246 481 est,
3279 412 3469 469 titulus

190 519 214 555 ‹
245 501 384 570 apud
413 518 509 555 nos
538 511 698 556 terrae
727 511 931 558 motum
962 501 1159 559 factum
1188 503 1240 558 in
1272 503 1403 558 locis
1425 505 1744 574 quibusdam
1767 546 1782 571 ,

183 602 246 647 et
277 593 446 648 factas
476 593 644 649 fuisse
667 594 927 666 quasdam
959 594 1179 660 ruinas;
1211 594 1280 649 ita
1313 605 1370 649 ut
1392 596 1480 665 qui
1507 606 1660 651 erant
1688 597 1786 651 im-

184 689 259 759 pii
285 699 439 744 extra
470 689 632 745 ﬁdem
655 731 670 753 ,
698 705 918 745 causam
952 699 1112 746 terra:
1145 699 1322 744 motus
1347 689 1592 746 dicerent
1637 691 1782 745 chri-

182 781 427 848 stianos,
478 790 700 851 propter
741 781 882 852 quod
922 792 979 836 et
1011 782 1413 851 persecutiones
1457 798 1627 851 passa:
1658 792 1785 838 sunt

183 873 432 930 ecclesi.e
479 883 534 930 et
578 875 809 931 inseusaa
853 874 1280 948 sunt(0rigen.,
1323 885 1524 930 tractat.
1553 892 1682 943 vin,
1730 877 1784 930 in

182 965 405 1035 Matth"
441 986 564 1039 pag.
595 967 724 1041 88).
752 988 771 1021 ι
811 968 949 1037 Quid
995 984 1125 1039 ergo
1171 979 1317 1024 velat
1352 969 1639 1040 quominus
1678 969 1784 1022 Ar-

184 1063 386 1118 nobius
423 1062 494 1119 de
536 1063 640 1127 his,
680 1079 802 1135 qua:
841 1065 999 1136 longe
1046 1073 1204 1121 antea
1249 1081 1349 1122 nec
1394 1065 1563 1122 semel
1608 1066 1783 1122 couti-

182 1169 378 1234 gerant
407 1159 782 1232 intelligatur?

258 1255 372 1310 Nec
400 1254 629 1310 multum
660 1263 1011 1326 promovent,
1041 1255 1130 1328 qui
1158 1253 1466 1326 opinionem
1497 1255 1640 1310 illam
1672 1263 1786 1310 sta-

185 1347 344 1404 bilire
372 1348 620 1403 nituntur
661 1348 810 1404 bisve
849 1348 1072 1404 Arnobii
1113 1351 1330 1404 verbis:
1373 1367 1392 1400 ‹
1418 1348 1615 1404 ίΕῑειιίε
1655 1347 1784 1402 urbs

182 1441 361 1496 Roma
389 1440 547 1510 cujus
572 1455 695 1497 esse
726 1441 780 1496 in
809 1442 1094 1497 annalibus
1119 1442 1407 1497 indicitur?
1428 1442 1616 1496 Annos
1639 1440 1787 1494 ducit

183 1535 580 1606 quinquaginta
609 1543 665 1590 et
690 1535 838 1590 mille
857 1576 873 1600 ,
895 1544 988 1590 aut
1013 1550 1119 1590 non
1152 1536 1375 1590 multum
1403 1535 1469 1589 ab
1498 1533 1581 1589 his
1609 1533 1785 1588 minus

183 1630 334 1704 (Lib.
359 1647 396 1686 tt
415 1673 431 1699 ,
461 1648 586 1703 pag.
611 1631 733 1700 94).
759 1651 778 1684 ›
802 1631 1039 1686 Primum
1070 1631 1212 1685 enim
1235 1673 1250 1693 ,
1277 1629 1408 1684 nihil
1435 1628 1508 1682 ibi
1539 1628 1628 1683 ille
1653 1628 1784 1683 certi

182 1724 387 1796 ﬁxique
417 1726 676 1796 temporis
719 1725 919 1795 aliquid
952 1725 1157 1779 statuit.
1191 1722 1317 1780 Alto
1345 1721 1541 1778 deinde
1570 1721 1783 1777 silentio

1887 516 2030 553 nunc
2081 501 2391 572 pneﬁgitur.
2445 501 2549 557 Sed
2601 503 2653 556 in
2703 503 2808 558 ﬁne
2857 503 2978 557 libri
3032 505 3224 574 primi,
3291 507 3474 570 tertii,

1888 593 2090 663 quinti,
2124 604 2179 664 et
2209 595 2422 664 septimi
2453 595 2680 665 legimus
2709 616 2720 648 :
2753 595 2964 650 Arnobii
3003 595 3130 651 liber
3160 597 3389 667 explicit.
3414 599 3472 654 In

1887 687 2059 758 quarti
2093 703 2219 744 vero
2243 689 2346 745 ﬁue
2373 707 2386 743 ε
2413 690 2616 743 Arnovii
2644 692 2861 744 oratoris
2887 690 2974 744 lib.
3007 700 3216 757 quartus
3245 691 3476 759 explicit.

1889 781 1968 836 Ad
1990 783 2206 837 sea-undi
2228 783 2462 854 denique
2484 785 2686 840 calcem
2715 785 2956 838 :Arnovii
2975 785 3214 840 adversus
3229 785 3478 841 Nationes

1889 873 2016 928 liber
2041 878 2293 932 secundus
2323 879 2546 946 explicit.
2579 877 2634 932 ln
2671 878 2842 948 prima
2883 894 3011 932 vero
3037 889 3089 934 et
3120 879 3352 934 secunda
3379 895 3478 936 eo-

1888 981 2005 1019 rum
2036 983 2257 1023 romana
2291 968 2560 1036 editione,
2611 969 2918 1035 basileaua,
2950 972 3300 1040 antuerpiana
3321 1013 3334 1036 ,
3368 979 3477 1026 ste—

1889 1058 2199 1125 wechiana,
2248 1061 2518 1130 parisina,
2571 1061 2882 1116 heraldiana
2940 1063 3343 1119 inscribuntur:
3378 1064 3479 1118 Ar-

1888 1155 2026 1209 nobii
2078 1157 2318 1212 adversus
2366 1169 2534 1229 gentes
2565 1157 2679 1213 libri
2728 1172 2930 1231 septem.
2980 1156 3036 1214 la
3086 1161 3267 1215 ultima
3322 1175 3481 1230 porro

1888 1247 2136 1322 Lugduni
2167 1253 2489 1309 Batavorum
2519 1253 2787 1326 divulgata
2818 1274 2832 1308 :
2867 1255 3076 1309 Arnobii
3105 1255 3218 1324 Afri
3244 1253 3484 1309 adversus

1887 1355 2060 1416 gentes
2091 1347 2210 1401 libri
2245 1358 2452 1418 septem.
2481 1347 2626 1403 Nulli
2655 1359 2832 1405 autem
2864 1349 3171 1404 dubitamus
3197 1351 3327 1420 quin
3364 1350 3480 1405 hinc

1891 1440 2075 1496 ultima
2131 1441 2411 1514 inscriptio
2463 1445 2531 1499 ab
2580 1445 2909 1517 Hieronymo
2955 1447 3235 1517 desumpta
3295 1451 3396 1516 sit,
3448 1465 3482 1504 a

1888 1549 1993 1601 quo
2021 1535 2210 1590 eadem
2256 1537 2550 1608 epigraphe
2581 1539 2746 1595 semel
2776 1552 2938 1611 atque
2968 1542 3160 1596 iterum
3189 1542 3483 1598 exhibetur

1889 1624 2258 1699 (Hieronym.,
2280 1630 2342 1683 de
2385 1630 2576 1696 Script.
2620 1633 2796 1687 eccles.
2817 1675 2830 1697 ,
2863 1633 2892 1704 §
2923 1633 3012 1698 89;
3045 1646 3093 1688 et
3118 1636 3266 1704 epist.
3292 1634 3382 1701 8i,
3413 1636 3484 1690 ad

1891 1717 2204 1791 Magnum).
2240 1721 2295 1775 ln
2338 1723 2705 1792 manuscripto
2748 1734 2923 1779 tamen
2973 1726 3158 1781 codice
3201 1728 3380 1797 regio,
3430 1737 3487 1783 et

181 1819 539 1890 praetermisit
565 1818 653 1888 qui
681 1818 940 1890 qualesve
971 1817 1170 1873 fuerint
1191 1815 1246 1870 hi
1268 1815 1513 1880 annales,
1535 1829 1599 1869 ac
1621 1829 1781 1882 quam
1814 1815 1860 1875 B
1886 1812 2058 1868 altero
2110 1815 2264 1885 cujus
2315 1815 2655 1873 Stewerbius
2700 1819 2979 1887 meminit,
3045 1820 3303 1892 scriptum
3361 1832 3476 1876 est:

183 1914 407 1971 illorum
437 1922 688 1970 auctores
712 1924 1006 1985 sequantur
1029 1927 1292 1968 annorum
1320 1911 1390 1967 ab
1417 1910 1549 1966 urbe
1570 1909 1786 1965 condita

183 2007 680 2078 computandorum
718 2009 1003 2063 rationem.

255 2101 327 2156 At
362 2100 791 2169 incompertum,
840 2101 1079 2170 inquies,
1127 2099 1205 2155 illi
1251 2115 1372 2155 esse
1400 2115 1507 2154 non
1537 2107 1780 2170 poterat,

181 2207 292 2261 quo
340 2207 489 2247 anno
533 2191 676 2261 jacta
736 2190 936 2246 fuerint
978 2191 1166 2246 Ranae
1199 2191 1570 2246 fundamenta.
1606 2188 1782 2244 Probe

179 2284 453 2355 siquidem
506 2293 730 2340 noverat
781 2300 888 2339 non
938 2285 1094 2355 longe
1143 2295 1431 2354 antequam
1481 2281 1781 2338 scribendis

181 2377 338 2434 libris
387 2377 501 2432 suis
547 2392 764 2431 manum
813 2377 1181 2442 admovisset,
1232 2377 1576 2430 millesimum
1623 2374 1783 2444 regia:

180 2468 330 2525 illius
373 2469 525 2523 urbis
563 2484 762 2523 annum
803 2469 904 2523 sub
951 2469 1180 2537 Philippi
1221 2468 1479 2538 imperio,
1523 2467 1624 2522 hoc
1663 2477 1777 2534 est,

179 2564 420 2629 Christi,
453 2563 529 2617 uti
573 2563 752 2628 aiunt,
782 2564 888 2619 247
918 2573 1010 2618 aut
1034 2563 1141 2618 248
1161 2605 1176 2628 ,
1221 2562 1386 2618 fuisse
1425 2562 1777 2618 celebratum.

179 2659 315 2716 Cum
341 2675 473 2730 ergo
501 2658 633 2714 dicit
661 2677 674 2713 :
708 2659 807 2712 Aut
835 2675 936 2713 non
961 2657 1170 2712 multum
1201 2659 1264 2712 ab
1295 2659 1375 2712 Itis
1402 2658 1603 2724 minus,
1638 2656 1778 2710 haud

183 2758 425 2812 obscure
459 2755 726 2826 signiﬁcat
754 2771 812 2810 se
841 2770 984 2809 anno
1005 2754 1112 2810 296
1143 2755 1229 2809 vel
1256 2753 1386 2821 297,
1419 2752 1582 2808 hosce
1613 2751 1778 2808 libros

179 2852 454 2923 publicam
492 2849 740 2905 emisisse
776 2850 828 2904 in
861 2849 1054 2904 lucem.

245 2943 456 2998 Contra
487 2950 663 2998 tanten
693 2941 781 2996 alii
815 2942 915 2996 hos
941 2940 1154 2996 nonnisi
1185 2948 1307 3009 post
1338 2937 1776 2995 trecentesimum

175 3036 384 3092 Chrisd
432 3051 631 3090 annum
681 3035 856 3090 editos
905 3033 1070 3090 fuisse
1118 3033 1244 3089 inde
1291 3033 1584 3103 colligunt,
1633 3029 1776 3100 quod

176 3129 307 3184 alibi
357 3128 428 3184 ab
466 3143 532 3184 eo
570 3127 772 3183 ethnici
826 3127 1088 3183 adversus
1124 3126 1446 3181 christianos
1482 3125 1560 3180 sic
1594 3123 1777 3191 dispu-

1889 1907 2131 1964 adversus
2160 1911 2406 1966 nationes.
2442 1911 2546 1967 Sed
2578 1915 2753 1982 potior
2779 1913 2992 1968 videtur
3021 1915 3213 1982 lectio,
3246 1916 3486 1971 adversus

1891 2010 2094 2070 gentes,
2147 2017 2307 2073 quam
2366 2003 2725 2076 Hieronymus
2773 2007 2827 2060 in
2876 2005 3036 2076 longe
3088 2009 3486 2079 antiquioribus

1889 2096 2267 2164 manuscriptis
2295 2098 2570 2154 codicibus
2601 2099 2740 2154 haud
2771 2101 2934 2156 dubie
2961 2103 3186 2171 legerat.
3216 2103 3485 2159 Caeterum

1887 2187 2010 2255 quia
2043 2187 2326 2259 utriusque
2368 2190 2741 2261 inscriptionis
2773 2193 2917 2247 idem
2950 2204 3036 2248 est
3065 2209 3288 2261 sensus,
3323 2195 3391 2251 de
3421 2212 3484 2252 ea

1893 2278 2156 2350 longioris
2182 2281 2571 2352 disputationis
2603 2284 2751 2340 ﬁlum
2790 2295 2982 2342 texere
3027 2288 3216 2344 inutile
3260 2305 3483 2360 prorsus

1887 2373 2028 2427 foret
2053 2389 2116 2429 ac
2138 2376 2489 2445 superﬂuum.

1959 2467 2037 2522 Ex
2085 2477 2309 2540 utroque
2351 2480 2528 2528 autem
2581 2473 2673 2528 illo
2723 2475 2882 2530 titulo
2926 2476 3086 2532 facile
3129 2475 3482 2551 intelligimus

1887 2576 1992 2614 non
2020 2560 2163 2616 aliud
2195 2563 2385 2618 borum
2422 2565 2681 2621 librorum
2715 2579 3092 2639 argumentum
3120 2613 3137 2636 ,
3173 2588 3270 2628 nec
3313 2573 3480 2629 alium

1885 2651 1938 2705 itt
1971 2651 2036 2706 iis
2064 2655 2470 2711 conscribendis
2491 2658 2718 2713 Arnobii
2747 2675 2968 2729 scolium
2995 2661 3264 2734 ﬁnemque
3292 2666 3481 2735 fuisse,

1883 2743 1984 2800 nisi
2013 2757 2071 2802 ut
2098 2759 2149 2802 et
2181 2746 2370 2803 falsam
2399 2750 2716 2820 gentilium,
2762 2764 2814 2808 et
2846 2754 3265 2812 Christianorum
3297 2775 3479 2814 veram

1882 2854 2001 2894 esse
2043 2841 2360 2910 religionem
2408 2845 2830 2902 deinmistraret.
2883 2848 3070 2920 Neque
3125 2852 3190 2906 ad
3242 2853 3292 2906 id
3351 2871 3476 2924 pro-

1881 2929 2117 2987 bandum
2148 2935 2390 3003 pluribus
2417 2952 2552 3006 OpIIS
2582 2948 2666 2992 est
2693 2942 3022 3010 argumentis
3044 2982 3060 3004 ,
3103 2943 3245 3014 quod
3277 2945 3363 3000 vel
3407 2964 3476 3002 ex

1880 3039 1940 3079 ea
1973 3025 2118 3091 sola,
2149 3042 2308 3096 quam
2340 3026 2610 3094 dedimus,
2641 3031 2953 3087 earumdem
2981 3033 3244 3089 librorum
3269 3037 3481 3110 aualysi

1881 3117 2128 3174 omnibus
2156 3118 2651 3175 manifestissimum
2680 3137 2802 3177 esse
2832 3124 3013 3179 debet.

177 3221 919 3279 tasseinducunturnAnte
944 3219 1365 3290 quadringentos.
1386 3232 1558 3272 annos
1591 3214 1852 3286 religioc
1955 3209 2179 3276 Quidam
2230 3227 2358 3265 vero
2410 3221 2699 3284 utrumque
2742 3230 2850 3270 non
2918 3216 3031 3286 pari
3094 3231 3348 3272 successu
3411 3221 3481 3276 ab

176 3325 362 3370 vestra
392 3329 500 3369 non
533 3313 630 3368 fuit
663 3311 876 3383 (11]ἰι1.).
903 3332 922 3365 ι
950 3311 1081 3366 Nam
1111 3312 1154 3367 si
1186 3321 1310 3367 ante
1342 3309 1776 3367 trecentesimum

175 3406 376 3462 Christi
405 3421 603 3460 annum
633 3403 854 3475 perfecti
884 3405 1106 3460 fuissent
1131 3404 1184 3458 hi
1211 3403 1349 3470 libri,
1375 3404 1429 3458 in
1451 3404 1530 3459 eis
1556 3400 1644 3456 ille
1671 3416 1775 3456 non

175 3510 298 3555 ante
331 3500 758 3571 quadringentos,
803 3497 896 3553 sed
936 3507 1061 3552 ante
1111 3489 1384 3553 trecentos
1419 3511 1590 3551 annos
1627 3493 1773 3549 chri-

175 3595 412 3648 stianam
453 3591 768 3662 religionem
797 3606 903 3645 non
946 3589 1111 3646 fuisse
1140 3589 1492 3661 proculdubio
1525 3587 1774 3643 dixisset.

175 3685 346 3742 Nobis
374 3685 592 3756 quidem
631 3700 736 3740 non
785 3686 914 3740 latet
945 3685 1263 3755 quibusdam
1292 3685 1466 3738 visum
1495 3681 1774 3737 oscitantia

174 3779 382 3836 librarii
409 3795 506 3848 pro
527 3779 799 3845 trecentis,
828 3779 1222 3849 quadringentos
1252 3777 1501 3847 positum.
1524 3775 1630 3832 Sed
1660 3773 1774 3829 haec

174 3871 491 3940 conjectura
517 3870 714 3926 nullius
741 3869 1087 3942 manuscripti
1113 3869 1317 3926 codicis
1336 3911 1350 3932 ,
1382 3880 1466 3924 aut
1499 3866 1775 3939 scriptoris

174 3962 492 4019 testimonio
539 3973 592 4019 et
634 3964 951 4019 auctoritate
981 3961 1348 4018 conﬁrmatur.
1383 3960 1516 4026 Quid
1549 3973 1696 4024 vero,
1729 3959 1774 4013 si

173 4055 380 4112 ethnici
425 4054 711 4110 maluerint
738 4056 996 4126 majorem
1020 4097 1034 4122 ,
1063 4064 1120 4109 ut
1143 4053 1298 4113 solet.
1326 4068 1483 4123 quam
1513 4051 1772 4106 minorem

174 4150 422 4219 proferre
475 4162 734 4204 annorum
791 4149 1109 4203 numerum?
1158 4145 1293 4201 Tum
1348 4142 1588 4216 profecto
1643 4143 1774 4197 nihil

176 4241 301 4300 inde
331 4243 465 4299 certi
493 4243 742 4298 concludi
770 4244 987 4314 poterit.

242 4337 536 4392 Variantes
581 4351 740 4406 porro
785 4336 916 4391 istas
960 4334 1028 4392 de
1073 4335 1263 4391 borum
1309 4333 1567 4388 librorum
1613 4337 1772 4386 :etate

175 4431 495 4502 opiniones,
540 4445 602 4484 ac
641 4430 836 4501 quibus
873 4429 1138 4484 rationum
1181 4427 1472 4483 momentis
1513 4425 1768 4489 nitantur,

177 4523 566 4580 examinandas
589 4523 684 4578 tibi
712 4525 1091 4594 proposuimus
1112 4566 1126 4589 ,
1155 4533 1214 4577 ut
1237 4523 1287 4578 ei
1317 4537 1436 4592 quae
1462 4536 1592 4576 vero
1619 4518 1770 4574 vidc-

1884 3304 2121 3359 Arnobio
2151 3304 2348 3359 factum
2377 3307 2688 3375 opinantur.
2731 3307 2916 3380 Longe
2947 3309 3089 3364 cnim
3121 3311 3357 3375 felicius,
3393 3314 3478 3368 in-

1880 3397 2070 3468 quiunt
2089 3442 2102 3465 ,
2130 3408 2288 3466 atque
2311 3399 2585 3456 cflicacius
2608 3403 2839 3458 ethnica:
2863 3402 3143 3474 religionis
3167 3404 3482 3473 falsitatem,

1881 3507 2037 3562 quam
2068 3492 2374 3548 christiana:
2405 3495 2683 3550 veritatem
2728 3497 2985 3553 ostendit.
3046 3498 3214 3568 Cujus
3261 3500 3479 3567 quidem

1881 3587 2021 3642 hanc
2052 3596 2239 3656 putant
2285 3603 2406 3644 esse
2446 3590 2743 3656 rationem,
2781 3593 2901 3662 quia
2935 3591 3208 3658 Aroobio,
3251 3593 3484 3665 aliisque

1879 3681 2169 3752 gentilibus
2190 3724 2204 3746 ,
2233 3681 2299 3737 ad
2317 3681 2673 3738 Christianam
2703 3684 2860 3739 fidem
2891 3685 3185 3740 novissime
3211 3685 3479 3754 adductis,

1880 3777 2051 3831 multo
2079 3775 2290 3832 facilius
2335 3777 2436 3832 fuit
2477 3779 2673 3848 impios
2704 3779 3114 3850 absurdosque,
3170 3797 3306 3846 quos
3356 3799 3482 3852 per-

1882 3869 2020 3928 fecte
2065 3882 2364 3934 noverant,
2418 3873 2550 3926 ritus
2594 3882 2650 3927 et
2674 3889 2888 3929 errores
2921 3873 3167 3930 funditus
3193 3887 3478 3947 evertere,

1879 3978 2038 4033 quam
2086 3962 2400 4017 christiana:
2445 3963 2709 4018 doctrinm
2750 3966 2904 4033 cujus
2948 3968 3200 4037 mysteria
3243 3968 3478 4026 nondum

1879 4057 2010 4112 satis
2036 4066 2308 4128 comperta
2338 4057 2639 4124 habebant,
2670 4058 3048 4116 demonstrare
3077 4065 3379 4118 veritatem.

1954 4149 2152 4206 Verum
2206 4150 2331 4221 quid
2390 4151 2674 4222 prohibet,
2724 4153 3008 4223 quominus
3057 4154 3091 4208 ii
3134 4153 3236 4226 ipsi
3283 4157 3478 4226 quibus

1878 4259 2026 4300 sacra
2058 4253 2240 4298 nostra
2271 4245 2527 4316 mysteria
2559 4245 2794 4300 nondum
2825 4256 3061 4303 reserata
3111 4259 3232 4303 sunt
3253 4290 3267 4310 .
3309 4265 3476 4320 gene-

1877 4338 2077 4394 ralibus
2116 4340 2483 4410 argumentis,
2528 4356 2623 4396 seu
2666 4341 3117 4411 quemadmodum
3163 4341 3475 4401 scholastici

1877 4433 2189 4504 loquuntur,
2246 4434 2621 4490 crcdibilitatis
2685 4435 2934 4502 motivis,
2988 4437 3269 4490 veritatem
3325 4437 3474 4492 chri-

1877 4524 2065 4580 stiana:
2105 4525 2381 4597 religionis
2427 4525 2776 4580 invictissime
2822 4526 3102 4582 adstruant
3145 4543 3208 4582 ac
3247 4527 3473 4582 demon-

177 4617 320 4673 bitur
348 4617 605 4682 similior,
652 4625 800 4672 tuum
848 4615 1091 4686 praebeas
1116 4629 1421 4669 assensum.
1453 4611 1619 4667 Nobis
1649 4624 1774 4666 vero
1801 4624 1855 4688 1)
1879 4619 2090 4673 strent?
2120 4619 2190 4674 At
2236 4617 2370 4673 infra
2411 4617 2901 4672 demonstrabimus
2950 4619 3094 4672 illam
3136 4619 3204 4672 ab
3246 4626 3471 4675 auctore

178 4709 306 4764 nihil
339 4710 546 4765 certius
576 4720 630 4763 et
658 4707 992 4778 exploratius
1021 4707 1279 4761 hactenus
1305 4703 1589 4765 succurrit.
1614 4718 1772 4772 quam

178 4802 478 4858 Arnobium
511 4800 689 4856 citatis
730 4799 1011 4870 superius,
1051 4808 1104 4854 et
1153 4797 1274 4853 aliis
1321 4799 1436 4866 ejus
1477 4794 1653 4850 verbis
1705 4794 1773 4850 de

179 4896 384 4952 crudeli
427 4895 846 4950 cbristianorum
877 4893 1163 4949 vexatione
1185 4931 1200 4957 ,
1249 4890 1316 4945 de
1345 4888 1640 4944 combustis
1674 4903 1769 4942 eo-

179 5006 298 5046 rum
328 4990 481 5045 libris
499 5032 514 5056 ,
547 4998 600 5044 et
629 4989 836 5045 eversis
866 4987 1110 5044 ecclesiis
1131 4984 1452 5041 collincasse
1471 4982 1538 5037 ad
1562 4996 1768 5036 memo-

179 5093 356 5139 ratum
387 5082 708 5138 Diocletiani
739 5081 978 5136 edictum
999 5123 1014 5145 ,
1057 5095 1121 5136 ac
1152 5077 1376 5148 proinde
1421 5075 1564 5130 illius
1605 5075 1772 5130 libros

180 5177 322 5233 circa
349 5193 547 5233 annuat
581 5175 785 5231 Christi
819 5177 924 5232 ’505
956 5175 1154 5245 publici
1204 5173 1372 5230 faetos
1408 5170 1572 5225 fuisse
1609 5167 1769 5240 juris.

181 5269 324 5327 Nihil
358 5280 538 5326 tamen
568 5269 830 5325 audemus
855 5278 1007 5324 certo
1037 5267 1420 5338 pronuntiare,
1452 5263 1613 5335 idque
1639 5261 1774 5317 alio-

181 5380 299 5422 rum
327 5365 534 5437 judicio
561 5365 720 5436 plane
753 5363 1127 5431 relinquimus.

786 5492 1078 5536 ARTICULUS
1115 5494 1172 5534 ll.

186 5595 260 5647 De
282 5610 398 5649 vera
417 5596 592 5648 borum
617 5593 853 5646 librorum
875 5592 1206 5668 inscriptione,
1231 5597 1379 5704 atque
1393 5593 1702 5664 argumento,
1720 5594 1772 5638 et

243 5667 402 5704 utrum
424 5660 540 5704 illud
564 5667 704 5704 recte
719 5659 780 5704 ab
794 5657 916 5704 Λιίη
926 5657 1006 5704 bio
1019 5661 1270 5704 tractetur.
1319 5669 1345 5700 ρ
1369 5653 1494 5704 ιΙΙιιιε
1505 5652 1643 5704 stvlo.
1662 5665 1771 5702 eru-

243 5667 402 5726 utrum
424 5660 540 5711 illud
564 5667 704 5726 recte
719 5659 780 5708 ab
793 5657 916 5726 Arat
926 5657 1007 5726 _bio_
1015 5652 1270 5726 tractetur.
1282 5652 1346 5726 de
1355 5652 1494 5726 illitis
1501 5652 1643 5726 style,
1662 5665 1771 5702 eru-

243 5723 454 5788 ditione,
480 5737 538 5773 ac
561 5724 714 5773 totius
734 5722 902 5783 Operis
925 5723 974 5769 in
996 5718 1146 5768 libros
1169 5723 1221 5767 et
1240 5719 1397 5781 capita
1421 5718 1748 5767 distinctione.

234 5845 430 5908 Nullus
472 5848 528 5904 in
577 5846 949 5917 manuscripto
1000 5845 1196 5904 borum
1239 5843 1465 5902 Arnobii
1504 5843 1770 5901 librorum

480 5943 758 6007 Panos.
800 5940 876 6002 V.

1880 4721 2068 4768 nostro
2122 4712 2382 4767 vindicari
2440 4711 2782 4766 validissimis
2837 4710 3104 4767 rationum
3153 4711 3468 4781 momentis,

1877 4822 1997 4877 quae
2024 4805 2090 4860 ab
2117 4821 2182 4859 eo
2213 4804 2480 4858 ducuntur
2499 4819 2566 4858 ex
2591 4804 2730 4858 veris
2751 4803 2949 4858 Christi
2976 4803 3472 4874 discipulorunique

1877 4898 1995 4970 ejus
2025 4897 2330 4962 miraculis,
2378 4911 2440 4950 ex
2473 4895 2775 4949 admirabili
2807 4911 2936 4950 sane
2963 4911 3026 4952 ac
3058 4911 3195 4966 pene
3241 4896 3473 4951 incredi-

1875 4992 1967 5047 bili
1999 5004 2294 5064 martyrum
2339 4989 2809 5045 inuumcrabilium
2853 4992 3155 5047 constantia
3182 5032 3197 5056 ,
3224 5003 3383 5062 atque
3403 5005 3471 5044 ex

1875 5087 2156 5142 celerrima
2207 5085 2481 5156 religionis
2529 5085 2871 5150 Christianae,
2923 5103 3044 5157 quae
3087 5087 3176 5142 diu
3217 5097 3370 5141 antea
3402 5085 3470 5141 ab

1875 5182 2046 5235 sacris
2067 5179 2279 5234 vatibus
2305 5179 2568 5247 promissa
2597 5178 2770 5236 fuerat
2788 5224 2800 5243 .
2826 5197 2922 5252 per
2945 5181 3253 5237 universum
3281 5180 3468 5235 orbem

1876 5283 2138 5330 terrarum
2186 5276 2589 5346 propagatione.
2641 5272 2906 5331 Cmterum
2961 5291 3067 5330 non
3120 5275 3256 5329 adeo
3312 5273 3465 5326 inco-

1874 5367 2018 5438 gnita
2064 5365 2301 5421 Arnobio
2352 5364 2570 5422 fuerunt
2620 5367 2796 5422 omnia
2843 5365 3148 5421 christiana?
3191 5363 3467 5433 religionis

1877 5459 2166 5532 mysteria.
2195 5458 2322 5528 quin
2351 5467 2529 5525 recte,
2562 5459 2638 5512 uti
2686 5473 2785 5514 suo
2833 5457 2953 5512 loco
2979 5455 3209 5519 dicetur,
3242 5454 3309 5508 de
3341 5469 3466 5508 vera

1880 5555 1972 5610 Dei
1997 5562 2212 5617 natura,
2251 5553 2319 5608 de
2348 5552 2564 5608 Christo
2592 5567 2723 5607 vero
2755 5551 2844 5605 Dei
2885 5549 3026 5613 ﬁlio,
3059 5557 3333 5602 servatore
3364 5562 3467 5602 no-

1876 5658 2011 5716 stro,
2047 5647 2275 5716 aliisque
2321 5643 2590 5698 nonnullis
2620 5643 2759 5696 illius
2784 5640 2993 5711 placitis
3034 5647 3088 5692 et
3131 5637 3467 5693 documentis

1876 5740 2258 5814 disputaverit.
2307 5739 2436 5794 Eam
2481 5735 2833 5808 proculdubio
2857 5734 2926 5789 ob
2956 5749 3169 5790 causam
3203 5733 3465 5804 Hierony-

1876 5848 1999 5893 mus
2046 5833 2472 5896 luculentissimos
2514 5830 2632 5902 ejus
2679 5829 2832 5886 libros
2885 5830 3151 5903 appellat;
3184 5829 3308 5902 quia
3359 5841 3465 5882 non

2999 5923 3079 5991 13
