3980 6286
534 346 643 409 395

1798 318 2250 388 DISSERTATIO
2288 314 2569 377 PREVIA

3714 301 3815 364 396

537 466 720 524 minus
766 457 1070 517 luculenter
1118 454 1402 511 veritatem
1472 447 1780 506 christiana:
1846 440 2120 513 religionis
2149 426 2542 510 Adivisionem
2597 428 2792 487 factam
2857 426 3107 485 vidimus.
3164 420 3526 498 Hieronymus
3570 437 3693 481 vero
3743 423 3809 479 de

543 553 801 617 adstruit,
843 565 1003 622 quam
1042 546 1271 603 ethnicae
1317 541 1604 598 falsitatem
1633 537 1863 595 destruit
1891 533 2118 607 (Hiero-

543 672 715 730 nym.,
744 651 795 704 in
824 648 999 702 chron.
1031 640 1098 697 ad
1120 658 1244 696 ann.
1272 635 1459 711 2542).

611 750 682 804 At
707 751 909 814 quanto
931 732 1099 810 magis
1126 730 1226 792 hos
1252 732 1485 790 auctoris
1513 730 1684 787 nostri
1710 722 1877 785 libros
1903 732 2123 795 propter

538 843 974 911 argumentorum
1000 830 1108 885 vim
1137 837 1190 884 et
1219 822 1427 898 pondus
1470 820 1678 882 extollit
1727 819 2086 891 Hieronymus
2104 858 2121 885 ,

536 909 686 990 tanto
716 930 886 1000 magis
915 925 1033 997 ejus
1062 920 1333 980 scribendi
1370 935 1433 975 ac
1471 912 1728 989 loquendi
1780 910 1998 967 modum
2043 909 2126 964 vi-

536 1031 767 1097 tuperat.
787 1018 866 1076 Ad
882 1017 1161 1074 Paulinum
1183 1015 1326 1072 enim
1344 1013 1460 1068 haec
1473 1008 1685 1081 scripsit
1704 1007 1757 1063 in
1776 1004 1938 1062 verba
1962 1023 1975 1058 :
1996 1004 2126 1058 «Ar-

532 1096 728 1178 nobius
743 1106 1046 1185 inaequalis,
1064 1119 1121 1166 et
1136 1107 1334 1164 nimius
1351 1114 1432 1160 est
1448 1145 1463 1172 ,
1482 1102 1685 1170 absque
1706 1099 1887 1169 operis
1903 1096 1983 1152 sni
2004 1111 2126 1169 par-

534 1215 725 1272 titione
754 1206 1033 1266 confusus.
1065 1224 1085 1257 ›
1117 1200 1308 1278 (Epist.
1338 1199 1429 1265 49,
1454 1217 1508 1270 p.
1539 1193 1687 1268 567).
1717 1190 1823 1250 Sed
1853 1190 2129 1261 displicuit

531 1304 821 1367 recentiori
836 1301 1045 1359 cuidam
1059 1298 1198 1354 inter
1211 1292 1576 1351 heterodoxos
1591 1287 1839 1357 scriptori
1859 1284 1987 1340 illud
2006 1283 2129 1338 Hie-

532 1400 743 1475 ronymi
757 1394 1015 1470 iudicium
1033 1435 1047 1460 ,
1083 1405 1146 1447 ac
1166 1396 1287 1460 post
1309 1385 1465 1441 allata
1482 1383 1600 1437 haec
1619 1379 1788 1450 ipsius
1803 1375 1966 1431 verba
2000 1389 2129 1430 con-

530 1465 775 1559 trariam,
796 1486 949 1561 quasi
979 1501 1045 1542 ex
1072 1480 1304 1552 tripode,
1329 1477 1408 1534 sic
1431 1474 1533 1531 fert
1553 1471 1876 1529 sententiam
1907 1488 1920 1524 :
1950 1486 1969 1520 ί
1997 1465 2129 1521 Mihi

534 1588 767 1645 disertus
796 1588 983 1637 auctor
1009 1574 1280 1634 Arnobius
1300 1568 1532 1631 videtur,
1557 1574 1611 1622 et
1630 1563 1722 1635 qui
1748 1568 2129 1633 argumentum

530 1698 686 1741 suum
716 1687 903 1737 contra
929 1673 1158 1749 gentiles
1186 1670 1321 1726 adeo
1349 1676 1598 1723 accurate
1631 1673 1687 1718 et
1718 1659 1979 1717 concinne
2001 1669 2127 1726 per-

532 1775 805 1842 tractarit,
842 1779 902 1827 ut
928 1769 1184 1825 adversus
1218 1764 1351 1818 istos
1375 1759 1600 1816 meliora
1625 1755 1731 1811 dici
1754 1762 1943 1824 posse,
1967 1762 2129 1820 quam

535 1888 657 1946 quae
679 1870 747 1926 ab
763 1840 996 1937 antiquis
1014 1864 1094 1920 sic
1116 1861 1254 1916 bene
1268 1858 1536 1927 diSputata
1558 1859 1703 1913 sunt,
1722 1850 1811 1905 vix
1838 1840 2125 1946 videam.)
2167 1861 2214 1925 B

535 1934 849 2037 (.Hoornobq
866 1934 1093 2012 Exercit.
1110 1950 1354 2021 theolog.,
1372 1948 1459 2004 lib.
1476 1963 1513 2011 I,
1529 1961 1641 2014 cap.
1662 1942 1714 2007 1,
1731 1938 1890 2037 εἶμι,
1906 1957 1959 2008 p.
1979 1934 2135 2004 151).

535 2032 645 2115 Sed
664 2054 774 2122 dic,
792 2064 996 2124 quaeso,
1021 2044 1230 2103 erudite
1247 2039 1519 2110 theolnge,
1540 2036 1757 2093 ubinam
1773 2032 2133 2101 Hieronymus

530 2149 728 2207 dixerit
756 2152 1125 2218 argumentum
1157 2135 1288 2193 illud
1313 2135 1379 2190 ab
1405 2130 1644 2188 Arnobio
1672 2143 1777 2184 non
1799 2132 2050 2181 accurate
2078 2130 2134 2177 et

529 2242 791 2302 concinne
812 2232 1159 2312 pertractari?
1196 2229 1485 2287 Curlibros
1523 2226 1638 2297 ejus
1675 2219 2131 2278 lnculentissimos

529 2336 787 2411 appellat,
808 2311 910 2388 nisi
929 2332 1049 2402 quia
1069 2344 1165 2384 suo
1182 2321 1514 2381 stabilienda}
1531 2317 1838 2375 Christianae
1850 2311 2129 2384 religionis

529 2406 808 2505 proposito
842 2421 1303 2482 abundantissime
1352 2412 1649 2471 satisfecit?
1695 2406 1963 2479 Numquid
1996 2420 2130 2461 vero

530 2500 731 2598 negare
756 2532 911 2593 potes
936 2519 1088 2573 illum
1108 2516 1159 2570 in
1175 2511 1453 2569 suislibris
1473 2523 1596 2564 esse
1612 2505 1817 2577 absque
1838 2502 2023 2573 operis
2043 2500 2128 2555 sui

528 2594 824 2694 partitione
837 2613 1145 2673 confusum?
1168 2610 1354 2666 Nonne
1375 2608 1428 2662 in
1452 2607 1628 2678 primo
1648 2614 1702 2658 et
1720 2594 1962 2657 secundo
1985 2596 2127 2652 libro

525 2689 727 2785 ubique
751 2710 949 2783 passim
971 2704 1176 2763 occnrit
1197 2702 1287 2757 illa
1310 2698 1593 2757 confusio?
1620 2694 1876 2751 Fatemur
1896 2689 2123 2762 quidem

525 2809 581 2865 in
631 2805 772 2862 libro
803 2803 963 2859 tertio
992 2805 1307 2871 argumenta
1334 2793 1466 2850 satis
1484 2790 1770 2852 concinne,
1790 2795 1846 2842 et
1864 2793 2126 2841 accurate

525 2894 805 2968 distingui.
839 2892 1037 2949 Verum
1068 2891 1121 2945 in
1170 2888 1239 2942 iis
1285 2883 1536 2941 omnibus
1564 2880 1764 2937 clarior
1791 2878 1974 2949 utique
2000 2889 2124 2946 par-

526 2992 648 3049 titio
687 2984 1050 3045 desideratur.
1078 2981 1271 3039 Testes
1315 2993 1506 3035 omnes
1555 2973 1803 3047 appello,
1860 2976 2125 3043 quotquot

526 3085 629 3141 hos
677 3081 843 3137 libros
885 3076 1260 3150 perlegerunt,
1310 3087 1375 3129 ac
1420 3070 1522 3126 nisi
1573 3068 1711 3124 hanc
1750 3065 2121 3123 confusionem

526 3182 859 3248 agnoscant,
910 3170 1035 3225 illos
1082 3163 1368 3222 aristarchi
1419 3163 1588 3218 nostri
1638 3160 1797 3233 lynce
1848 3158 2121 3231 perspica-

508 3268 701 3325 ‘ciores
728 3264 912 3323 oculos
937 3261 1139 3317 habere
1168 3256 1479 3314 fatebimur.

598 3360 764 3418 Nobis
794 3372 956 3430 porro
982 3354 1265 3424 theologus
1306 3368 1336 3404 a
1381 3349 1537 3404 nobis
1576 3345 1825 3402 laudatus
1853 3340 2118 3414 explicet,

528 3456 655 3530 quid
686 3452 859 3509 diserti
891 3449 1107 3506 nomine
1138 3445 1437 3516 intelligat:
1464 3444 1507 3497 si
1536 3442 1752 3496 doctum
1782 3454 1846 3494 ac
1868 3438 2115 3508 peritum,

527 3528 604 3608 illi
635 3542 931 3603 Arnobium
982 3542 1246 3597 disertum
1297 3553 1419 3593 esse
1467 3535 1609 3590 ultro
1655 3531 2040 3596 concedimus;
2077 3528 2123 3583 si

532 3643 680 3700 clare
706 3656 769 3696 ac
798 3638 962 3710 polite
994 3635 1304 3706 loquentem
1328 3674 1344 3697 ,
1377 3630 1422 3686 si
1450 3630 1653 3685 bonum
1680 3627 1966 3683 latinitatis
1995 3640 2123 3678 auc-

534 3745 739 3799 torem,
771 3744 1051 3802 negamus.
1087 3722 1218 3782 Nam
1260 3723 1570 3795 scriptionis
1615 3720 1756 3777 illius
1802 3736 1971 3792 genus
2016 3734 2124 3773 non

538 3826 702 3885 modo
748 3821 1044 3894 inaequale,
1102 3819 1328 3875 nimium
1386 3825 1442 3872 et
1492 3815 1801 3871 redundans
1856 3821 1969 3879 est,
2028 3809 2125 3867 sed

538 3919 699 3975 etiam
743 3915 1003 3972 incultum
1024 3955 1043 3981 ,
1092 3913 1259 3980 rude,
1293 3907 1596 3981 impolitum
1619 3949 1632 3972 ,
1675 3914 1838 3977 atque
1867 3904 2127 3961 obsoletis

537 4007 945 4082 quampluribns
971 4002 1148 4062 verbis
1179 4004 1369 4060 durum
1392 4010 1442 4058 et
1466 4015 1738 4072 asperum.
1759 3998 1927 4070 Hujus
1947 4007 2125 4054 autem

539 4104 828 4173 incompta:
855 4099 1225 4169 inornataeque
1274 4096 1525 4153 dictionis
1554 4094 1825 4167 duplicem
1881 4090 2128 4149 nonnulli

539 4193 774 4251 afferunt
848 4192 1133 4247 rationem.
1184 4189 1395 4253 Primo,
1457 4190 1579 4259 quia
1629 4186 1900 4243 Arnobius
1954 4184 2129 4256 patria

539 4291 669 4348 Afer
693 4306 813 4348 cum
839 4299 1016 4356 esset,
1049 4285 1345 4344 africanum
1376 4284 1629 4357 loquendi
1674 4285 1887 4340 modum
1937 4298 2002 4338 eo
2044 4280 2127 4335 fa-

539 4384 693 4442 cilius
720 4393 956 4441 sectatus
983 4393 1101 4452 est,
1148 4397 1255 4453 quo
1291 4380 1449 4436 citius
1487 4378 1654 4435 libros
1682 4394 1807 4434 suos
1834 4379 2128 4448 perlicere,

541 4495 743 4551 eosque
771 4476 893 4534 fidei
924 4492 1034 4533 sua:
1054 4520 1069 4545 ,
1099 4482 1158 4531 ut
1193 4473 1305 4545 jam
1353 4472 1684 4540 notavimus,
1733 4471 1950 4527 obsides
2001 4469 2133 4524 dare

541 4573 773 4631 volebat.
806 4569 1084 4639 Secundo,
1116 4568 1231 4625 hinc
1262 4570 1376 4640 ipsa
1403 4583 1497 4623 eos
1541 4565 1771 4623 celerius
1811 4561 2127 4620 absolvendi

2224 528 2460 585 Arnobio
2489 537 2676 582 nostro
2707 523 2760 578 in
2789 537 2884 579 sua
2928 521 2996 578 ad
3026 521 3272 592 Magnum
3303 518 3531 589 epistola
3560 516 3808 585 scripsit:

2232 645 2249 678 ‹
2286 626 2505 695 Septem
2536 622 2703 678 libros
2730 619 2989 677 adversus
3034 630 3255 690 gentes,
3305 614 3633 686 totidemque
3658 611 3813 668 disci-

2226 718 2380 790 pulus
2393 718 2509 787 ejus
2525 714 2835 772 Lactantius
2848 710 3108 769 condidit.
3136 730 3155 765 ι
3182 706 3548 784 (Hieronym.,
3565 707 3710 780 epist.
3726 705 3814 776 85,

2227 831 2347 884 pag.
2375 808 2478 866 656
2501 809 2544 883 ).

2298 900 2453 961 Nulla
2478 910 2655 959 autem
2681 903 2732 958 in
2763 903 2975 973 capita,
3027 898 3313 971 nullasque
3353 898 3407 953 in
3459 896 3723 953 sectiones
3763 892 3819 949 hi

2178 1040 2191 1049 ς
2227 997 2351 1054 libri
2374 996 2648 1053 distributi
2677 1011 2930 1067 umquam
2958 994 3198 1050 fuerunt.
3225 997 3292 1047 At
3312 990 3429 1048 haec
3455 988 3673 1063 quidem
3695 1002 3820 1042 con-

2226 1092 2415 1162 juncto
2456 1088 2879 1160 continuatoque
2931 1102 3185 1143 sermone
3239 1083 3514 1141 scribendi
3566 1082 3703 1137 ratio
3738 1081 3821 1136 vi-

2230 1186 2388 1241 detur
2415 1201 2522 1239 non
2556 1199 2742 1254 parum
2785 1185 2853 1237 ad
2900 1198 3021 1238 eam
3076 1181 3370 1238 contulisse
3416 1177 3819 1242 confusionem,

2231 1292 2391 1349 quam
2437 1277 2596 1346 paulo
2641 1284 2766 1330 ante
2812 1274 3136 1329 notavimus.
3188 1274 3532 1343 Quapropter
3557 1271 3601 1326 si
3628 1269 3744 1341 quis
3770 1269 3828 1325 in

2231 1386 2367 1426 nova
2396 1369 2571 1438 aliqua
2602 1369 2793 1425 borum
2824 1366 3083 1423 librorum
3116 1368 3356 1423 editione
3382 1380 3479 1420 eos
3500 1406 3516 1432 ,
3550 1362 3692 1435 quod
3719 1376 3828 1417 non

2232 1464 2304 1518 ita
2334 1461 2554 1517 difficile
2581 1471 2692 1530 est,
2746 1462 2796 1515 in
2837 1461 3013 1531 capita
3061 1467 3154 1514 aut
3199 1459 3469 1515 sectiones
3510 1454 3825 1522 distribuat,

2232 1557 2278 1611 is
2307 1569 2438 1611 sane
2464 1560 2519 1611 et
2557 1554 2682 1611 huic
2725 1553 3030 1611 confusioni
3072 1553 3400 1620 medebitur,
3432 1559 3485 1608 et
3512 1548 3727 1607 taedium
3755 1548 3828 1603 la-

2232 1649 2529 1721 boremque
2558 1647 2775 1706 lectoris
2804 1648 3099 1721 plurimum
3126 1646 3450 1703 sublevabit.

2830 1798 3124 1839 ABTICULUS
3161 1798 3239 1838 Ill.

2239 1918 2316 1970 De
2353 1920 2527 1969 horum
2562 1920 2793 1970 librorum
2832 1922 3124 1982 integritate
3181 1931 3238 1969 ac
3277 1924 3448 1982 textus
3485 1915 3828 1982 cormptione;

2302 1990 2481 2046 utrum,
2511 1991 2563 2033 et
2585 1996 2612 2032 a
2635 1984 2816 2046 quibus
2841 1981 2976 2046 plura
2999 1982 3246 2032 Arnobius
3266 1981 3566 2046 delibaverit
3586 1996 3599 2031 :
3622 1981 3684 2031 an
3704 1990 3832 2044 quae-

2298 2046 2410 2095 dam
2436 2044 2702 2109 Seriptura:
2726 2044 2877 2097 sacrae
2902 2046 3183 2096 testimonia
3206 2044 3454 2095 citaverit.

2309 2172 2580 2245 [ntegrum
2627 2189 2692 2229 ac
2739 2175 2900 2246 plane
2954 2174 3251 2246 perfectum
3297 2174 3405 2230 hoc
3452 2173 3673 2230 Arnobii
3701 2185 3836 2243 opus

2238 2266 2301 2319 ad
2350 2280 2449 2321 nos
2486 2283 2591 2322 non
2636 2270 2901 2338 pervenit.
2935 2271 2982 2324 A
3012 2268 3188 2325 doctis
3231 2269 3499 2339 siquidem
3548 2269 3679 2323 viris
3724 2266 3833 2337 jam

2237 2359 2584 2415 observatum
2612 2372 2697 2415 est
2735 2362 2787 2416 in
2820 2362 2966 2417 illius
2996 2362 3103 2417 fine
3127 2363 3329 2433 aliquid
3360 2362 3693 2427 desiderari,
3741 2367 3832 2415 aut

2235 2451 2650 2518 detruncatum,
2702 2464 2794 2510 aut
2840 2454 3185 2510 librariorum
3260 2455 3470 2511 incuria
3536 2452 3827 2517 omissum,

2234 2553 2328 2597 aut
2370 2545 2541 2614 quod,
2574 2544 2717 2600 fteda
2761 2546 3003 2615 priurum
3052 2547 3302 2602 codicum
3347 2546 3698 2617 corruptione
3737 2541 3834 2598 de-

2234 2634 2423 2703 letum,
2458 2637 2562 2705 legi
2620 2638 2853 2708 amplius
2903 2653 3015 2694 non
3054 2639 3248 2709 pctuit.
3282 2637 3393 2694 Nos
3454 2652 3582 2693 vero
3605 2636 3711 2708 jam
3743 2633 3836 2689 ob-

2232 2729 2566 2784 servavimus
2608 2731 2839 2799 primam
2909 2731 3268 2802 manuscripti
3318 2731 3529 2787 codicis
3573 2729 3700 2801 regii
3746 2741 3834 2797 pa-

2231 2822 2412 2891 ginam
2497 2824 2764 2878 sublatam
2842 2822 3033 2879 fuisse.
3082 2824 3139 2879 ln
3195 2824 3361 2879 totius
3411 2833 3592 2880 autem
3659 2818 3836 2889 operis

2231 2913 2337 2971 fine
2383 2915 2586 2986 aliquid
2642 2916 2893 2971 similiter
2940 2918 3368 2988 praetermissum
3395 2954 3416 2985 ,
3464 2925 3555 2971 aut
3594 2912 3836 2969 avulsum

2230 3021 2350 3062 esse
2376 3008 2501 3063 inde
2525 3008 2708 3079 colligi
2759 3018 2968 3077 potest,
3021 3009 3167 3081 quod
3213 3009 3286 3065 ibi
3338 3008 3612 3064 Arnobius
3661 3003 3837 3059 varias

2234 3101 2573 3156 ethnicorum
2619 3102 2893 3169 historias,
2926 3117 3058 3172 quas
3087 3100 3480 3159 miraculorum
3505 3103 3685 3171 plenas
3711 3109 3839 3152 ven-

2224 3192 2501 3260 ditabant,
2548 3193 2670 3250 fuse
2709 3195 3019 3266 invicteque
3068 3196 3298 3264 refellit;
3352 3199 3428 3254 ad
3476 3212 3594 3254 eam
3652 3190 3840 3248 nihilo-

2156 3266 2200 3329 C
2234 3282 2441 3352 minus,
2487 3299 2648 3354 quam
2700 3284 2822 3354 ipse
2852 3301 2919 3341 ex
2951 3286 3217 3355 Capitolio
3263 3287 3371 3343 ictu
3436 3285 3671 3344 fulminis
3716 3294 3837 3352 per-

2226 3374 2410 3439 culso,
2434 3386 2490 3430 et
2531 3375 2742 3446 dejecta
2773 3377 2924 3433 Jovis
2956 3386 3133 3433 statua
3164 3379 3266 3434 sibi
3293 3379 3579 3451 objeccrat
3602 3376 3711 3443 (lib.
3746 3384 3834 3439 vn,

2228 3467 2543 3539 pag.=~245),
2578 3469 2715 3523 nihil
2758 3486 2982 3541 prorsus
3032 3472 3347 3542 respondet.
3405 3473 3659 3543 Quamvis
3698 3465 3835 3524 enim

2229 3573 2329 3613 suo
2378 3559 2446 3613 ad
2499 3560 2735 3630 priorem
2787 3562 3070 3618 historiam
3120 3580 3416 3635 responso,
3473 3567 3605 3621 alias
3653 3570 3836 3618 omnes

2229 3650 2469 3708 funditus
2520 3656 2688 3709 everti
2734 3659 2868 3712 satis
2922 3668 3112 3727 aperte
3158 3658 3460 3731 significet;
3511 3659 3632 3730 quia
3663 3664 3836 3710 tamen

2232 3756 2457 3803 cmteras
2485 3762 2677 3804 omnes
2703 3765 2732 3804 a
2764 3766 2823 3806 se
2863 3757 3170 3824 propositas
3213 3755 3528 3825 singillatim
3569 3750 3835 3811 confutet.

2234 3840 2326 3893 vix
2357 3839 2451 3894 ulli
2491 3841 2769 3911 probabile
2818 3844 2911 3899 fiet
2957 3844 3098 3900 hanc
3142 3845 3316 3901 solam
3362 3848 3433 3904 ab
3481 3846 3578 3901 illo
3629 3837 3835 3913 pellitus

2233 3938 2489 3992 intactam
2532 3952 2690 4007 esse,
2745 3939 2970 4011 ulloque
3015 3942 3444 4011 praetermissam
3496 3939 3697 4009 absque
3723 3944 3831 3987 res.

2235 4044 2424 4099 ponso.

2258 4130 2263 4135 '
2309 4123 2609 4190 Praeterea,
2667 4125 2760 4180 ille
2792 4135 2917 4195 post
2966 4125 3133 4181 diluta
3163 4140 3220 4182 et
3263 4142 3462 4184 eversa
3490 4120 3835 4181 Ethnicorutn

2237 4226 2578 4285 argumenta,
2622 4230 2690 4271 ex
2724 4217 3100 4283 hujuscemodi
3152 4220 3397 4276 historiis
3446 4218 3651 4289 petita,
3703 4207 3839 4264 εοιθι

2237 4308 2470 4378 aliquam
2520 4317 2710 4362 contra
2734 4309 2861 4365 illos
2907 4319 2963 4364 et
2995 4325 3093 4380 pro
3124 4311 3452 4368 Christianis
3481 4310 3682 4365 elicere
3710 4314 3835 4356 ϐοη-

2238 4399 2554 4455 clusionem.
2586 4401 2657 4455 At
2684 4402 2856 4459 sicubi
2890 4420 3125 4474 unquam
3145 4442 3163 4473 -,
3196 4421 3263 4462 eo
3289 4416 3441 4462 certe
3478 4405 3599 4460 loco
3629 4398 3680 4454 id
3722 4389 3835 4449 fieri

2238 4491 2452 4557 debuit,
2503 4493 2593 4548 ubi
2624 4510 2784 4564 quam
2824 4498 3056 4566 gentiles
3107 4499 3499 4555 validissimam
3552 4491 3835 4565 putabant,

2236 4587 2761 4655 argumentationem
2789 4588 3084 4657 diluendo,
3123 4590 3279 4647 libris
3325 4593 3440 4648 suis
3482 4589 3643 4643 finem
3674 4582 3838 4647 impo-

536 4667 810 4724 festinatio
856 4663 1131 4738 prohibuit
1178 4678 1339 4729 sane,
1389 4661 1675 4733 quominus
1726 4657 1815 4754 ille
1858 4659 2129 4754 sermonis
2155 4667 2210 4731 Ῑ)
2236 4679 2361 4733 sum
2387 4678 2772 4735 verum‘amen
2816 4682 2861 4734 si
2909 4684 3029 4752 quis
3076 4683 3131 4738 id
3175 4685 3278 4754 ipsi
3305 4684 3373 4739 ad
3403 4683 3570 4737 ιη)τῶ
3593 4687 3721 4731 suos
3749 4666 3839 4722 ab.

545 4761 825 4834 elegantia:
845 4770 897 4816 et
919 4758 1194 4815 munditia:
1216 4757 1415 4828 ubique
1435 4756 1696 4811 studeret.
1724 4750 1919 4824 Negari
1951 4763 2129 4807 tamen

545 4869 652 4908 non
684 4862 857 4922 potest
887 4850 1114 4922 plurima
1142 4852 1337 4922 passim
1385 4862 1671 4904 occurrere
1720 4859 1874 4917 apte,
1928 4842 2129 4916 polite,

543 4946 817 5016 eleganter
863 4952 917 5000 et
954 4943 1222 5000 rhetorice
1265 4943 1441 5008 dicta,
1488 4956 1551 4997 ac
1576 4940 1909 5013 gravissimis
1939 4948 2131 4994 ornata

542 5040 913 5111 illustrataque
943 5039 1119 5095 verbis
1147 5048 1201 5093 et
1228 5036 1526 5093 sententiis.

615 5136 891 5194 Summam
917 5150 1046 5190 vero
1074 5133 1429 5189 eruditionem
1473 5126 1527 5187 in
1566 5129 1645 5186 eis
1687 5133 1885 5201 passim
1932 5128 2132 5200 ubique

545 5231 948 5288 disseminatam
1003 5227 1210 5299 magnis
1263 5225 1506 5297 plerique
1567 5222 1798 5280 efferunt
1853 5220 2124 5278 laudibus.

542 5323 646 5383 Sed
693 5323 965 5381 fatendum
997 5331 1079 5378 est
1124 5336 1241 5375 eam
1281 5320 1450 5391 magis
1473 5317 1539 5375 ad
1566 5334 1654 5375 res
1683 5316 1934 5390 profanas
1963 5335 2124 5390 quam

543 5433 756 5486 sacras,
804 5432 1024 5487 eo,qno
1077 5413 1344 5479 diximus,
1405 5410 1567 5468 modo
1616 5424 1893 5483 spectare,
1937 5412 2011 5465 uti
2053 5427 2123 5468 ex

544 5510 679 5567 infra
705 5508 1040 5582 disputandis
1062 5507 1155 5564 fiet
1179 5506 1428 5563 omnibus
1456 5505 1585 5560 satis
1613 5502 1978 5561 manifestum.

614 5600 805 5657 Totum
846 5612 1021 5657 autem
1051 5614 1184 5671 Opus
1210 5598 1277 5654 ab
1305 5599 1537 5669 ipsumet
1563 5596 1803 5652 Arnobio
1830 5607 2035 5665 septem
2065 5596 2121 5649 in

542 5694 708 5751 libros
731 5693 956 5750 divisum
987 5693 1101 5748 fuit.
1148 5692 1301 5762 Quod
1343 5690 1556 5762 quidem
1607 5704 1726 5743 cum
1776 5687 2124 5756 manuscripti

542 5789 770 5857 codicis,
823 5798 931 5843 tum
982 5786 1291 5859 Hieronymi
1340 5785 1658 5841 auctoritate
1700 5782 2123 5840 luculentissime

547 5880 817 5951 probatur.
852 5878 968 5935 Jam
1010 5879 1153 5935 enim
1205 5878 1259 5932 in
1315 5887 1499 5934 vetere
1544 5874 1694 5948 regio
1744 5870 1928 5934 codice
1983 5873 2123 5932 hanc

2238 4770 2524 4825 solvendus
2578 4772 2851 4827 festinanti
2901 4774 3173 4830 excidisse
3228 4773 3555 4835 contendat,
3615 4764 3742 4821 huic
3793 4754 3837 4811 si

2236 4863 2377 4919 istud
2404 4874 2550 4919 recte
2578 4866 2917 4935 probaverit,
2947 4882 3055 4923 non
3102 4869 3515 4924 reluctabitnnr.
3549 4858 3654 4917 Sed
3694 4853 3838 4925 l)rius

2238 4959 2547 5014 meminisse
2568 4959 2730 5014 debet
2760 4960 2999 5015 Arnobio
3029 4963 3094 5014 azl
3125 4962 3564 5023 conclusionem,
3588 4966 3657 5008 ex
3683 4942 3837 5003 dictis

2241 5052 2354 5107 suis
2384 5053 2452 5107 ibi
2482 5054 2806 5119 eruendam,
2843 5068 2951 5109 non
2991 5054 3161 5110 multa
3196 5061 3443 5127 proiecto
3490 5060 3628 5120 opus
3678 5040 3839 5097 fuisse

2239 5161 2389 5201 mora
2416 5155 2469 5200 et
2496 5146 2859 5201 cunctatione.

2307 5237 2549 5307 Longum
2576 5239 2794 5310 insuper
2819 5237 3187 5310 fragmentum
3208 5281 3226 5307 ,
3270 5240 3481 5297 duabus
3508 5243 3565 5290 et
3608 5222 3836 5292 θωριίυε

2236 5329 2445 5399 paginis
2475 5332 2922 5400 comprehensum
2946 5372 2960 5396 ,
2993 5334 3232 5404 legimus
3260 5334 3386 5390 libri
3416 5322 3637 5385 secundi
3666 5315 3834 5377 initio.

2233 5421 2303 5475 ab
2364 5421 2447 5475 his
2492 5425 2674 5478 verbis
2718 5441 2730 5477 :
2784 5424 2852 5478 Et
2902 5442 3002 5479 non
3058 5432 3292 5482 omnium
3347 5429 3587 5481 virtutum
3631 5422 3832 5470 amore,

2235 5516 2491 5586 usquead
2510 5516 2634 5573 illa:
2666 5519 2994 5589 impendeant
3018 5523 3296 5577 credituris
3324 5520 3437 5596 (lib.
3472 5532 3538 5578 tt,
3570 5524 3689 5580 ρας]-
3719 5496 3832 5596 imit

2233 5605 2375 5674 quod
2424 5606 2475 5660 ln
2524 5610 2890 5681 manuscripto
2932 5610 3129 5668 codice
3161 5622 3218 5670 et
3244 5591 3486 5681 antiquis
3515 5591 3831 5681 editionibus

2234 5698 2623 5768 transpositam
2668 5680 2866 5759 fuerat.
2900 5703 2977 5759 lbi
3010 5716 3253 5777 namque
3287 5720 3351 5761 ea
3378 5680 3562 5755 omnia
3588 5696 3706 5759 qm
3740 5680 3832 5733 Μ’

2236 5790 2452 5859 bentur,
2486 5790 2711 5851 Arnobii
2765 5800 2934 5853 textui
2971 5800 3132 5856 nullo
3152 5802 3327 5872 ,plane
3357 5792 3518 5853 modo
3541 5783 3826 5842 cohaerem-

2235 5883 2597 5952 Quamobrem
2640 5888 2693 5946 in
2737 5888 2941 5949 ultimis
2988 5893 3079 5951 edi
3093 5894 3330 5980 tionibus
3367 5881 3576 5958 singula
3610 5876 3831 5948 (ιυεεηυθ
