3980 6288
189 348 288 407 597

1459 348 1527 406 ΙΝ
1568 343 1935 408 ARNOBIUM.
1978 344 2132 403 CAP.
2174 345 2235 401 ll.

3373 353 3476 410 598

181 466 304 523 loco
333 480 433 524 suo
453 466 587 524 satis
608 466 856 538 apposite
875 467 1122 522 restituta
1139 466 1412 534 videntur,
1439 466 1523 522 his
1545 466 1786 537 exceptis
1812 471 1867 529 Α
1896 483 1913 515 t
1954 463 2322 535 Numquamne
2347 462 2476 519 illud
2505 462 2778 535 vulgatum
2828 465 3149 533 perstrinxit
3172 478 3330 523 aures
3359 484 3481 525 ves-

180 559 361 615 verbis
394 577 407 613 :
443 570 499 612 ut
526 576 629 614 non
669 560 723 614 in
768 569 974 614 cunctos
1003 560 1173 614 lumen
1199 570 1244 614 et
1273 559 1599 629 praetenderit
1629 559 1776 627 vitaz,

180 667 230 714 et
256 657 547 728 periculurn
593 661 932 731 ignorationis
973 662 1257 728 amaverit;
1305 677 1424 732 qua:
1454 660 1670 733 quidem
1726 660 1781 715 in

179 752 504 824 quibusdam
532 753 863 811 editionibus
889 757 1087 811 omissa
1106 798 1122 823 ,
1153 765 1209 812 et
1236 756 1289 811 in
1318 756 1508 811 ultima
1539 755 1778 811 editione

179 846 309 902 loco
330 845 510 902 adhuc
535 846 715 904 alieno
744 847 946 903 inserta
970 863 1130 904 nemo
1156 847 1403 904 fortassis
1441 847 1776 904 ditﬁtebitur.

177 936 374 994 Nonne
399 948 585 995 autem
613 938 665 994 id
713 940 919 996 indicio
962 940 1106 997 haud
1149 941 1307 1011 plane
1348 942 1581 997 obscuro
1627 941 1780 995 nobis

176 1041 265 1088 est
292 1032 509 1087 illorum
534 1074 550 1101 ,
578 1032 670 1103 qui
701 1033 907 1088 ultimis
938 1037 1131 1089 horum
1163 1034 1424 1091 librorutn
1454 1033 1781 1090 editionibus

178 1122 553 1193 pmfuerunt,
589 1125 806 1195 pr0pria
852 1125 1176 1181 auctoritate
1223 1126 1413 1181 lactant
1440 1125 1609 1182 fuisse
1636 1141 1778 1197 prte-

180 1227 456 1287 posteram
488 1217 633 1274 illius
660 1216 944 1291 fragmenti
973 1221 1389 1275 restitutionem.

253 1309 417 1366 Aliud
449 1324 610 1382 porro
640 1320 768 1367 ante
812 1312 976 1366 tinem
1028 1311 1151 1366 libri
1196 1312 1410 1384 septimi
1441 1321 1781 1382 segmentum

178 1405 247 1461 ab
274 1405 361 1460 bis
390 1406 569 1462 verbis
596 1423 610 1462 :
636 1404 760 1461 Non
786 1407 920 1462 imus
948 1407 1155 1477 inﬁcias
1174 1450 1189 1476 ,
1243 1423 1413 1479 usque
1445 1405 1511 1463 ad
1558 1409 1643 1463 illa
1695 1409 1780 1462 itt-

179 1498 389 1553 clusive
420 1515 437 1552 :
468 1497 599 1554 Post
625 1500 892 1567 aduectos,
929 1509 1059 1566 ctc.,
1109 1500 1159 1555 in
1192 1501 1558 1572 manuscripto
1595 1499 1781 1556 codice

179 1592 335 1662 regio
356 1599 414 1647 et
438 1593 830 1663 antiquissimis
859 1593 1188 1650 editionibus
1218 1594 1525 1663 exhibetur,
1574 1596 1627 1649 in
1674 1610 1782 1665 quo

182 1683 374 1756 plura,
431 1701 550 1757 qua:
599 1686 750 1757 prius
798 1685 1056 1758 dispersis
1101 1687 1154 1742 in
1184 1687 1315 1743 locis
1339 1687 1481 1743 dicta
1530 1685 1779 1756 fuerant,

182 1780 410 1836 totidem
457 1780 637 1836 verbis
690 1781 886 1837 iterum
932 1781 1203 1852 descripta
1237 1791 1382 1837 sunt.
1414 1782 1778 1853 QuaprOpter.

1887 568 2001 613 tras
2058 579 2070 614 :
2130 558 2460 629 Sapientiam
2526 558 2761 613 hominis
2819 560 3099 614 stultitiam
3155 576 3276 616 esse
3332 561 3478 629 apud

1884 652 2050 705 Deum
2083 671 2102 703 ι
2141 650 2378 723 (Arnob.,
2410 651 2499 705 lib.
2525 667 2593 717 ιι,
2642 668 2762 722 pag.
2796 650 2948 721 46.)?
2999 651 3299 721 Sumptum~
3330 652 3479 711 enim

1882 743 2148 815 aliquibus
2180 744 2319 800 haud
2351 744 2624 800 immerito
2675 744 2970 811 videbitur,
3019 762 3082 800 ex
3117 747 3199 802 his
3226 746 3375 802 Pauli
3404 749 3475 804 ad

1883 836 2189 893 Corinthios
2222 838 2435 894 verbis:
2472 839 2743 910 Sapientia
2767 840 2920 911 Itujus
2950 841 3126 895 mundi
3157 842 3373 896 stultitia
3399 852 3477 899 est

1883 931 2024 1002 apud
2070 932 2236 985 Deum
2269 931 2322 1002 (ῐ
2360 933 2428 986 ad
2469 931 2728 996 Corinth.,
2760 949 2797 995 ι,
2826 934 2937 1004 19).
2964 933 3262 1004 Utcumque
3297 943 3479 992 autem

1882 1038 1971 1078 res
1998 1038 2054 1077 se
2086 1023 2312 1088 habeat,
2345 1024 2439 1077 vix
2473 1023 2641 1079 ullum
2687 1023 2833 1079 aliud
2866 1026 2917 1079 itt
2949 1026 3199 1081 omnibus
3247 1028 3479 1083 Arnobii

1886 1115 2037 1171 libris
2068 1115 2432 1171 testimonium
2466 1117 2728 1186 invenies,
2764 1132 2829 1174 ex
2860 1133 3013 1175 sacra
3043 1120 3318 1190 Scriptura
3350 1120 3482 1176 tuti-

1883 1209 2006 1264 dem
2036 1209 2205 1278 ipsius
2229 1209 2430 1277 verbis,
2462 1210 2548 1265 vel
2577 1212 2814 1265 auctoris
2846 1212 3062 1267 nomine
3092 1214 3339 1268 citatum.
3370 1212 3476 1269 No-
3516 1212 3519 1215 λ

1884 1301 1983 1355 luit
2012 1303 2210 1373 itaque,
2236 1314 2421 1372 aperta
2441 1302 2685 1372 ejusdem
2714 1318 2883 1360 sacra:
2911 1305 3204 1376 Scriptura:
3233 1309 3477 1363 auctori-

1884 1404 2015 1463 tate,
2069 1399 2327 1455 adversus
2358 1401 2602 1457 ethnicos
2657 1402 2950 1470 dimicare,
3006 1409 3255 1476 quamvis
3298 1407 3388 1463 alii
3422 1409 3483 1464 in

1885 1489 2072 1546 iisdem
2122 1493 2379 1551 adversus
2429 1495 2553 1551 illos
2599 1496 3055 1566 disputationibus
3121 1500 3349 1558 feliciter
3398 1503 3486 1559 usi

1885 1582 2010 1638 sint.
2048 1585 2208 1642 Suam
2238 1590 2437 1660 quippe
2484 1590 2747 1647 adversus
2794 1590 3041 1650 homines
3096 1594 3243 1650 illam
3290 1612 3481 1669 asper-

1885 1687 2099 1747 nantes,
2129 1696 2350 1750 operam
2383 1684 2608 1753 perdere
2636 1685 2779 1740 haud
2810 1685 2970 1743 dubie
2992 1689 3301 1757 verebatur.

1955 1768 2318 1838 Quamobrem
2368 1774 2624 1847 pleraque
2669 1779 2849 1833 omnia
2900 1779 3098 1836 Christi
3133 1782 3392 1839 miracula
3426 1785 3485 1842 in

181 1871 601 1929 Stcwechiusin
626 1889 722 1929 sua
753 1873 943 1929 horum
972 1874 1197 1930 Arnobii
1228 1873 1487 1930 librorum
1516 1875 1775 1943 editione,
1809 1873 1858 1934 B
1884 1864 2007 1918 ηονὶ
2059 1863 2391 1923 Testamenli
2441 1868 2594 1924 libris
2640 1868 2915 1942 descripta
2936 1916 2952 1938 ,
3000 1889 3108 1928 non
3142 1883 3248 1929 tam
3278 1892 3345 1931 ex
3376 1877 3483 1933 illis

182 1983 246 2023 ea
293 1968 478 2023 omnia
527 1967 593 2023 ad
648 1969 829 2040 operis
875 1968 1082 2024 calcem
1133 1968 1341 2038 rejecit.
1375 1967 1435 2024 In
1488 1969 1780 2039 postremis

183 2076 312 2118 vero
358 2061 690 2118 editionibus
749 2063 966 2133 penitus
1033 2062 1235 2118 omissa
1304 2073 1453 2117 sunt.
1506 2062 1613 2118 Sed
1659 2062 1779 2117 licet:

181 2153 407 2209 omissio
439 2152 641 2223 notari,
696 2164 791 2210 aut
826 2154 975 2210 illius
1014 2153 1194 2226 aliqua
1239 2154 1428 2213 saltem
1460 2154 1596 2209 ratio
1626 2153 1780 2209 reddi

180 2250 430 2307 debebaL

250 2343 474 2412 Qumret
494 2343 724 2400 fortasse
749 2344 944 2415 aliquis
964 2359 1060 2399 cur
1085 2343 1336 2398 librarius
1359 2351 1465 2398 tam
1486 2341 1777 2398 absurdum

177 2436 543 2509 fragmentum
575 2439 629 2493 in
658 2437 883 2493 Arnobii
916 2447 1122 2493 textum
1167 2435 1443 2493 intrudere
1473 2451 1639 2491 ausus
1684 2436 1776 2489 sit.

178 2529 287 2585 Sed
322 2526 699 2600 hujuscemodi
735 2529 1057 2585 temeritatis
1104 2544 1323 2585 causam
1370 2526 1612 2600 proferre
1638 2526 1780 2583 diffi-

176 2623 444 2679 cillimum
485 2632 586 2681 est.
619 2623 812 2681 Nonne
843 2634 1024 2681 tamen
1054 2622 1197 2680 haud
1224 2625 1405 2697 inepte
1434 2624 1537 2679 dici
1582 2624 1781 2695 poterit

176 2714 469 2787 quamdam
493 2716 547 2770 in
579 2717 744 2788 priori
767 2717 1066 2773 arnobiano
1095 2714 1307 2784 codice,
1340 2733 1409 2772 ex
1435 2733 1542 2788 quo
1572 2717 1779 2787 primus

177 2809 432 2866 librarius
480 2826 636 2867 suum
688 2812 1061 2881 transcripsit,
1115 2810 1292 2868 fuisse
1342 2812 1631 2880 lacunam,
1685 2821 1780 2867 aut

173 2904 341 2961 verba
373 2914 678 2971 vetustate,
730 2917 823 2961 aut
868 2906 976 2962 alio
1022 2906 1206 2979 aliquo
1236 2922 1367 2963 casu
1407 2907 1622 2976 deleta,
1654 2923 1777 2979 quae

173 2994 274 3051 ille
317 3011 535 3067 quoquo
582 2995 797 3054 tandem
852 2997 1015 3055 modo
1061 2999 1315 3071 supplere
1362 2999 1562 3067 voluit,
1595 3011 1652 3054 ut
1681 3014 1775 3056 co-

174 3087 355 3144 dicem
378 3104 534 3144 suum
558 3090 763 3161 majore
794 3091 1057 3147 venderet
1080 3093 1254 3163 pretio
1275 3135 1291 3160 ,
1323 3103 1377 3148 et
1405 3093 1657 3148 omnibus
1690 3093 1774 3148 in-

176 3192 392 3255 tegrum
428 3199 551 3240 esse
592 3180 987 3256 persuaderet?
1029 3180 1103 3243 Ut
1148 3195 1205 3241 ut
1234 3185 1338 3253 sit,
1371 3182 1486 3241 haec
1513 3200 1621 3241 non
1653 3201 1776 3241 esse

173 3274 401 3331 Arnobii
428 3274 706 3331 monuisse
733 3276 986 3333 sufﬁciat.

251 3368 494 3423 Plurima
517 3376 696 3425 autem
720 3369 773 3424 in
796 3370 987 3426 eodem
1010 3369 1233 3427 Arnobii
1260 3380 1407 3427 textu
1430 3369 1547 3426 loca
1575 3369 1773 3441 passim

175 3470 509 3527 occurrunt,
547 3476 575 3514 a
606 3460 829 3517 librario
858 3461 1126 3519 oscitante
1154 3473 1208 3519 et
1236 3464 1424 3535 ignaro
1467 3462 1607 3520 foede
1648 3478 1773 3519 cor-

173 3564 357 3626 rupta.
387 3551 493 3611 Sed
522 3567 583 3609 ea
611 3553 920 3624 singulatim
945 3571 1229 3612 recensere
1261 3569 1369 3611 tam
1398 3554 1554 3613 nobis
1582 3555 1769 3625 facile,

173 3664 339 3722 quam
369 3647 490 3702 aliis
522 3647 813 3703 molestum
853 3646 995 3703 haud
1024 3648 1183 3704 dubie
1210 3649 1369 3704 foret.
1400 3651 1446 3704 A
1478 3662 1583 3704 tam
1612 3650 1773 3720 longa

169 3746 357 3815 itaque
386 3742 600 3798 illorum
628 3743 1040 3800 enumeratione
1077 3759 1219 3800 nunc
1262 3760 1328 3801 eo
1356 3745 1630 3802 lubentius
1672 3745 1770 3802 al)-

170 3836 441 3893 stinemus
464 3876 482 3903 ,
524 3849 632 3905 quo
682 3834 910 3892 inferius
957 3837 1224 3909 praecipua
1253 3848 1431 3894 errata
1462 3819 1771 3910 corrigendi

169 3934 227 3985 et
282 3924 613 3984 emendandi
662 3928 1018 4001 Opportunior
1064 3929 1357 3988 identidem
1409 3930 1624 3988 dabitur
1673 3949 1768 3989 oc-

166 4021 340 4077 casio.

237 4110 547 4170 Observare
573 4111 789 4169 interim
806 4113 957 4185 juvat
984 4128 1087 4170 nec
1109 4129 1311 4187 paucos
1331 4158 1347 4185 ,
1377 4131 1479 4173 nec
1505 4116 1770 4190 ignobiles

164 4207 219 4265 in
244 4206 335 4261 bis
357 4204 508 4261 libris
537 4205 606 4261 ab
629 4206 869 4262 Arnobio
901 4218 1151 4263 auctores
1173 4207 1347 4263 citari.
1378 4210 1448 4265 At
1472 4226 1537 4267 ex
1560 4210 1770 4267 duobus

163 4298 437 4372 imprimis
456 4340 472 4363 ,
502 4297 765 4355 Cicerone
794 4309 848 4355 et
873 4298 1155 4356 Clemente
1178 4300 1547 4357 Alexandrino
1572 4344 1588 4371 ,
1631 4317 1770 4373 quo-

164 4407 287 4449 rum
320 4392 553 4464 primum
600 4391 797 4448 alicubi
844 4408 1137 4462 erprcsso,
1192 4394 1425 4449 alterum
1474 4410 1769 4466 suppresso

164 4484 391 4544 nomine
412 4487 632 4555 laudnt,
673 4487 903 4559 plurinta
930 4489 1207 4544 delibavit.
1237 4490 1408 4558 Quam
1436 4494 1604 4547 multa
1640 4506 1769 4547 vero

165 4598 235 4639 ex
263 4580 535 4640 Cicerone
561 4582 925 4654 decerpserit,
969 4585 1147 4640 disces
1211 4586 1293 4643 his
1348 4587 1660 4660 Hieronymi
1701 4589 1768 4643 ad

1885 1957 2225 2031 deprompta,
2242 1978 2402 2033 quam
2426 1978 2490 2027 ex
2515 1972 2685 2029 certa,
2706 1964 2979 2021 constanti
3009 1982 3071 2023 ac
3098 1968 3307 2037 publica
3342 1970 3484 2027 fama

1883 2062 1937 2109 et
1967 2056 2207 2110 omnium
2240 2056 2584 2113 confessione
2614 2058 2839 2129 probata
2864 2062 3132 2131 proponit.
3162 2066 3233 2118 At
3258 2064 3479 2135 alicubi,

1884 2154 1942 2199 ut
1967 2144 2020 2201 id
2042 2147 2222 2203 obiter
2246 2149 2618 2218 observemus,
2649 2152 2716 2207 de
2740 2153 2966 2223 panibus
2996 2171 3026 2209 a
3057 2154 3275 2212 Christo
3304 2159 3484 2215 multi-

1883 2240 2098 2310 plicatis
2119 2243 2197 2298 sic
2229 2241 2471 2314 loquitur
2492 2262 2508 2302 :
2535 2264 2553 2297 ι
2581 2245 2933 2317 Sequentium
2957 2264 3016 2305 se
3032 2250 3197 2305 millia
3219 2253 3478 2326 quinque,

1884 2334 2123 2405 quinque
2153 2338 2415 2393 saturavit
2444 2339 2691 2408 panibus,
2728 2357 2791 2396 ac
2823 2358 2890 2397 ne
2922 2358 3044 2399 esse
3076 2346 3359 2418 praistigiaa
3389 2347 3479 2403 in-

1883 2425 2120 2483 credulis
2156 2428 2266 2483 illis
2298 2429 2614 2487 viderentur
2640 2442 2693 2488 et
2715 2431 2865 2489 duris
2885 2478 2901 2502 ,
2926 2436 3008 2490 bis
3039 2452 3291 2494 senarum
3318 2456 3478 2510 spor-

1883 2529 2056 2576 tarum
2088 2523 2241 2579 sinus
2290 2525 2638 2597 reliquiarum
2697 2528 3049 2597 fragminibus
3103 2533 3413 2605 aggerebat.
3452 2562 3474 2589 ι

1882 2610 2022 2686 (Lib.
2056 2632 2092 2683 ι,
2128 2635 2247 2690 pag.
2282 2618 2401 2692 26).
2432 2617 2501 2676 Αι
2535 2622 2589 2677 ἱη
2622 2620 2861 2679 Mattbtei
2895 2622 3167 2698 Marcique
3186 2626 3482 2702 Evangelio

1881 2706 2109 2776 legimus
2140 2728 2153 2763 :
2189 2711 2395 2783 Septem
2436 2732 2691 2784 panes....
2718 2727 2764 2770 et
2801 2720 2939 2789 quod
2964 2721 3217 2793 superfuit
3245 2722 3308 2777 de
3333 2725 3480 2796 [rag-

1882 2800 2064 2856 mentis
2106 2802 2331 2858 tulerunt
2375 2818 2568 2878 septem
2608 2819 2811 2877 sporta:
2865 2811 3063 2880 plenas.
3084 2812 3239 2884 Apud
3274 2815 3475 2872 Lucam

1881 2909 2011 2949 vero
2036 2913 2049 2950 :
2077 2895 2312 2968 Acceptis
2335 2900 2555 2969 quinque
2584 2904 2800 2971 panibus
2818 2942 2831 2956 .
2855 2942 2870 2957 .
2893 2945 2905 2958 .
2929 2947 2942 2960 .
2997 2916 3044 2960 et
3092 2906 3349 2962 sublatum
3401 2919 3479 2965 est

1883 2987 2019 3058 quod
2046 2993 2301 3060 superfuit
2327 2988 2432 3045 illis
2467 2994 2676 3063 cophini
2708 2995 2994 3049 duodecim.
3054 2995 3296 3071 Denique
3335 3000 3479 3074 apud

1880 3079 2143 3135 Joannem
2172 3100 2184 3136 :
2218 3080 2543 3154 Collegerunt
2565 3102 2685 3157 ergo
2705 3127 2719 3154 ,
2769 3099 2816 3143 et
2842 3088 3181 3159 impleverunt
3208 3092 3478 3149 duodecim

1881 3174 2127 3246 cap/tinos
2155 3177 2559 3247 fragmentorum
2582 3196 2648 3233 ex
2668 3179 2888 3250 quinque
2914 3183 3129 3250 panibus
3156 3184 3475 3241 hordeaceis.

1804 3272 1849 3336 ρ
1882 3266 2092 3337 (Matth.
2122 3284 2213 3335 xv,
2242 3269 2311 3324 54
2340 3278 2397 3324 et
2425 3286 2573 3339 seq.;
2607 3270 2798 3338 Mam,
2830 3289 2940 3337 vttt,
2970 3272 3005 3329 6
3025 3282 3080 3330 et
3100 3292 3287 3348 seqq.;
3318 3277 3476 3347 Luc.,

1876 3376 1958 3428 tx,
1990 3362 2089 3427 l7;
2121 3360 2281 3419 Joan.
2304 3405 2318 3430 ,
2345 3379 2398 3418 Vl
2428 3405 2443 3429 ,
2479 3364 2591 3434 15).
2622 3365 2782 3434 Atqui
2815 3375 3019 3436 septem
3053 3379 3274 3437 ενοτιω,
3299 3380 3358 3427 nt
3385 3372 3481 3427 ali-

1876 3453 1968 3523 qui
1998 3465 2348 3523 annutarunt,
2382 3457 2523 3526 plus,
2558 3472 2719 3527 quam
2759 3459 3043 3515 duodecim
3088 3460 3352 3531 cophinos
3382 3479 3476 3519 ca-

1877 3546 2113 3614 piebant.
2152 3548 2286 3604 Vide
2312 3565 2442 3620 ergo
2472 3560 2652 3606 utrum
2683 3552 2956 3609 Arnobius
2981 3596 2996 3620 ,
3035 3570 3155 3611 cum
3191 3557 3305 3614 haec
3333 3559 3469 3615 scri-

1876 3637 2050 3707 beret,
2078 3643 2357 3694 memoriae
2389 3640 2574 3712 lapsu,
2605 3656 2805 3699 nomen
2833 3656 3126 3717 sportarum
3158 3662 3257 3719 pro
3282 3649 3473 3724 cupbi-

1911 3746 2065 3788 orum
2097 3730 2171 3788 ibi
2200 3733 2460 3805 posuerit.

2484 3868 2778 3911 ABTICULUS
2800 3871 2875 3911 IV.

2058 3988 2136 4040 De
2158 3990 2445 4054 quibusdam
2468 3994 2720 4045 erroribus
2748 3993 2968 4049 Aruobio
3001 4000 3277 4067 adscriptis.

1960 4116 2174 4174 Nemini
2222 4131 2367 4176 certe
2411 4124 2605 4179 mirum
2656 4123 2826 4182 videri
2876 4127 3099 4186 deberet
3146 4131 3470 4203 Arnobium,

1871 4210 2109 4267 nondum
2139 4212 2373 4282 perfecta
2401 4214 2605 4272 divina:
2635 4216 2928 4289 Scriptura:
2965 4237 3355 4298 Sacrorumque
3383 4244 3472 4283 re-

1872 4302 2085 4373 ligionis
2110 4317 2308 4361 nostra:
2346 4310 2725 4380 mysteriorum
2758 4314 2945 4369 notitia
2981 4313 3326 4373 informatum
3348 4360 3364 4388 ,
3409 4321 3465 4374 in

1872 4397 2153 4469 quosdam,
2185 4417 2305 4456 cum
2340 4402 2438 4458 hos
2464 4404 2629 4459 libros
2660 4408 3044 4476 componebat,
3073 4409 3360 4481 impcgisse
3385 4429 3471 4469 er-

1872 4507 2054 4547 rorum
2078 4496 2345 4564 scopulos.
2365 4494 2558 4551 Utrum
2576 4506 2751 4552 autem
2767 4498 2891 4568 jure
2913 4500 2996 4555 vel
3023 4502 3215 4572 injuria
3246 4504 3464 4562 illorum

1870 4595 2173 4651 accusetur,
2207 4588 2620 4658 cxpendendum
2653 4599 2756 4644 est.
2791 4588 3006 4646 Primus
3050 4595 3229 4663 itaque
3257 4595 3307 4649 in
3343 4612 3460 4653 mc-

166 4674 421 4747 Magnutn
451 4674 630 4731 verbis
662 4693 677 4729 :
711 4677 851 4741 Quos
871 4718 887 4744 ,
923 4678 1148 4734 Arnobii
1176 4678 1371 4745 libros,
1406 4680 1451 4734 si
1492 4681 1658 4753 legere
1680 4697 1766 4735 vo-
1792 4682 1848 4744 1)
1872 4678 2016 4733 dium
2046 4678 2271 4749 prodeat
2301 4680 2786 4752 llieronymus,qui
2811 4682 2876 4737 ad
2900 4682 3329 4756 Tranquillinum
3352 4686 3469 4745 haec

170 4769 366 4838 lueris,
423 4768 751 4841 dialogorum
810 4766 1107 4837 Ciceronis,
1163 4771 1416 4827 videlicet
1473 4773 1542 4828 de
1569 4773 1772 4829 Natura

168 4860 396 4919 deorum
427 4862 480 4917 in
505 4866 577 4919 eis
602 4865 846 4940 ἐπιτὸμην
894 4867 1114 4936 reperies
1166 4865 1548 4939 (Hierongm.,
1612 4871 1765 4938 epist.

172 4972 403 5023 unm,
450 4957 520 5011 ad
562 4956 739 5030 Magn.
762 5000 777 5025 ,
826 4975 944 5030 pag.
977 4956 1126 5033 656).
1160 4958 1291 5027 Quae
1331 4971 1513 5015 autem
1545 4976 1609 5017 ex
1643 4961 1770 5015 Cle-

172 5063 356 5108 mente
401 5052 770 5107 Alexandrino
813 5064 1000 5109 auctor
1032 5066 1216 5111 noster
1247 5052 1460 5120 hausit,
1494 5071 1556 5111 ea
1591 5073 1657 5111 ex
1688 5057 1769 5126 ip-

173 5144 286 5201 sius
327 5144 394 5199 ad
424 5143 645 5200 Graecos
686 5144 1055 5201 admonitione
1086 5156 1357 5204 mutuatus
1402 5154 1504 5202 est.
1552 5147 1772 5218 Singula

174 5252 367 5310 porro,
400 5252 524 5309 qua:
548 5252 614 5294 ex
647 5247 878 5310 utroque
899 5239 1163 5311 scriptore
1193 5255 1318 5295 suos
1350 5239 1401 5295 in
1429 5241 1597 5296 libros
1627 5246 1776 5295 tran-

174 5333 353 5399 stulit,
406 5344 530 5387 cum
573 5330 713 5387 infra
757 5347 786 5387 a
838 5332 992 5388 nobis
1044 5332 1361 5404 exponenda
1409 5335 1546 5399 sint,
1594 5334 1675 5389 his
1704 5349 1773 5389 ne

174 5426 364 5481 eadem
389 5433 705 5496 repetamus
724 5466 739 5493 ,
770 5438 912 5480 nunc
935 5426 1284 5482 recensendis
1310 5425 1772 5499 supersedendum

176 5519 451 5576 duximus.

246 5614 402 5671 Nulla
427 5618 605 5671 autem
636 5613 719 5669 his
760 5612 814 5668 in
839 5610 991 5670 libris
1018 5629 1305 5685 expressa,
1334 5623 1426 5669 aut
1454 5615 1619 5668 citato
1647 5626 1777 5667 auc-

178 5705 311 5765 toris
323 5708 566 5771 nomine,
582 5706 889 5763 testimonia
911 5722 1081 5763 sacrae
1100 5706 1393 5781 Scriptura:
1414 5705 1656 5778 protulit,
1673 5704 1774 5759 nisi

179 5799 313 5858 illud
340 5799 488 5872 quod
514 5813 621 5856 non
648 5806 759 5854 tam
786 5812 853 5855 ex
883 5815 1039 5857 sacro
1067 5800 1248 5873 aliquo
1273 5802 1539 5872 scriptore
1561 5842 1575 5867 ,
1615 5812 1777 5869 quam

180 5909 246 5952 ex
296 5894 532 5966 quodam
578 5892 786 5964 vulgari
836 5907 1089 5953 sermone
1116 5893 1420 5966 profectum
1458 5892 1772 5964 signiﬁcat:

1873 4774 2087 4843 scripsit
2112 4772 2163 4827 in
2196 4773 2398 4829 verba:
2435 4794 2454 4826 ι
2490 4773 2602 4845 Ego
2630 4774 2920 4847 Origenem
2952 4791 3170 4850 propter
3200 4783 3466 4839 eruditio-

1876 4881 1996 4920 nem
2030 4866 2106 4919 sic
2134 4865 2400 4918 interdum
2433 4865 2714 4936 legendum
2745 4869 3001 4939 arbitror,
3032 4875 3304 4944 quomodo
3331 4874 3469 4932 Ter—

1874 4958 2189 5024 tullianum,
2234 4956 2534 5027 Novatum,
2584 4962 2916 5031 Arnobium,
2962 4966 3364 5037 Apollinarem,
3417 4983 3476 5029 et

1874 5051 2159 5106 nonnullos
2200 5050 2595 5108 ecclesiasticos
2634 5055 2968 5126 scriptores;
3023 5070 3075 5113 ut
3106 5063 3241 5115 huna
3276 5076 3466 5117 eorum

1874 5145 2164 5216 seligamus
2187 5187 2202 5214 ,
2234 5146 2574 5218 vitemusque
2602 5153 2874 5207 contraria
2902 5194 2918 5221 ,
2960 5152 3115 5224 juxta
3148 5157 3463 5226 Apustolum

1877 5239 2181 5295 dicentem:
2215 5235 2407 5295 Omnia
2436 5242 2685 5314 probate,
2727 5247 2868 5317 quod
2901 5247 3098 5303 bonum
3127 5259 3211 5304 cst
3231 5259 3408 5306 tenete
3441 5272 3460 5304 ι

1877 5330 2236 5405 (Hieronytn.,
2270 5336 2416 5406 epist.
2454 5335 2557 5405 56,
2589 5340 2657 5391 ad
2685 5336 2972 5409 Tranquill.
2998 5384 3013 5411 ,
3049 5360 3168 5416 pag.
3204 5344 3353 5416 589).
3388 5345 3469 5402 Ita

1877 5442 2007 5482 sane
2035 5427 2264 5482 eximius
2292 5428 2379 5483 ille
2406 5429 2488 5484 vir
2515 5430 2759 5501 quaedam
2785 5434 2835 5485 in
2858 5434 3077 5489 Aruobii
3109 5437 3304 5503 nostri,
3330 5438 3472 5494 sicut

1881 5530 1936 5573 et
1964 5518 2189 5573 aliorum
2220 5522 2572 5590 quorumdam
2617 5524 2765 5580 libris
2800 5525 3041 5582 cavenda
3073 5542 3194 5584 esse
3220 5545 3320 5585 nos
3348 5547 3468 5587 mo-

1880 5610 2034 5665 deste
2064 5610 2363 5667 admonuit.

1950 5703 2151 5761 Verum
2202 5704 2534 5761 recentiores
2575 5705 2795 5776 quidam
2827 5722 2935 5765 non
2962 5720 3073 5767 tam
3104 5716 3243 5786 aequi
3263 5758 3277 5783 ,
3307 5725 3471 5789 atque

1879 5795 2258 5870 llierouymus,
2288 5799 2343 5853 in
2371 5797 2621 5865 antiquos
2664 5810 2880 5857 nostros
2933 5805 3230 5877 scriptores
3277 5808 3470 5879 animi,

1878 5887 2135 5949 audacter
2172 5888 2447 5951 afﬁrmant
2473 5884 2774 5957 Arnobium
2796 5897 2984 5958 nonin
3003 5900 3433 5977 qualescumque
3453 5946 3468 5976 ,
