  <div class='ocr_page' id='page_1' title='image "/cluster/home/n/w/nwhite01/storage/ocr_20150623/5/umn.31951002477299b/209.png"; bbox 0 0 4030 6312; ppageno 0'>
   <div class='ocr_carea' id='block_1_1' title="bbox 515 309 624 370">
    <p class='ocr_par' dir='ltr' id='par_1_1' title="bbox 515 309 624 370">
     <span class='ocr_line' id='line_1_1' title="bbox 515 309 624 370; baseline 0 -1"><span class='ocrx_word' id='word_1_1' title='bbox 515 309 624 370; x_wconf 79' lang='lat'><strong>399</strong></span> 
     </span>
    </p>
   </div>
   <div class='ocr_carea' id='block_1_2' title="bbox 1736 297 2508 360">
    <p class='ocr_par' dir='ltr' id='par_1_2' title="bbox 1736 297 2508 360">
     <span class='ocr_line' id='line_1_2' title="bbox 1736 297 2508 360; baseline -0.006 -2"><span class='ocrx_word' id='word_1_2' title='bbox 1736 298 2187 360; x_wconf 70' lang='lat' dir='ltr'><strong>DISSERTATIO</strong></span> <span class='ocrx_word' id='word_1_3' title='bbox 2225 297 2508 356; x_wconf 61' lang='lat' dir='ltr'><strong>PRIEV’IA</strong></span> 
     </span>
    </p>
   </div>
   <div class='ocr_carea' id='block_1_3' title="bbox 3699 287 3810 346">
    <p class='ocr_par' dir='ltr' id='par_1_3' title="bbox 3699 287 3810 346">
     <span class='ocr_line' id='line_1_3' title="bbox 3699 287 3810 346; baseline -0.018 0"><span class='ocrx_word' id='word_1_4' title='bbox 3699 287 3810 346; x_wconf 73' lang='grc'><strong>400</strong></span> 
     </span>
    </p>
   </div>
   <div class='ocr_carea' id='block_1_4' title="bbox 507 409 3806 497">
    <p class='ocr_par' dir='ltr' id='par_1_4' title="bbox 507 409 3806 497">
     <span class='ocr_line' id='line_1_4' title="bbox 507 409 3806 497; baseline -0.006 -14"><span class='ocrx_word' id='word_1_5' title='bbox 507 425 884 485; x_wconf 85' lang='lat' dir='ltr'><strong>sed&#39;omnium</strong></span> <span class='ocrx_word' id='word_1_6' title='bbox 913 423 1260 497; x_wconf 85' lang='lat' dir='ltr'><strong>gravissimos</strong></span> <span class='ocrx_word' id='word_1_7' title='bbox 1308 419 1568 478; x_wconf 82' lang='lat' dir='ltr'><strong>incidisse</strong></span> <span class='ocrx_word' id='word_1_8' title='bbox 1611 433 1848 477; x_wconf 89' lang='lat' dir='ltr'><strong>errores.</strong></span> <span class='ocrx_word' id='word_1_9' title='bbox 1879 421 1960 476; x_wconf 85' lang='lat' dir='ltr'><strong>Ab</strong></span> <span class='ocrx_word' id='word_1_10' title='bbox 1995 419 2101 475; x_wconf 80' lang='lat' dir='ltr'><strong>lle-</strong></span> <span class='ocrx_word' id='word_1_11' title='bbox 2133 417 2188 478; x_wconf 80' lang='grc' dir='ltr'><strong>Α</strong></span> <span class='ocrx_word' id='word_1_12' title='bbox 2212 419 2519 488; x_wconf 82' lang='lat' dir='ltr'><strong>nuscriptus</strong></span> <span class='ocrx_word' id='word_1_13' title='bbox 2562 411 2766 479; x_wconf 82' lang='lat' dir='ltr'><strong>codex,</strong></span> <span class='ocrx_word' id='word_1_14' title='bbox 2811 413 2862 468; x_wconf 92' lang='lat' dir='ltr'><strong>in</strong></span> <span class='ocrx_word' id='word_1_15' title='bbox 2913 411 3330 483; x_wconf 89' lang='lat' dir='ltr'><strong>locupletissima</strong></span> <span class='ocrx_word' id='word_1_16' title='bbox 3367 409 3806 467; x_wconf 88' lang='lat' dir='ltr'><strong>christianissimi</strong></span> 
     </span>
    </p>
   </div>
   <div class='ocr_carea' id='block_1_5' title="bbox 510 513 2108 587">
    <p class='ocr_par' dir='ltr' id='par_1_5' title="bbox 510 513 2108 587">
     <span class='ocr_line' id='line_1_5' title="bbox 510 513 2108 587; baseline -0.006 -10"><span class='ocrx_word' id='word_1_17' title='bbox 510 521 670 577; x_wconf 85' lang='lat' dir='ltr'><strong>raldo</strong></span> <span class='ocrx_word' id='word_1_18' title='bbox 701 520 962 587; x_wconf 69' lang='lat' dir='ltr'><strong>siquidem</strong></span> <span class='ocrx_word' id='word_1_19' title='bbox 996 515 1349 572; x_wconf 87' lang='lat' dir='ltr'><strong>intolerabilis</strong></span> <span class='ocrx_word' id='word_1_20' title='bbox 1383 515 1544 584; x_wconf 91' lang='lat' dir='ltr'><strong>plane</strong></span> <span class='ocrx_word' id='word_1_21' title='bbox 1586 513 1906 583; x_wconf 60' lang='lat' dir='ltr'><strong>ignorantia:</strong></span> <span class='ocrx_word' id='word_1_22' title='bbox 1931 524 1983 568; x_wconf 91' lang='lat' dir='ltr'><strong>et</strong></span> <span class='ocrx_word' id='word_1_23' title='bbox 2015 529 2108 569; x_wconf 84' lang='lat' dir='ltr'><strong>er-</strong></span> 
     </span>
    </p>
   </div>
   <div class='ocr_carea' id='block_1_6' title="bbox 508 608 2101 680">
    <p class='ocr_par' dir='ltr' id='par_1_6' title="bbox 508 608 2101 680">
     <span class='ocr_line' id='line_1_6' title="bbox 508 608 2101 680; baseline -0.006 -9"><span class='ocrx_word' id='word_1_24' title='bbox 508 615 658 671; x_wconf 88' lang='lat' dir='ltr'><strong>roris</strong></span> <span class='ocrx_word' id='word_1_25' title='bbox 699 614 898 668; x_wconf 90' lang='lat' dir='ltr'><strong>idcirco</strong></span> <span class='ocrx_word' id='word_1_26' title='bbox 935 610 1351 676; x_wconf 74' lang='lat' dir='ltr'><strong>condemnatur,</strong></span> <span class='ocrx_word' id='word_1_27' title='bbox 1387 609 1532 680; x_wconf 90' lang='lat' dir='ltr'><strong>quod</strong></span> <span class='ocrx_word' id='word_1_28' title='bbox 1563 608 1827 663; x_wconf 82' lang='lat' dir='ltr'><strong>adversus</strong></span> <span class='ocrx_word' id='word_1_29' title='bbox 1869 608 2101 678; x_wconf 90' lang='lat' dir='ltr'><strong>gentiles</strong></span> 
     </span>
    </p>
   </div>
   <div class='ocr_carea' id='block_1_7' title="bbox 507 699 2104 778">
    <p class='ocr_par' dir='ltr' id='par_1_7' title="bbox 507 699 2104 778">
     <span class='ocr_line' id='line_1_7' title="bbox 507 699 2104 778; baseline -0.006 -15"><span class='ocrx_word' id='word_1_30' title='bbox 507 705 854 778; x_wconf 80' lang='lat' dir='ltr'><strong>disputando,</strong></span> <span class='ocrx_word' id='word_1_31' title='bbox 877 705 1110 758; x_wconf 90' lang='lat' dir='ltr'><strong>fateatur</strong></span> <span class='ocrx_word' id='word_1_32' title='bbox 1137 717 1198 758; x_wconf 91' lang='lat' dir='ltr'><strong>se</strong></span> <span class='ocrx_word' id='word_1_33' title='bbox 1227 702 1440 757; x_wconf 77' lang='lat' dir='ltr'><strong>nescire</strong></span> <span class='ocrx_word' id='word_1_34' title='bbox 1470 702 1560 771; x_wconf 85' lang='lat' dir='ltr'><strong>qui</strong></span> <span class='ocrx_word' id='word_1_35' title='bbox 1590 702 1702 756; x_wconf 89' lang='lat' dir='ltr'><strong>veri</strong></span> <span class='ocrx_word' id='word_1_36' title='bbox 1732 701 1840 756; x_wconf 90' lang='lat' dir='ltr'><strong>siut</strong></span> <span class='ocrx_word' id='word_1_37' title='bbox 1864 701 1957 754; x_wconf 90' lang='lat' dir='ltr'><strong>dii.</strong></span> <span class='ocrx_word' id='word_1_38' title='bbox 1980 699 2104 754; x_wconf 58' lang='lat' dir='ltr'><strong>Haec</strong></span> 
     </span>
    </p>
   </div>
   <div class='ocr_carea' id='block_1_8' title="bbox 505 794 2101 862">
    <p class='ocr_par' dir='ltr' id='par_1_8' title="bbox 505 794 2101 862">
     <span class='ocr_line' id='line_1_8' title="bbox 505 794 2101 862; baseline -0.005 -8"><span class='ocrx_word' id='word_1_39' title='bbox 505 811 691 856; x_wconf 88' lang='lat' dir='ltr'><strong>autem</strong></span> <span class='ocrx_word' id='word_1_40' title='bbox 739 808 865 854; x_wconf 88' lang='lat' dir='ltr'><strong>sunt</strong></span> <span class='ocrx_word' id='word_1_41' title='bbox 906 794 1130 852; x_wconf 84' lang='lat' dir='ltr'><strong>Aruobii</strong></span> <span class='ocrx_word' id='word_1_42' title='bbox 1160 795 1227 850; x_wconf 88' lang='lat' dir='ltr'><strong>ad</strong></span> <span class='ocrx_word' id='word_1_43' title='bbox 1257 797 1504 850; x_wconf 76' lang='lat' dir='ltr'><strong>ethnicos</strong></span> <span class='ocrx_word' id='word_1_44' title='bbox 1526 795 1688 850; x_wconf 89' lang='lat' dir='ltr'><strong>verba</strong></span> <span class='ocrx_word' id='word_1_45' title='bbox 1722 811 1736 848; x_wconf 89' lang='lat'><strong>:</strong></span> <span class='ocrx_word' id='word_1_46' title='bbox 1778 813 1796 846; x_wconf 72' lang='grc' dir='ltr'>ί</span> <span class='ocrx_word' id='word_1_47' title='bbox 1827 794 1930 862; x_wconf 85' lang='lat' dir='ltr'><strong>Qui</strong></span> <span class='ocrx_word' id='word_1_48' title='bbox 1956 801 2101 859; x_wconf 75' lang='lat' dir='ltr'><strong>sunt,</strong></span> 
     </span>
    </p>
   </div>
   <div class='ocr_carea' id='block_1_9' title="bbox 505 887 2108 965">
    <p class='ocr_par' dir='ltr' id='par_1_9' title="bbox 505 887 2108 965">
     <span class='ocr_line' id='line_1_9' title="bbox 505 887 2108 965; baseline -0.006 -15"><span class='ocrx_word' id='word_1_49' title='bbox 505 893 751 965; x_wconf 83' lang='lat' dir='ltr'><strong>inquitis,</strong></span> <span class='ocrx_word' id='word_1_50' title='bbox 782 893 854 949; x_wconf 93' lang='lat' dir='ltr'><strong>dii</strong></span> <span class='ocrx_word' id='word_1_51' title='bbox 878 891 1034 946; x_wconf 89' lang='lat' dir='ltr'><strong>veri?</strong></span> <span class='ocrx_word' id='word_1_52' title='bbox 1073 891 1142 946; x_wconf 89' lang='lat' dir='ltr'><strong>Ut</strong></span> <span class='ocrx_word' id='word_1_53' title='bbox 1169 890 1442 945; x_wconf 89' lang='lat' dir='ltr'><strong>communi</strong></span> <span class='ocrx_word' id='word_1_54' title='bbox 1481 890 1634 945; x_wconf 81' lang='lat' dir='ltr'><strong>vobis</strong></span> <span class='ocrx_word' id='word_1_55' title='bbox 1660 898 1715 942; x_wconf 77' lang='lat' dir='ltr'><strong>et</strong></span> <span class='ocrx_word' id='word_1_56' title='bbox 1738 887 1967 958; x_wconf 89' lang='lat' dir='ltr'><strong>simplici</strong></span> <span class='ocrx_word' id='word_1_57' title='bbox 1993 902 2108 942; x_wconf 92' lang='lat' dir='ltr'><strong>res-</strong></span> 
     </span>
    </p>
   </div>
   <div class='ocr_carea' id='block_1_10' title="bbox 504 980 2101 1062">
    <p class='ocr_par' dir='ltr' id='par_1_10' title="bbox 504 980 2101 1062">
     <span class='ocr_line' id='line_1_10' title="bbox 504 980 2101 1062; baseline -0.008 -18"><span class='ocrx_word' id='word_1_58' title='bbox 504 989 844 1062; x_wconf 88' lang='lat' dir='ltr'><strong>pondeamus</strong></span> <span class='ocrx_word' id='word_1_59' title='bbox 875 985 1038 1042; x_wconf 89' lang='lat' dir='ltr'><strong>verbo</strong></span> <span class='ocrx_word' id='word_1_60' title='bbox 1067 1002 1082 1040; x_wconf 91' lang='lat'><strong>:</strong></span> <span class='ocrx_word' id='word_1_61' title='bbox 1134 983 1252 1039; x_wconf 86' lang='lat' dir='ltr'><strong>Non</strong></span> <span class='ocrx_word' id='word_1_62' title='bbox 1301 984 1500 1039; x_wconf 89' lang='lat' dir='ltr'><strong>scimus</strong></span> <span class='ocrx_word' id='word_1_63' title='bbox 1537 1001 1556 1034; x_wconf 74' lang='grc' dir='ltr'><strong><em>ι</em></strong></span> <span class='ocrx_word' id='word_1_64' title='bbox 1592 981 1851 1052; x_wconf 88' lang='lat' dir='ltr'><strong>(Arnob.,</strong></span> <span class='ocrx_word' id='word_1_65' title='bbox 1887 980 1976 1034; x_wconf 85' lang='lat' dir='ltr'><strong>lib.</strong></span> <span class='ocrx_word' id='word_1_66' title='bbox 2009 994 2101 1044; x_wconf 92' lang='lat' dir='ltr'><strong>vu,</strong></span> 
     </span>
    </p>
   </div>
   <div class='ocr_carea' id='block_1_11' title="bbox 504 1075 2102 1156">
    <p class='ocr_par' dir='ltr' id='par_1_11' title="bbox 504 1075 2102 1156">
     <span class='ocr_line' id='line_1_11' title="bbox 504 1075 2102 1156; baseline -0.007 -19"><span class='ocrx_word' id='word_1_67' title='bbox 504 1101 628 1156; x_wconf 79' lang='lat' dir='ltr'><strong>pag.</strong></span> <span class='ocrx_word' id='word_1_68' title='bbox 657 1083 814 1152; x_wconf 72' lang='lat' dir='ltr'><strong>2H).</strong></span> <span class='ocrx_word' id='word_1_69' title='bbox 847 1083 1016 1148; x_wconf 79' lang='lat' dir='ltr'><strong>Quem</strong></span> <span class='ocrx_word' id='word_1_70' title='bbox 1058 1080 1111 1134; x_wconf 90' lang='lat' dir='ltr'><strong>in</strong></span> <span class='ocrx_word' id='word_1_71' title='bbox 1149 1079 1325 1133; x_wconf 81' lang='lat' dir='ltr'><strong>locum</strong></span> <span class='ocrx_word' id='word_1_72' title='bbox 1376 1077 1675 1132; x_wconf 84' lang='lat' dir='ltr'><strong>Heraldus:</strong></span> <span class='ocrx_word' id='word_1_73' title='bbox 1717 1094 1735 1127; x_wconf 73' lang='grc' dir='ltr'>ε</span> <span class='ocrx_word' id='word_1_74' title='bbox 1772 1075 2102 1136; x_wconf 81' lang='lat' dir='ltr'><strong>Enimvero,</strong></span> 
     </span>
    </p>
   </div>
   <div class='ocr_carea' id='block_1_12' title="bbox 501 1166 2105 1245">
    <p class='ocr_par' dir='ltr' id='par_1_12' title="bbox 501 1166 2105 1245">
     <span class='ocr_line' id='line_1_12' title="bbox 501 1166 2105 1245; baseline -0.008 -15"><span class='ocrx_word' id='word_1_75' title='bbox 501 1175 598 1240; x_wconf 86' lang='lat' dir='ltr'><strong>ait,</strong></span> <span class='ocrx_word' id='word_1_76' title='bbox 623 1176 743 1229; x_wconf 71' lang='lat' dir='ltr'><strong>lucc</strong></span> <span class='ocrx_word' id='word_1_77' title='bbox 771 1173 1038 1245; x_wconf 77' lang='lat' dir='ltr'><strong>ignoratio</strong></span> <span class='ocrx_word' id='word_1_78' title='bbox 1061 1171 1361 1226; x_wconf 81' lang='lat' dir='ltr'><strong>tolerabilis</strong></span> <span class='ocrx_word' id='word_1_79' title='bbox 1393 1186 1500 1224; x_wconf 89' lang='lat' dir='ltr'><strong>non</strong></span> <span class='ocrx_word' id='word_1_80' title='bbox 1529 1177 1631 1235; x_wconf 88' lang='lat' dir='ltr'><strong>est,</strong></span> <span class='ocrx_word' id='word_1_81' title='bbox 1659 1177 1824 1239; x_wconf 89' lang='lat' dir='ltr'><strong>atque</strong></span> <span class='ocrx_word' id='word_1_82' title='bbox 1848 1166 1972 1220; x_wconf 93' lang='lat' dir='ltr'><strong>hinc</strong></span> <span class='ocrx_word' id='word_1_83' title='bbox 1993 1181 2105 1236; x_wconf 90' lang='lat' dir='ltr'><strong>ap-</strong></span> 
     </span>
    </p>
   </div>
   <div class='ocr_carea' id='block_1_13' title="bbox 497 1259 2102 1340">
    <p class='ocr_par' dir='ltr' id='par_1_13' title="bbox 497 1259 2102 1340">
     <span class='ocr_line' id='line_1_13' title="bbox 497 1259 2102 1340; baseline -0.008 -15"><span class='ocrx_word' id='word_1_84' title='bbox 497 1278 656 1340; x_wconf 85' lang='lat' dir='ltr'><strong>paret</strong></span> <span class='ocrx_word' id='word_1_85' title='bbox 673 1269 994 1332; x_wconf 89' lang='lat' dir='ltr'><strong>Aruobium,</strong></span> <span class='ocrx_word' id='word_1_86' title='bbox 1019 1283 1142 1322; x_wconf 90' lang='lat' dir='ltr'><strong>cum</strong></span> <span class='ocrx_word' id='word_1_87' title='bbox 1167 1266 1267 1320; x_wconf 89' lang='lat' dir='ltr'><strong>hos</strong></span> <span class='ocrx_word' id='word_1_88' title='bbox 1290 1265 1458 1320; x_wconf 88' lang='lat' dir='ltr'><strong>libros</strong></span> <span class='ocrx_word' id='word_1_89' title='bbox 1480 1263 1763 1328; x_wconf 75' lang='lat' dir='ltr'><strong>scriberet,</strong></span> <span class='ocrx_word' id='word_1_90' title='bbox 1792 1262 1844 1315; x_wconf 91' lang='lat' dir='ltr'><strong>in</strong></span> <span class='ocrx_word' id='word_1_91' title='bbox 1865 1260 1989 1315; x_wconf 83' lang='lat' dir='ltr'><strong>ﬁ-lei</strong></span> <span class='ocrx_word' id='word_1_92' title='bbox 2017 1259 2102 1314; x_wconf 89' lang='lat' dir='ltr'><strong>vel</strong></span> 
     </span>
    </p>
   </div>
   <div class='ocr_carea' id='block_1_14' title="bbox 499 1353 2102 1434">
    <p class='ocr_par' dir='ltr' id='par_1_14' title="bbox 499 1353 2102 1434">
     <span class='ocr_line' id='line_1_14' title="bbox 499 1353 2102 1434; baseline -0.009 -16"><span class='ocrx_word' id='word_1_93' title='bbox 499 1363 790 1434; x_wconf 62' lang='lat' dir='ltr'><strong>praecipuis</strong></span> <span class='ocrx_word' id='word_1_94' title='bbox 819 1361 1089 1431; x_wconf 90' lang='lat' dir='ltr'><strong>capitibus</strong></span> <span class='ocrx_word' id='word_1_95' title='bbox 1116 1358 1284 1415; x_wconf 81' lang='lat' dir='ltr'><strong>fuisse</strong></span> <span class='ocrx_word' id='word_1_96' title='bbox 1310 1357 1642 1428; x_wconf 61' lang='lat' dir='ltr'><strong>huspiletna</strong></span> <span class='ocrx_word' id='word_1_97' title='bbox 1675 1355 1823 1410; x_wconf 91' lang='lat' dir='ltr'><strong>Itane</strong></span> <span class='ocrx_word' id='word_1_98' title='bbox 1852 1367 1984 1409; x_wconf 82' lang='lat' dir='ltr'><strong>vero</strong></span> <span class='ocrx_word' id='word_1_99' title='bbox 2004 1353 2102 1405; x_wconf 85' lang='lat' dir='ltr'><strong>Ar-</strong></span> 
     </span>
    </p>
   </div>
   <div class='ocr_carea' id='block_1_15' title="bbox 497 1442 2102 1518">
    <p class='ocr_par' dir='ltr' id='par_1_15' title="bbox 497 1442 2102 1518">
     <span class='ocr_line' id='line_1_15' title="bbox 497 1442 2102 1518; baseline -0.007 -9"><span class='ocrx_word' id='word_1_100' title='bbox 497 1455 696 1510; x_wconf 84' lang='lat' dir='ltr'><strong>nobius</strong></span> <span class='ocrx_word' id='word_1_101' title='bbox 749 1470 856 1508; x_wconf 90' lang='lat' dir='ltr'><strong>non</strong></span> <span class='ocrx_word' id='word_1_102' title='bbox 910 1461 1116 1507; x_wconf 90' lang='lat' dir='ltr'><strong>tantum</strong></span> <span class='ocrx_word' id='word_1_103' title='bbox 1161 1451 1214 1504; x_wconf 89' lang='lat' dir='ltr'><strong>in</strong></span> <span class='ocrx_word' id='word_1_104' title='bbox 1241 1465 1351 1505; x_wconf 90' lang='lat' dir='ltr'><strong>uno</strong></span> <span class='ocrx_word' id='word_1_105' title='bbox 1379 1465 1445 1504; x_wconf 87' lang='lat' dir='ltr'><strong>ex</strong></span> <span class='ocrx_word' id='word_1_106' title='bbox 1480 1445 1765 1518; x_wconf 67' lang='lat' dir='ltr'><strong>praecipuis</strong></span> <span class='ocrx_word' id='word_1_107' title='bbox 1821 1442 2102 1512; x_wconf 68' lang='lat' dir='ltr'><strong>religionis</strong></span> 
     </span>
    </p>
   </div>
   <div class='ocr_carea' id='block_1_16' title="bbox 495 1538 2100 1617">
    <p class='ocr_par' dir='ltr' id='par_1_16' title="bbox 495 1538 2100 1617">
     <span class='ocr_line' id='line_1_16' title="bbox 495 1538 2100 1617; baseline -0.008 -15"><span class='ocrx_word' id='word_1_108' title='bbox 495 1547 800 1617; x_wconf 82' lang='lat' dir='ltr'><strong>capitibus,</strong></span> <span class='ocrx_word' id='word_1_109' title='bbox 843 1545 938 1600; x_wconf 91' lang='lat' dir='ltr'><strong>sed</strong></span> <span class='ocrx_word' id='word_1_110' title='bbox 987 1544 1231 1599; x_wconf 89' lang='lat' dir='ltr'><strong>omnium</strong></span> <span class='ocrx_word' id='word_1_111' title='bbox 1280 1542 1452 1614; x_wconf 90' lang='lat' dir='ltr'><strong>primo</strong></span> <span class='ocrx_word' id='word_1_112' title='bbox 1479 1557 1542 1595; x_wconf 92' lang='lat' dir='ltr'><strong>ac</strong></span> <span class='ocrx_word' id='word_1_113' title='bbox 1572 1538 1943 1604; x_wconf 88' lang='lat' dir='ltr'><strong>fundamento,</strong></span> <span class='ocrx_word' id='word_1_114' title='bbox 1977 1551 2100 1589; x_wconf 94' lang='lat' dir='ltr'><strong>cum</strong></span> 
     </span>
    </p>
   </div>
   <div class='ocr_carea' id='block_1_17' title="bbox 495 1630 2097 1704">
    <p class='ocr_par' dir='ltr' id='par_1_17' title="bbox 495 1630 2097 1704">
     <span class='ocr_line' id='line_1_17' title="bbox 495 1630 2097 1704; baseline -0.007 -10"><span class='ocrx_word' id='word_1_115' title='bbox 495 1638 666 1696; x_wconf 82' lang='lat' dir='ltr'><strong>hosce</strong></span> <span class='ocrx_word' id='word_1_116' title='bbox 699 1639 865 1694; x_wconf 90' lang='lat' dir='ltr'><strong>libros</strong></span> <span class='ocrx_word' id='word_1_117' title='bbox 891 1638 1202 1703; x_wconf 84' lang='lat' dir='ltr'><strong>conﬁceret,</strong></span> <span class='ocrx_word' id='word_1_118' title='bbox 1231 1651 1416 1692; x_wconf 90' lang='lat' dir='ltr'><strong>errare</strong></span> <span class='ocrx_word' id='word_1_119' title='bbox 1450 1632 1659 1704; x_wconf 90' lang='lat' dir='ltr'><strong>potuit?</strong></span> <span class='ocrx_word' id='word_1_120' title='bbox 1691 1630 1852 1700; x_wconf 83' lang='lat' dir='ltr'><strong>Quid,</strong></span> <span class='ocrx_word' id='word_1_121' title='bbox 1897 1645 1995 1684; x_wconf 89' lang='lat' dir='ltr'><strong>oro</strong></span> <span class='ocrx_word' id='word_1_122' title='bbox 2025 1639 2097 1693; x_wconf 90' lang='lat' dir='ltr'><strong>te,</strong></span> 
     </span>
    </p>
   </div>
   <div class='ocr_carea' id='block_1_18' title="bbox 498 1726 2101 1801">
    <p class='ocr_par' dir='ltr' id='par_1_18' title="bbox 498 1726 2101 1801">
     <span class='ocr_line' id='line_1_18' title="bbox 498 1726 2101 1801; baseline -0.008 -13"><span class='ocrx_word' id='word_1_123' title='bbox 498 1741 615 1788; x_wconf 73' lang='lat' dir='ltr'><strong>toto</strong></span> <span class='ocrx_word' id='word_1_124' title='bbox 643 1732 746 1787; x_wconf 90' lang='lat' dir='ltr'><strong>hoc</strong></span> <span class='ocrx_word' id='word_1_125' title='bbox 771 1733 823 1787; x_wconf 91' lang='lat' dir='ltr'><strong>in</strong></span> <span class='ocrx_word' id='word_1_126' title='bbox 856 1747 1023 1801; x_wconf 86' lang='lat' dir='ltr'><strong>Opere</strong></span> <span class='ocrx_word' id='word_1_127' title='bbox 1052 1729 1194 1784; x_wconf 84' lang='lat' dir='ltr'><strong>aliud</strong></span> <span class='ocrx_word' id='word_1_128' title='bbox 1219 1729 1348 1799; x_wconf 84' lang='lat' dir='ltr'><strong>agit.</strong></span> <span class='ocrx_word' id='word_1_129' title='bbox 1385 1728 1490 1781; x_wconf 84' lang='lat' dir='ltr'><strong>nisi</strong></span> <span class='ocrx_word' id='word_1_130' title='bbox 1524 1737 1580 1781; x_wconf 94' lang='lat' dir='ltr'><strong>ut</strong></span> <span class='ocrx_word' id='word_1_131' title='bbox 1609 1726 1776 1780; x_wconf 64' lang='lat' dir='ltr'><strong>falsos</strong></span> <span class='ocrx_word' id='word_1_132' title='bbox 1805 1739 1927 1779; x_wconf 90' lang='lat' dir='ltr'><strong>esse</strong></span> <span class='ocrx_word' id='word_1_133' title='bbox 1967 1739 2101 1793; x_wconf 87' lang='lat' dir='ltr'><strong>gen-</strong></span> 
     </span>
    </p>
   </div>
   <div class='ocr_carea' id='block_1_19' title="bbox 2211 506 3811 581">
    <p class='ocr_par' dir='ltr' id='par_1_19' title="bbox 2211 506 3811 581">
     <span class='ocr_line' id='line_1_19' title="bbox 2211 506 3811 581; baseline -0.004 -16"><span class='ocrx_word' id='word_1_134' title='bbox 2211 513 2353 581; x_wconf 86' lang='lat' dir='ltr'><strong>regis</strong></span> <span class='ocrx_word' id='word_1_135' title='bbox 2397 509 2565 566; x_wconf 91' lang='lat' dir='ltr'><strong>nostri</strong></span> <span class='ocrx_word' id='word_1_136' title='bbox 2620 507 2948 563; x_wconf 82' lang='lat' dir='ltr'><strong>bibliotheca</strong></span> <span class='ocrx_word' id='word_1_137' title='bbox 2992 519 3331 575; x_wconf 87' lang='lat' dir='ltr'><strong>asservatus,</strong></span> <span class='ocrx_word' id='word_1_138' title='bbox 3374 506 3555 578; x_wconf 88' lang='lat' dir='ltr'><strong>ibique</strong></span> <span class='ocrx_word' id='word_1_139' title='bbox 3583 520 3811 561; x_wconf 88' lang='lat' dir='ltr'><strong>nmnero</strong></span> 
     </span>
    </p>
   </div>
   <div class='ocr_carea' id='block_1_20' title="bbox 2209 599 3808 669">
    <p class='ocr_par' dir='ltr' id='par_1_20' title="bbox 2209 599 3808 669">
     <span class='ocr_line' id='line_1_20' title="bbox 2209 599 3808 669; baseline -0.005 -10"><span class='ocrx_word' id='word_1_140' title='bbox 2209 605 2336 659; x_wconf 91' lang='lat' dir='ltr'><strong>olim</strong></span> <span class='ocrx_word' id='word_1_141' title='bbox 2371 604 2528 668; x_wconf 67' lang='lat' dir='ltr'><strong>15M,</strong></span> <span class='ocrx_word' id='word_1_142' title='bbox 2564 618 2704 656; x_wconf 91' lang='lat' dir='ltr'><strong>nunc</strong></span> <span class='ocrx_word' id='word_1_143' title='bbox 2735 600 2898 666; x_wconf 76' lang='lat'><strong>5975,</strong></span> <span class='ocrx_word' id='word_1_144' title='bbox 2934 611 3171 657; x_wconf 87' lang='lat' dir='ltr'><strong>notatus.</strong></span> <span class='ocrx_word' id='word_1_145' title='bbox 3203 599 3262 654; x_wconf 90' lang='lat' dir='ltr'><strong>lu</strong></span> <span class='ocrx_word' id='word_1_146' title='bbox 3287 615 3353 654; x_wconf 91' lang='lat' dir='ltr'><strong>eo</strong></span> <span class='ocrx_word' id='word_1_147' title='bbox 3379 611 3558 654; x_wconf 86' lang='lat' dir='ltr'><strong>autem</strong></span> <span class='ocrx_word' id='word_1_148' title='bbox 3591 608 3808 669; x_wconf 89' lang='lat' dir='ltr'><strong>septem</strong></span> 
     </span>
    </p>
   </div>
   <div class='ocr_carea' id='block_1_21' title="bbox 2209 693 3810 766">
    <p class='ocr_par' dir='ltr' id='par_1_21' title="bbox 2209 693 3810 766">
     <span class='ocr_line' id='line_1_21' title="bbox 2209 693 3810 766; baseline -0.005 -13"><span class='ocrx_word' id='word_1_149' title='bbox 2209 697 2434 753; x_wconf 86' lang='lat' dir='ltr'><strong>Arnobii</strong></span> <span class='ocrx_word' id='word_1_150' title='bbox 2465 697 2618 751; x_wconf 88' lang='lat' dir='ltr'><strong>libris</strong></span> <span class='ocrx_word' id='word_1_151' title='bbox 2638 695 2929 766; x_wconf 82' lang='lat' dir='ltr'><strong>adjunctus</strong></span> <span class='ocrx_word' id='word_1_152' title='bbox 2957 704 3042 750; x_wconf 91' lang='lat' dir='ltr'><strong>est</strong></span> <span class='ocrx_word' id='word_1_153' title='bbox 3069 694 3286 748; x_wconf 79' lang='lat' dir='ltr'><strong>MIDIICll</strong></span> <span class='ocrx_word' id='word_1_154' title='bbox 3310 693 3505 749; x_wconf 88' lang='lat' dir='ltr'><strong>Felicis</strong></span> <span class='ocrx_word' id='word_1_155' title='bbox 3526 693 3810 758; x_wconf 82' lang='lat' dir='ltr'><strong>Octavius,</strong></span> 
     </span>
    </p>
   </div>
   <div class='ocr_carea' id='block_1_22' title="bbox 2211 785 3814 861">
    <p class='ocr_par' dir='ltr' id='par_1_22' title="bbox 2211 785 3814 861">
     <span class='ocr_line' id='line_1_22' title="bbox 2211 785 3814 861; baseline -0.004 -15"><span class='ocrx_word' id='word_1_156' title='bbox 2211 802 2484 861; x_wconf 86' lang='lat' dir='ltr'><strong>tamquam</strong></span> <span class='ocrx_word' id='word_1_157' title='bbox 2515 802 2737 846; x_wconf 91' lang='lat' dir='ltr'><strong>octavus</strong></span> <span class='ocrx_word' id='word_1_158' title='bbox 2785 789 3008 845; x_wconf 82' lang='lat' dir='ltr'><strong>Arnoin</strong></span> <span class='ocrx_word' id='word_1_159' title='bbox 3041 789 3200 844; x_wconf 89' lang='lat' dir='ltr'><strong>liber.</strong></span> <span class='ocrx_word' id='word_1_160' title='bbox 3230 789 3344 856; x_wconf 81' lang='lat' dir='ltr'><strong>Qua</strong></span> <span class='ocrx_word' id='word_1_161' title='bbox 3372 787 3439 843; x_wconf 91' lang='lat' dir='ltr'><strong>de</strong></span> <span class='ocrx_word' id='word_1_162' title='bbox 3462 805 3521 843; x_wconf 90' lang='lat' dir='ltr'><strong>re</strong></span> <span class='ocrx_word' id='word_1_163' title='bbox 3551 797 3715 856; x_wconf 89' lang='lat' dir='ltr'><strong>atque</strong></span> <span class='ocrx_word' id='word_1_164' title='bbox 3741 785 3814 840; x_wconf 88' lang='lat' dir='ltr'><strong>de</strong></span> 
     </span>
    </p>
   </div>
   <div class='ocr_carea' id='block_1_23' title="bbox 2210 885 3814 956">
    <p class='ocr_par' dir='ltr' id='par_1_23' title="bbox 2210 885 3814 956">
     <span class='ocr_line' id='line_1_23' title="bbox 2210 885 3814 956; baseline -0.001 -16"><span class='ocrx_word' id='word_1_165' title='bbox 2210 887 2432 956; x_wconf 89' lang='lat' dir='ltr'><strong>hujusce</strong></span> <span class='ocrx_word' id='word_1_166' title='bbox 2460 885 2810 955; x_wconf 87' lang='lat' dir='ltr'><strong>manuscripti</strong></span> <span class='ocrx_word' id='word_1_167' title='bbox 2837 885 3042 940; x_wconf 88' lang='lat' dir='ltr'><strong>codicis</strong></span> <span class='ocrx_word' id='word_1_168' title='bbox 3067 885 3388 954; x_wconf 87' lang='lat' dir='ltr'><strong>antiquitate</strong></span> <span class='ocrx_word' id='word_1_169' title='bbox 3419 885 3550 939; x_wconf 86' lang='lat' dir='ltr'><strong>satis</strong></span> <span class='ocrx_word' id='word_1_170' title='bbox 3571 886 3622 937; x_wconf 88' lang='lat' dir='ltr'><strong>in</strong></span> <span class='ocrx_word' id='word_1_171' title='bbox 3645 898 3814 953; x_wconf 85' lang='lat' dir='ltr'><strong>supe—</strong></span> 
     </span>
    </p>
   </div>
   <div class='ocr_carea' id='block_1_24' title="bbox 2208 977 3810 1052">
    <p class='ocr_par' dir='ltr' id='par_1_24' title="bbox 2208 977 3810 1052">
     <span class='ocr_line' id='line_1_24' title="bbox 2208 977 3810 1052; baseline -0.002 -18"><span class='ocrx_word' id='word_1_172' title='bbox 2208 980 2340 1035; x_wconf 89' lang='lat' dir='ltr'><strong>riori</strong></span> <span class='ocrx_word' id='word_1_173' title='bbox 2387 980 2771 1036; x_wconf 83' lang='lat' dir='ltr'><strong>dissertatiOne</strong></span> <span class='ocrx_word' id='word_1_174' title='bbox 2821 977 3484 1052; x_wconf 78' lang='lat' dir='ltr'><strong>disputavimus(Diuert.</strong></span> <span class='ocrx_word' id='word_1_175' title='bbox 3516 979 3568 1032; x_wconf 87' lang='lat' dir='ltr'><strong>in</strong></span> <span class='ocrx_word' id='word_1_176' title='bbox 3601 977 3810 1032; x_wconf 80' lang='lat' dir='ltr'><strong>Minue.</strong></span> 
     </span>
    </p>
   </div>
   <div class='ocr_carea' id='block_1_25' title="bbox 2213 1073 3811 1149">
    <p class='ocr_par' dir='ltr' id='par_1_25' title="bbox 2213 1073 3811 1149">
     <span class='ocr_line' id='line_1_25' title="bbox 2213 1073 3811 1149; baseline 0 -21"><span class='ocrx_word' id='word_1_177' title='bbox 2213 1075 2418 1144; x_wconf 83' lang='lat' dir='ltr'><strong>0ctav.,</strong></span> <span class='ocrx_word' id='word_1_178' title='bbox 2447 1094 2562 1149; x_wconf 83' lang='lat' dir='ltr'><strong>cap.</strong></span> <span class='ocrx_word' id='word_1_179' title='bbox 2597 1075 2774 1142; x_wconf 74' lang='lat' dir='ltr'><strong>2,arl.</strong></span> <span class='ocrx_word' id='word_1_180' title='bbox 2805 1073 2886 1147; x_wconf 76' lang='grc'><strong>2).</strong></span> <span class='ocrx_word' id='word_1_181' title='bbox 2935 1075 3287 1130; x_wconf 84' lang='lat' dir='ltr'><strong>Observatum</strong></span> <span class='ocrx_word' id='word_1_182' title='bbox 3339 1083 3516 1130; x_wconf 87' lang='lat' dir='ltr'><strong>autem</strong></span> <span class='ocrx_word' id='word_1_183' title='bbox 3569 1089 3601 1128; x_wconf 87' lang='lat' dir='ltr'><strong>a</strong></span> <span class='ocrx_word' id='word_1_184' title='bbox 3650 1073 3811 1129; x_wconf 89' lang='lat' dir='ltr'><strong>nobis</strong></span> 
     </span>
    </p>
   </div>
   <div class='ocr_carea' id='block_1_26' title="bbox 2215 1169 3814 1240">
    <p class='ocr_par' dir='ltr' id='par_1_26' title="bbox 2215 1169 3814 1240">
     <span class='ocr_line' id='line_1_26' title="bbox 2215 1169 3814 1240; baseline 0.001 -18"><span class='ocrx_word' id='word_1_185' title='bbox 2215 1169 2415 1224; x_wconf 90' lang='lat' dir='ltr'><strong>ibidem</strong></span> <span class='ocrx_word' id='word_1_186' title='bbox 2451 1171 2547 1224; x_wconf 83' lang='lat' dir='ltr'><strong>fuit</strong></span> <span class='ocrx_word' id='word_1_187' title='bbox 2587 1171 2814 1240; x_wconf 88' lang='lat' dir='ltr'><strong>plurima</strong></span> <span class='ocrx_word' id='word_1_188' title='bbox 2846 1170 2898 1224; x_wconf 90' lang='lat' dir='ltr'><strong>in</strong></span> <span class='ocrx_word' id='word_1_189' title='bbox 2931 1171 3033 1225; x_wconf 92' lang='lat' dir='ltr'><strong>hoc</strong></span> <span class='ocrx_word' id='word_1_190' title='bbox 3067 1169 3254 1224; x_wconf 88' lang='lat' dir='ltr'><strong>codice</strong></span> <span class='ocrx_word' id='word_1_191' title='bbox 3288 1169 3486 1240; x_wconf 91' lang='lat' dir='ltr'><strong>passim</strong></span> <span class='ocrx_word' id='word_1_192' title='bbox 3513 1184 3814 1223; x_wconf 87' lang='lat' dir='ltr'><strong>occurrere</strong></span> 
     </span>
    </p>
   </div>
   <div class='ocr_carea' id='block_1_27' title="bbox 2207 1259 3811 1332">
    <p class='ocr_par' dir='ltr' id='par_1_27' title="bbox 2207 1259 3811 1332">
     <span class='ocr_line' id='line_1_27' title="bbox 2207 1259 3811 1332; baseline 0.001 -17"><span class='ocrx_word' id='word_1_193' title='bbox 2207 1259 2411 1317; x_wconf 88' lang='lat' dir='ltr'><strong>librarii</strong></span> <span class='ocrx_word' id='word_1_194' title='bbox 2460 1261 2624 1317; x_wconf 83' lang='lat' dir='ltr'><strong>latine</strong></span> <span class='ocrx_word' id='word_1_195' title='bbox 2677 1276 2900 1332; x_wconf 90' lang='lat' dir='ltr'><strong>prorsus</strong></span> <span class='ocrx_word' id='word_1_196' title='bbox 2940 1263 3230 1317; x_wconf 90' lang='lat' dir='ltr'><strong>nescientis</strong></span> <span class='ocrx_word' id='word_1_197' title='bbox 3259 1272 3462 1317; x_wconf 88' lang='lat' dir='ltr'><strong>errata.</strong></span> <span class='ocrx_word' id='word_1_198' title='bbox 3495 1260 3602 1317; x_wconf 89' lang='lat' dir='ltr'><strong>Sed</strong></span> <span class='ocrx_word' id='word_1_199' title='bbox 3634 1262 3687 1316; x_wconf 91' lang='lat' dir='ltr'><strong>in</strong></span> <span class='ocrx_word' id='word_1_200' title='bbox 3721 1260 3811 1316; x_wconf 87' lang='lat' dir='ltr'><strong>his</strong></span> 
     </span>
    </p>
   </div>
   <div class='ocr_carea' id='block_1_28' title="bbox 2206 1353 3810 1426">
    <p class='ocr_par' dir='ltr' id='par_1_28' title="bbox 2206 1353 3810 1426">
     <span class='ocr_line' id='line_1_28' title="bbox 2206 1353 3810 1426; baseline -0.001 -18"><span class='ocrx_word' id='word_1_201' title='bbox 2206 1353 2431 1409; x_wconf 87' lang='lat' dir='ltr'><strong>Arnobii</strong></span> <span class='ocrx_word' id='word_1_202' title='bbox 2466 1354 2620 1410; x_wconf 87' lang='lat' dir='ltr'><strong>libris</strong></span> <span class='ocrx_word' id='word_1_203' title='bbox 2649 1355 2806 1426; x_wconf 86' lang='lat' dir='ltr'><strong>longe</strong></span> <span class='ocrx_word' id='word_1_204' title='bbox 2829 1356 3194 1426; x_wconf 88' lang='lat' dir='ltr'><strong>frequentiora</strong></span> <span class='ocrx_word' id='word_1_205' title='bbox 3216 1364 3364 1422; x_wconf 82' lang='lat' dir='ltr'><strong>sunt,</strong></span> <span class='ocrx_word' id='word_1_206' title='bbox 3377 1371 3439 1410; x_wconf 91' lang='lat' dir='ltr'><strong>ac</strong></span> <span class='ocrx_word' id='word_1_207' title='bbox 3462 1354 3810 1424; x_wconf 70' lang='lat' dir='ltr'><strong>potissimum</strong></span> 
     </span>
    </p>
   </div>
   <div class='ocr_carea' id='block_1_29' title="bbox 2207 1448 3812 1520">
    <p class='ocr_par' dir='ltr' id='par_1_29' title="bbox 2207 1448 3812 1520">
     <span class='ocr_line' id='line_1_29' title="bbox 2207 1448 3812 1520; baseline 0.001 -18"><span class='ocrx_word' id='word_1_208' title='bbox 2207 1448 2259 1502; x_wconf 93' lang='lat' dir='ltr'><strong>in</strong></span> <span class='ocrx_word' id='word_1_209' title='bbox 2285 1449 2517 1520; x_wconf 89' lang='lat' dir='ltr'><strong>propriis</strong></span> <span class='ocrx_word' id='word_1_210' title='bbox 2538 1459 2629 1504; x_wconf 90' lang='lat' dir='ltr'><strong>aut</strong></span> <span class='ocrx_word' id='word_1_211' title='bbox 2655 1452 2833 1506; x_wconf 91' lang='lat' dir='ltr'><strong>minus</strong></span> <span class='ocrx_word' id='word_1_212' title='bbox 2858 1449 3069 1506; x_wconf 83' lang='lat' dir='ltr'><strong>usitatis</strong></span> <span class='ocrx_word' id='word_1_213' title='bbox 3096 1451 3405 1505; x_wconf 90' lang='lat' dir='ltr'><strong>nominibus</strong></span> <span class='ocrx_word' id='word_1_214' title='bbox 3431 1448 3812 1506; x_wconf 90' lang='lat' dir='ltr'><strong>describendis</strong></span> 
     </span>
    </p>
   </div>
   <div class='ocr_carea' id='block_1_30' title="bbox 2206 1541 3809 1615">
    <p class='ocr_par' dir='ltr' id='par_1_30' title="bbox 2206 1541 3809 1615">
     <span class='ocr_line' id='line_1_30' title="bbox 2206 1541 3809 1615; baseline 0 -19"><span class='ocrx_word' id='word_1_215' title='bbox 2206 1541 2456 1599; x_wconf 85' lang='lat' dir='ltr'><strong>indoctus</strong></span> <span class='ocrx_word' id='word_1_216' title='bbox 2485 1543 2573 1598; x_wconf 90' lang='lat' dir='ltr'><strong>ille</strong></span> <span class='ocrx_word' id='word_1_217' title='bbox 2600 1544 2771 1599; x_wconf 90' lang='lat' dir='ltr'><strong>scriba</strong></span> <span class='ocrx_word' id='word_1_218' title='bbox 2804 1545 3000 1614; x_wconf 73' lang='lat' dir='ltr'><strong>saepius</strong></span> <span class='ocrx_word' id='word_1_219' title='bbox 3027 1545 3373 1615; x_wconf 87' lang='lat' dir='ltr'><strong>crassiusque</strong></span> <span class='ocrx_word' id='word_1_220' title='bbox 3400 1543 3622 1599; x_wconf 90' lang='lat' dir='ltr'><strong>erravit.</strong></span> <span class='ocrx_word' id='word_1_221' title='bbox 3675 1542 3809 1596; x_wconf 78' lang='lat' dir='ltr'><strong>lno-</strong></span> 
     </span>
    </p>
   </div>
   <div class='ocr_carea' id='block_1_31' title="bbox 2205 1633 3810 1707">
    <p class='ocr_par' dir='ltr' id='par_1_31' title="bbox 2205 1633 3810 1707">
     <span class='ocr_line' id='line_1_31' title="bbox 2205 1633 3810 1707; baseline 0.001 -19"><span class='ocrx_word' id='word_1_222' title='bbox 2205 1633 2312 1689; x_wconf 85' lang='lat' dir='ltr'><strong>tilis</strong></span> <span class='ocrx_word' id='word_1_223' title='bbox 2339 1648 2522 1692; x_wconf 90' lang='lat' dir='ltr'><strong>autem</strong></span> <span class='ocrx_word' id='word_1_224' title='bbox 2548 1653 2728 1707; x_wconf 74' lang='lat' dir='ltr'><strong>operm</strong></span> <span class='ocrx_word' id='word_1_225' title='bbox 2769 1637 2911 1692; x_wconf 89' lang='lat' dir='ltr'><strong>foret</strong></span> <span class='ocrx_word' id='word_1_226' title='bbox 2941 1638 3308 1707; x_wconf 81' lang='lat' dir='ltr'><strong>longissimam</strong></span> <span class='ocrx_word' id='word_1_227' title='bbox 3365 1652 3611 1691; x_wconf 90' lang='lat' dir='ltr'><strong>errorttm</strong></span> <span class='ocrx_word' id='word_1_228' title='bbox 3656 1635 3810 1690; x_wconf 91' lang='lat' dir='ltr'><strong>illius</strong></span> 
     </span>
    </p>
   </div>
   <div class='ocr_carea' id='block_1_32' title="bbox 2205 1728 3811 1786">
    <p class='ocr_par' dir='ltr' id='par_1_32' title="bbox 2205 1728 3811 1786">
     <span class='ocr_line' id='line_1_32' title="bbox 2205 1728 3811 1786; baseline 0 -4"><span class='ocrx_word' id='word_1_229' title='bbox 2205 1729 2401 1783; x_wconf 88' lang='lat' dir='ltr'><strong>seriem</strong></span> <span class='ocrx_word' id='word_1_230' title='bbox 2435 1728 2519 1784; x_wconf 90' lang='lat' dir='ltr'><strong>hic</strong></span> <span class='ocrx_word' id='word_1_231' title='bbox 2547 1739 2812 1785; x_wconf 81' lang='lat' dir='ltr'><strong>retexere.</strong></span> <span class='ocrx_word' id='word_1_232' title='bbox 2846 1729 3009 1784; x_wconf 85' lang='lat' dir='ltr'><strong>Multa</strong></span> <span class='ocrx_word' id='word_1_233' title='bbox 3045 1731 3188 1785; x_wconf 92' lang='lat' dir='ltr'><strong>enim</strong></span> <span class='ocrx_word' id='word_1_234' title='bbox 3221 1729 3306 1783; x_wconf 90' lang='lat' dir='ltr'><strong>illa</strong></span> <span class='ocrx_word' id='word_1_235' title='bbox 3335 1740 3513 1786; x_wconf 89' lang='lat' dir='ltr'><strong>errata</strong></span> <span class='ocrx_word' id='word_1_236' title='bbox 3543 1731 3593 1782; x_wconf 92' lang='lat' dir='ltr'><strong>iu</strong></span> <span class='ocrx_word' id='word_1_237' title='bbox 3628 1728 3811 1783; x_wconf 82' lang='lat' dir='ltr'><strong>vario-</strong></span> 
     </span>
    </p>
   </div>
   <div class='ocr_carea' id='block_1_33' title="bbox 491 1815 3809 1896">
    <p class='ocr_par' dir='ltr' id='par_1_33' title="bbox 491 1815 3809 1896">
     <span class='ocr_line' id='line_1_33' title="bbox 491 1815 3809 1896; baseline -0.001 -18"><span class='ocrx_word' id='word_1_238' title='bbox 491 1825 668 1880; x_wconf 77' lang='lat' dir='ltr'><strong>lilium</strong></span> <span class='ocrx_word' id='word_1_239' title='bbox 693 1825 847 1890; x_wconf 75' lang='lat' dir='ltr'><strong>deos,</strong></span> <span class='ocrx_word' id='word_1_240' title='bbox 865 1833 919 1878; x_wconf 88' lang='lat' dir='ltr'><strong>et</strong></span> <span class='ocrx_word' id='word_1_241' title='bbox 947 1840 1108 1878; x_wconf 90' lang='lat' dir='ltr'><strong>unum</strong></span> <span class='ocrx_word' id='word_1_242' title='bbox 1138 1823 1444 1887; x_wconf 85' lang='lat' dir='ltr'><strong>dumtaxat,</strong></span> <span class='ocrx_word' id='word_1_243' title='bbox 1469 1837 1628 1891; x_wconf 90' lang='lat' dir='ltr'><strong>quem</strong></span> <span class='ocrx_word' id='word_1_244' title='bbox 1659 1817 1964 1880; x_wconf 89' lang='lat' dir='ltr'><strong>christiani,</strong></span> <span class='ocrx_word' id='word_1_245' title='bbox 1993 1815 2098 1870; x_wconf 89' lang='lat' dir='ltr'><strong>illis</strong></span> <span class='ocrx_word' id='word_1_246' title='bbox 2129 1835 2178 1896; x_wconf 83' lang='lat' dir='ltr'><strong>B</strong></span> <span class='ocrx_word' id='word_1_247' title='bbox 2206 1836 2321 1875; x_wconf 92' lang='lat' dir='ltr'><strong>rum</strong></span> <span class='ocrx_word' id='word_1_248' title='bbox 2348 1823 2510 1890; x_wconf 88' lang='lat' dir='ltr'><strong>notis,</strong></span> <span class='ocrx_word' id='word_1_249' title='bbox 2537 1833 2586 1876; x_wconf 91' lang='lat' dir='ltr'><strong>et</strong></span> <span class='ocrx_word' id='word_1_250' title='bbox 2619 1823 2790 1877; x_wconf 92' lang='lat' dir='ltr'><strong>multo</strong></span> <span class='ocrx_word' id='word_1_251' title='bbox 2817 1824 2966 1893; x_wconf 88' lang='lat' dir='ltr'><strong>plura</strong></span> <span class='ocrx_word' id='word_1_252' title='bbox 2993 1823 3044 1877; x_wconf 93' lang='lat' dir='ltr'><strong>in</strong></span> <span class='ocrx_word' id='word_1_253' title='bbox 3074 1823 3341 1877; x_wconf 90' lang='lat' dir='ltr'><strong>variarum</strong></span> <span class='ocrx_word' id='word_1_254' title='bbox 3372 1821 3662 1876; x_wconf 89' lang='lat' dir='ltr'><strong>lectionum</strong></span> <span class='ocrx_word' id='word_1_255' title='bbox 3689 1821 3809 1875; x_wconf 89' lang='lat' dir='ltr'><strong>col-</strong></span> 
     </span>
    </p>
   </div>
   <div class='ocr_carea' id='block_1_34' title="bbox 496 1909 2094 1986">
    <p class='ocr_par' dir='ltr' id='par_1_34' title="bbox 496 1909 2094 1986">
     <span class='ocr_line' id='line_1_34' title="bbox 496 1909 2094 1986; baseline -0.008 -12"><span class='ocrx_word' id='word_1_256' title='bbox 496 1919 753 1974; x_wconf 92' lang='lat' dir='ltr'><strong>omnibus</strong></span> <span class='ocrx_word' id='word_1_257' title='bbox 806 1916 1195 1972; x_wconf 87' lang='lat' dir='ltr'><strong>commentitiis</strong></span> <span class='ocrx_word' id='word_1_258' title='bbox 1248 1916 1464 1986; x_wconf 87' lang='lat' dir='ltr'><strong>penitus</strong></span> <span class='ocrx_word' id='word_1_259' title='bbox 1508 1912 1750 1978; x_wconf 81' lang='lat' dir='ltr'><strong>rejectis,</strong></span> <span class='ocrx_word' id='word_1_260' title='bbox 1776 1909 2094 1975; x_wconf 86' lang='lat' dir='ltr'><strong>adorabaut,</strong></span> 
     </span>
    </p>
   </div>
   <div class='ocr_carea' id='block_1_35' title="bbox 496 2003 2097 2066">
    <p class='ocr_par' dir='ltr' id='par_1_35' title="bbox 496 2003 2097 2066">
     <span class='ocr_line' id='line_1_35' title="bbox 496 2003 2097 2066; baseline -0.007 0"><span class='ocrx_word' id='word_1_261' title='bbox 496 2010 672 2066; x_wconf 89' lang='lat' dir='ltr'><strong>Deum</strong></span> <span class='ocrx_word' id='word_1_262' title='bbox 708 2010 1083 2065; x_wconf 87' lang='lat' dir='ltr'><strong>demonstret?</strong></span> <span class='ocrx_word' id='word_1_263' title='bbox 1117 2007 1306 2063; x_wconf 83' lang='lat' dir='ltr'><strong>Nonne</strong></span> <span class='ocrx_word' id='word_1_264' title='bbox 1330 2006 1454 2060; x_wconf 90' lang='lat' dir='ltr'><strong>inde</strong></span> <span class='ocrx_word' id='word_1_265' title='bbox 1481 2003 1886 2060; x_wconf 87' lang='lat' dir='ltr'><strong>evidentissime</strong></span> <span class='ocrx_word' id='word_1_266' title='bbox 1915 2011 2097 2056; x_wconf 61' lang='lat' dir='ltr'><strong>Osten.</strong></span> 
     </span>
    </p>
   </div>
   <div class='ocr_carea' id='block_1_36' title="bbox 495 2093 2096 2172">
    <p class='ocr_par' dir='ltr' id='par_1_36' title="bbox 495 2093 2096 2172">
     <span class='ocr_line' id='line_1_36' title="bbox 495 2093 2096 2172; baseline -0.008 -14"><span class='ocrx_word' id='word_1_267' title='bbox 495 2102 580 2158; x_wconf 84' lang='lat' dir='ltr'><strong>dit</strong></span> <span class='ocrx_word' id='word_1_268' title='bbox 598 2103 936 2158; x_wconf 83' lang='lat' dir='ltr'><strong>Christianos</strong></span> <span class='ocrx_word' id='word_1_269' title='bbox 955 2103 1110 2172; x_wconf 85' lang='lat' dir='ltr'><strong>plane</strong></span> <span class='ocrx_word' id='word_1_270' title='bbox 1141 2099 1412 2156; x_wconf 90' lang='lat' dir='ltr'><strong>immerito</strong></span> <span class='ocrx_word' id='word_1_271' title='bbox 1443 2097 1584 2152; x_wconf 89' lang='lat' dir='ltr'><strong>hanc</strong></span> <span class='ocrx_word' id='word_1_272' title='bbox 1612 2097 1682 2152; x_wconf 90' lang='lat' dir='ltr'><strong>ob</strong></span> <span class='ocrx_word' id='word_1_273' title='bbox 1713 2111 1826 2151; x_wconf 90' lang='lat' dir='ltr'><strong>rem</strong></span> <span class='ocrx_word' id='word_1_274' title='bbox 1859 2095 1926 2148; x_wconf 90' lang='lat' dir='ltr'><strong>ab</strong></span> <span class='ocrx_word' id='word_1_275' title='bbox 1958 2093 2096 2147; x_wconf 89' lang='lat' dir='ltr'><strong>Eth-</strong></span> 
     </span>
    </p>
   </div>
   <div class='ocr_carea' id='block_1_37' title="bbox 495 2190 2099 2266">
    <p class='ocr_par' dir='ltr' id='par_1_37' title="bbox 495 2190 2099 2266">
     <span class='ocr_line' id='line_1_37' title="bbox 495 2190 2099 2266; baseline -0.007 -14"><span class='ocrx_word' id='word_1_276' title='bbox 495 2195 637 2252; x_wconf 88' lang='lat' dir='ltr'><strong>nicis</strong></span> <span class='ocrx_word' id='word_1_277' title='bbox 654 2197 857 2262; x_wconf 88' lang='lat' dir='ltr'><strong>vexari,</strong></span> <span class='ocrx_word' id='word_1_278' title='bbox 873 2207 928 2252; x_wconf 90' lang='lat' dir='ltr'><strong>et</strong></span> <span class='ocrx_word' id='word_1_279' title='bbox 946 2196 1090 2252; x_wconf 92' lang='lat' dir='ltr'><strong>omni</strong></span> <span class='ocrx_word' id='word_1_280' title='bbox 1113 2193 1500 2266; x_wconf 90' lang='lat' dir='ltr'><strong>suppliciorum</strong></span> <span class='ocrx_word' id='word_1_281' title='bbox 1519 2191 1681 2247; x_wconf 89' lang='lat' dir='ltr'><strong>etiam</strong></span> <span class='ocrx_word' id='word_1_282' title='bbox 1700 2190 2099 2246; x_wconf 90' lang='lat' dir='ltr'><strong>dirissimorum</strong></span> 
     </span>
    </p>
   </div>
   <div class='ocr_carea' id='block_1_38' title="bbox 497 2290 1975 2362">
    <p class='ocr_par' dir='ltr' id='par_1_38' title="bbox 497 2290 1975 2362">
     <span class='ocr_line' id='line_1_38' title="bbox 497 2290 1975 2362; baseline -0.003 -16"><span class='ocrx_word' id='word_1_283' title='bbox 497 2304 701 2362; x_wconf 78' lang='lat' dir='ltr'><strong>genere</strong></span> <span class='ocrx_word' id='word_1_284' title='bbox 725 2290 906 2344; x_wconf 89' lang='lat' dir='ltr'><strong>affici?</strong></span> <span class='ocrx_word' id='word_1_285' title='bbox 1405 2313 1407 2320; x_wconf 56' lang='grc' dir='ltr'>π</span> <span class='ocrx_word' id='word_1_286' title='bbox 1972 2338 1975 2341; x_wconf 87' lang='grc'>.</span> 
     </span>
    </p>
   </div>
   <div class='ocr_carea' id='block_1_39' title="bbox 572 2375 2102 2450">
    <p class='ocr_par' dir='ltr' id='par_1_39' title="bbox 572 2375 2102 2450">
     <span class='ocr_line' id='line_1_39' title="bbox 572 2375 2102 2450; baseline -0.006 -12"><span class='ocrx_word' id='word_1_287' title='bbox 572 2383 780 2438; x_wconf 90' lang='lat' dir='ltr'><strong>Deinde</strong></span> <span class='ocrx_word' id='word_1_288' title='bbox 809 2397 939 2438; x_wconf 90' lang='lat' dir='ltr'><strong>vero</strong></span> <span class='ocrx_word' id='word_1_289' title='bbox 966 2397 1088 2438; x_wconf 92' lang='lat' dir='ltr'><strong>cum</strong></span> <span class='ocrx_word' id='word_1_290' title='bbox 1119 2381 1354 2438; x_wconf 87' lang='lat' dir='ltr'><strong>ethnicis</strong></span> <span class='ocrx_word' id='word_1_291' title='bbox 1379 2377 1841 2450; x_wconf 82' lang='lat' dir='ltr'><strong>interrogantibus</strong></span> <span class='ocrx_word' id='word_1_292' title='bbox 1869 2375 1960 2447; x_wconf 87' lang='lat' dir='ltr'><strong>qui</strong></span> <span class='ocrx_word' id='word_1_293' title='bbox 1992 2377 2102 2431; x_wconf 84' lang='lat' dir='ltr'><strong>sint</strong></span> 
     </span>
    </p>
   </div>
   <div class='ocr_carea' id='block_1_40' title="bbox 499 2472 2097 2547">
    <p class='ocr_par' dir='ltr' id='par_1_40' title="bbox 499 2472 2097 2547">
     <span class='ocr_line' id='line_1_40' title="bbox 499 2472 2097 2547; baseline -0.004 -15"><span class='ocrx_word' id='word_1_294' title='bbox 499 2479 617 2534; x_wconf 85' lang='lat' dir='ltr'><strong>veri</strong></span> <span class='ocrx_word' id='word_1_295' title='bbox 668 2478 783 2543; x_wconf 91' lang='lat' dir='ltr'><strong>dii,</strong></span> <span class='ocrx_word' id='word_1_296' title='bbox 827 2477 1102 2533; x_wconf 84' lang='lat' dir='ltr'><strong>Arnobius</strong></span> <span class='ocrx_word' id='word_1_297' title='bbox 1151 2473 1446 2547; x_wconf 88' lang='lat' dir='ltr'><strong>respondet</strong></span> <span class='ocrx_word' id='word_1_298' title='bbox 1477 2489 1536 2530; x_wconf 90' lang='lat' dir='ltr'><strong>se</strong></span> <span class='ocrx_word' id='word_1_299' title='bbox 1565 2472 1795 2537; x_wconf 85' lang='lat' dir='ltr'><strong>nescire,</strong></span> <span class='ocrx_word' id='word_1_300' title='bbox 1830 2473 2097 2527; x_wconf 89' lang='lat' dir='ltr'><strong>rationem</strong></span> 
     </span>
    </p>
   </div>
   <div class='ocr_carea' id='block_1_41' title="bbox 495 2563 2100 2640">
    <p class='ocr_par' dir='ltr' id='par_1_41' title="bbox 495 2563 2100 2640">
     <span class='ocr_line' id='line_1_41' title="bbox 495 2563 2100 2640; baseline -0.006 -14"><span class='ocrx_word' id='word_1_301' title='bbox 495 2571 760 2627; x_wconf 91' lang='lat' dir='ltr'><strong>continuo</strong></span> <span class='ocrx_word' id='word_1_302' title='bbox 785 2569 980 2636; x_wconf 83' lang='lat' dir='ltr'><strong>reddit,</strong></span> <span class='ocrx_word' id='word_1_303' title='bbox 1013 2569 1136 2640; x_wconf 86' lang='lat' dir='ltr'><strong>quia</strong></span> <span class='ocrx_word' id='word_1_304' title='bbox 1163 2569 1281 2623; x_wconf 92' lang='lat' dir='ltr'><strong>illos</strong></span> <span class='ocrx_word' id='word_1_305' title='bbox 1305 2582 1595 2638; x_wconf 85' lang='lat' dir='ltr'><strong>numquam</strong></span> <span class='ocrx_word' id='word_1_306' title='bbox 1625 2568 1850 2621; x_wconf 85' lang='lat' dir='ltr'><strong>viderat.</strong></span> <span class='ocrx_word' id='word_1_307' title='bbox 1877 2565 1954 2618; x_wconf 86' lang='lat' dir='ltr'><strong>Ex</strong></span> <span class='ocrx_word' id='word_1_308' title='bbox 1983 2563 2100 2618; x_wconf 83' lang='lat' dir='ltr'><strong>eth—</strong></span> 
     </span>
    </p>
   </div>
   <div class='ocr_carea' id='block_1_42' title="bbox 499 2657 2101 2730">
    <p class='ocr_par' dir='ltr' id='par_1_42' title="bbox 499 2657 2101 2730">
     <span class='ocr_line' id='line_1_42' title="bbox 499 2657 2101 2730; baseline -0.007 -8"><span class='ocrx_word' id='word_1_309' title='bbox 499 2664 639 2722; x_wconf 87' lang='lat' dir='ltr'><strong>nicis</strong></span> <span class='ocrx_word' id='word_1_310' title='bbox 667 2674 847 2720; x_wconf 89' lang='lat' dir='ltr'><strong>autem</strong></span> <span class='ocrx_word' id='word_1_311' title='bbox 881 2681 941 2720; x_wconf 93' lang='lat' dir='ltr'><strong>se</strong></span> <span class='ocrx_word' id='word_1_312' title='bbox 969 2664 1240 2719; x_wconf 84' lang='lat' dir='ltr'><strong>audivisse</strong></span> <span class='ocrx_word' id='word_1_313' title='bbox 1293 2662 1490 2718; x_wconf 79' lang='lat' dir='ltr'><strong>fatetur</strong></span> <span class='ocrx_word' id='word_1_314' title='bbox 1520 2677 1615 2718; x_wconf 88' lang='lat' dir='ltr'><strong>eos</strong></span> <span class='ocrx_word' id='word_1_315' title='bbox 1642 2675 1760 2716; x_wconf 91' lang='lat' dir='ltr'><strong>esse</strong></span> <span class='ocrx_word' id='word_1_316' title='bbox 1787 2674 1946 2730; x_wconf 92' lang='lat' dir='ltr'><strong>quam</strong></span> <span class='ocrx_word' id='word_1_317' title='bbox 1980 2657 2101 2728; x_wconf 90' lang='lat' dir='ltr'><strong>plu-</strong></span> 
     </span>
    </p>
   </div>
   <div class='ocr_carea' id='block_1_43' title="bbox 495 2751 2098 2830">
    <p class='ocr_par' dir='ltr' id='par_1_43' title="bbox 495 2751 2098 2830">
     <span class='ocr_line' id='line_1_43' title="bbox 495 2751 2098 2830; baseline -0.006 -16"><span class='ocrx_word' id='word_1_318' title='bbox 495 2760 704 2816; x_wconf 85' lang='lat' dir='ltr'><strong>rimos:</strong></span> <span class='ocrx_word' id='word_1_319' title='bbox 731 2758 819 2829; x_wconf 88' lang='lat' dir='ltr'><strong>qui</strong></span> <span class='ocrx_word' id='word_1_320' title='bbox 852 2757 1070 2830; x_wconf 89' lang='lat' dir='ltr'><strong>quidem</strong></span> <span class='ocrx_word' id='word_1_321' title='bbox 1091 2799 1106 2821; x_wconf 97' lang='lat'><strong>,</strong></span> <span class='ocrx_word' id='word_1_322' title='bbox 1138 2758 1181 2811; x_wconf 90' lang='lat' dir='ltr'><strong>si</strong></span> <span class='ocrx_word' id='word_1_323' title='bbox 1211 2757 1445 2825; x_wconf 80' lang='lat' dir='ltr'><strong>uSpiam,</strong></span> <span class='ocrx_word' id='word_1_324' title='bbox 1478 2764 1538 2810; x_wconf 91' lang='lat' dir='ltr'><strong>ut</strong></span> <span class='ocrx_word' id='word_1_325' title='bbox 1566 2753 1766 2810; x_wconf 88' lang='lat' dir='ltr'><strong>ethnici</strong></span> <span class='ocrx_word' id='word_1_326' title='bbox 1796 2751 2098 2823; x_wconf 89' lang='lat' dir='ltr'><strong>opinaban-</strong></span> 
     </span>
    </p>
   </div>
   <div class='ocr_carea' id='block_1_44' title="bbox 495 2847 2100 2919">
    <p class='ocr_par' dir='ltr' id='par_1_44' title="bbox 495 2847 2100 2919">
     <span class='ocr_line' id='line_1_44' title="bbox 495 2847 2100 2919; baseline -0.004 -9"><span class='ocrx_word' id='word_1_327' title='bbox 495 2864 605 2918; x_wconf 79' lang='lat' dir='ltr'><strong>tur,</strong></span> <span class='ocrx_word' id='word_1_328' title='bbox 655 2856 918 2919; x_wconf 85' lang='lat' dir='ltr'><strong>existant;</strong></span> <span class='ocrx_word' id='word_1_329' title='bbox 970 2853 1054 2909; x_wconf 91' lang='lat' dir='ltr'><strong>vel</strong></span> <span class='ocrx_word' id='word_1_330' title='bbox 1095 2852 1142 2907; x_wconf 91' lang='lat' dir='ltr'><strong>si</strong></span> <span class='ocrx_word' id='word_1_331' title='bbox 1182 2852 1295 2907; x_wconf 91' lang='lat' dir='ltr'><strong>veri</strong></span> <span class='ocrx_word' id='word_1_332' title='bbox 1323 2852 1466 2916; x_wconf 88' lang='lat' dir='ltr'><strong>sint,</strong></span> <span class='ocrx_word' id='word_1_333' title='bbox 1520 2859 1578 2906; x_wconf 84' lang='lat' dir='ltr'><strong>ut</strong></span> <span class='ocrx_word' id='word_1_334' title='bbox 1620 2849 1924 2917; x_wconf 79' lang='lat' dir='ltr'><strong>Terentius,</strong></span> <span class='ocrx_word' id='word_1_335' title='bbox 1958 2847 2100 2903; x_wconf 88' lang='lat' dir='ltr'><strong>haud</strong></span> 
     </span>
    </p>
   </div>
   <div class='ocr_carea' id='block_1_45' title="bbox 495 2943 2100 3015">
    <p class='ocr_par' dir='ltr' id='par_1_45' title="bbox 495 2943 2100 3015">
     <span class='ocr_line' id='line_1_45' title="bbox 495 2943 2100 3015; baseline -0.005 -13"><span class='ocrx_word' id='word_1_336' title='bbox 495 2946 662 3003; x_wconf 86' lang='lat' dir='ltr'><strong>dubie</strong></span> <span class='ocrx_word' id='word_1_337' title='bbox 693 2947 884 3010; x_wconf 79' lang='lat' dir='ltr'><strong>Varro,</strong></span> <span class='ocrx_word' id='word_1_338' title='bbox 913 2946 1096 3011; x_wconf 83' lang='lat' dir='ltr'><strong>credit,</strong></span> <span class='ocrx_word' id='word_1_339' title='bbox 1126 2945 1326 3001; x_wconf 87' lang='lat' dir='ltr'><strong>debent</strong></span> <span class='ocrx_word' id='word_1_340' title='bbox 1371 2944 1616 3015; x_wconf 83' lang='lat' dir='ltr'><strong>profecto</strong></span> <span class='ocrx_word' id='word_1_341' title='bbox 1649 2943 1786 2999; x_wconf 86' lang='lat' dir='ltr'><strong>tales</strong></span> <span class='ocrx_word' id='word_1_342' title='bbox 1813 2957 1935 2998; x_wconf 89' lang='lat' dir='ltr'><strong>esse</strong></span> <span class='ocrx_word' id='word_1_343' title='bbox 1965 2957 2100 3012; x_wconf 90' lang='lat' dir='ltr'><strong>qua-</strong></span> 
     </span>
    </p>
   </div>
   <div class='ocr_carea' id='block_1_46' title="bbox 494 3036 2101 3110">
    <p class='ocr_par' dir='ltr' id='par_1_46' title="bbox 494 3036 2101 3110">
     <span class='ocr_line' id='line_1_46' title="bbox 494 3036 2101 3110; baseline -0.004 -15"><span class='ocrx_word' id='word_1_344' title='bbox 494 3040 580 3095; x_wconf 88' lang='lat' dir='ltr'><strong>les</strong></span> <span class='ocrx_word' id='word_1_345' title='bbox 619 3040 990 3107; x_wconf 87' lang='lat' dir='ltr'><strong>nominantur,</strong></span> <span class='ocrx_word' id='word_1_346' title='bbox 1027 3038 1285 3110; x_wconf 92' lang='lat' dir='ltr'><strong>ingeniti,</strong></span> <span class='ocrx_word' id='word_1_347' title='bbox 1319 3038 1544 3102; x_wconf 71' lang='lat' dir='ltr'><strong>mterni,</strong></span> <span class='ocrx_word' id='word_1_348' title='bbox 1580 3036 1713 3092; x_wconf 87' lang='lat' dir='ltr'><strong>nihil</strong></span> <span class='ocrx_word' id='word_1_349' title='bbox 1749 3046 1979 3092; x_wconf 66' lang='lat' dir='ltr'><strong>terrena:</strong></span> <span class='ocrx_word' id='word_1_350' title='bbox 2005 3050 2101 3089; x_wconf 87' lang='lat' dir='ltr'><strong>vo-</strong></span> 
     </span>
    </p>
   </div>
   <div class='ocr_carea' id='block_1_47' title="bbox 495 3130 2098 3204">
    <p class='ocr_par' dir='ltr' id='par_1_47' title="bbox 495 3130 2098 3204">
     <span class='ocr_line' id='line_1_47' title="bbox 495 3130 2098 3204; baseline -0.003 -17"><span class='ocrx_word' id='word_1_351' title='bbox 495 3132 722 3204; x_wconf 89' lang='lat' dir='ltr'><strong>luptatis</strong></span> <span class='ocrx_word' id='word_1_352' title='bbox 773 3143 1090 3204; x_wconf 81' lang='lat' dir='ltr'><strong>appetentes</strong></span> <span class='ocrx_word' id='word_1_353' title='bbox 1116 3177 1131 3201; x_wconf 91' lang='lat'><strong>,</strong></span> <span class='ocrx_word' id='word_1_354' title='bbox 1159 3148 1224 3188; x_wconf 92' lang='lat' dir='ltr'><strong>ac</strong></span> <span class='ocrx_word' id='word_1_355' title='bbox 1245 3131 1421 3203; x_wconf 85' lang='lat' dir='ltr'><strong>qualis</strong></span> <span class='ocrx_word' id='word_1_356' title='bbox 1447 3140 1530 3186; x_wconf 90' lang='lat' dir='ltr'><strong>est</strong></span> <span class='ocrx_word' id='word_1_357' title='bbox 1564 3131 1703 3185; x_wconf 87' lang='lat' dir='ltr'><strong>Deus</strong></span> <span class='ocrx_word' id='word_1_358' title='bbox 1727 3130 2098 3199; x_wconf 87' lang='lat' dir='ltr'><strong>omnipotens.</strong></span> 
     </span>
    </p>
   </div>
   <div class='ocr_carea' id='block_1_48' title="bbox 2201 1913 3808 1984">
    <p class='ocr_par' dir='ltr' id='par_1_48' title="bbox 2201 1913 3808 1984">
     <span class='ocr_line' id='line_1_48' title="bbox 2201 1913 3808 1984; baseline 0 -17"><span class='ocrx_word' id='word_1_359' title='bbox 2201 1913 2460 1970; x_wconf 89' lang='lat' dir='ltr'><strong>lectaneis</strong></span> <span class='ocrx_word' id='word_1_360' title='bbox 2484 1957 2498 1980; x_wconf 93' lang='lat'><strong>,</strong></span> <span class='ocrx_word' id='word_1_361' title='bbox 2545 1916 2597 1969; x_wconf 93' lang='lat' dir='ltr'><strong>in</strong></span> <span class='ocrx_word' id='word_1_362' title='bbox 2631 1915 2817 1970; x_wconf 91' lang='lat' dir='ltr'><strong>ultima</strong></span> <span class='ocrx_word' id='word_1_363' title='bbox 2848 1914 3041 1970; x_wconf 88' lang='lat' dir='ltr'><strong>horum</strong></span> <span class='ocrx_word' id='word_1_364' title='bbox 3074 1915 3333 1970; x_wconf 87' lang='lat' dir='ltr'><strong>librormn</strong></span> <span class='ocrx_word' id='word_1_365' title='bbox 3361 1915 3603 1970; x_wconf 83' lang='lat' dir='ltr'><strong>editiOne</strong></span> <span class='ocrx_word' id='word_1_366' title='bbox 3627 1913 3808 1984; x_wconf 83' lang='lat' dir='ltr'><strong>publi-</strong></span> 
     </span>
    </p>
   </div>
   <div class='ocr_carea' id='block_1_49' title="bbox 2201 2007 3808 2078">
    <p class='ocr_par' dir='ltr' id='par_1_49' title="bbox 2201 2007 3808 2078">
     <span class='ocr_line' id='line_1_49' title="bbox 2201 2007 3808 2078; baseline 0.002 -17"><span class='ocrx_word' id='word_1_367' title='bbox 2201 2007 2376 2076; x_wconf 89' lang='lat' dir='ltr'><strong>catis,</strong></span> <span class='ocrx_word' id='word_1_368' title='bbox 2431 2017 2707 2063; x_wconf 86' lang='lat' dir='ltr'><strong>notantur.</strong></span> <span class='ocrx_word' id='word_1_369' title='bbox 2753 2007 2872 2062; x_wconf 87' lang='lat' dir='ltr'><strong>Alia</strong></span> <span class='ocrx_word' id='word_1_370' title='bbox 2921 2017 3097 2064; x_wconf 90' lang='lat' dir='ltr'><strong>tamen</strong></span> <span class='ocrx_word' id='word_1_371' title='bbox 3141 2009 3211 2063; x_wconf 90' lang='lat' dir='ltr'><strong>ibi</strong></span> <span class='ocrx_word' id='word_1_372' title='bbox 3250 2008 3613 2078; x_wconf 75' lang='lat' dir='ltr'><strong>prtetertnissa</strong></span> <span class='ocrx_word' id='word_1_373' title='bbox 3645 2007 3808 2064; x_wconf 88' lang='lat' dir='ltr'><strong>nobis</strong></span> 
     </span>
    </p>
   </div>
   <div class='ocr_carea' id='block_1_50' title="bbox 2199 2101 3805 2173">
    <p class='ocr_par' dir='ltr' id='par_1_50' title="bbox 2199 2101 3805 2173">
     <span class='ocr_line' id='line_1_50' title="bbox 2199 2101 3805 2173; baseline 0.001 -17"><span class='ocrx_word' id='word_1_374' title='bbox 2199 2101 2420 2157; x_wconf 83' lang='lat' dir='ltr'><strong>eosdem</strong></span> <span class='ocrx_word' id='word_1_375' title='bbox 2445 2101 2612 2158; x_wconf 88' lang='lat' dir='ltr'><strong>libros</strong></span> <span class='ocrx_word' id='word_1_376' title='bbox 2643 2102 2835 2172; x_wconf 84' lang='lat' dir='ltr'><strong>majori</strong></span> <span class='ocrx_word' id='word_1_377' title='bbox 2876 2118 3005 2159; x_wconf 90' lang='lat' dir='ltr'><strong>cura</strong></span> <span class='ocrx_word' id='word_1_378' title='bbox 3044 2104 3348 2173; x_wconf 83' lang='lat' dir='ltr'><strong>legentibus</strong></span> <span class='ocrx_word' id='word_1_379' title='bbox 3398 2112 3805 2170; x_wconf 89' lang='lat' dir='ltr'><strong>occurrerunt,</strong></span> 
     </span>
    </p>
   </div>
   <div class='ocr_carea' id='block_1_51' title="bbox 2200 2195 3602 2266">
    <p class='ocr_par' dir='ltr' id='par_1_51' title="bbox 2200 2195 3602 2266">
     <span class='ocr_line' id='line_1_51' title="bbox 2200 2195 3602 2266; baseline 0.001 -17"><span class='ocrx_word' id='word_1_380' title='bbox 2200 2210 2321 2266; x_wconf 83' lang='lat' dir='ltr'><strong>quae</strong></span> <span class='ocrx_word' id='word_1_381' title='bbox 2351 2204 2557 2266; x_wconf 89' lang='lat' dir='ltr'><strong>postea,</strong></span> <span class='ocrx_word' id='word_1_382' title='bbox 2585 2195 2673 2250; x_wconf 82' lang='lat' dir='ltr'><strong>tibi</strong></span> <span class='ocrx_word' id='word_1_383' title='bbox 2703 2210 2762 2250; x_wconf 91' lang='lat' dir='ltr'><strong>se</strong></span> <span class='ocrx_word' id='word_1_384' title='bbox 2786 2197 3002 2251; x_wconf 86' lang='lat' dir='ltr'><strong>occasio</strong></span> <span class='ocrx_word' id='word_1_385' title='bbox 3027 2196 3198 2260; x_wconf 86' lang='lat' dir='ltr'><strong>dabit,</strong></span> <span class='ocrx_word' id='word_1_386' title='bbox 3223 2195 3602 2252; x_wconf 90' lang='lat' dir='ltr'><strong>indicabimus.</strong></span> 
     </span>
    </p>
   </div>
   <div class='ocr_carea' id='block_1_52' title="bbox 2271 2287 3802 2360">
    <p class='ocr_par' dir='ltr' id='par_1_52' title="bbox 2271 2287 3802 2360">
     <span class='ocr_line' id='line_1_52' title="bbox 2271 2287 3802 2360; baseline 0.003 -19"><span class='ocrx_word' id='word_1_387' title='bbox 2271 2288 2477 2344; x_wconf 66' lang='lat' dir='ltr'><strong>Praiter</strong></span> <span class='ocrx_word' id='word_1_388' title='bbox 2507 2287 2652 2344; x_wconf 90' lang='lat' dir='ltr'><strong>hunc</strong></span> <span class='ocrx_word' id='word_1_389' title='bbox 2679 2290 3103 2360; x_wconf 89' lang='lat' dir='ltr'><strong>manuscriptum</strong></span> <span class='ocrx_word' id='word_1_390' title='bbox 3148 2288 3393 2344; x_wconf 90' lang='lat' dir='ltr'><strong>codicem</strong></span> <span class='ocrx_word' id='word_1_391' title='bbox 3421 2298 3652 2344; x_wconf 83' lang='lat' dir='ltr'><strong>testatur</strong></span> <span class='ocrx_word' id='word_1_392' title='bbox 3677 2289 3802 2345; x_wconf 85' lang='lat' dir='ltr'><strong>Ste-</strong></span> 
     </span>
    </p>
   </div>
   <div class='ocr_carea' id='block_1_53' title="bbox 2202 2381 3799 2454">
    <p class='ocr_par' dir='ltr' id='par_1_53' title="bbox 2202 2381 3799 2454">
     <span class='ocr_line' id='line_1_53' title="bbox 2202 2381 3799 2454; baseline -0.001 -18"><span class='ocrx_word' id='word_1_393' title='bbox 2202 2382 2446 2436; x_wconf 80' lang='lat' dir='ltr'><strong>weehius</strong></span> <span class='ocrx_word' id='word_1_394' title='bbox 2475 2381 2639 2436; x_wconf 89' lang='lat' dir='ltr'><strong>alium</strong></span> <span class='ocrx_word' id='word_1_395' title='bbox 2674 2392 2965 2450; x_wconf 73' lang='lat' dir='ltr'><strong>vetustum,</strong></span> <span class='ocrx_word' id='word_1_396' title='bbox 2997 2393 3045 2436; x_wconf 85' lang='lat' dir='ltr'><strong>et</strong></span> <span class='ocrx_word' id='word_1_397' title='bbox 3072 2390 3204 2437; x_wconf 77' lang='lat' dir='ltr'><strong>noue</strong></span> <span class='ocrx_word' id='word_1_398' title='bbox 3231 2384 3470 2449; x_wconf 70' lang='lat' dir='ltr'><strong>perbono:</strong></span> <span class='ocrx_word' id='word_1_399' title='bbox 3498 2381 3799 2454; x_wconf 84' lang='lat' dir='ltr'><strong>(Stcwech.,</strong></span> 
     </span>
    </p>
   </div>
   <div class='ocr_carea' id='block_1_54' title="bbox 2201 2476 3806 2549">
    <p class='ocr_par' dir='ltr' id='par_1_54' title="bbox 2201 2476 3806 2549">
     <span class='ocr_line' id='line_1_54' title="bbox 2201 2476 3806 2549; baseline 0 -17"><span class='ocrx_word' id='word_1_400' title='bbox 2201 2479 2350 2549; x_wconf 72' lang='lat' dir='ltr'><strong>epist.</strong></span> <span class='ocrx_word' id='word_1_401' title='bbox 2385 2478 2452 2532; x_wconf 83' lang='lat' dir='ltr'><strong>ad</strong></span> <span class='ocrx_word' id='word_1_402' title='bbox 2478 2476 2668 2549; x_wconf 83' lang='lat' dir='ltr'><strong>Lect.),</strong></span> <span class='ocrx_word' id='word_1_403' title='bbox 2701 2478 2968 2549; x_wconf 89' lang='lat' dir='ltr'><strong>quondam</strong></span> <span class='ocrx_word' id='word_1_404' title='bbox 3001 2478 3053 2532; x_wconf 92' lang='lat' dir='ltr'><strong>in</strong></span> <span class='ocrx_word' id='word_1_405' title='bbox 3080 2476 3255 2533; x_wconf 88' lang='lat' dir='ltr'><strong>Flacci</strong></span> <span class='ocrx_word' id='word_1_406' title='bbox 3302 2477 3526 2549; x_wconf 87' lang='lat' dir='ltr'><strong>Illyrici,</strong></span> <span class='ocrx_word' id='word_1_407' title='bbox 3558 2493 3621 2533; x_wconf 92' lang='lat' dir='ltr'><strong>ac</strong></span> <span class='ocrx_word' id='word_1_408' title='bbox 3651 2477 3806 2532; x_wconf 87' lang='lat' dir='ltr'><strong>dein-</strong></span> 
     </span>
    </p>
   </div>
   <div class='ocr_carea' id='block_1_55' title="bbox 2201 2570 3807 2642">
    <p class='ocr_par' dir='ltr' id='par_1_55' title="bbox 2201 2570 3807 2642">
     <span class='ocr_line' id='line_1_55' title="bbox 2201 2570 3807 2642; baseline -0.001 -16"><span class='ocrx_word' id='word_1_409' title='bbox 2201 2587 2332 2642; x_wconf 89' lang='lat' dir='ltr'><strong>ceps</strong></span> <span class='ocrx_word' id='word_1_410' title='bbox 2363 2571 2581 2626; x_wconf 87' lang='lat' dir='ltr'><strong>Henrici</strong></span> <span class='ocrx_word' id='word_1_411' title='bbox 2605 2570 2799 2626; x_wconf 64' lang='lat' dir='ltr'><strong>Petraei</strong></span> <span class='ocrx_word' id='word_1_412' title='bbox 2825 2579 3091 2642; x_wconf 84' lang='lat' dir='ltr'><strong>potestate</strong></span> <span class='ocrx_word' id='word_1_413' title='bbox 3118 2571 3304 2636; x_wconf 91' lang='lat' dir='ltr'><strong>fuisse,</strong></span> <span class='ocrx_word' id='word_1_414' title='bbox 3329 2587 3392 2625; x_wconf 85' lang='lat' dir='ltr'><strong>ex</strong></span> <span class='ocrx_word' id='word_1_415' title='bbox 3413 2570 3566 2640; x_wconf 88' lang='lat' dir='ltr'><strong>cujus</strong></span> <span class='ocrx_word' id='word_1_416' title='bbox 3586 2571 3807 2624; x_wconf 87' lang='lat' dir='ltr'><strong>varian-</strong></span> 
     </span>
    </p>
   </div>
   <div class='ocr_carea' id='block_1_56' title="bbox 2204 2663 3806 2734">
    <p class='ocr_par' dir='ltr' id='par_1_56' title="bbox 2204 2663 3806 2734">
     <span class='ocr_line' id='line_1_56' title="bbox 2204 2663 3806 2734; baseline 0 -14"><span class='ocrx_word' id='word_1_417' title='bbox 2204 2665 2345 2720; x_wconf 89' lang='lat' dir='ltr'><strong>tibus</strong></span> <span class='ocrx_word' id='word_1_418' title='bbox 2393 2665 2719 2721; x_wconf 84' lang='lat' dir='ltr'><strong>lectionibus</strong></span> <span class='ocrx_word' id='word_1_419' title='bbox 2738 2705 2753 2729; x_wconf 96' lang='lat'><strong>,</strong></span> <span class='ocrx_word' id='word_1_420' title='bbox 2787 2681 2816 2719; x_wconf 91' lang='lat' dir='ltr'><strong>a</strong></span> <span class='ocrx_word' id='word_1_421' title='bbox 2843 2665 3134 2720; x_wconf 78' lang='lat' dir='ltr'><strong>Francisco</strong></span> <span class='ocrx_word' id='word_1_422' title='bbox 3164 2663 3340 2718; x_wconf 84' lang='lat' dir='ltr'><strong>Modio</strong></span> <span class='ocrx_word' id='word_1_423' title='bbox 3368 2664 3629 2734; x_wconf 88' lang='lat' dir='ltr'><strong>Brugensi</strong></span> <span class='ocrx_word' id='word_1_424' title='bbox 3653 2663 3806 2720; x_wconf 82' lang='lat' dir='ltr'><strong>J.-C.</strong></span> 
     </span>
    </p>
   </div>
   <div class='ocr_carea' id='block_1_57' title="bbox 2202 2756 3811 2820">
    <p class='ocr_par' dir='ltr' id='par_1_57' title="bbox 2202 2756 3811 2820">
     <span class='ocr_line' id='line_1_57' title="bbox 2202 2756 3811 2820; baseline 0 -7"><span class='ocrx_word' id='word_1_425' title='bbox 2202 2757 2446 2813; x_wconf 79' lang='lat' dir='ltr'><strong>collectis</strong></span> <span class='ocrx_word' id='word_1_426' title='bbox 2473 2767 2527 2813; x_wconf 93' lang='lat' dir='ltr'><strong>et</strong></span> <span class='ocrx_word' id='word_1_427' title='bbox 2552 2758 2618 2813; x_wconf 90' lang='lat' dir='ltr'><strong>ad</strong></span> <span class='ocrx_word' id='word_1_428' title='bbox 2652 2774 2711 2814; x_wconf 89' lang='lat' dir='ltr'><strong>se</strong></span> <span class='ocrx_word' id='word_1_429' title='bbox 2740 2757 2940 2820; x_wconf 85' lang='lat' dir='ltr'><strong>missis,</strong></span> <span class='ocrx_word' id='word_1_430' title='bbox 2975 2756 3201 2812; x_wconf 84' lang='lat' dir='ltr'><strong>Arnobii</strong></span> <span class='ocrx_word' id='word_1_431' title='bbox 3232 2766 3439 2813; x_wconf 89' lang='lat' dir='ltr'><strong>textum</strong></span> <span class='ocrx_word' id='word_1_432' title='bbox 3469 2757 3695 2811; x_wconf 90' lang='lat' dir='ltr'><strong>inﬁnitis</strong></span> <span class='ocrx_word' id='word_1_433' title='bbox 3724 2757 3811 2813; x_wconf 90' lang='lat' dir='ltr'><strong>lo-</strong></span> 
     </span>
    </p>
   </div>
   <div class='ocr_carea' id='block_1_58' title="bbox 2202 2851 3812 2922">
    <p class='ocr_par' dir='ltr' id='par_1_58' title="bbox 2202 2851 3812 2922">
     <span class='ocr_line' id='line_1_58' title="bbox 2202 2851 3812 2922; baseline -0.002 -15"><span class='ocrx_word' id='word_1_434' title='bbox 2202 2851 2283 2907; x_wconf 92' lang='lat' dir='ltr'><strong>cis</strong></span> <span class='ocrx_word' id='word_1_435' title='bbox 2311 2867 2370 2907; x_wconf 88' lang='lat' dir='ltr'><strong>se</strong></span> <span class='ocrx_word' id='word_1_436' title='bbox 2397 2853 2741 2918; x_wconf 76' lang='lat' dir='ltr'><strong>correxisse,</strong></span> <span class='ocrx_word' id='word_1_437' title='bbox 2791 2852 3082 2921; x_wconf 82' lang='lat' dir='ltr'><strong>magnique</strong></span> <span class='ocrx_word' id='word_1_438' title='bbox 3118 2852 3380 2908; x_wconf 89' lang='lat' dir='ltr'><strong>momenti</strong></span> <span class='ocrx_word' id='word_1_439' title='bbox 3418 2854 3638 2906; x_wconf 84' lang='lat' dir='ltr'><strong>lacunas</strong></span> <span class='ocrx_word' id='word_1_440' title='bbox 3673 2867 3812 2922; x_wconf 85' lang='lat' dir='ltr'><strong>sup-</strong></span> 
     </span>
    </p>
   </div>
   <div class='ocr_carea' id='block_1_59' title="bbox 2205 2943 3809 3015">
    <p class='ocr_par' dir='ltr' id='par_1_59' title="bbox 2205 2943 3809 3015">
     <span class='ocr_line' id='line_1_59' title="bbox 2205 2943 3809 3015; baseline 0.001 -16"><span class='ocrx_word' id='word_1_441' title='bbox 2205 2945 2438 3015; x_wconf 90' lang='lat' dir='ltr'><strong>plevisse</strong></span> <span class='ocrx_word' id='word_1_442' title='bbox 2469 2946 2813 3000; x_wconf 85' lang='lat' dir='ltr'><strong>testificatur.</strong></span> <span class='ocrx_word' id='word_1_443' title='bbox 2841 2947 2908 2999; x_wconf 85' lang='lat' dir='ltr'><strong>At</strong></span> <span class='ocrx_word' id='word_1_444' title='bbox 2931 2945 2999 3001; x_wconf 89' lang='lat' dir='ltr'><strong>de</strong></span> <span class='ocrx_word' id='word_1_445' title='bbox 3030 2943 3191 3014; x_wconf 88' lang='lat' dir='ltr'><strong>hujus</strong></span> <span class='ocrx_word' id='word_1_446' title='bbox 3213 2945 3337 2999; x_wconf 89' lang='lat' dir='ltr'><strong>libri</strong></span> <span class='ocrx_word' id='word_1_447' title='bbox 3362 2987 3377 3010; x_wconf 91' lang='lat'><strong>,</strong></span> <span class='ocrx_word' id='word_1_448' title='bbox 3421 2961 3579 3015; x_wconf 88' lang='lat' dir='ltr'><strong>quem</strong></span> <span class='ocrx_word' id='word_1_449' title='bbox 3613 2945 3809 3001; x_wconf 88' lang='lat' dir='ltr'><strong>videre</strong></span> 
     </span>
    </p>
   </div>
   <div class='ocr_carea' id='block_1_60' title="bbox 2204 3039 3814 3111">
    <p class='ocr_par' dir='ltr' id='par_1_60' title="bbox 2204 3039 3814 3111">
     <span class='ocr_line' id='line_1_60' title="bbox 2204 3039 3814 3111; baseline 0 -16"><span class='ocrx_word' id='word_1_450' title='bbox 2204 3041 2359 3096; x_wconf 90' lang='lat' dir='ltr'><strong>nobis</strong></span> <span class='ocrx_word' id='word_1_451' title='bbox 2389 3057 2496 3096; x_wconf 91' lang='lat' dir='ltr'><strong>non</strong></span> <span class='ocrx_word' id='word_1_452' title='bbox 2531 3041 2705 3109; x_wconf 79' lang='lat' dir='ltr'><strong>licuit,</strong></span> <span class='ocrx_word' id='word_1_453' title='bbox 2740 3040 3062 3108; x_wconf 81' lang='lat' dir='ltr'><strong>antiquitate</strong></span> <span class='ocrx_word' id='word_1_454' title='bbox 3093 3048 3148 3095; x_wconf 87' lang='lat' dir='ltr'><strong>et</strong></span> <span class='ocrx_word' id='word_1_455' title='bbox 3173 3039 3444 3111; x_wconf 83' lang='lat' dir='ltr'><strong>elegantia</strong></span> <span class='ocrx_word' id='word_1_456' title='bbox 3492 3039 3620 3094; x_wconf 88' lang='lat' dir='ltr'><strong>nihil</strong></span> <span class='ocrx_word' id='word_1_457' title='bbox 3649 3049 3814 3096; x_wconf 81' lang='lat' dir='ltr'><strong>certo</strong></span> 
     </span>
    </p>
   </div>
   <div class='ocr_carea' id='block_1_61' title="bbox 2204 3133 3820 3206">
    <p class='ocr_par' dir='ltr' id='par_1_61' title="bbox 2204 3133 3820 3206">
     <span class='ocr_line' id='line_1_61' title="bbox 2204 3133 3820 3206; baseline 0.001 -18"><span class='ocrx_word' id='word_1_458' title='bbox 2204 3143 2447 3192; x_wconf 90' lang='lat' dir='ltr'><strong>statuere</strong></span> <span class='ocrx_word' id='word_1_459' title='bbox 2495 3150 2802 3206; x_wconf 87' lang='lat' dir='ltr'><strong>possumus.</strong></span> <span class='ocrx_word' id='word_1_460' title='bbox 2834 3133 2996 3190; x_wconf 85' lang='lat' dir='ltr'><strong>Facta</strong></span> <span class='ocrx_word' id='word_1_461' title='bbox 3028 3144 3206 3190; x_wconf 83' lang='lat' dir='ltr'><strong>tamen</strong></span> <span class='ocrx_word' id='word_1_462' title='bbox 3249 3133 3644 3190; x_wconf 78' lang='lat' dir='ltr'><strong>Stewechianze</strong></span> <span class='ocrx_word' id='word_1_463' title='bbox 3672 3135 3820 3190; x_wconf 92' lang='lat' dir='ltr'><strong>alia-</strong></span> 
     </span>
    </p>
   </div>
   <div class='ocr_carea' id='block_1_62' title="bbox 493 3221 3819 3302">
    <p class='ocr_par' dir='ltr' id='par_1_62' title="bbox 493 3221 3819 3302">
     <span class='ocr_line' id='line_1_62' title="bbox 493 3221 3819 3302; baseline -0.003 -18"><span class='ocrx_word' id='word_1_464' title='bbox 493 3246 656 3302; x_wconf 82' lang='lat' dir='ltr'><strong>quem</strong></span> <span class='ocrx_word' id='word_1_465' title='bbox 685 3231 962 3287; x_wconf 88' lang='lat' dir='ltr'><strong>christiani</strong></span> <span class='ocrx_word' id='word_1_466' title='bbox 989 3244 1178 3285; x_wconf 91' lang='lat' dir='ltr'><strong>omnes</strong></span> <span class='ocrx_word' id='word_1_467' title='bbox 1209 3229 1386 3284; x_wconf 80' lang='lat' dir='ltr'><strong>SClUIIl</strong></span> <span class='ocrx_word' id='word_1_468' title='bbox 1411 3237 1574 3295; x_wconf 80' lang='lat' dir='ltr'><strong>atque</strong></span> <span class='ocrx_word' id='word_1_469' title='bbox 1605 3225 1914 3295; x_wconf 87' lang='lat' dir='ltr'><strong>intelligunt</strong></span> <span class='ocrx_word' id='word_1_470' title='bbox 1959 3221 2100 3291; x_wconf 85' lang='lat' dir='ltr'><strong>Quid</strong></span> <span class='ocrx_word' id='word_1_471' title='bbox 2129 3234 2176 3297; x_wconf 69' lang='grc' dir='ltr'><strong>ρ</strong></span> <span class='ocrx_word' id='word_1_472' title='bbox 2207 3247 2434 3302; x_wconf 74' lang='lat' dir='ltr'><strong>rumque</strong></span> <span class='ocrx_word' id='word_1_473' title='bbox 2466 3231 2629 3300; x_wconf 76' lang='lat' dir='ltr'><strong>hujus</strong></span> <span class='ocrx_word' id='word_1_474' title='bbox 2650 3232 2832 3301; x_wconf 79' lang='lat' dir='ltr'><strong>operis</strong></span> <span class='ocrx_word' id='word_1_475' title='bbox 2853 3230 3152 3286; x_wconf 69' lang='lat' dir='ltr'><strong>editionum</strong></span> <span class='ocrx_word' id='word_1_476' title='bbox 3185 3229 3477 3286; x_wconf 63' lang='lat' dir='ltr'><strong>collatione</strong></span> <span class='ocrx_word' id='word_1_477' title='bbox 3501 3229 3819 3301; x_wconf 65' lang='lat' dir='ltr'><strong>dem-chen-</strong></span> 
     </span>
    </p>
   </div>
   <div class='ocr_carea' id='block_1_63' title="bbox 497 3319 2100 3396">
    <p class='ocr_par' dir='ltr' id='par_1_63' title="bbox 497 3319 2100 3396">
     <span class='ocr_line' id='line_1_63' title="bbox 497 3319 2100 3396; baseline -0.006 -16"><span class='ocrx_word' id='word_1_478' title='bbox 497 3339 630 3396; x_wconf 81' lang='lat' dir='ltr'><strong>ergo</strong></span> <span class='ocrx_word' id='word_1_479' title='bbox 678 3323 795 3380; x_wconf 68' lang='lat' dir='ltr'><strong>haec</strong></span> <span class='ocrx_word' id='word_1_480' title='bbox 838 3323 1108 3379; x_wconf 87' lang='lat' dir='ltr'><strong>adversus</strong></span> <span class='ocrx_word' id='word_1_481' title='bbox 1155 3321 1405 3379; x_wconf 77' lang='lat' dir='ltr'><strong>ethniCos</strong></span> <span class='ocrx_word' id='word_1_482' title='bbox 1446 3319 1761 3389; x_wconf 90' lang='lat' dir='ltr'><strong>disputatio,</strong></span> <span class='ocrx_word' id='word_1_483' title='bbox 1801 3332 1863 3370; x_wconf 89' lang='lat' dir='ltr'><strong>ac</strong></span> <span class='ocrx_word' id='word_1_484' title='bbox 1894 3327 2100 3371; x_wconf 69' lang='lat' dir='ltr'><strong>natura:</strong></span> 
     </span>
    </p>
   </div>
   <div class='ocr_carea' id='block_1_64' title="bbox 504 3406 2098 3489">
    <p class='ocr_par' dir='ltr' id='par_1_64' title="bbox 504 3406 2098 3489">
     <span class='ocr_line' id='line_1_64' title="bbox 504 3406 2098 3489; baseline -0.008 -15"><span class='ocrx_word' id='word_1_485' title='bbox 504 3417 702 3474; x_wconf 77' lang='lat' dir='ltr'><strong>divina:</strong></span> <span class='ocrx_word' id='word_1_486' title='bbox 732 3416 1024 3489; x_wconf 83' lang='lat' dir='ltr'><strong>explicatio</strong></span> <span class='ocrx_word' id='word_1_487' title='bbox 1053 3415 1219 3470; x_wconf 87' lang='lat' dir='ltr'><strong>habet</strong></span> <span class='ocrx_word' id='word_1_488' title='bbox 1257 3411 1598 3468; x_wconf 86' lang='lat' dir='ltr'><strong>intolerabile</strong></span> <span class='ocrx_word' id='word_1_489' title='bbox 1619 3452 1634 3475; x_wconf 93' lang='lat'><strong>,</strong></span> <span class='ocrx_word' id='word_1_490' title='bbox 1667 3421 1760 3465; x_wconf 87' lang='lat' dir='ltr'><strong>aut</strong></span> <span class='ocrx_word' id='word_1_491' title='bbox 1787 3406 2018 3463; x_wconf 87' lang='lat' dir='ltr'><strong>hominis</strong></span> <span class='ocrx_word' id='word_1_492' title='bbox 2047 3409 2098 3461; x_wconf 90' lang='lat' dir='ltr'><strong>in</strong></span> 
     </span>
    </p>
   </div>
   <div class='ocr_carea' id='block_1_65' title="bbox 495 3502 2103 3584">
    <p class='ocr_par' dir='ltr' id='par_1_65' title="bbox 495 3502 2103 3584">
     <span class='ocr_line' id='line_1_65' title="bbox 495 3502 2103 3584; baseline -0.007 -14"><span class='ocrx_word' id='word_1_493' title='bbox 495 3514 788 3584; x_wconf 56' lang='lat' dir='ltr'><strong>praecipuis</strong></span> <span class='ocrx_word' id='word_1_494' title='bbox 835 3511 959 3567; x_wconf 88' lang='lat' dir='ltr'><strong>ﬁdei</strong></span> <span class='ocrx_word' id='word_1_495' title='bbox 1006 3510 1274 3580; x_wconf 89' lang='lat' dir='ltr'><strong>capitibus</strong></span> <span class='ocrx_word' id='word_1_496' title='bbox 1318 3507 1541 3562; x_wconf 88' lang='lat' dir='ltr'><strong>omnino</strong></span> <span class='ocrx_word' id='word_1_497' title='bbox 1590 3505 1858 3576; x_wconf 78' lang='lat' dir='ltr'><strong>hospitis?</strong></span> <span class='ocrx_word' id='word_1_498' title='bbox 1910 3502 2103 3558; x_wconf 84' lang='lat' dir='ltr'><strong>Nonne</strong></span> 
     </span>
    </p>
   </div>
   <div class='ocr_carea' id='block_1_66' title="bbox 496 3596 2106 3673">
    <p class='ocr_par' dir='ltr' id='par_1_66' title="bbox 496 3596 2106 3673">
     <span class='ocr_line' id='line_1_66' title="bbox 496 3596 2106 3673; baseline -0.006 -14"><span class='ocrx_word' id='word_1_499' title='bbox 496 3621 628 3662; x_wconf 83' lang='lat' dir='ltr'><strong>vera</strong></span> <span class='ocrx_word' id='word_1_500' title='bbox 668 3615 753 3662; x_wconf 88' lang='lat' dir='ltr'><strong>est</strong></span> <span class='ocrx_word' id='word_1_501' title='bbox 802 3606 891 3660; x_wconf 89' lang='lat' dir='ltr'><strong>illa</strong></span> <span class='ocrx_word' id='word_1_502' title='bbox 927 3603 1021 3660; x_wconf 90' lang='lat' dir='ltr'><strong>Dei</strong></span> <span class='ocrx_word' id='word_1_503' title='bbox 1067 3600 1458 3673; x_wconf 87' lang='lat' dir='ltr'><strong>omnipotentis</strong></span> <span class='ocrx_word' id='word_1_504' title='bbox 1504 3599 1654 3664; x_wconf 88' lang='lat' dir='ltr'><strong>idea,</strong></span> <span class='ocrx_word' id='word_1_505' title='bbox 1685 3596 1976 3667; x_wconf 82' lang='lat' dir='ltr'><strong>explicatio</strong></span> <span class='ocrx_word' id='word_1_506' title='bbox 2001 3637 2016 3662; x_wconf 93' lang='lat'><strong>,</strong></span> <span class='ocrx_word' id='word_1_507' title='bbox 2049 3604 2106 3651; x_wconf 89' lang='lat' dir='ltr'><strong>et</strong></span> 
     </span>
    </p>
   </div>
   <div class='ocr_carea' id='block_1_67' title="bbox 499 3686 2103 3767">
    <p class='ocr_par' dir='ltr' id='par_1_67' title="bbox 499 3686 2103 3767">
     <span class='ocr_line' id='line_1_67' title="bbox 499 3686 2103 3767; baseline -0.008 -13"><span class='ocrx_word' id='word_1_508' title='bbox 499 3697 841 3767; x_wconf 87' lang='lat' dir='ltr'><strong>descriptio?</strong></span> <span class='ocrx_word' id='word_1_509' title='bbox 883 3696 1054 3752; x_wconf 90' lang='lat' dir='ltr'><strong>Porro</strong></span> <span class='ocrx_word' id='word_1_510' title='bbox 1080 3704 1261 3751; x_wconf 89' lang='lat' dir='ltr'><strong>autem</strong></span> <span class='ocrx_word' id='word_1_511' title='bbox 1291 3709 1479 3750; x_wconf 91' lang='lat' dir='ltr'><strong>sanam</strong></span> <span class='ocrx_word' id='word_1_512' title='bbox 1511 3707 1632 3748; x_wconf 89' lang='lat' dir='ltr'><strong>esse</strong></span> <span class='ocrx_word' id='word_1_513' title='bbox 1662 3692 1901 3746; x_wconf 88' lang='lat' dir='ltr'><strong>auctoris</strong></span> <span class='ocrx_word' id='word_1_514' title='bbox 1933 3686 2103 3742; x_wconf 91' lang='lat' dir='ltr'><strong>nostri</strong></span> 
     </span>
    </p>
   </div>
   <div class='ocr_carea' id='block_1_68' title="bbox 500 3779 2101 3862">
    <p class='ocr_par' dir='ltr' id='par_1_68' title="bbox 500 3779 2101 3862">
     <span class='ocr_line' id='line_1_68' title="bbox 500 3779 2101 3862; baseline -0.008 -14"><span class='ocrx_word' id='word_1_515' title='bbox 500 3792 571 3848; x_wconf 87' lang='lat' dir='ltr'><strong>de</strong></span> <span class='ocrx_word' id='word_1_516' title='bbox 601 3793 714 3848; x_wconf 90' lang='lat' dir='ltr'><strong>Deo</strong></span> <span class='ocrx_word' id='word_1_517' title='bbox 746 3790 1038 3862; x_wconf 88' lang='lat' dir='ltr'><strong>divinaque</strong></span> <span class='ocrx_word' id='word_1_518' title='bbox 1082 3799 1275 3846; x_wconf 91' lang='lat' dir='ltr'><strong>natura</strong></span> <span class='ocrx_word' id='word_1_519' title='bbox 1307 3786 1619 3858; x_wconf 90' lang='lat' dir='ltr'><strong>opinionem</strong></span> <span class='ocrx_word' id='word_1_520' title='bbox 1650 3783 1786 3840; x_wconf 88' lang='lat' dir='ltr'><strong>infra</strong></span> <span class='ocrx_word' id='word_1_521' title='bbox 1817 3779 2101 3838; x_wconf 87' lang='lat' dir='ltr'><strong>evidenter</strong></span> 
     </span>
    </p>
   </div>
   <div class='ocr_carea' id='block_1_69' title="bbox 500 3883 876 3941">
    <p class='ocr_par' dir='ltr' id='par_1_69' title="bbox 500 3883 876 3941">
     <span class='ocr_line' id='line_1_69' title="bbox 500 3883 876 3941; baseline -0.013 0"><span class='ocrx_word' id='word_1_522' title='bbox 500 3883 876 3941; x_wconf 90' lang='lat' dir='ltr'><strong>ostendemus.</strong></span> 
     </span>
    </p>
   </div>
   <div class='ocr_carea' id='block_1_70' title="bbox 576 3968 2101 4047">
    <p class='ocr_par' dir='ltr' id='par_1_70' title="bbox 576 3968 2101 4047">
     <span class='ocr_line' id='line_1_70' title="bbox 576 3968 2101 4047; baseline -0.008 -12"><span class='ocrx_word' id='word_1_523' title='bbox 576 3979 666 4042; x_wconf 75' lang='lat' dir='ltr'><strong>At,</strong></span> <span class='ocrx_word' id='word_1_524' title='bbox 718 3977 953 4047; x_wconf 80' lang='lat' dir='ltr'><strong>inquies,</strong></span> <span class='ocrx_word' id='word_1_525' title='bbox 1005 3976 1138 4032; x_wconf 85' lang='lat' dir='ltr'><strong>dicit</strong></span> <span class='ocrx_word' id='word_1_526' title='bbox 1181 3991 1240 4032; x_wconf 91' lang='lat' dir='ltr'><strong>se</strong></span> <span class='ocrx_word' id='word_1_527' title='bbox 1282 3991 1388 4032; x_wconf 93' lang='lat' dir='ltr'><strong>non</strong></span> <span class='ocrx_word' id='word_1_528' title='bbox 1433 3975 1576 4030; x_wconf 89' lang='lat' dir='ltr'><strong>scire</strong></span> <span class='ocrx_word' id='word_1_529' title='bbox 1603 3974 1696 4045; x_wconf 91' lang='lat' dir='ltr'><strong>qui</strong></span> <span class='ocrx_word' id='word_1_530' title='bbox 1726 3973 1836 4028; x_wconf 86' lang='lat' dir='ltr'><strong>sint</strong></span> <span class='ocrx_word' id='word_1_531' title='bbox 1860 3969 1975 4027; x_wconf 93' lang='lat' dir='ltr'><strong>veri</strong></span> <span class='ocrx_word' id='word_1_532' title='bbox 2005 3968 2101 4033; x_wconf 88' lang='lat' dir='ltr'><strong>dii,</strong></span> 
     </span>
    </p>
   </div>
   <div class='ocr_carea' id='block_1_71' title="bbox 501 4063 2106 4145">
    <p class='ocr_par' dir='ltr' id='par_1_71' title="bbox 501 4063 2106 4145">
     <span class='ocr_line' id='line_1_71' title="bbox 501 4063 2106 4145; baseline -0.006 -17"><span class='ocrx_word' id='word_1_533' title='bbox 501 4073 632 4145; x_wconf 90' lang='lat' dir='ltr'><strong>quid</strong></span> <span class='ocrx_word' id='word_1_534' title='bbox 667 4072 767 4127; x_wconf 88' lang='lat' dir='ltr'><strong>hac</strong></span> <span class='ocrx_word' id='word_1_535' title='bbox 798 4072 961 4143; x_wconf 90' lang='lat' dir='ltr'><strong>igitur</strong></span> <span class='ocrx_word' id='word_1_536' title='bbox 991 4071 1292 4140; x_wconf 84' lang='lat' dir='ltr'><strong>ignorantia</strong></span> <span class='ocrx_word' id='word_1_537' title='bbox 1339 4071 1518 4125; x_wconf 93' lang='lat' dir='ltr'><strong>minus</strong></span> <span class='ocrx_word' id='word_1_538' title='bbox 1565 4068 1944 4123; x_wconf 89' lang='lat' dir='ltr'><strong>tolerandum?</strong></span> <span class='ocrx_word' id='word_1_539' title='bbox 1997 4063 2106 4120; x_wconf 89' lang='lat' dir='ltr'><strong>Sed</strong></span> 
     </span>
    </p>
   </div>
   <div class='ocr_carea' id='block_1_72' title="bbox 502 4158 2101 4236">
    <p class='ocr_par' dir='ltr' id='par_1_72' title="bbox 502 4158 2101 4236">
     <span class='ocr_line' id='line_1_72' title="bbox 502 4158 2101 4236; baseline -0.005 -16"><span class='ocrx_word' id='word_1_540' title='bbox 502 4163 625 4236; x_wconf 89' lang='lat' dir='ltr'><strong>quis</strong></span> <span class='ocrx_word' id='word_1_541' title='bbox 650 4179 756 4220; x_wconf 93' lang='lat' dir='ltr'><strong>non</strong></span> <span class='ocrx_word' id='word_1_542' title='bbox 782 4163 981 4232; x_wconf 87' lang='lat' dir='ltr'><strong>videat,</strong></span> <span class='ocrx_word' id='word_1_543' title='bbox 998 4161 1157 4229; x_wconf 88' lang='lat' dir='ltr'><strong>hanc,</strong></span> <span class='ocrx_word' id='word_1_544' title='bbox 1184 4172 1241 4217; x_wconf 90' lang='lat' dir='ltr'><strong>nt</strong></span> <span class='ocrx_word' id='word_1_545' title='bbox 1267 4162 1438 4225; x_wconf 89' lang='lat' dir='ltr'><strong>aiunt,</strong></span> <span class='ocrx_word' id='word_1_546' title='bbox 1460 4177 1582 4217; x_wconf 89' lang='lat' dir='ltr'><strong>esse</strong></span> <span class='ocrx_word' id='word_1_547' title='bbox 1599 4164 1830 4216; x_wconf 86' lang='lat' dir='ltr'><strong>oratoris</strong></span> <span class='ocrx_word' id='word_1_548' title='bbox 1855 4158 2101 4229; x_wconf 88' lang='lat' dir='ltr'><strong>ﬁguram,</strong></span> 
     </span>
    </p>
   </div>
   <div class='ocr_carea' id='block_1_73' title="bbox 501 4254 2106 4330">
    <p class='ocr_par' dir='ltr' id='par_1_73' title="bbox 501 4254 2106 4330">
     <span class='ocr_line' id='line_1_73' title="bbox 501 4254 2106 4330; baseline -0.006 -16"><span class='ocrx_word' id='word_1_549' title='bbox 501 4259 649 4330; x_wconf 84' lang='lat' dir='ltr'><strong>quia,</strong></span> <span class='ocrx_word' id='word_1_550' title='bbox 685 4258 965 4314; x_wconf 89' lang='lat' dir='ltr'><strong>rhetorum</strong></span> <span class='ocrx_word' id='word_1_551' title='bbox 985 4272 1157 4322; x_wconf 88' lang='lat' dir='ltr'><strong>more,</strong></span> <span class='ocrx_word' id='word_1_552' title='bbox 1182 4272 1247 4312; x_wconf 88' lang='lat' dir='ltr'><strong>ex</strong></span> <span class='ocrx_word' id='word_1_553' title='bbox 1270 4257 1501 4326; x_wconf 85' lang='lat' dir='ltr'><strong>ipsamet</strong></span> <span class='ocrx_word' id='word_1_554' title='bbox 1521 4254 1950 4309; x_wconf 88' lang='lat' dir='ltr'><strong>adversariorum</strong></span> <span class='ocrx_word' id='word_1_555' title='bbox 1975 4267 2106 4307; x_wconf 93' lang='lat' dir='ltr'><strong>con-</strong></span> 
     </span>
    </p>
   </div>
   <div class='ocr_carea' id='block_1_74' title="bbox 503 4349 2103 4423">
    <p class='ocr_par' dir='ltr' id='par_1_74' title="bbox 503 4349 2103 4423">
     <span class='ocr_line' id='line_1_74' title="bbox 503 4349 2103 4423; baseline -0.006 -13"><span class='ocrx_word' id='word_1_556' title='bbox 503 4353 743 4410; x_wconf 78' lang='lat' dir='ltr'><strong>fessione</strong></span> <span class='ocrx_word' id='word_1_557' title='bbox 792 4353 956 4409; x_wconf 86' lang='lat' dir='ltr'><strong>falsos</strong></span> <span class='ocrx_word' id='word_1_558' title='bbox 1011 4350 1296 4423; x_wconf 89' lang='lat' dir='ltr'><strong>nullosque</strong></span> <span class='ocrx_word' id='word_1_559' title='bbox 1327 4367 1449 4407; x_wconf 88' lang='lat' dir='ltr'><strong>esse</strong></span> <span class='ocrx_word' id='word_1_560' title='bbox 1478 4350 1758 4422; x_wconf 81' lang='lat' dir='ltr'><strong>gentilium</strong></span> <span class='ocrx_word' id='word_1_561' title='bbox 1786 4349 1918 4405; x_wconf 84' lang='lat' dir='ltr'><strong>deos</strong></span> <span class='ocrx_word' id='word_1_562' title='bbox 1944 4363 2103 4404; x_wconf 87' lang='lat' dir='ltr'><strong>coar-</strong></span> 
     </span>
    </p>
   </div>
   <div class='ocr_carea' id='block_1_75' title="bbox 500 4439 2105 4518">
    <p class='ocr_par' dir='ltr' id='par_1_75' title="bbox 500 4439 2105 4518">
     <span class='ocr_line' id='line_1_75' title="bbox 500 4439 2105 4518; baseline -0.006 -16"><span class='ocrx_word' id='word_1_563' title='bbox 500 4447 640 4518; x_wconf 76' lang='lat' dir='ltr'><strong>guit,</strong></span> <span class='ocrx_word' id='word_1_564' title='bbox 665 4462 726 4500; x_wconf 90' lang='lat' dir='ltr'><strong>ac</strong></span> <span class='ocrx_word' id='word_1_565' title='bbox 746 4446 978 4518; x_wconf 89' lang='lat' dir='ltr'><strong>proinde</strong></span> <span class='ocrx_word' id='word_1_566' title='bbox 1004 4444 1205 4500; x_wconf 90' lang='lat' dir='ltr'><strong>nemini</strong></span> <span class='ocrx_word' id='word_1_567' title='bbox 1238 4459 1339 4499; x_wconf 92' lang='lat' dir='ltr'><strong>nec</strong></span> <span class='ocrx_word' id='word_1_568' title='bbox 1365 4443 1464 4498; x_wconf 92' lang='lat' dir='ltr'><strong>sibi</strong></span> <span class='ocrx_word' id='word_1_569' title='bbox 1493 4441 1786 4513; x_wconf 79' lang='lat' dir='ltr'><strong>cognitam,</strong></span> <span class='ocrx_word' id='word_1_570' title='bbox 1812 4457 1930 4512; x_wconf 71' lang='lat' dir='ltr'><strong>qua:</strong></span> <span class='ocrx_word' id='word_1_571' title='bbox 1961 4439 2105 4495; x_wconf 89' lang='lat' dir='ltr'><strong>nulla</strong></span> 
     </span>
    </p>
   </div>
   <div class='ocr_carea' id='block_1_76' title="bbox 501 4535 1520 4611">
    <p class='ocr_par' dir='ltr' id='par_1_76' title="bbox 501 4535 1520 4611">
     <span class='ocr_line' id='line_1_76' title="bbox 501 4535 1520 4611; baseline -0.007 -16"><span class='ocrx_word' id='word_1_572' title='bbox 501 4553 628 4595; x_wconf 91' lang='lat' dir='ltr'><strong>esse</strong></span> <span class='ocrx_word' id='word_1_573' title='bbox 651 4548 884 4611; x_wconf 86' lang='lat' dir='ltr'><strong>poterat,</strong></span> <span class='ocrx_word' id='word_1_574' title='bbox 913 4537 1128 4593; x_wconf 90' lang='lat' dir='ltr'><strong>illorum</strong></span> <span class='ocrx_word' id='word_1_575' title='bbox 1157 4535 1520 4592; x_wconf 89' lang='lat' dir='ltr'><strong>divinitatem.</strong></span> 
     </span>
    </p>
   </div>
   <div class='ocr_carea' id='block_1_77' title="bbox 2205 3323 3821 3394">
    <p class='ocr_par' dir='ltr' id='par_1_77' title="bbox 2205 3323 3821 3394">
     <span class='ocr_line' id='line_1_77' title="bbox 2205 3323 3821 3394; baseline 0.002 -16"><span class='ocrx_word' id='word_1_576' title='bbox 2205 3323 2384 3378; x_wconf 85' lang='lat' dir='ltr'><strong>dimus</strong></span> <span class='ocrx_word' id='word_1_577' title='bbox 2437 3323 2584 3378; x_wconf 90' lang='lat' dir='ltr'><strong>hunc</strong></span> <span class='ocrx_word' id='word_1_578' title='bbox 2638 3324 2918 3386; x_wconf 90' lang='lat' dir='ltr'><strong>codicem.</strong></span> <span class='ocrx_word' id='word_1_579' title='bbox 2961 3324 3106 3390; x_wconf 88' lang='lat' dir='ltr'><strong>alio,</strong></span> <span class='ocrx_word' id='word_1_580' title='bbox 3157 3340 3264 3394; x_wconf 92' lang='lat' dir='ltr'><strong>quo</strong></span> <span class='ocrx_word' id='word_1_581' title='bbox 3300 3324 3381 3379; x_wconf 91' lang='lat' dir='ltr'><strong>usi</strong></span> <span class='ocrx_word' id='word_1_582' title='bbox 3412 3339 3597 3378; x_wconf 91' lang='lat' dir='ltr'><strong>sumus</strong></span> <span class='ocrx_word' id='word_1_583' title='bbox 3618 3325 3821 3382; x_wconf 88' lang='lat' dir='ltr'><strong>codice</strong></span> 
     </span>
    </p>
   </div>
   <div class='ocr_carea' id='block_1_78' title="bbox 2206 3418 3822 3490">
    <p class='ocr_par' dir='ltr' id='par_1_78' title="bbox 2206 3418 3822 3490">
     <span class='ocr_line' id='line_1_78' title="bbox 2206 3418 3822 3490; baseline 0.002 -16"><span class='ocrx_word' id='word_1_584' title='bbox 2206 3418 2378 3490; x_wconf 84' lang='lat' dir='ltr'><strong>regio,</strong></span> <span class='ocrx_word' id='word_1_585' title='bbox 2415 3434 2522 3474; x_wconf 91' lang='lat' dir='ltr'><strong>non</strong></span> <span class='ocrx_word' id='word_1_586' title='bbox 2549 3433 2672 3474; x_wconf 91' lang='lat' dir='ltr'><strong>esse</strong></span> <span class='ocrx_word' id='word_1_587' title='bbox 2701 3419 2870 3474; x_wconf 91' lang='lat' dir='ltr'><strong>multo</strong></span> <span class='ocrx_word' id='word_1_588' title='bbox 2897 3419 3286 3474; x_wconf 88' lang='lat' dir='ltr'><strong>correctiorem</strong></span> <span class='ocrx_word' id='word_1_589' title='bbox 3307 3461 3325 3486; x_wconf 95' lang='lat'><strong>,</strong></span> <span class='ocrx_word' id='word_1_590' title='bbox 3358 3418 3665 3490; x_wconf 87' lang='lat' dir='ltr'><strong>iisdemque</strong></span> <span class='ocrx_word' id='word_1_591' title='bbox 3697 3420 3822 3477; x_wconf 87' lang='lat' dir='ltr'><strong>lere</strong></span> 
     </span>
    </p>
   </div>
   <div class='ocr_carea' id='block_1_79' title="bbox 2206 3509 3820 3581">
    <p class='ocr_par' dir='ltr' id='par_1_79' title="bbox 2206 3509 3820 3581">
     <span class='ocr_line' id='line_1_79' title="bbox 2206 3509 3820 3581; baseline 0.001 -14"><span class='ocrx_word' id='word_1_592' title='bbox 2206 3526 2424 3580; x_wconf 88' lang='lat' dir='ltr'><strong>semper</strong></span> <span class='ocrx_word' id='word_1_593' title='bbox 2475 3520 2691 3568; x_wconf 87' lang='lat' dir='ltr'><strong>scatere</strong></span> <span class='ocrx_word' id='word_1_594' title='bbox 2740 3510 2988 3578; x_wconf 92' lang='lat' dir='ltr'><strong>mendis,</strong></span> <span class='ocrx_word' id='word_1_595' title='bbox 3039 3509 3231 3566; x_wconf 74' lang='lat' dir='ltr'><strong>foedari</strong></span> <span class='ocrx_word' id='word_1_596' title='bbox 3287 3512 3820 3581; x_wconf 87' lang='lat' dir='ltr'><strong>transpositionibus</strong></span> 
     </span>
    </p>
   </div>
   <div class='ocr_carea' id='block_1_80' title="bbox 2208 3604 3823 3671">
    <p class='ocr_par' dir='ltr' id='par_1_80' title="bbox 2208 3604 3823 3671">
     <span class='ocr_line' id='line_1_80' title="bbox 2208 3604 3823 3671; baseline 0.001 -11"><span class='ocrx_word' id='word_1_597' title='bbox 2208 3614 2264 3660; x_wconf 89' lang='lat' dir='ltr'><strong>et</strong></span> <span class='ocrx_word' id='word_1_598' title='bbox 2290 3604 2693 3671; x_wconf 90' lang='lat' dir='ltr'><strong>additionibus,</strong></span> <span class='ocrx_word' id='word_1_599' title='bbox 2733 3621 2799 3661; x_wconf 89' lang='lat' dir='ltr'><strong>ac</strong></span> <span class='ocrx_word' id='word_1_600' title='bbox 2833 3605 3070 3661; x_wconf 90' lang='lat' dir='ltr'><strong>hiatibus</strong></span> <span class='ocrx_word' id='word_1_601' title='bbox 3110 3622 3364 3663; x_wconf 89' lang='lat' dir='ltr'><strong>mancum</strong></span> <span class='ocrx_word' id='word_1_602' title='bbox 3411 3621 3532 3663; x_wconf 90' lang='lat' dir='ltr'><strong>esse</strong></span> <span class='ocrx_word' id='word_1_603' title='bbox 3572 3614 3628 3663; x_wconf 85' lang='lat' dir='ltr'><strong>et</strong></span> <span class='ocrx_word' id='word_1_604' title='bbox 3668 3605 3823 3662; x_wconf 88' lang='lat' dir='ltr'><strong>hiul-</strong></span> 
     </span>
    </p>
   </div>
   <div class='ocr_carea' id='block_1_81' title="bbox 2207 3714 2352 3754">
    <p class='ocr_par' dir='ltr' id='par_1_81' title="bbox 2207 3714 2352 3754">
     <span class='ocr_line' id='line_1_81' title="bbox 2207 3714 2352 3754; baseline 0 0"><span class='ocrx_word' id='word_1_605' title='bbox 2207 3714 2352 3754; x_wconf 92' lang='lat' dir='ltr'><strong>cum.</strong></span> 
     </span>
    </p>
   </div>
   <div class='ocr_carea' id='block_1_82' title="bbox 2280 3791 3823 3864">
    <p class='ocr_par' dir='ltr' id='par_1_82' title="bbox 2280 3791 3823 3864">
     <span class='ocr_line' id='line_1_82' title="bbox 2280 3791 3823 3864; baseline 0.004 -19"><span class='ocrx_word' id='word_1_606' title='bbox 2280 3791 2357 3846; x_wconf 86' lang='lat' dir='ltr'><strong>Ex</strong></span> <span class='ocrx_word' id='word_1_607' title='bbox 2406 3791 2586 3862; x_wconf 89' lang='lat' dir='ltr'><strong>priore</strong></span> <span class='ocrx_word' id='word_1_608' title='bbox 2621 3799 2802 3848; x_wconf 85' lang='lat' dir='ltr'><strong>autem</strong></span> <span class='ocrx_word' id='word_1_609' title='bbox 2839 3792 3212 3862; x_wconf 90' lang='lat' dir='ltr'><strong>manuscripto</strong></span> <span class='ocrx_word' id='word_1_610' title='bbox 3239 3791 3427 3849; x_wconf 91' lang='lat' dir='ltr'><strong>codice</strong></span> <span class='ocrx_word' id='word_1_611' title='bbox 3457 3793 3608 3864; x_wconf 87' lang='lat' dir='ltr'><strong>regio</strong></span> <span class='ocrx_word' id='word_1_612' title='bbox 3637 3793 3823 3864; x_wconf 84' lang='lat' dir='ltr'><strong>prima</strong></span> 
     </span>
    </p>
   </div>
   <div class='ocr_carea' id='block_1_83' title="bbox 2208 3884 3819 3954">
    <p class='ocr_par' dir='ltr' id='par_1_83' title="bbox 2208 3884 3819 3954">
     <span class='ocr_line' id='line_1_83' title="bbox 2208 3884 3819 3954; baseline 0.001 -14"><span class='ocrx_word' id='word_1_613' title='bbox 2208 3884 2404 3940; x_wconf 90' lang='lat' dir='ltr'><strong>horum</strong></span> <span class='ocrx_word' id='word_1_614' title='bbox 2456 3885 2684 3940; x_wconf 88' lang='lat' dir='ltr'><strong>Aruobii</strong></span> <span class='ocrx_word' id='word_1_615' title='bbox 2739 3885 2998 3941; x_wconf 90' lang='lat' dir='ltr'><strong>librorum</strong></span> <span class='ocrx_word' id='word_1_616' title='bbox 3040 3885 3206 3941; x_wconf 89' lang='lat' dir='ltr'><strong>editio</strong></span> <span class='ocrx_word' id='word_1_617' title='bbox 3251 3885 3439 3940; x_wconf 67' lang='lat' dir='ltr'><strong>Romae</strong></span> <span class='ocrx_word' id='word_1_618' title='bbox 3466 3902 3610 3940; x_wconf 90' lang='lat' dir='ltr'><strong>anno</strong></span> <span class='ocrx_word' id='word_1_619' title='bbox 3638 3886 3819 3954; x_wconf 69' lang='grc'><strong>1542,</strong></span> 
     </span>
    </p>
   </div>
   <div class='ocr_carea' id='block_1_84' title="bbox 2210 3978 3824 4051">
    <p class='ocr_par' dir='ltr' id='par_1_84' title="bbox 2210 3978 3824 4051">
     <span class='ocr_line' id='line_1_84' title="bbox 2210 3978 3824 4051; baseline 0.001 -16"><span class='ocrx_word' id='word_1_620' title='bbox 2210 3981 2356 4036; x_wconf 92' lang='lat' dir='ltr'><strong>curis</strong></span> <span class='ocrx_word' id='word_1_621' title='bbox 2399 3978 2582 4035; x_wconf 86' lang='lat' dir='ltr'><strong>Fausti</strong></span> <span class='ocrx_word' id='word_1_622' title='bbox 2632 3978 2810 4036; x_wconf 88' lang='lat' dir='ltr'><strong>Saba:i</strong></span> <span class='ocrx_word' id='word_1_623' title='bbox 2853 3979 3093 4034; x_wconf 81' lang='lat' dir='ltr'><strong>Brixiani</strong></span> <span class='ocrx_word' id='word_1_624' title='bbox 3123 3980 3386 4034; x_wconf 89' lang='lat' dir='ltr'><strong>adornata</strong></span> <span class='ocrx_word' id='word_1_625' title='bbox 3416 3988 3522 4041; x_wconf 90' lang='lat' dir='ltr'><strong>est,</strong></span> <span class='ocrx_word' id='word_1_626' title='bbox 3553 3991 3720 4051; x_wconf 89' lang='lat' dir='ltr'><strong>atque</strong></span> <span class='ocrx_word' id='word_1_627' title='bbox 3747 3996 3824 4036; x_wconf 80' lang='lat' dir='ltr'><strong>ex</strong></span> 
     </span>
    </p>
   </div>
   <div class='ocr_carea' id='block_1_85' title="bbox 2209 4071 3824 4142">
    <p class='ocr_par' dir='ltr' id='par_1_85' title="bbox 2209 4071 3824 4142">
     <span class='ocr_line' id='line_1_85' title="bbox 2209 4071 3824 4142; baseline 0 -14"><span class='ocrx_word' id='word_1_628' title='bbox 2209 4087 2273 4128; x_wconf 90' lang='lat' dir='ltr'><strong>ea</strong></span> <span class='ocrx_word' id='word_1_629' title='bbox 2305 4071 2420 4128; x_wconf 91' lang='lat' dir='ltr'><strong>fere</strong></span> <span class='ocrx_word' id='word_1_630' title='bbox 2441 4086 2632 4128; x_wconf 90' lang='lat' dir='ltr'><strong>omnes</strong></span> <span class='ocrx_word' id='word_1_631' title='bbox 2655 4081 2840 4142; x_wconf 89' lang='lat' dir='ltr'><strong>postea</strong></span> <span class='ocrx_word' id='word_1_632' title='bbox 2869 4071 3208 4142; x_wconf 89' lang='lat' dir='ltr'><strong>prodierunt.</strong></span> <span class='ocrx_word' id='word_1_633' title='bbox 3230 4072 3479 4128; x_wconf 89' lang='lat' dir='ltr'><strong>Secunda</strong></span> <span class='ocrx_word' id='word_1_634' title='bbox 3505 4088 3636 4128; x_wconf 91' lang='lat' dir='ltr'><strong>vero</strong></span> <span class='ocrx_word' id='word_1_635' title='bbox 3663 4071 3824 4128; x_wconf 85' lang='lat' dir='ltr'><strong>Basi-</strong></span> 
     </span>
    </p>
   </div>
   <div class='ocr_carea' id='block_1_86' title="bbox 2209 4167 3820 4237">
    <p class='ocr_par' dir='ltr' id='par_1_86' title="bbox 2209 4167 3820 4237">
     <span class='ocr_line' id='line_1_86' title="bbox 2209 4167 3820 4237; baseline 0.003 -16"><span class='ocrx_word' id='word_1_636' title='bbox 2209 4167 2308 4222; x_wconf 71' lang='lat' dir='ltr'><strong>lea:</strong></span> <span class='ocrx_word' id='word_1_637' title='bbox 2340 4169 2482 4236; x_wconf 89' lang='lat' dir='ltr'><strong>apud</strong></span> <span class='ocrx_word' id='word_1_638' title='bbox 2513 4169 2866 4237; x_wconf 87' lang='lat' dir='ltr'><strong>Frobenium,</strong></span> <span class='ocrx_word' id='word_1_639' title='bbox 2893 4184 3038 4224; x_wconf 88' lang='lat' dir='ltr'><strong>anno</strong></span> <span class='ocrx_word' id='word_1_640' title='bbox 3066 4169 3225 4237; x_wconf 73' lang='grc'><strong>1546,</strong></span> <span class='ocrx_word' id='word_1_641' title='bbox 3248 4184 3477 4225; x_wconf 84' lang='lat' dir='ltr'><strong>excussa</strong></span> <span class='ocrx_word' id='word_1_642' title='bbox 3508 4168 3606 4224; x_wconf 92' lang='lat' dir='ltr'><strong>fuit</strong></span> <span class='ocrx_word' id='word_1_643' title='bbox 3633 4169 3820 4226; x_wconf 90' lang='lat' dir='ltr'><strong>studio</strong></span> 
     </span>
    </p>
   </div>
   <div class='ocr_carea' id='block_1_87' title="bbox 2209 4258 3817 4333">
    <p class='ocr_par' dir='ltr' id='par_1_87' title="bbox 2209 4258 3817 4333">
     <span class='ocr_line' id='line_1_87' title="bbox 2209 4258 3817 4333; baseline 0.003 -19"><span class='ocrx_word' id='word_1_644' title='bbox 2209 4258 2537 4328; x_wconf 84' lang='lat' dir='ltr'><strong>Sigismundi</strong></span> <span class='ocrx_word' id='word_1_645' title='bbox 2582 4260 2795 4317; x_wconf 87' lang='lat' dir='ltr'><strong>Gelenii</strong></span> <span class='ocrx_word' id='word_1_646' title='bbox 2825 4304 2840 4328; x_wconf 94' lang='lat'><strong>,</strong></span> <span class='ocrx_word' id='word_1_647' title='bbox 2890 4262 2981 4333; x_wconf 89' lang='lat' dir='ltr'><strong>qui</strong></span> <span class='ocrx_word' id='word_1_648' title='bbox 3014 4260 3195 4330; x_wconf 89' lang='lat' dir='ltr'><strong>plures</strong></span> <span class='ocrx_word' id='word_1_649' title='bbox 3227 4262 3527 4325; x_wconf 78' lang='lat' dir='ltr'><strong>sunerioris</strong></span> <span class='ocrx_word' id='word_1_650' title='bbox 3553 4261 3817 4319; x_wconf 85' lang='lat' dir='ltr'><strong>editionis</strong></span> 
     </span>
    </p>
   </div>
   <div class='ocr_carea' id='block_1_88' title="bbox 2211 4354 3820 4426">
    <p class='ocr_par' dir='ltr' id='par_1_88' title="bbox 2211 4354 3820 4426">
     <span class='ocr_line' id='line_1_88' title="bbox 2211 4354 3820 4426; baseline 0.002 -18"><span class='ocrx_word' id='word_1_651' title='bbox 2211 4367 2427 4409; x_wconf 89' lang='lat' dir='ltr'><strong>errores</strong></span> <span class='ocrx_word' id='word_1_652' title='bbox 2456 4354 2525 4410; x_wconf 90' lang='lat' dir='ltr'><strong>ab</strong></span> <span class='ocrx_word' id='word_1_653' title='bbox 2555 4355 2657 4422; x_wconf 90' lang='lat' dir='ltr'><strong>iis,</strong></span> <span class='ocrx_word' id='word_1_654' title='bbox 2712 4355 2803 4425; x_wconf 89' lang='lat' dir='ltr'><strong>qui</strong></span> <span class='ocrx_word' id='word_1_655' title='bbox 2836 4355 2888 4409; x_wconf 92' lang='lat' dir='ltr'><strong>in</strong></span> <span class='ocrx_word' id='word_1_656' title='bbox 2923 4355 3168 4426; x_wconf 86' lang='lat' dir='ltr'><strong>legendis</strong></span> <span class='ocrx_word' id='word_1_657' title='bbox 3215 4356 3410 4426; x_wconf 89' lang='lat' dir='ltr'><strong>priscis</strong></span> <span class='ocrx_word' id='word_1_658' title='bbox 3442 4355 3820 4412; x_wconf 88' lang='lat' dir='ltr'><strong>caracteribus</strong></span> 
     </span>
    </p>
   </div>
   <div class='ocr_carea' id='block_1_89' title="bbox 2192 4449 3819 4516">
    <p class='ocr_par' dir='ltr' id='par_1_89' title="bbox 2192 4449 3819 4516">
     <span class='ocr_line' id='line_1_89' title="bbox 2192 4449 3819 4516; baseline 0.002 -12"><span class='ocrx_word' id='word_1_659' title='bbox 2192 4449 2491 4504; x_wconf 79' lang='lat' dir='ltr'><strong>exercitati</strong></span> <span class='ocrx_word' id='word_1_660' title='bbox 2534 4465 2644 4504; x_wconf 92' lang='lat' dir='ltr'><strong>non</strong></span> <span class='ocrx_word' id='word_1_661' title='bbox 2678 4458 2869 4516; x_wconf 87' lang='lat' dir='ltr'><strong>erant,</strong></span> <span class='ocrx_word' id='word_1_662' title='bbox 2903 4450 2958 4504; x_wconf 92' lang='lat' dir='ltr'><strong>in</strong></span> <span class='ocrx_word' id='word_1_663' title='bbox 2989 4451 3214 4504; x_wconf 83' lang='lat' dir='ltr'><strong>Arnobii</strong></span> <span class='ocrx_word' id='word_1_664' title='bbox 3253 4461 3456 4506; x_wconf 79' lang='lat' dir='ltr'><strong>textum</strong></span> <span class='ocrx_word' id='word_1_665' title='bbox 3481 4450 3727 4508; x_wconf 87' lang='lat' dir='ltr'><strong>intrusos</strong></span> <span class='ocrx_word' id='word_1_666' title='bbox 3754 4467 3819 4507; x_wconf 84' lang='lat' dir='ltr'><strong>se</strong></span> 
     </span>
    </p>
   </div>
   <div class='ocr_carea' id='block_1_90' title="bbox 2210 4543 3818 4604">
    <p class='ocr_par' dir='ltr' id='par_1_90' title="bbox 2210 4543 3818 4604">
     <span class='ocr_line' id='line_1_90' title="bbox 2210 4543 3818 4604; baseline 0.004 -7"><span class='ocrx_word' id='word_1_667' title='bbox 2210 4544 2516 4599; x_wconf 78' lang='lat' dir='ltr'><strong>correxiSse</strong></span> <span class='ocrx_word' id='word_1_668' title='bbox 2566 4546 2818 4599; x_wconf 86' lang='lat' dir='ltr'><strong>afﬁrmat.</strong></span> <span class='ocrx_word' id='word_1_669' title='bbox 2861 4543 2997 4599; x_wconf 80' lang='lat' dir='ltr'><strong>Citm</strong></span> <span class='ocrx_word' id='word_1_670' title='bbox 3041 4561 3172 4602; x_wconf 90' lang='lat' dir='ltr'><strong>vero</strong></span> <span class='ocrx_word' id='word_1_671' title='bbox 3202 4547 3293 4602; x_wconf 91' lang='lat' dir='ltr'><strong>ille</strong></span> <span class='ocrx_word' id='word_1_672' title='bbox 3327 4557 3502 4603; x_wconf 90' lang='lat' dir='ltr'><strong>taceat</strong></span> <span class='ocrx_word' id='word_1_673' title='bbox 3528 4557 3711 4602; x_wconf 89' lang='lat' dir='ltr'><strong>utrum</strong></span> <span class='ocrx_word' id='word_1_674' title='bbox 3745 4563 3818 4604; x_wconf 79' lang='lat' dir='ltr'><strong>ex</strong></span> 
     </span>
    </p>
   </div>
   <div class='ocr_carea' id='block_1_91' title="bbox 579 4627 3811 4710">
    <p class='ocr_par' dir='ltr' id='par_1_91' title="bbox 579 4627 3811 4710">
     <span class='ocr_line' id='line_1_91' title="bbox 579 4627 3811 4710; baseline -0.004 -22"><span class='ocrx_word' id='word_1_675' title='bbox 579 4633 683 4688; x_wconf 84' lang='lat' dir='ltr'><strong>Alii</strong></span> <span class='ocrx_word' id='word_1_676' title='bbox 711 4631 956 4704; x_wconf 86' lang='lat' dir='ltr'><strong>profecto</strong></span> <span class='ocrx_word' id='word_1_677' title='bbox 989 4631 1202 4703; x_wconf 91' lang='lat' dir='ltr'><strong>plurimi</strong></span> <span class='ocrx_word' id='word_1_678' title='bbox 1235 4638 1362 4685; x_wconf 89' lang='lat' dir='ltr'><strong>sunt</strong></span> <span class='ocrx_word' id='word_1_679' title='bbox 1390 4645 1604 4684; x_wconf 87' lang='lat' dir='ltr'><strong>errores</strong></span> <span class='ocrx_word' id='word_1_680' title='bbox 1631 4627 1701 4684; x_wconf 91' lang='lat' dir='ltr'><strong>de</strong></span> <span class='ocrx_word' id='word_1_681' title='bbox 1720 4627 1916 4700; x_wconf 87' lang='lat' dir='ltr'><strong>quibus</strong></span> <span class='ocrx_word' id='word_1_682' title='bbox 1937 4627 2106 4682; x_wconf 79' lang='lat' dir='ltr'><strong>Arno-</strong></span> <span class='ocrx_word' id='word_1_683' title='bbox 2132 4641 2187 4705; x_wconf 79' lang='lat' dir='ltr'>D</span> <span class='ocrx_word' id='word_1_684' title='bbox 2211 4635 2585 4704; x_wconf 54' lang='lat' dir='ltr'><strong>manuscripto</strong></span> <span class='ocrx_word' id='word_1_685' title='bbox 2650 4635 2840 4692; x_wconf 72' lang='lat' dir='ltr'><strong>codice</strong></span> <span class='ocrx_word' id='word_1_686' title='bbox 2888 4638 3071 4710; x_wconf 69' lang='lat' dir='ltr'><strong>aliquo</strong></span> <span class='ocrx_word' id='word_1_687' title='bbox 3128 4649 3332 4695; x_wconf 61' lang='grc' dir='ltr'><strong>ιρχιιηη</strong></span> <span class='ocrx_word' id='word_1_688' title='bbox 3391 4641 3766 4697; x_wconf 49' lang='lat' dir='ltr'><strong>emendaverit</strong></span> <span class='ocrx_word' id='word_1_689' title='bbox 3794 4688 3811 4710; x_wconf 58' lang='lat'>,</span> 
     </span>
    </p>
   </div>
   <div class='ocr_carea' id='block_1_92' title="bbox 502 4717 2107 4795">
    <p class='ocr_par' dir='ltr' id='par_1_92' title="bbox 502 4717 2107 4795">
     <span class='ocr_line' id='line_1_92' title="bbox 502 4717 2107 4795; baseline -0.006 -13"><span class='ocrx_word' id='word_1_690' title='bbox 502 4724 630 4782; x_wconf 79' lang='lat' dir='ltr'><strong>hius</strong></span> <span class='ocrx_word' id='word_1_691' title='bbox 661 4725 981 4795; x_wconf 80' lang='lat' dir='ltr'><strong>pOstulattir,</strong></span> <span class='ocrx_word' id='word_1_692' title='bbox 1025 4725 1278 4778; x_wconf 89' lang='lat' dir='ltr'><strong>nimirum</strong></span> <span class='ocrx_word' id='word_1_693' title='bbox 1307 4723 1378 4779; x_wconf 93' lang='lat' dir='ltr'><strong>de</strong></span> <span class='ocrx_word' id='word_1_694' title='bbox 1405 4738 1617 4778; x_wconf 91' lang='lat' dir='ltr'><strong>summo</strong></span> <span class='ocrx_word' id='word_1_695' title='bbox 1648 4722 1756 4776; x_wconf 90' lang='lat' dir='ltr'><strong>Deo</strong></span> <span class='ocrx_word' id='word_1_696' title='bbox 1780 4762 1796 4788; x_wconf 93' lang='lat'><strong>,</strong></span> <span class='ocrx_word' id='word_1_697' title='bbox 1848 4721 1915 4776; x_wconf 88' lang='lat' dir='ltr'><strong>de</strong></span> <span class='ocrx_word' id='word_1_698' title='bbox 1964 4717 2107 4773; x_wconf 89' lang='lat' dir='ltr'><strong>illius</strong></span> 
     </span>
    </p>
   </div>
   <div class='ocr_carea' id='block_1_93' title="bbox 504 4814 2103 4887">
    <p class='ocr_par' dir='ltr' id='par_1_93' title="bbox 504 4814 2103 4887">
     <span class='ocr_line' id='line_1_93' title="bbox 504 4814 2103 4887; baseline -0.004 -12"><span class='ocrx_word' id='word_1_699' title='bbox 504 4821 612 4885; x_wconf 87' lang='lat' dir='ltr'><strong>ira,</strong></span> <span class='ocrx_word' id='word_1_700' title='bbox 643 4818 711 4874; x_wconf 92' lang='lat' dir='ltr'><strong>de</strong></span> <span class='ocrx_word' id='word_1_701' title='bbox 738 4820 914 4874; x_wconf 90' lang='lat' dir='ltr'><strong>anima</strong></span> <span class='ocrx_word' id='word_1_702' title='bbox 960 4818 1218 4885; x_wconf 88' lang='lat' dir='ltr'><strong>hominis,</strong></span> <span class='ocrx_word' id='word_1_703' title='bbox 1248 4817 1316 4872; x_wconf 91' lang='lat' dir='ltr'><strong>de</strong></span> <span class='ocrx_word' id='word_1_704' title='bbox 1347 4825 1588 4887; x_wconf 89' lang='lat' dir='ltr'><strong>peccato,</strong></span> <span class='ocrx_word' id='word_1_705' title='bbox 1621 4815 1689 4870; x_wconf 92' lang='lat' dir='ltr'><strong>de</strong></span> <span class='ocrx_word' id='word_1_706' title='bbox 1715 4814 1893 4871; x_wconf 88' lang='lat' dir='ltr'><strong>carnis</strong></span> <span class='ocrx_word' id='word_1_707' title='bbox 1921 4825 2103 4868; x_wconf 84' lang='lat' dir='ltr'><strong>resur-</strong></span> 
     </span>
    </p>
   </div>
   <div class='ocr_carea' id='block_1_94' title="bbox 501 4908 2102 4982">
    <p class='ocr_par' dir='ltr' id='par_1_94' title="bbox 501 4908 2102 4982">
     <span class='ocr_line' id='line_1_94' title="bbox 501 4908 2102 4982; baseline -0.005 -12"><span class='ocrx_word' id='word_1_708' title='bbox 501 4912 770 4980; x_wconf 85' lang='lat' dir='ltr'><strong>rectione,</strong></span> <span class='ocrx_word' id='word_1_709' title='bbox 799 4912 868 4968; x_wconf 80' lang='lat' dir='ltr'><strong>de</strong></span> <span class='ocrx_word' id='word_1_710' title='bbox 891 4912 1065 4982; x_wconf 67' lang='lat' dir='ltr'><strong>poenis</strong></span> <span class='ocrx_word' id='word_1_711' title='bbox 1088 4913 1396 4982; x_wconf 91' lang='lat' dir='ltr'><strong>impiorum,</strong></span> <span class='ocrx_word' id='word_1_712' title='bbox 1425 4911 1494 4967; x_wconf 91' lang='lat' dir='ltr'><strong>de</strong></span> <span class='ocrx_word' id='word_1_713' title='bbox 1517 4910 1852 4982; x_wconf 88' lang='lat' dir='ltr'><strong>publicarum</strong></span> <span class='ocrx_word' id='word_1_714' title='bbox 1875 4908 2102 4964; x_wconf 77' lang='lat' dir='ltr'><strong>calami-</strong></span> 
     </span>
    </p>
   </div>
   <div class='ocr_carea' id='block_1_95' title="bbox 508 5004 2102 5077">
    <p class='ocr_par' dir='ltr' id='par_1_95' title="bbox 508 5004 2102 5077">
     <span class='ocr_line' id='line_1_95' title="bbox 508 5004 2102 5077; baseline -0.002 -16"><span class='ocrx_word' id='word_1_715' title='bbox 508 5015 679 5062; x_wconf 86' lang='lat' dir='ltr'><strong>tatutn</strong></span> <span class='ocrx_word' id='word_1_716' title='bbox 711 5021 895 5072; x_wconf 88' lang='lat' dir='ltr'><strong>causa,</strong></span> <span class='ocrx_word' id='word_1_717' title='bbox 917 5007 1147 5077; x_wconf 89' lang='lat' dir='ltr'><strong>aliisque</strong></span> <span class='ocrx_word' id='word_1_718' title='bbox 1177 5004 1451 5076; x_wconf 89' lang='lat' dir='ltr'><strong>religionis</strong></span> <span class='ocrx_word' id='word_1_719' title='bbox 1475 5006 1783 5060; x_wconf 67' lang='lat' dir='ltr'><strong>christiana:</strong></span> <span class='ocrx_word' id='word_1_720' title='bbox 1805 5004 2102 5060; x_wconf 84' lang='lat' dir='ltr'><strong>documen-</strong></span> 
     </span>
    </p>
   </div>
   <div class='ocr_carea' id='block_1_96' title="bbox 508 5096 2101 5170">
    <p class='ocr_par' dir='ltr' id='par_1_96' title="bbox 508 5096 2101 5170">
     <span class='ocr_line' id='line_1_96' title="bbox 508 5096 2101 5170; baseline -0.003 -13"><span class='ocrx_word' id='word_1_721' title='bbox 508 5103 598 5157; x_wconf 77' lang='lat' dir='ltr'><strong>tis.</strong></span> <span class='ocrx_word' id='word_1_722' title='bbox 634 5100 741 5156; x_wconf 85' lang='lat' dir='ltr'><strong>Sed</strong></span> <span class='ocrx_word' id='word_1_723' title='bbox 772 5111 948 5154; x_wconf 92' lang='lat' dir='ltr'><strong>utrum</strong></span> <span class='ocrx_word' id='word_1_724' title='bbox 970 5099 1092 5170; x_wconf 92' lang='lat' dir='ltr'><strong>jure</strong></span> <span class='ocrx_word' id='word_1_725' title='bbox 1133 5099 1215 5154; x_wconf 92' lang='lat' dir='ltr'><strong>vel</strong></span> <span class='ocrx_word' id='word_1_726' title='bbox 1257 5098 1449 5154; x_wconf 89' lang='lat' dir='ltr'><strong>merito</strong></span> <span class='ocrx_word' id='word_1_727' title='bbox 1477 5099 1558 5152; x_wconf 90' lang='lat' dir='ltr'><strong>vel</strong></span> <span class='ocrx_word' id='word_1_728' title='bbox 1591 5099 1862 5153; x_wconf 86' lang='lat' dir='ltr'><strong>immerito</strong></span> <span class='ocrx_word' id='word_1_729' title='bbox 1908 5096 2101 5152; x_wconf 88' lang='lat' dir='ltr'><strong>horum</strong></span> 
     </span>
    </p>
   </div>
   <div class='ocr_carea' id='block_1_97' title="bbox 506 5189 2133 5261">
    <p class='ocr_par' dir='ltr' id='par_1_97' title="bbox 506 5189 2133 5261">
     <span class='ocr_line' id='line_1_97' title="bbox 506 5189 2133 5261; baseline -0.002 -13"><span class='ocrx_word' id='word_1_730' title='bbox 506 5195 750 5248; x_wconf 90' lang='lat' dir='ltr'><strong>omnium</strong></span> <span class='ocrx_word' id='word_1_731' title='bbox 805 5207 1051 5248; x_wconf 89' lang='lat' dir='ltr'><strong>errorum</strong></span> <span class='ocrx_word' id='word_1_732' title='bbox 1099 5201 1376 5261; x_wconf 84' lang='lat' dir='ltr'><strong>arguatur,</strong></span> <span class='ocrx_word' id='word_1_733' title='bbox 1402 5205 1501 5245; x_wconf 91' lang='lat' dir='ltr'><strong>nos</strong></span> <span class='ocrx_word' id='word_1_734' title='bbox 1524 5190 1661 5244; x_wconf 87' lang='lat' dir='ltr'><strong>infra</strong></span> <span class='ocrx_word' id='word_1_735' title='bbox 1687 5191 1846 5244; x_wconf 92' lang='lat' dir='ltr'><strong>solito</strong></span> <span class='ocrx_word' id='word_1_736' title='bbox 1867 5189 2133 5255; x_wconf 43' lang='lat' dir='ltr'><strong>candore,</strong></span> 
     </span>
    </p>
   </div>
   <div class='ocr_carea' id='block_1_98' title="bbox 506 5280 2102 5350">
    <p class='ocr_par' dir='ltr' id='par_1_98' title="bbox 506 5280 2102 5350">
     <span class='ocr_line' id='line_1_98' title="bbox 506 5280 2102 5350; baseline -0.005 -9"><span class='ocrx_word' id='word_1_737' title='bbox 506 5283 968 5349; x_wconf 79' lang='lat' dir='ltr'><strong>examiuabimus,</strong></span> <span class='ocrx_word' id='word_1_738' title='bbox 1012 5283 1102 5337; x_wconf 91' lang='lat' dir='ltr'><strong>ubi</strong></span> <span class='ocrx_word' id='word_1_739' title='bbox 1143 5283 1212 5339; x_wconf 90' lang='lat' dir='ltr'><strong>de</strong></span> <span class='ocrx_word' id='word_1_740' title='bbox 1263 5281 1448 5338; x_wconf 91' lang='lat' dir='ltr'><strong>iisdem</strong></span> <span class='ocrx_word' id='word_1_741' title='bbox 1494 5281 1600 5336; x_wconf 92' lang='lat' dir='ltr'><strong>illis</strong></span> <span class='ocrx_word' id='word_1_742' title='bbox 1627 5297 1795 5337; x_wconf 71' lang='lat' dir='ltr'><strong>sacra:</strong></span> <span class='ocrx_word' id='word_1_743' title='bbox 1825 5280 2102 5350; x_wconf 89' lang='lat' dir='ltr'><strong>religionis</strong></span> 
     </span>
    </p>
   </div>
   <div class='ocr_carea' id='block_1_99' title="bbox 503 5373 2102 5450">
    <p class='ocr_par' dir='ltr' id='par_1_99' title="bbox 503 5373 2102 5450">
     <span class='ocr_line' id='line_1_99' title="bbox 503 5373 2102 5450; baseline -0.004 -14"><span class='ocrx_word' id='word_1_744' title='bbox 503 5389 708 5436; x_wconf 79' lang='lat' dir='ltr'><strong>nostra:</strong></span> <span class='ocrx_word' id='word_1_745' title='bbox 734 5378 1076 5450; x_wconf 88' lang='lat' dir='ltr'><strong>dogmatibus</strong></span> <span class='ocrx_word' id='word_1_746' title='bbox 1101 5387 1157 5433; x_wconf 90' lang='lat' dir='ltr'><strong>et</strong></span> <span class='ocrx_word' id='word_1_747' title='bbox 1185 5377 1520 5450; x_wconf 87' lang='lat' dir='ltr'><strong>argumentis</strong></span> <span class='ocrx_word' id='word_1_748' title='bbox 1564 5375 1873 5447; x_wconf 80' lang='lat' dir='ltr'><strong>disputandi</strong></span> <span class='ocrx_word' id='word_1_749' title='bbox 1924 5373 2102 5445; x_wconf 88' lang='lat' dir='ltr'><strong>aptior</strong></span> 
     </span>
    </p>
   </div>
   <div class='ocr_carea' id='block_1_100' title="bbox 503 5470 1224 5530">
    <p class='ocr_par' dir='ltr' id='par_1_100' title="bbox 503 5470 1224 5530">
     <span class='ocr_line' id='line_1_100' title="bbox 503 5470 1224 5530; baseline -0.003 -2"><span class='ocrx_word' id='word_1_750' title='bbox 503 5473 660 5530; x_wconf 88' lang='lat' dir='ltr'><strong>locus</strong></span> <span class='ocrx_word' id='word_1_751' title='bbox 681 5472 837 5528; x_wconf 86' lang='lat' dir='ltr'><strong>nobis</strong></span> <span class='ocrx_word' id='word_1_752' title='bbox 864 5486 985 5528; x_wconf 90' lang='lat' dir='ltr'><strong>sese</strong></span> <span class='ocrx_word' id='word_1_753' title='bbox 1015 5470 1224 5527; x_wconf 74' lang='lat' dir='ltr'><strong>oll‘eret.</strong></span> 
     </span>
    </p>
   </div>
   <div class='ocr_carea' id='block_1_101' title="bbox 1113 5580 1488 5622">
    <p class='ocr_par' dir='ltr' id='par_1_101' title="bbox 1113 5580 1488 5622">
     <span class='ocr_line' id='line_1_101' title="bbox 1113 5580 1488 5622; baseline -0.005 -2"><span class='ocrx_word' id='word_1_754' title='bbox 1113 5580 1408 5622; x_wconf 76' lang='lat' dir='ltr'><strong>ARTICULUS</strong></span> <span class='ocrx_word' id='word_1_755' title='bbox 1438 5581 1488 5619; x_wconf 69' lang='grc' dir='ltr'><strong>ν.</strong></span> 
     </span>
    </p>
   </div>
   <div class='ocr_carea' id='block_1_102' title="bbox 502 5682 2099 5800">
    <p class='ocr_par' dir='ltr' id='par_1_102' title="bbox 502 5682 2099 5800">
     <span class='ocr_line' id='line_1_102' title="bbox 502 5682 2099 5800; baseline 0.002 -65"><span class='ocrx_word' id='word_1_756' title='bbox 502 5682 583 5735; x_wconf 87' lang='lat' dir='ltr'><strong>De</strong></span> <span class='ocrx_word' id='word_1_757' title='bbox 611 5685 758 5736; x_wconf 77' lang='lat' dir='ltr'><strong>vat-iis</strong></span> <span class='ocrx_word' id='word_1_758' title='bbox 801 5686 975 5737; x_wconf 90' lang='lat' dir='ltr'><strong>horum</strong></span> <span class='ocrx_word' id='word_1_759' title='bbox 998 5686 1233 5800; x_wconf 58' lang='lat' dir='ltr'><strong>librorugt</strong></span> <span class='ocrx_word' id='word_1_760' title='bbox 1261 5687 1510 5799; x_wconf 57' lang='lat' dir='ltr'><strong>cogicibus</strong></span> <span class='ocrx_word' id='word_1_761' title='bbox 1539 5688 1881 5750; x_wconf 84' lang='lat' dir='ltr'><strong>manuscriptis</strong></span> <span class='ocrx_word' id='word_1_762' title='bbox 1913 5694 1966 5739; x_wconf 87' lang='lat' dir='ltr'><strong>et</strong></span> <span class='ocrx_word' id='word_1_763' title='bbox 1989 5689 2099 5740; x_wconf 83' lang='lat' dir='ltr'><strong>edi-</strong></span> 
     </span>
     <span class='ocr_line' id='line_1_103' title="bbox 1226 5763 1415 5800; baseline 0.011 -2"><span class='ocrx_word' id='word_1_764' title='bbox 1226 5763 1304 5798; x_wconf 89' lang='lat' dir='ltr'><strong>om</strong></span> <span class='ocrx_word' id='word_1_765' title='bbox 1342 5764 1415 5800; x_wconf 91' lang='lat' dir='ltr'><strong>us.</strong></span> 
     </span>
    </p>
   </div>
   <div class='ocr_carea' id='block_1_103' title="bbox 1226 5763 1415 5801">
    <p class='ocr_par' dir='ltr' id='par_1_103' title="bbox 1226 5763 1415 5801">
     <span class='ocr_line' id='line_1_104' title="bbox 1226 5763 1415 5801; baseline 0.005 -3"><span class='ocrx_word' id='word_1_766' title='bbox 1226 5763 1415 5801; x_wconf 77' lang='grc' dir='ltr'><strong>οηιῡυδ.</strong></span> 
     </span>
    </p>
   </div>
   <div class='ocr_carea' id='block_1_104' title="bbox 2209 4729 3814 4803">
    <p class='ocr_par' dir='ltr' id='par_1_104' title="bbox 2209 4729 3814 4803">
     <span class='ocr_line' id='line_1_105' title="bbox 2209 4729 3814 4803; baseline 0.001 -16"><span class='ocrx_word' id='word_1_767' title='bbox 2209 4745 2391 4787; x_wconf 88' lang='lat' dir='ltr'><strong>nonne</strong></span> <span class='ocrx_word' id='word_1_768' title='bbox 2442 4729 2566 4785; x_wconf 91' lang='lat' dir='ltr'><strong>inde</strong></span> <span class='ocrx_word' id='word_1_769' title='bbox 2613 4729 2792 4801; x_wconf 79' lang='lat' dir='ltr'><strong>colligi</strong></span> <span class='ocrx_word' id='word_1_770' title='bbox 2839 4742 3014 4801; x_wconf 88' lang='lat' dir='ltr'><strong>potest</strong></span> <span class='ocrx_word' id='word_1_771' title='bbox 3051 4732 3194 4788; x_wconf 86' lang='lat' dir='ltr'><strong>hunc</strong></span> <span class='ocrx_word' id='word_1_772' title='bbox 3225 4734 3398 4803; x_wconf 80' lang='lat' dir='ltr'><strong>ipsum</strong></span> <span class='ocrx_word' id='word_1_773' title='bbox 3427 4734 3540 4788; x_wconf 89' lang='lat' dir='ltr'><strong>suis</strong></span> <span class='ocrx_word' id='word_1_774' title='bbox 3569 4743 3814 4789; x_wconf 88' lang='lat' dir='ltr'><strong>tantum-</strong></span> 
     </span>
    </p>
   </div>
   <div class='ocr_carea' id='block_1_105' title="bbox 2209 4822 3815 4892">
    <p class='ocr_par' dir='ltr' id='par_1_105' title="bbox 2209 4822 3815 4892">
     <span class='ocr_line' id='line_1_106' title="bbox 2209 4822 3815 4892; baseline 0.001 -13"><span class='ocrx_word' id='word_1_775' title='bbox 2209 4823 2372 4879; x_wconf 87' lang='lat' dir='ltr'><strong>modo</strong></span> <span class='ocrx_word' id='word_1_776' title='bbox 2402 4822 2732 4892; x_wconf 90' lang='lat' dir='ltr'><strong>c0ujccturis</strong></span> <span class='ocrx_word' id='word_1_777' title='bbox 2758 4832 2996 4879; x_wconf 89' lang='lat' dir='ltr'><strong>tentasse</strong></span> <span class='ocrx_word' id='word_1_778' title='bbox 3023 4825 3286 4880; x_wconf 90' lang='lat' dir='ltr'><strong>medicam</strong></span> <span class='ocrx_word' id='word_1_779' title='bbox 3320 4826 3384 4882; x_wconf 90' lang='lat' dir='ltr'><strong>iis</strong></span> <span class='ocrx_word' id='word_1_780' title='bbox 3412 4825 3670 4882; x_wconf 86' lang='lat' dir='ltr'><strong>adhibere</strong></span> <span class='ocrx_word' id='word_1_781' title='bbox 3696 4842 3815 4881; x_wconf 73' lang='lat' dir='ltr'><strong>ma-</strong></span> 
     </span>
    </p>
   </div>
   <div class='ocr_carea' id='block_1_106' title="bbox 2210 4915 3815 4981">
    <p class='ocr_par' dir='ltr' id='par_1_106' title="bbox 2210 4915 3815 4981">
     <span class='ocr_line' id='line_1_107' title="bbox 2210 4915 3815 4981; baseline 0.004 -8"><span class='ocrx_word' id='word_1_782' title='bbox 2210 4916 2381 4974; x_wconf 89' lang='lat' dir='ltr'><strong>num?</strong></span> <span class='ocrx_word' id='word_1_783' title='bbox 2413 4916 2621 4972; x_wconf 78' lang='lat' dir='ltr'><strong>Rursus</strong></span> <span class='ocrx_word' id='word_1_784' title='bbox 2650 4931 2780 4970; x_wconf 87' lang='lat' dir='ltr'><strong>vero</strong></span> <span class='ocrx_word' id='word_1_785' title='bbox 2813 4915 2863 4970; x_wconf 88' lang='lat' dir='ltr'><strong>hi</strong></span> <span class='ocrx_word' id='word_1_786' title='bbox 2894 4917 3116 4972; x_wconf 76' lang='lat' dir='ltr'><strong>Arnobii</strong></span> <span class='ocrx_word' id='word_1_787' title='bbox 3145 4918 3267 4972; x_wconf 89' lang='lat' dir='ltr'><strong>libri</strong></span> <span class='ocrx_word' id='word_1_788' title='bbox 3299 4935 3363 4974; x_wconf 84' lang='lat' dir='ltr'><strong>ex</strong></span> <span class='ocrx_word' id='word_1_789' title='bbox 3389 4919 3576 4975; x_wconf 88' lang='lat' dir='ltr'><strong>iisdem</strong></span> <span class='ocrx_word' id='word_1_790' title='bbox 3602 4920 3815 4981; x_wconf 86' lang='lat' dir='ltr'><strong>Frobe-</strong></span> 
     </span>
    </p>
   </div>
   <div class='ocr_carea' id='block_1_107' title="bbox 2208 5011 3816 5087">
    <p class='ocr_par' dir='ltr' id='par_1_107' title="bbox 2208 5011 3816 5087">
     <span class='ocr_line' id='line_1_108' title="bbox 2208 5011 3816 5087; baseline 0.006 -21"><span class='ocrx_word' id='word_1_791' title='bbox 2208 5012 2385 5066; x_wconf 88' lang='lat' dir='ltr'><strong>nianis</strong></span> <span class='ocrx_word' id='word_1_792' title='bbox 2429 5011 2569 5083; x_wconf 87' lang='lat' dir='ltr'><strong>typis</strong></span> <span class='ocrx_word' id='word_1_793' title='bbox 2619 5025 2763 5064; x_wconf 89' lang='lat' dir='ltr'><strong>anno</strong></span> <span class='ocrx_word' id='word_1_794' title='bbox 2813 5011 2988 5075; x_wconf 76' lang='lat'><strong>1560,</strong></span> <span class='ocrx_word' id='word_1_795' title='bbox 3037 5012 3088 5066; x_wconf 94' lang='lat' dir='ltr'><strong>in</strong></span> <span class='ocrx_word' id='word_1_796' title='bbox 3120 5013 3309 5068; x_wconf 82' lang='lat' dir='ltr'><strong>eadem</strong></span> <span class='ocrx_word' id='word_1_797' title='bbox 3340 5015 3503 5083; x_wconf 87' lang='lat' dir='ltr'><strong>urbe,</strong></span> <span class='ocrx_word' id='word_1_798' title='bbox 3532 5029 3598 5070; x_wconf 91' lang='lat' dir='ltr'><strong>ac</strong></span> <span class='ocrx_word' id='word_1_799' title='bbox 3621 5027 3816 5087; x_wconf 78' lang='lat' dir='ltr'><strong>postea</strong></span> 
     </span>
    </p>
   </div>
   <div class='ocr_carea' id='block_1_108' title="bbox 2208 5103 3389 5176">
    <p class='ocr_par' dir='ltr' id='par_1_108' title="bbox 2208 5103 3389 5176">
     <span class='ocr_line' id='line_1_109' title="bbox 2208 5103 3389 5176; baseline 0.002 -16"><span class='ocrx_word' id='word_1_800' title='bbox 2208 5105 2432 5160; x_wconf 86' lang='lat' dir='ltr'><strong>Parisiis</strong></span> <span class='ocrx_word' id='word_1_801' title='bbox 2454 5119 2598 5159; x_wconf 87' lang='lat' dir='ltr'><strong>anno</strong></span> <span class='ocrx_word' id='word_1_802' title='bbox 2632 5103 2792 5167; x_wconf 79' lang='lat' dir='ltr'><strong>l570,</strong></span> <span class='ocrx_word' id='word_1_803' title='bbox 2827 5105 2876 5157; x_wconf 93' lang='lat' dir='ltr'><strong>in</strong></span> <span class='ocrx_word' id='word_1_804' title='bbox 2903 5105 3095 5176; x_wconf 88' lang='lat' dir='ltr'><strong>vulgus</strong></span> <span class='ocrx_word' id='word_1_805' title='bbox 3114 5107 3389 5162; x_wconf 81' lang='lat' dir='ltr'><strong>exierunt.</strong></span> 
     </span>
    </p>
   </div>
   <div class='ocr_carea' id='block_1_109' title="bbox 2282 5196 3816 5272">
    <p class='ocr_par' dir='ltr' id='par_1_109' title="bbox 2282 5196 3816 5272">
     <span class='ocr_line' id='line_1_110' title="bbox 2282 5196 3816 5272; baseline 0.007 -18"><span class='ocrx_word' id='word_1_806' title='bbox 2282 5196 2602 5254; x_wconf 88' lang='lat' dir='ltr'><strong>Theodorus</strong></span> <span class='ocrx_word' id='word_1_807' title='bbox 2629 5197 2861 5254; x_wconf 92' lang='lat' dir='ltr'><strong>subinde</strong></span> <span class='ocrx_word' id='word_1_808' title='bbox 2892 5200 3154 5255; x_wconf 85' lang='lat' dir='ltr'><strong>Canterus</strong></span> <span class='ocrx_word' id='word_1_809' title='bbox 3197 5217 3390 5257; x_wconf 89' lang='lat' dir='ltr'><strong>novam</strong></span> <span class='ocrx_word' id='word_1_810' title='bbox 3441 5203 3689 5272; x_wconf 90' lang='lat' dir='ltr'><strong>illorum,</strong></span> <span class='ocrx_word' id='word_1_811' title='bbox 3742 5207 3816 5264; x_wconf 84' lang='lat' dir='ltr'><strong>ad</strong></span> 
     </span>
    </p>
   </div>
   <div class='ocr_carea' id='block_1_110' title="bbox 2211 5289 3818 5362">
    <p class='ocr_par' dir='ltr' id='par_1_110' title="bbox 2211 5289 3818 5362">
     <span class='ocr_line' id='line_1_111' title="bbox 2211 5289 3818 5362; baseline 0.007 -16"><span class='ocrx_word' id='word_1_812' title='bbox 2211 5291 2560 5361; x_wconf 88' lang='lat' dir='ltr'><strong>manuscripti</strong></span> <span class='ocrx_word' id='word_1_813' title='bbox 2608 5289 2776 5359; x_wconf 87' lang='lat' dir='ltr'><strong>regii,</strong></span> <span class='ocrx_word' id='word_1_814' title='bbox 2823 5301 2878 5345; x_wconf 86' lang='lat' dir='ltr'><strong>ut</strong></span> <span class='ocrx_word' id='word_1_815' title='bbox 2920 5291 3011 5348; x_wconf 91' lang='lat' dir='ltr'><strong>ille</strong></span> <span class='ocrx_word' id='word_1_816' title='bbox 3056 5293 3156 5359; x_wconf 88' lang='lat' dir='ltr'><strong>ait,</strong></span> <span class='ocrx_word' id='word_1_817' title='bbox 3189 5294 3348 5348; x_wconf 90' lang='lat' dir='ltr'><strong>fidem</strong></span> <span class='ocrx_word' id='word_1_818' title='bbox 3377 5337 3390 5362; x_wconf 92' lang='lat'><strong>,</strong></span> <span class='ocrx_word' id='word_1_819' title='bbox 3425 5305 3479 5350; x_wconf 90' lang='lat' dir='ltr'><strong>et</strong></span> <span class='ocrx_word' id='word_1_820' title='bbox 3507 5296 3818 5358; x_wconf 89' lang='lat' dir='ltr'><strong>Clementis</strong></span> 
     </span>
    </p>
   </div>
   <div class='ocr_carea' id='block_1_111' title="bbox 2211 5383 3820 5461">
    <p class='ocr_par' dir='ltr' id='par_1_111' title="bbox 2211 5383 3820 5461">
     <span class='ocr_line' id='line_1_112' title="bbox 2211 5383 3820 5461; baseline 0.007 -21"><span class='ocrx_word' id='word_1_821' title='bbox 2211 5383 2571 5440; x_wconf 79' lang='lat' dir='ltr'><strong>Alexandrini</strong></span> <span class='ocrx_word' id='word_1_822' title='bbox 2599 5384 2802 5438; x_wconf 83' lang='lat' dir='ltr'><strong>auxilio</strong></span> <span class='ocrx_word' id='word_1_823' title='bbox 2820 5386 3164 5454; x_wconf 81' lang='lat' dir='ltr'><strong>castigatam,</strong></span> <span class='ocrx_word' id='word_1_824' title='bbox 3183 5385 3474 5444; x_wconf 90' lang='lat' dir='ltr'><strong>editionem</strong></span> <span class='ocrx_word' id='word_1_825' title='bbox 3493 5390 3820 5461; x_wconf 72' lang='lat' dir='ltr'><strong>Antuerpiae</strong></span> 
     </span>
    </p>
   </div>
   <div class='ocr_carea' id='block_1_112' title="bbox 2211 5477 3822 5556">
    <p class='ocr_par' dir='ltr' id='par_1_112' title="bbox 2211 5477 3822 5556">
     <span class='ocr_line' id='line_1_113' title="bbox 2211 5477 3822 5556; baseline 0.006 -22"><span class='ocrx_word' id='word_1_826' title='bbox 2211 5479 2352 5548; x_wconf 86' lang='lat' dir='ltr'><strong>apud</strong></span> <span class='ocrx_word' id='word_1_827' title='bbox 2400 5477 2733 5547; x_wconf 85' lang='lat' dir='ltr'><strong>Plautinum,</strong></span> <span class='ocrx_word' id='word_1_828' title='bbox 2770 5494 2914 5534; x_wconf 92' lang='lat' dir='ltr'><strong>anno</strong></span> <span class='ocrx_word' id='word_1_829' title='bbox 2957 5479 3117 5547; x_wconf 76' lang='grc'><strong>1582,</strong></span> <span class='ocrx_word' id='word_1_830' title='bbox 3159 5496 3412 5537; x_wconf 86' lang='lat' dir='ltr'><strong>excusam</strong></span> <span class='ocrx_word' id='word_1_831' title='bbox 3445 5484 3822 5556; x_wconf 89' lang='lat' dir='ltr'><strong>publicijuris</strong></span> 
     </span>
    </p>
   </div>
   <div class='ocr_carea' id='block_1_113' title="bbox 2211 5570 3820 5644">
    <p class='ocr_par' dir='ltr' id='par_1_113' title="bbox 2211 5570 3820 5644">
     <span class='ocr_line' id='line_1_114' title="bbox 2211 5570 3820 5644; baseline 0.005 -16"><span class='ocrx_word' id='word_1_832' title='bbox 2211 5573 2361 5628; x_wconf 80' lang='lat' dir='ltr'><strong>fecit.</strong></span> <span class='ocrx_word' id='word_1_833' title='bbox 2396 5570 2622 5626; x_wconf 87' lang='lat' dir='ltr'><strong>Fatetur</strong></span> <span class='ocrx_word' id='word_1_834' title='bbox 2647 5585 2825 5628; x_wconf 88' lang='lat' dir='ltr'><strong>autem</strong></span> <span class='ocrx_word' id='word_1_835' title='bbox 2857 5588 2918 5628; x_wconf 91' lang='lat' dir='ltr'><strong>se</strong></span> <span class='ocrx_word' id='word_1_836' title='bbox 2957 5573 3276 5644; x_wconf 90' lang='lat' dir='ltr'><strong>aliquando,</strong></span> <span class='ocrx_word' id='word_1_837' title='bbox 3316 5574 3406 5630; x_wconf 92' lang='lat' dir='ltr'><strong>ubi</strong></span> <span class='ocrx_word' id='word_1_838' title='bbox 3437 5576 3660 5632; x_wconf 88' lang='lat' dir='ltr'><strong>meliora</strong></span> <span class='ocrx_word' id='word_1_839' title='bbox 3700 5596 3820 5636; x_wconf 89' lang='lat' dir='ltr'><strong>non</strong></span> 
     </span>
    </p>
   </div>
   <div class='ocr_carea' id='block_1_114' title="bbox 2211 5667 3822 5748">
    <p class='ocr_par' dir='ltr' id='par_1_114' title="bbox 2211 5667 3822 5748">
     <span class='ocr_line' id='line_1_115' title="bbox 2211 5667 3822 5748; baseline 0.003 -23"><span class='ocrx_word' id='word_1_840' title='bbox 2211 5668 2606 5741; x_wconf 88' lang='lat' dir='ltr'><strong>suppetabant,</strong></span> <span class='ocrx_word' id='word_1_841' title='bbox 2658 5669 2837 5723; x_wconf 88' lang='lat' dir='ltr'><strong>varias</strong></span> <span class='ocrx_word' id='word_1_842' title='bbox 2885 5667 3126 5729; x_wconf 87' lang='lat' dir='ltr'><strong>Gelenii.</strong></span> <span class='ocrx_word' id='word_1_843' title='bbox 3166 5685 3325 5748; x_wconf 88' lang='lat' dir='ltr'><strong>quem</strong></span> <span class='ocrx_word' id='word_1_844' title='bbox 3351 5671 3684 5740; x_wconf 86' lang='lat' dir='ltr'><strong>conjecturis</strong></span> <span class='ocrx_word' id='word_1_845' title='bbox 3724 5682 3822 5730; x_wconf 75' lang='lat' dir='ltr'><strong>ta-</strong></span> 
     </span>
    </p>
   </div>
   <div class='ocr_carea' id='block_1_115' title="bbox 2211 5759 3820 5833">
    <p class='ocr_par' dir='ltr' id='par_1_115' title="bbox 2211 5759 3820 5833">
     <span class='ocr_line' id='line_1_116' title="bbox 2211 5759 3820 5833; baseline 0.004 -15"><span class='ocrx_word' id='word_1_846' title='bbox 2211 5778 2337 5819; x_wconf 89' lang='lat' dir='ltr'><strong>men</strong></span> <span class='ocrx_word' id='word_1_847' title='bbox 2387 5761 2613 5818; x_wconf 89' lang='lat' dir='ltr'><strong>nimium</strong></span> <span class='ocrx_word' id='word_1_848' title='bbox 2643 5759 2933 5819; x_wconf 88' lang='lat' dir='ltr'><strong>indulsisse</strong></span> <span class='ocrx_word' id='word_1_849' title='bbox 2980 5761 3186 5833; x_wconf 84' lang='lat' dir='ltr'><strong>arguit,</strong></span> <span class='ocrx_word' id='word_1_850' title='bbox 3239 5771 3482 5820; x_wconf 89' lang='lat' dir='ltr'><strong>secutum</strong></span> <span class='ocrx_word' id='word_1_851' title='bbox 3527 5763 3698 5822; x_wconf 84' lang='lat' dir='ltr'><strong>fuisse</strong></span> <span class='ocrx_word' id='word_1_852' title='bbox 3725 5765 3820 5825; x_wconf 87' lang='lat' dir='ltr'><strong>le-</strong></span> 
     </span>
    </p>
   </div>
   <div class='ocr_carea' id='block_1_116' title="bbox 500 5846 2435 5929">
    <p class='ocr_par' dir='ltr' id='par_1_116' title="bbox 500 5846 2435 5929">
     <span class='ocr_line' id='line_1_117' title="bbox 500 5846 2435 5929; baseline 0.001 -17"><span class='ocrx_word' id='word_1_853' title='bbox 500 5856 526 5925; x_wconf 68' lang='grc' dir='ltr'><strong>ῑ.</strong></span> <span class='ocrx_word' id='word_1_854' title='bbox 573 5846 727 5910; x_wconf 80' lang='lat' dir='ltr'><strong>Unus</strong></span> <span class='ocrx_word' id='word_1_855' title='bbox 756 5861 962 5913; x_wconf 84' lang='lat' dir='ltr'><strong>tantum</strong></span> <span class='ocrx_word' id='word_1_856' title='bbox 987 5853 1144 5916; x_wconf 85' lang='lat' dir='ltr'><strong>nobis</strong></span> <span class='ocrx_word' id='word_1_857' title='bbox 1170 5863 1421 5929; x_wconf 85' lang='lat' dir='ltr'><strong>superest</strong></span> <span class='ocrx_word' id='word_1_858' title='bbox 1447 5855 1639 5916; x_wconf 83' lang='lat' dir='ltr'><strong>horum</strong></span> <span class='ocrx_word' id='word_1_859' title='bbox 1691 5855 1948 5918; x_wconf 86' lang='lat' dir='ltr'><strong>librorum</strong></span> <span class='ocrx_word' id='word_1_860' title='bbox 1977 5873 2096 5916; x_wconf 63' lang='grc' dir='ltr'><strong>ωας</strong></span> <span class='ocrx_word' id='word_1_861' title='bbox 2176 5871 2210 5914; x_wconf 86' lang='lat' dir='ltr'><strong>c</strong></span> <span class='ocrx_word' id='word_1_862' title='bbox 2242 5857 2435 5916; x_wconf 80' lang='lat' dir='ltr'><strong>tiones.</strong></span> 
     </span>
    </p>
   </div>
  </div>
