3980 6286
234 402 341 460 401

1496 401 1567 459 ΙΝ
1605 401 1958 461 ARNOBIUM
1982 447 1998 473 ,
2038 404 2191 463 CAP.
2232 408 2295 466 ll.

3446 409 3558 469 102

311 518 523 576 Dehine
566 520 981 592 quadragesimo
1009 527 1133 592 post
1158 518 1488 592 divulgatam
1515 518 1702 575 Romae
1731 520 1845 592 pri-
1872 534 1928 595 Α
1949 523 2275 593 summulas,
2316 523 2512 596 quibus
2540 524 2865 596 explanatur
2889 523 3158 582 obscurus
3184 523 3413 585 Arnobii
3437 535 3553 588 tex-

235 628 384 669 mam
435 614 630 670 borum
656 614 919 671 librorum
948 615 1264 682 editionem,
1300 630 1444 669 anno
1464 612 1664 670 Christi
1693 615 1852 670 nimi-

234 722 363 763 rum
394 708 555 776 1585,
591 706 810 763 Ευινίιιυ
843 709 1073 765 Ursinus
1096 708 1257 763 aliam
1289 708 1343 763 in
1371 706 1561 762 eadem
1590 707 1722 763 urbe
1749 722 1847 763 cu-

235 800 385 855 ravit
435 801 490 855 in
539 800 713 856 lucem
769 800 1020 871 proferri.
1066 800 1251 856 Palam
1302 809 1481 855 aute-in
1519 800 1759 855 declarat
1787 814 1849 857 se

233 890 468 948 Joannis
499 893 756 963 Baptista:
784 894 1050 966 sighicelli
1073 935 1088 959 ,
1142 901 1199 949 et
1234 892 1383 949 Petri
1411 892 1692 948 Cbiaconii
1732 894 1847 947 his-

236 989 368 1059 pani
417 988 894 1045 emendatiouibus
936 989 1201 1060 adjutum,
1234 988 1289 1043 in
1322 1003 1385 1043 ea
1416 987 1675 1058 plurimas
1704 985 1843 1043 Ger-

235 1095 577 1145 manorum,
638 1080 730 1150 qui
780 1079 1004 1136 Aruobii
1058 1089 1263 1135 textum
1312 1076 1541 1133 inﬁnitis
1570 1078 1705 1133 locis
1742 1092 1844 1150 pro

231 1170 395 1227 libitu
437 1183 494 1228 et
549 1172 774 1228 arbitrio
829 1182 1208 1242 corruperant,
1240 1170 1654 1241 depravationes
1680 1181 1842 1241 atque

231 1266 649 1322 immutationes
703 1266 1030 1324 correxisse.
1081 1264 1225 1320 Nihil
1276 1273 1456 1320 tamen
1502 1265 1555 1319 in
1603 1265 1840 1321 auctoris

230 1368 445 1416 textum
486 1375 550 1415 se
594 1360 869 1430 recepisse
922 1367 1172 1426 testatur,
1205 1356 1307 1413 nisi
1336 1355 1478 1427 quod
1509 1356 1839 1413 ntanifesds-

226 1457 373 1515 sime
418 1467 581 1527 atque
612 1456 718 1511 ulla
746 1458 950 1525 abSqne
979 1455 1350 1512 controversia
1382 1469 1571 1510 verum
1598 1465 1736 1515 erat.
1771 1470 1837 1511 ac

226 1551 532 1606 multorum
563 1549 976 1621 comprobatum
1029 1548 1254 1619 judicio.
1313 1547 1445 1617 Qua:
1475 1564 1605 1604 vero
1629 1563 1735 1604 non
1761 1548 1834 1604 ita

224 1653 380 1702 certa
412 1645 759 1710 videbantur,
790 1662 853 1702 ea
884 1646 1153 1716 adjunctis
1180 1645 1247 1700 ad
1277 1644 1617 1715 conjecturas
1644 1645 1833 1701 contir-

224 1737 457 1795 mandas
489 1738 747 1798 brevibus
774 1738 1096 1809 quibusdam
1124 1736 1723 1803 anintadvcrsiouibus,
1775 1736 1830 1794 in

222 1848 320 1888 ora
353 1842 574 1890 notasse
601 1834 939 1905 paginarum.

1954 624 2059 683 tus,
2092 632 2417 685 erroresque
2441 618 2558 688 ejus
2587 627 2862 674 notantur.

2021 709 2280 766 Desiderii
2309 710 2525 766 Heraldi
2562 726 2724 783 opera
2755 719 2811 765 et
2838 710 3020 766 studio
3069 727 3209 767 nova
3252 714 3444 770 horum
3472 716 3549 773 li-

1948 800 2167 858 brorum
2195 802 2361 859 editio
2387 803 2629 869 Parisiis,
2658 819 2802 860 anno
2847 805 3006 873 1605,
3028 805 3095 861 ad
3125 807 3445 878 Romanam,
3473 811 3556 868 uti

1948 894 2038 950 ille
2063 896 2318 963 l0quitur,
2349 900 2634 968 castigata,
2658 907 2713 953 et
2738 897 3057 969 quibusdam
3089 899 3222 955 locis
3244 916 3314 956 ex
3340 917 3542 957 manu-

1947 988 2150 1057 scripto
2191 988 2342 1059 regio
2367 999 2524 1044 aucta
2574 998 2629 1045 et
2656 990 2940 1046 emendata
2990 991 3258 1064 divulgata
3286 1005 3390 1050 est.
3426 996 3541 1054 Sed

1946 1080 2036 1137 ille
2061 1081 2232 1152 majus
2284 1084 2333 1137 in
2382 1083 2524 1138 notis
2553 1083 2875 1146 scribendis.
2905 1100 3064 1153 quam
3111 1087 3164 1142 in
3194 1088 3541 1148 emendando

1943 1174 2164 1231 Arnobii
2197 1184 2366 1239 textu,
2401 1176 2579 1246 posuit
2600 1175 2858 1234 studium.
2880 1177 2991 1235 Nos
3016 1192 3194 1236 autem
3216 1196 3537 1241 commone-

1941 1265 2072 1322 facit
2099 1283 2159 1324 se
2205 1268 2272 1323 ad
2320 1269 2374 1323 id
2433 1269 2721 1339 impulsum
2770 1267 2959 1337 fuisse,
3015 1272 3138 1343 quia
3190 1274 3404 1343 plurimi
3436 1290 3538 1332 suo

1942 1368 2188 1429 tempore
2236 1361 2611 1419 instaurandis
2650 1364 3059 1419 humanioribus
3101 1364 3295 1419 litteris
3320 1381 3387 1422 eo
3413 1368 3538 1422 fcli-

1938 1450 2165 1518 ciorem,
2194 1466 2303 1523 quo
2356 1452 2636 1523 majorem,
2670 1452 2841 1509 sacris
2871 1470 3003 1509 vero
3051 1463 3107 1510 et
3154 1455 3541 1515 ecclesiasticis

1937 1543 2271 1601 illustrandis
2313 1557 2404 1602 aut
2435 1548 2742 1613 minimum,
2771 1558 2863 1603 aut
2894 1550 3099 1604 nullum
3141 1550 3379 1607 laborent
3426 1552 3532 1608 im-

1935 1639 2256 1710 penderant.
2285 1641 2612 1697 Persuasum
2662 1642 2844 1714 itaque
2875 1644 3064 1699 habuit
3112 1644 3270 1715 longe
3298 1645 3535 1702 utilioris

1934 1744 2059 1787 esse
2086 1746 2267 1801 opera:
2308 1732 2375 1789 ad
2407 1733 2615 1789 edenda
2644 1744 2700 1790 et
2744 1735 3083 1805 explananda
3130 1746 3375 1792 veterum
3424 1738 3531 1794 Ec-

1931 1821 2112 1879 clesia:
2154 1822 2372 1879 Patrum
2410 1825 2611 1896 scripta
2640 1837 2961 1882 convertere
2994 1828 3254 1884 animum.
3285 1828 3527 1885 Primum

295 1926 443 1981 Duas
496 1925 803 1983 Gebhartus
854 1926 1291 1983 Elmenhorstius
1338 1925 1499 1997 hujus
1528 1924 1816 1982 Arnobiani

1929 1913 2114 1985 itaque
2142 1915 2211 1971 de
2253 1916 2591 1987 publicandis
2622 1927 2679 1973 et
2725 1918 3078 1975 emendandis
3119 1919 3438 1978 Tertulliani
3461 1924 3528 1979 liv

222 2019 409 2089 operis
455 2017 741 2084 editiones,
777 2034 939 2074 unam
964 2017 1287 2084 Hannovize,
1321 2033 1463 2074 anno
1485 2019 1647 2084 1605,
1678 2018 1823 2075 alte-

222 2125 340 2167 ram
371 2108 560 2180 majori
589 2108 902 2165 charactere
920 2109 1288 2177 etvolumine,
1319 2108 1613 2179 Hambnrgi
1632 2151 1649 2174 ,
1678 2123 1822 2163 anno

222 2202 366 2258 1610
386 2243 401 2267 ,
453 2201 766 2271 divulgavit.
814 2201 928 2257 Nos
955 2212 1135 2257 autem
1165 2203 1401 2257 monitos
1430 2201 1483 2256 in
1514 2201 1678 2271 priori
1707 2200 1821 2257 edi-

222 2296 375 2351 tione
397 2294 524 2351 facit
551 2292 748 2367 (Epist.
766 2296 835 2349 ad
848 2293 1076 2366 Lector.)
1094 2312 1173 2361 se,
1192 2294 1368 2351 adhuc
1389 2294 1817 2362 adolescentem,

219 2389 308 2446 bis
336 2388 564 2445 edendis
595 2390 747 2445 libris
778 2389 1108 2460 impendisse
1132 2405 1378 2460 operam,
1409 2404 1474 2444 ac
1501 2402 1602 2443 suo
1631 2404 1821 2443 exem-

216 2484 357 2556 plari
384 2498 505 2539 cum
532 2481 705 2538 Fulvii
735 2482 918 2539 Ursini
953 2481 1192 2538 editione
1247 2482 1538 2554 diligenter
1582 2481 1815 2548 collato,

216 2592 314 2634 eos
339 2575 644 2633 reddidisse
668 2575 995 2631 ornatiores.
1014 2574 1169 2644 Quod
1196 2585 1374 2631 autem
1398 2575 1626 2646 qualeve
1654 2571 1821 2630 fuerit

215 2672 352 2729 illud
381 2670 677 2742 exemplar,
714 2671 926 2742 penitus
953 2670 1177 2726 silet.At
1208 2671 1261 2724 in
1293 2670 1497 2741 praevio
1520 2668 1588 2723 ad
1615 2659 1822 2723 δεουηέ

213 2767 341 2825 dam
390 2766 684 2824 editionem
720 2766 928 2823 monito
953 2766 1195 2821 declirat
1224 2780 1284 2820 se
1310 2766 1362 2820 in
1390 2781 1451 2821 ea
1482 2763 1814 2821 recen~enda

214 2878 376 2919 usum
405 2860 573 2916 fuisse
597 2868 809 2917 vetusto
836 2860 1026 2916 codice
1049 2859 1326 2915 Francisci
1351 2858 1526 2912 Saba-i
1556 2856 1812 2922 Brixiani,

212 2973 364 3014 anno
409 2956 582 3023 1542,
623 2957 865 3012 romanis
903 2957 1045 3027 typis
1088 2953 1253 3009 edito.
1298 2951 1399 3008 Ubi
1422 2967 1554 3006 vero
1576 2950 1664 3006 bic
1689 2966 1814 3006 cor-

212 3061 411 3123 ruptus
435 3059 575 3117 crat,
602 3049 668 3104 ad
694 3058 980 3120 excerptas
1008 3063 1138 3103 mss.
1172 3055 1227 3103 et
1244 3046 1530 3102 doctorum
1552 3044 1811 3101 emenda-

211 3147 394 3202 tiones
421 3160 482 3200 se
510 3142 818 3214 confugisse
841 3184 856 3208 ,
914 3150 1076 3213 atquc
1122 3140 1208 3195 his
1247 3137 1587 3193 adminiculis
1642 3137 1811 3193 libros

209 3236 440 3297 Arnobii
468 3235 766 3291 innumeris
793 3235 960 3289 ntevis
990 3246 1245 3305 purgasse
1275 3241 1583 3295 asseverat;
1622 3230 1695 3285 ita
1726 3238 1808 3284 ta-

1927 2008 2040 2065 bris
2066 2011 2346 2081 cogitavit.
2376 2011 2483 2067 Sed
2531 2011 2735 2067 laboris
2783 2012 3153 2084 magnitudine
3202 2014 3522 2086 deterritus,

1926 2102 2116 2157 maluit
2139 2103 2198 2158 in
2223 2103 2536 2160 arnobianis
2559 2106 2737 2162 facere
2768 2106 3067 2178 periculum
3105 2126 3153 2161 :s
3181 2109 3358 2181 Atque
3381 2126 3527 2180 rem,

1927 2195 2123 2265 inquit,
2154 2196 2227 2252 ita
2250 2211 2372 2251 sum
2403 2197 2626 2253 adnisus
2650 2208 2729 2265 ut,
2762 2209 3020 2255 currente
3045 2216 3255 2266 mense,
3278 2202 3349 2257 ab
3367 2203 3521 2258 iusti-

1925 2295 2040 2342 tuto
2069 2302 2235 2358 opere
2265 2289 2525 2357 secundo,
2558 2290 2624 2345 ad
2654 2290 2777 2347 libri
2827 2290 3034 2347 calcem
3085 2294 3405 2363 perductum
3432 2310 3523 2355 me

1922 2383 2188 2437 senserim
2219 2403 2239 2437 ι
2274 2382 2443 2458 (epist.
2468 2384 2743 2457 dedicat.).

1994 2474 2188 2531 Postea
2215 2491 2361 2531 anno
2391 2476 2553 2544 1651,
2589 2476 2641 2531 lti
2672 2487 2882 2548 septem
2920 2480 3157 2537 auctoris
3193 2482 3366 2539 nostri
3389 2482 3497 2539 libr

1920 2565 2172 2638 Lugduni
2204 2567 2556 2635 Batavorum,
2578 2585 2700 2626 cum
2727 2572 3037 2639 recensione,
3068 2575 3143 2629 uti
3176 2574 3228 2629 in
3256 2574 3413 2631 titulo
3432 2577 3519 2631 in-

1920 2661 2197 2730 scribitur,
2240 2662 2350 2718 Viri
2376 2665 2720 2733 celeberrimi,
2752 2677 2799 2721 et
2846 2666 3058 2739 integris
3098 2670 3326 2724 omnium
3382 2686 3525 2725 com-

1919 2760 2185 2814 mentariis
2236 2760 2493 2830 publicati
2546 2760 2780 2817 fuerunt.
2812 2762 2917 2819 Sed
2973 2764 3185 2819 tametsi
3224 2766 3518 2820 reticeatur

1918 2849 2078 2921 hujus
2103 2852 2203 2907 viri
2233 2869 2452 2918 nomen,
2500 2853 2737 2921 Thysius
2765 2854 3120 2911 nihilominus
3148 2855 3288 2910 hanc
3312 2855 3514 2912 editio-

1916 2960 2039 3001 nem
2072 2962 2139 3002 ex
2173 2955 2324 3017 parte
2360 2962 2687 3019 procurasse
2730 2949 2951 3004 dicitur.
2977 2948 3034 3003 In
3063 2965 3126 3005 ea
3156 2965 3317 3020 porro
3339 2966 3515 3021 quan-

1916 3039 2118 3093 tumvis
2146 3040 2388 3094 omnium
2416 3041 2822 3096 accuratissima
2852 3042 3180 3119 venditetur,
3203 3045 3386 3113 plures
3411 3043 3512 3099 de-

1916 3132 2307 3202 prehendimus
2353 3149 2462 3188 non
2494 3134 2670 3189 solum
2703 3135 3163 3207 typographorum
3187 3136 3390 3208 lapsus,
3413 3137 3513 3195 sed

1912 3224 2157 3297 quaedam
2184 3228 2348 3280 etiam
2384 3226 2550 3282 verba
2581 3228 2819 3294 poenitus
2846 3230 3067 3284 omissa.

210 3347 341 3389 men
365 3342 423 3386 ut
443 3345 569 3385 raro
596 3329 742 3384 illius
786 3327 952 3383 textui
1007 3326 1210 3398 aliquid
1263 3323 1577 3379 inseruerit.
1607 3322 1808 3392 Aperte
1836 3340 1881 3403 ρ
1984 3318 2186 3374 Ultima
2217 3318 2430 3374 illorum
2459 3319 2626 3375 editio
2656 3337 2684 3373 a
2714 3320 2925 3376 Priorio
2950 3320 3209 3394 Cypriani
3227 3322 3508 3395 operibus,

208 3425 569 3483 nihilominus
597 3422 837 3478 declarat
876 3420 1104 3492 plurima
1146 3418 1323 3474 adhuc
1361 3430 1646 3489 superesse
1673 3413 1807 3471 falsa

208 3530 262 3575 et
288 3525 541 3588 corrupta
573 3517 713 3584 loca,
741 3531 860 3586 qua:
885 3513 1126 3586 quidem,
1152 3527 1273 3568 cum
1299 3512 1416 3567 sine
1444 3510 1684 3567 melioris
1710 3522 1806 3564 co-

207 3611 351 3667 dicis
377 3626 480 3681 ope
506 3610 732 3680 intelligi
763 3616 1054 3679 nequeant,
1074 3623 1137 3661 ea
1167 3608 1367 3661 intacta
1392 3617 1447 3660 et
1475 3603 1807 3660 felicioribus

208 3707 444 3777 ingeniis
470 3704 792 3777 corrigenda
822 3703 1059 3773 reliquit.
1086 3700 1194 3759 Sed
1223 3700 1313 3756 ille
1338 3699 1493 3755 nobis
1524 3715 1629 3753 non
1662 3696 1806 3752 indi-

207 3812 298 3858 cat
324 3802 413 3871 qui
445 3800 646 3856 fuerint
675 3798 894 3855 codices
934 3798 1043 3863 illi,
1070 3812 1134 3853 ex
1164 3794 1357 3867 quibus
1385 3805 1656 3864 excerpta:
1681 3802 1807 3848 sunt

208 3895 381 3950 variae
407 3895 511 3950 illae
540 3892 825 3949 lectiones.
858 3893 927 3948 At
950 3908 1081 3947 mss.
1107 3899 1162 3946 et
1182 3889 1465 3945 doctorum
1499 3887 1804 3944 nominibus

207 3991 343 4049 nihil
368 3990 515 4049 aliud
552 4002 746 4061 praeter
776 3988 939 4058 regia:
965 3984 1309 4041 bibliothecae
1336 3982 1601 4050 codicem,
1630 3993 1686 4037 et
1709 3998 1801 4038 su-

206 4085 516 4157 perioribus
558 4082 886 4139 editionibus
931 4079 1249 4150 prmfectos,
1282 4086 1444 4147 atque
1467 4076 1804 4131 observatio-

207 4196 339 4237 num
390 4177 745 4251 quorumdam
794 4185 1045 4234 auctores
1090 4172 1421 4246 signiﬁcasse
1450 4169 1803 4244 proculdubio

204 4274 444 4331 videtur.

280 4371 457 4429 Aliam
502 4368 813 4425 earumdem
860 4367 1123 4424 librorum
1147 4365 1465 4431 editionem,
1489 4362 1802 4434 Antuerpiai

206 4481 354 4521 anno
384 4463 522 4519 1604
563 4463 905 4533 publicatam,
939 4462 1293 4518 Godeschalci
1315 4460 1605 4517 Stewechii
1633 4458 1802 4515 labori

205 4558 476 4615 debemus
497 4554 589 4627 (In
620 4556 767 4625 epist.
796 4556 1022 4611 dedicat.
1043 4555 1284 4626 Augusta
1299 4552 1646 4622 Trevirorum,
1666 4567 1802 4606 anno

209 4650 400 4721 1587).
451 4649 602 4705 Hauc
646 4649 739 4705 ille
784 4650 952 4705 variis
993 4648 1316 4704 lectionibus
1345 4647 1551 4705 veteris
1584 4661 1804 4703 manus-

1911 3427 2055 3466 anno
2085 3411 2224 3468 1666
2251 3413 2461 3480 adjecta
2493 3424 2597 3470 est.
2628 3412 2830 3470 Verum
2858 3430 2979 3470 cum
3012 3414 3128 3472 haec
3156 3416 3295 3472 sicut
3334 3426 3389 3474 et
3416 3434 3511 3475 su-

1912 3502 2094 3573 perior
2113 3504 2182 3559 ad
2212 3506 2462 3577 antiquas
2487 3507 2772 3561 dumtaxat
2795 3506 3063 3564 editiones
3085 3507 3509 3579 adornata-siut,

1910 3599 2104 3655 iisdem
2158 3599 2515 3671 proculdubio
2571 3601 2801 3673 aliisque
2850 3603 3008 3658 novis
3052 3605 3507 3675 typographorum

1909 3692 2121 3747 mendis
2148 3693 2400 3762 vitiisque
2424 3692 2827 3765 adsperguntur
2854 3710 2919 3749 ac
2938 3695 3379 3767 coinquinantnr.

1980 3786 2242 3853 Quamvis
2286 3803 2418 3857 ergo
2463 3788 2661 3859 singuli
2687 3790 2887 3860 quique
2914 3790 3229 3855 editionem,
3255 3794 3341 3848 cui
3368 3810 3510 3866 prae-

1909 3880 2034 3936 fecti
2064 3882 2232 3947 fuere,
2264 3882 2554 3953 plurimum
2596 3884 2880 3951 extollant,
2904 3892 3068 3956 atque
3100 3886 3336 3942 infinitas
3367 3888 3508 3951 alio-3

1907 3989 2027 4029 runt
2081 3972 2320 4029 maculas
2370 3974 2569 4031 eluisse
2599 3975 2857 4033 audacter
2882 3976 3245 4043 adseverent,
3291 3989 3510 4037 constat

1908 4066 2258 4123 nihilominus
2287 4066 2495 4122 nullam
2551 4067 2619 4123 ad
2668 4083 2768 4124 nos
2801 4070 3111 4140 pervenisse
3140 4071 3297 4141 plane
3322 4071 3507 4150 perte-1

1907 4173 2073 4227 ctam,
2107 4171 2161 4217 et
2208 4162 2463 4219 omnibus
2511 4164 2755 4221 numeris
2783 4164 3111 4221 absolutam.
3140 4165 3285 4221 Talis
3315 4177 3503 4223 autem

1906 4271 2199 4326 numquam
2256 4254 2447 4311 conﬁci
2493 4258 2712 4328 poterit,
2762 4258 2861 4313 nisi
2915 4268 3114 4329 praeter
3144 4270 3505 4318 memoratum

1904 4365 1936 4405 a
1964 4349 2123 4405 nobis
2155 4349 2295 4420 regis
2323 4350 2494 4406 nostri
2522 4351 2975 4414 christianissiiui,
3007 4368 3071 4408 ac
3097 4352 3240 4409 forte
3268 4353 3504 4410 alterum

1904 4445 2334 4515 manuscriptum
2371 4444 2616 4501 codicem
2640 4487 2657 4513 ,
2708 4444 2803 4500 alii
2842 4460 2873 4499 a
2906 4446 3141 4502 librariis
3195 4449 3504 4506 accuratius

1905 4546 2095 4616 scripti
2146 4548 2509 4618 reperiantur.
2537 4546 2593 4604 Si
2632 4548 2722 4618 qui
2771 4561 2901 4603 vero
2927 4561 2996 4603 ex
3048 4547 3502 4605 bibliothecarum

1905 4638 2097 4696 forulis
2148 4642 2344 4698 alicubi
2392 4642 2511 4698 erui
2567 4642 2793 4712 possint,
2830 4656 2953 4696 cum
2987 4642 3147 4697 editis
3196 4642 3501 4714 diligentis-

207 4744 411 4814 cripti,
467 4742 623 4797 sicuti
674 4741 1124 4808 observavimus,
1155 4756 1186 4797 a
1214 4741 1395 4797 Modio
1436 4742 1646 4809 missis,
1693 4757 1801 4798 non
1829 4733 2044 4811 DSime
2089 4734 2446 4803 οοιηρυηθηάί
2494 4744 2660 4799 δυηιὶ
2690 4743 2854 4804 atque
2904 4743 2963 4788 ιιι
3019 4734 3240 4790 “illam?
3293 4743 3497 4806 laxius.

210 4845 423 4892 tantum
473 4834 773 4891 auctiorem
826 4835 1012 4890 multis
1056 4836 1108 4890 in
1151 4835 1321 4903 locis,
1356 4836 1455 4892 sed
1498 4837 1802 4893 emendatis

207 4931 373 4986 etiam
426 4930 725 4984 innumeris
769 4929 1047 4985 erroribus
1098 4929 1377 4985 meliorem
1408 4943 1470 4985 se
1500 4928 1696 4986 fecisse
1724 4929 1804 4985 af~

210 5025 416 5081 firmat.
453 5024 706 5079 Diversas
726 5033 907 5081 autem
933 5025 1048 5080 sive
1069 5023 1194 5079 libri
1220 5038 1381 5079 manu
1408 5023 1643 5090 exarati,
1689 5024 1803 5081 sive

205 5118 434 5173 aliarum
486 5116 783 5172 editionum
841 5118 1101 5173 lectiones
1169 5116 1486 5188 paginarum
1554 5116 1805 5188 ascripsit

206 5210 440 5282 margini
473 5228 487 5265 :
538 5220 701 5281 atque
745 5210 886 5267 idem
916 5253 932 5277 ,
988 5211 1440 5282 quemadmodum
1473 5211 1565 5268 ille
1595 5223 1800 5281 mouet,

207 5296 456 5360 facturus
483 5313 601 5360 erat
624 5305 674 5358 in
700 5305 787 5366 iis,
833 5320 953 5375 qua:
986 5304 1170 5361 Ursini
1190 5305 1354 5361 editio
1386 5304 1524 5361 bene
1554 5307 1804 5363 restituta

209 5413 321 5468 prze
346 5413 408 5452 se
436 5397 562 5463 fert,
587 5398 631 5452 si
651 5408 848 5452 tantum
879 5398 1050 5453 aliena
1068 5415 1102 5453 a
1128 5400 1233 5454 suis
1261 5398 1352 5453 ille
1375 5401 1682 5466 secrevisset,
1714 5418 1799 5455 ne-

206 5506 304 5562 que
350 5490 529 5544 omnia
557 5529 574 5557 ,
630 5500 686 5543 ut
738 5506 831 5545 sua
852 5530 869 5556 ,
901 5506 1005 5545 uno
1035 5493 1311 5562 eodemque
1325 5492 1450 5562 jure
1482 5502 1802 5564 usurpasset.

209 5589 371 5640 Anno
398 5594 581 5640 autem
616 5584 779 5650 1654,
810 5584 1059 5641 Leander
1084 5585 1152 5641 de
1179 5586 1381 5642 Sancto
1394 5586 1622 5642 Martiuo
1648 5587 1806 5643 Ordi-

211 5679 329 5745 nis,
361 5680 537 5734 sancti
589 5678 863 5735 Benedicti
897 5680 1196 5737 monachus
1220 5721 1237 5745 ,
1278 5690 1335 5737 et
1370 5682 1805 5753 congregationis

210 5775 506 5844 anglicana:
535 5772 778 5844 ejusdem
809 5773 1014 5829 ordinis
1028 5789 1232 5845 praeses
1247 5775 1539 5846 generalis,
1558 5774 1806 5831 eamdem

214 5866 506 5925 Stewechii
534 5867 831 5925 editionem
849 5868 1005 5924 novis
1023 5869 1161 5940 typis
1175 5868 1339 5924 Duaei
1361 5868 1547 5926 recudi
1567 5870 1803 5927 curavit.

212 5960 314 6013 Sed
338 5960 387 6013 ei
421 5959 550 6012 nihil
582 5960 770 6025 adjecit
804 5961 967 6019 aliud,
998 5976 1157 6030 quant
1184 5960 1457 6031 paratitla,
1494 5976 1589 6016 seu
1610 5962 1805 6018 breves

1905 4826 2084 4900 quoad
2148 4827 2261 4881 fieri
2293 4826 2513 4897 poterit,
2548 4825 2822 4893 confusio,
2852 4827 2905 4880 in
2938 4826 3113 4899 capita
3145 4837 3203 4884 et
3228 4828 3503 4887 sectiones

1906 4922 2181 4989 distingui,
2202 4922 2458 4992 claraque
2482 4920 2722 4992 capitum
2753 4930 2809 4978 et
2847 4922 3151 4980 sectionum
3178 4935 3502 4997 argumenta

1907 5018 2139 5091 proferri
2166 5015 2389 5073 debent.

2482 5151 2779 5194 ARTICULUS
2817 5152 2893 5194 νι.

1999 5266 2077 5319 De
2099 5269 2341 5321 variorum
2364 5272 2417 5323 in
2438 5272 2529 5323 hos
2550 5271 2704 5325 libros
2724 5276 2852 5326 notis
2873 5281 2928 5324 et
2948 5271 3394 5325 observationibus.

1977 5399 2171 5456 Plures
2207 5400 2521 5458 arnobianis
2563 5402 2717 5458 libris
2741 5400 2970 5457 edendis
2995 5398 3294 5471 praepositi,
3335 5406 3503 5471 atque

1907 5493 1997 5550 alii
2047 5495 2206 5550 etiam
2239 5495 2340 5551 viri
2388 5495 2531 5552 docti
2586 5504 2746 5550 notas
2772 5494 2828 5548 in
2854 5508 2950 5549 eos
2992 5503 3048 5549 et
3094 5492 3501 5551 observationes

1907 5588 2213 5645 ediderunt.
2248 5589 2487 5644 Primum
2527 5587 2674 5643 enim
2703 5586 2929 5642 Latinus
2951 5585 3193 5641 Latinius
3214 5602 3415 5658 paucas
3444 5587 3504 5644 in

1908 5681 2031 5737 illos
2056 5697 2179 5737 cum
2207 5680 2383 5736 varias
2404 5680 2662 5735 lectiones
2692 5688 2803 5732 tum
2831 5678 3241 5735 observationes
3263 5689 3317 5734 et
3345 5687 3503 5735 notas

1909 5774 2126 5844 reliquit
2182 5772 2380 5846 (Latin.
2426 5771 2658 5826 bibliotlt.
2713 5786 2847 5824 sacr.
2904 5780 2952 5825 et
3002 5773 3235 5843 proram,
3292 5770 3499 5842 p.98).

1908 5864 2016 5923 Sed
2048 5866 2179 5921 nihil
2209 5865 2354 5920 aliud
2379 5861 2531 5919 nobis
2552 5862 2772 5919 exhibet
2808 5879 2969 5937 quam
3000 5880 3126 5921 suas
3151 5863 3498 5936 aliorumque

1906 5958 2262 6030 quorumdam
2291 5956 2653 6027 conjecturas.
2684 5957 2947 6020 Meursius
2978 5958 3176 6018 deinde
3202 5973 3346 6019 anno
3365 5967 3500 6016 aeta-
