4030 6304
465 361 572 417 405

1706 343 2157 404 DISSERTATIO
2195 344 2352 401 PRzE
2362 345 2473 403 VIA

3662 352 3788 408 404

459 475 536 529 tis
568 486 681 527 suae
732 469 947 525 decimo
993 479 1159 529 nono,
1188 462 1385 520 ChriSti
1415 470 1593 520 autem
1624 460 1783 527 i598,
1820 460 2066 516 Criticum
2092 468 2146 530 Α
2170 472 2325 517 extra
2358 463 2551 530 aleam,
2585 471 2641 519 et
2670 463 2905 522 auctoris
2934 465 3286 535 propositum,
3315 480 3416 523 nec
3443 479 3617 538 pauca
3642 470 3785 543 qui-

460 566 835 628 arnobianum,
886 559 1133 627 Lugduni
1162 558 1488 613 Batavorum
1536 558 1676 629 typis
1719 556 2060 612 clzevirianis

465 663 792 729 impressum
822 652 1007 709 edidit.
1041 650 1149 706 Nos
1193 659 1373 705 autem
1405 649 1639 703 monitos
1667 648 1795 703 facit
1822 663 1881 704 se
1920 648 2062 703 Can—

465 763 610 819 'ero,
642 750 731 821 qui
786 746 975 803 eadem
1037 744 1420 810 meditabatur,
1471 741 1716 811 nisiejns
1769 740 2059 812 permissu;

466 844 665 917 praeire
697 839 956 904 noluisse,
992 853 1060 891 ue
1091 835 1280 890 falcem
1307 850 1458 890 suam
1484 836 1535 889 in
1564 835 1791 889 alienam
1822 850 2056 889 messem

469 935 724 1006 iniecisse
769 938 1103 1002 argueretur.
1160 927 1239 982 Eo
1291 945 1452 998 porro
1479 928 1532 982 in
1574 942 1741 998 opere
1795 942 1903 983 non
1957 929 2066 982 alio

465 1030 581 1086 fere
610 1024 938 1089 collineavit,
980 1037 1140 1093 quam
1186 1031 1243 1075 ut
1295 1020 1578 1075 arnobiani
1628 1032 1809 1076 textus
1849 1038 2065 1078 errores

471 1122 676 1191 absque
717 1118 828 1173 ullo
854 1114 1044 1171 codice
1074 1113 1299 1181 inedito,
1330 1113 1425 1167 sed
1458 1113 1673 1183 pr0prio
1700 1124 1891 1179 marte,
1917 1116 2067 1184 juve-

468 1212 672 1283 nilique
702 1208 919 1279 ingenio
974 1206 1311 1262 emendaret.
1352 1205 1578 1260 Fatetur
1607 1217 1785 1262 tamen
1813 1223 1844 1262 a
1873 1224 1931 1262 se
1960 1208 2059 1262 im-

470 1315 691 1379 petrare
736 1317 845 1357 non
880 1301 1163 1372 potuisse,
1206 1300 1333 1369 quin
1384 1298 1554 1353 labori
1588 1299 1848 1365 intentus,
1897 1316 2068 1371 coque

470 1397 747 1461 incitatus,
789 1393 1081 1463 aliquando
1122 1400 1274 1446 extra
1323 1391 1630 1461 propositos
1657 1405 1975 1447 excurreret
2005 1394 2069 1447 li-

468 1492 656 1547 mites.
682 1490 851 1556 Quam
883 1484 1029 1541 felici
1058 1494 1240 1540 autem
1271 1499 1522 1539 succeSsu
1544 1485 1595 1539 id
1617 1487 1809 1557 egerit,
1842 1488 2069 1556 probant

471 1596 625 1640 certe
656 1589 734 1636 tot
754 1577 952 1636 eruditi
982 1578 1299 1648 scriptores,
1332 1579 1419 1646 qui
1452 1588 1639 1647 postea
1669 1581 2069 1650 manuscripto-

469 1692 593 1732 rum
623 1673 827 1731 auxilio
879 1672 1166 1726 innumera
1203 1679 1382 1725 textus
1411 1670 1650 1726 auctoris
1676 1674 1847 1728 nostri
1876 1674 2069 1730 menda

475 1780 533 1827 et
592 1768 816 1825 vulnera
874 1780 1069 1847 sanare
1133 1763 1357 1831 conati,
1429 1762 1578 1818 illum
1634 1765 1811 1819 adhuc
1872 1767 2070 1822 errori-

2166 556 2288 612 dem
2323 573 2443 629 qua:
2463 557 2529 612 ad
2560 557 2965 628 grammaticam
2998 566 3201 613 tantum
3230 560 3525 630 pertinent,
3557 573 3614 616 et
3641 562 3782 632 qui-

2167 649 2267 706 bus
2294 651 2485 706 similia
2532 652 2844 707 arnobiauis
2870 651 3030 707 verba
3064 652 3387 729 quandoque
3413 654 3780 712 exhibentur.

2165 743 2377 799 Eri-oris
2408 758 2623 814 quoque
2649 753 2929 798 auctorem
2960 756 3200 799 nostrum
3246 761 3655 819 nonnumquam
3684 762 3785 802 ar-

2171 851 2334 907 guere
2364 851 2470 891 non
2502 850 2740 904 veretur,
2771 852 2838 892 an
2883 838 3076 893 merito
3100 836 3185 890 vel
3215 838 3432 909 injuria,
3463 850 3655 909 postea
3688 842 3784 896 vi-

2169 927 2434 985 debimus.
2478 929 2760 985 Postremo
2806 930 3037 1000 ingenue
3086 930 3376 985 confitetur
3421 931 3654 1001 plurima
3716 948 3787 987 se

2170 1022 2618 1097 prtetcrmisisse,
2673 1039 2793 1094 qua:
2850 1022 3018 1090 falsa,
3073 1030 3327 1092 corrupta
3398 1032 3453 1077 et
3529 1023 3781 1080 obscura

2170 1126 2317 1171 sunt.
2626 1164 2629 1167 λ

2243 1208 2479 1281 Longior
2522 1225 2650 1265 vero
2708 1219 2791 1266 est
2839 1209 2892 1264 in
2937 1209 3050 1264 suis
3098 1207 3664 1265 auimadversionibus
3723 1219 3787 1266 et

2172 1306 2312 1359 notis
2348 1304 2631 1370 lleraldtts,
2666 1305 2759 1360 sed
2814 1302 3151 1375 frequentius
3203 1318 3364 1375 quam
3415 1302 3787 1359 Elmenhors-

2174 1402 2298 1471 tius,
2325 1402 2395 1456 ab
2422 1403 2657 1456 auctoris
2709 1400 2984 1472 proposito
3026 1398 3342 1470 digreditur.
3396 1397 3452 1453 In
3507 1398 3590 1453 his
3621 1400 3785 1455 enim

2183 1496 2305 1551 data
2338 1495 2488 1550 citati
2518 1511 2546 1549 a
2579 1510 2638 1549 se
2678 1494 2902 1564 alicujus
2946 1491 3224 1562 scriptoris
3272 1492 3574 1556 occasione,
3630 1493 3787 1547 ultra

2174 1589 2372 1644 laudati
2402 1598 2581 1645 textus
2625 1588 3058 1643 emendationem
3087 1586 3172 1640 vel
3217 1586 3632 1655 explicationem
3682 1588 3783 1642 ni-

2175 1682 2343 1735 mium
2387 1681 2641 1746 excurrit,
2679 1680 2938 1750 pluraque
2984 1679 3228 1749 congerit
3257 1678 3323 1732 ad
3354 1677 3501 1734 clara
3543 1680 3785 1735 Arnobii

2174 1776 2338 1831 verba
2369 1775 2631 1829 inutiliter
2661 1773 2999 1843 explicanda.
3033 1772 3217 1842 Neque
3245 1780 3422 1828 tamen
3451 1773 3783 1844 negabimus

470 1863 575 1921 bus
641 1860 1048 1934 quamplurimis
1119 1856 1480 1912 deformatum
1531 1857 1839 1927 relinquere
1896 1860 2067 1915 coacti
2102 1875 2149 1933 B
2176 1870 2228 1924 in
2256 1870 2362 1924 illis
2384 1884 2529 1940 saepe
2554 1872 2671 1937 ejus
2709 1869 3066 1923 eruditionem
3091 1883 3156 1921 eo
3180 1868 3349 1937 magis
3377 1868 3634 1929 emicare,
3664 1884 3784 1939 quo

472 1966 622 2013 sunt.

545 2047 883 2116 Quapropter
927 2044 973 2097 is
1002 2042 1331 2099 arnobianus
1371 2041 1614 2109 criticus,
1643 2058 1674 2097 a
1702 2042 1935 2099 Meursio
1953 2045 2065 2101 elu-

471 2138 769 2203 cubratus,
814 2134 1163 2192 Theodorum
1209 2134 1502 2189 Canterum
1550 2150 1658 2189 non
1702 2136 1968 2192 deterruit
2005 2139 2072 2195 ab

473 2231 699 2290 edendis
730 2230 783 2285 in
818 2229 1043 2285 Arnobii
1093 2228 1263 2282 libros
1314 2228 1457 2283 notis
1487 2238 1543 2283 et
1577 2229 2069 2298 observationibus,

475 2344 611 2402 quas
631 2337 810 2391 antea,
838 2327 912 2381 uti
931 2325 1183 2390 diximus,
1207 2322 1483 2394 divulgare
1509 2320 1849 2379 decreverat.
1872 2324 2072 2381 Emen-

477 2422 591 2478 dati
629 2430 809 2476 autem
858 2435 888 2473 a
925 2433 1005 2486 se,
1055 2426 1147 2471 aut
1192 2416 1517 2472 emendandi
1561 2427 1741 2473 textus
1793 2420 2072 2475 arnobiani

477 2515 746 2573 rationem
788 2514 841 2568 in
874 2513 955 2567 eis
984 2511 1176 2576 reddit,
1212 2525 1276 2565 ac
1302 2512 1469 2565 multa
1496 2510 1719 2578 indicat,
1749 2528 1866 2583 quae
1895 2514 2071 2568 Arno-

478 2611 602 2665 bius
650 2624 717 2664 ex
760 2606 1045 2662 Clemente
1076 2603 1444 2659 Alexandrino
1491 2604 1828 2675 potissimum
1857 2605 2073 2661 desum-

478 2702 607 2775 psit.
658 2701 835 2756 Pauca
880 2710 1060 2753 autem
1112 2696 1385 2766 explicat,
1443 2706 1672 2767 utroque
1724 2696 1923 2753 fatetur
1969 2700 2072 2754 alia

479 2798 644 2868 longe
675 2795 907 2866 plurima
938 2806 1254 2862 superesse,
1299 2805 1419 2861 quae
1467 2790 1775 2860 copiosiore‘
1810 2792 2073 2862 interpre-

478 2890 686 2946 tatione
727 2886 1056 2957 indigebant.
1102 2883 1272 2952 Quam
1304 2884 1637 2937 ob.causain
1679 2884 2073 2955 amplissimum

479 2986 539 3041 in
569 2985 670 3040 hos
700 2981 924 3038 Arnobii
948 2980 1116 3034 libros
1135 2978 1585 3033 commentarium
1613 2976 1762 3032 brevi
1801 2995 1862 3033 se
1894 2980 2072 3034 editu-

476 3095 598 3134 rum
628 3077 896 3149 pollicitus
928 3084 1031 3130 est.
1061 3074 1167 3129 Sed
1212 3080 1388 3127 utrum
1432 3071 1593 3126 [idem
1626 3070 1951 3136 liberaverit,
1982 3080 2073 3126 aut

480 3188 579 3228 cur
632 3169 912 3242 promissis
957 3183 1063 3223 non
1109 3167 1343 3231 steterit,
1377 3166 1532 3221 nobis
1580 3165 1839 3220 hactenus
1870 3166 2074 3221 incom-

478 3274 713 3336 perium.

554 3357 785 3428 Scripsit
814 3356 977 3410 etiam
1022 3350 1361 3407 Stewechius
1390 3349 1618 3421 duplicis
1647 3350 1859 3421 generis
1890 3349 1943 3403 in
1971 3365 2067 3403 au-

484 3452 655 3509 ctoris
680 3448 854 3504 nostri
884 3447 1051 3500 libros
1082 3443 1597 3505 animadversiones,
1628 3457 1855 3510 quarum
1887 3441 2074 3510 prima:

481 3547 551 3600 ab
569 3560 635 3599 eo
657 3543 887 3613 syllabus
927 3538 1226 3601 electorum,
1251 3534 1503 3589 secunda:
1530 3533 1686 3587 electa
1712 3534 2068 3603 appellantur.

481 3638 538 3693 In
571 3634 961 3708 posterioribus
979 3631 1130 3701 plura
1154 3628 1374 3684 Arnobii
1404 3628 1564 3681 Verba
1582 3635 1638 3681 et
1664 3628 1960 3681 sententias
1988 3629 2073 3682 vel

485 3749 554 3788 ex
583 3729 797 3800 ingenio
825 3736 879 3781 et
905 3725 1292 3786 membraneis,
1333 3722 1408 3775 uti
1452 3720 1545 3785 ait,
1578 3721 1855 3775 codicibus
1891 3736 2076 3775 emcn-

482 3825 616 3878 dare
640 3832 694 3876 et
723 3820 1015 3882 illustrare,
1038 3820 1121 3870 vel
1143 3814 1369 3868 aliorum
1401 3815 1724 3882 scriptorum
1757 3814 2075 3868 auctoritate

480 3915 809 3971 conﬁrmare
842 3926 937 3980 pro
967 3907 1106 3962 virili
1156 3915 1306 3976 parte
1354 3921 1448 3960 sua
1482 3904 1792 3960 connititur.
1824 3906 2074 3975 Syllabus

484 4022 618 4063 vero
648 4007 945 4060 electorum
995 4010 1079 4055 cst
1128 3999 1291 4054 totius
1345 4001 1545 4069 operis,
1579 4009 1639 4052 ut
1688 3998 1801 4053 hirc
1855 4000 1959 4053 fert
1994 4000 2075 4053 in-

482 4101 731 4171 scriptio,
764 4094 1168 4166 compendium,
1200 4094 1342 4163 quod
1394 4092 1523 4147 nihil
1556 4106 1736 4147 tamen
1779 4092 1943 4161 aliud,
1971 4095 2073 4149 nisi

484 4190 841 4265 quorumdam
872 4188 1164 4243 verborum
1189 4186 1627 4254 explicationem,
1654 4193 1709 4240 et
1734 4186 1991 4241 nonnulla
2018 4188 2073 4242 in

483 4287 569 4343 his
598 4284 824 4341 Arnobii
855 4282 1007 4337 libris
1034 4288 1221 4334 notatu
1250 4278 1408 4347 digna
1439 4276 1682 4334 exhibet.

555 4378 1020 4450 Quemadmodum
1054 4387 1187 4429 vero
1218 4369 1655 4427 Eliucnborstius
1694 4369 1827 4424 duas
1876 4373 2075 4442 publici

484 4477 624 4550 juris
682 4474 807 4530 fecit
859 4470 1173 4528 eorumdem
1216 4467 1443 4523 Arnobii
1497 4465 1758 4520 librorunt
1789 4465 2073 4535 editiones,

486 4575 560 4631 ita
589 4568 1011 4639 uniuscujusque
1059 4564 1223 4619 variis
1254 4562 1395 4618 uotis
1429 4561 1763 4615 illustrandae
1792 4576 1929 4616 onus
1954 4575 2077 4617 sus-7

2176 1961 2431 2029 breviori,
2467 1962 2621 2017 sicuti
2650 1962 2907 2026 diximus,
2954 1960 3211 2031 temporis
3256 1960 3543 2017 intervallo
3597 1968 3780 2016 totum

2178 2068 2314 2124 opus
2343 2069 2401 2109 se
2431 2055 2728 2126 perfecisse
2755 2054 3016 2109 adseruit.

2251 2147 2395 2201 Duos
2423 2147 2753 2219 Bulengerus
2801 2149 2852 2202 in
2886 2146 3180 2203 Arnobium
3238 2147 3558 2219 Eclogarum
3601 2148 3781 2204 libros

2177 2243 2406 2307 Tolosae,
2439 2257 2584 2298 anno
2616 2241 2778 2309 1612,
2813 2242 2998 2296 edidit.
3029 2239 3084 2295 ln
3118 2241 3290 2313 primo
3328 2241 3491 2297 variis
3523 2249 3629 2296 tam
3681 2257 3778 2296 sa-

2178 2348 2415 2399 crorum,
2446 2349 2605 2404 quam
2640 2335 3041 2404 proplianorum
3094 2333 3415 2402 scriptorum
3444 2332 3775 2387 testimoniis

2181 2425 2431 2495 quaedam
2463 2425 2665 2479 stabilit
2695 2440 2758 2480 ac
2786 2422 3090 2493 confirmat,
3120 2440 3239 2496 quae
3269 2425 3323 2480 in
3354 2423 3577 2480 Arnobii
3621 2425 3779 2481 libris

2182 2518 2380 2587 scripta
2413 2516 2640 2589 legimus
2681 2518 2746 2571 de
2785 2517 2917 2580 Deo,
2948 2517 3066 2587 ejus
3109 2517 3397 2583 attributis,
3425 2526 3480 2571 et
3519 2516 3781 2573 humana:

2177 2610 2372 2663 animae
2401 2609 2718 2680 incorporea
2750 2609 3149 2680 immortalique
3187 2619 3395 2664 natura.
3426 2608 3533 2664 Sed
3575 2625 3783 2681 magno

2178 2702 2391 2757 silentio
2426 2701 2574 2772 plura
2603 2701 2705 2755 alia
2754 2701 3012 2772 praeteriit
3070 2717 3196 2772 qua:
3225 2702 3305 2756 vel
3332 2701 3492 2773 paulo
3519 2701 3777 2771 liberius,

2178 2795 2263 2849 vel
2313 2795 2599 2850 obscurius
2650 2794 2719 2849 ab
2770 2794 2861 2848 illo
2909 2794 3047 2849 dicta
3104 2795 3268 2851 fuisse
3323 2795 3475 2851 multi
3526 2810 3778 2869 conque-

2178 2895 2395 2941 runtur.

2252 2977 2501 3033 Secundo
2531 2978 2864 3049 Bnlengerus
2894 2992 2993 3032 suo
3020 2978 3073 3032 in
3130 2977 3269 3033 libro
3296 2978 3411 3034 hmo
3439 2980 3570 3034 citat
3596 2978 3782 3036 Arno-

2180 3070 2251 3124 bii
2291 3072 2494 3126 verba:
2533 3089 2553 3124 ί
2597 3071 2799 3126 Ridetis
2852 3071 3185 3141 temporibus
3227 3071 3417 3140 priscis
3444 3070 3640 3126 Persas
3666 3072 3779 3128 ﬂu-

2178 3165 2320 3219 vium
2350 3164 2607 3231 coluisse,
2640 3164 2952 3218 memoralia
2984 3173 3041 3217 ut
3090 3163 3325 3219 iudicant
3371 3164 3604 3235 scripta;
3637 3183 3657 3217 ι
3685 3175 3780 3220 at—

2103 3270 2147 3332 C
2178 3274 2284 3327 que
2334 3259 2495 3311 etiam
2548 3258 2677 3311 illa:
2709 3276 2727 3307 ι
2760 3256 2829 3311 Et
2878 3257 3016 3311 inter
3057 3257 3307 3327 Assyrios
3335 3267 3389 3312 et
3431 3257 3776 3327 Bactrianos,

2178 3350 2316 3405 Nino
2341 3350 2573 3420 quodam
2614 3350 3007 3421 Zoroastreque
3040 3350 3380 3416 ductoribus,
3410 3367 3515 3406 non
3562 3361 3777 3408 tantum

2177 3446 2321 3501 ferro
2352 3446 2719 3510 dimicaretur,
2749 3454 2803 3499 et
2850 3445 3073 3511 viribus,
3099 3461 3284 3500 verum
3330 3448 3492 3501 etiam
3550 3449 3779 3518 magiris

2184 3549 2238 3594 et
2281 3541 2654 3595 Clialdieorum
2679 3556 2744 3593 ex
2795 3540 3090 3594 reconditis
3132 3539 3429 3610 disciplinis
3466 3560 3485 3594 ι
3518 3540 3773 3615 (Arnob.,

2182 3634 2270 3689 lib.
2305 3650 2376 3695 vn,
2412 3651 2463 3700 p.
2519 3632 2661 3697 196;
2695 3644 2747 3685 et
2793 3631 2882 3684 lib.
2934 3648 2970 3697 ι,
2997 3650 3049 3701 p.
3103 3632 3179 3701 5).
3218 3631 3314 3686 His
3341 3648 3468 3688 vero
3493 3634 3779 3690 dumtaxat

2181 3727 2401 3781 Arnobii
2428 3726 2629 3792 verbis,
2659 3736 2927 3794 tamquam
2952 3724 3109 3789 huius
3135 3723 3358 3779 secundi
3388 3723 3509 3779 libri
3542 3726 3620 3779 sui
3655 3729 3779 3782 the-

2184 3830 2326 3874 mate
2355 3829 2407 3873 et
2435 3829 2754 3888 argumento
2777 3817 3086 3889 propositis,
3118 3817 3284 3872 multa
3313 3819 3546 3889 undique
3567 3820 3776 3889 colligit

2180 3923 2234 3968 et
2288 3913 2592 3967 accumulat
2633 3912 2698 3966 de
2748 3912 2949 3977 Persis,
2994 3910 3182 3975 Medis,
3239 3910 3473 3979 Parthis,
3503 3914 3767 3984 Assyriis,

2179 4004 2513 4077 Babyloniis,
2556 4004 2744 4075 Magis,
2801 4002 3090 4069 Chaldaeis,
3140 4004 3457 4075 illorumque
3504 4007 3769 4076 moribus,

2179 4100 2283 4155 diis
2315 4109 2369 4155 et
2408 4102 2595 4164 sacris,
2627 4115 2748 4169 qum
2784 4114 2811 4151 a
2843 4097 3085 4152 Barnaba
3118 4097 3393 4153 Brissonio
3445 4100 3497 4153 in
3549 4114 3649 4154 suo
3702 4102 3773 4157 de

2179 4193 2407 4260 imperio
2433 4192 2720 4247 Persarum
2750 4191 2887 4245 libro
2912 4194 3113 4244 omissa
3135 4189 3374 4245 fuerunt.
3393 4191 3497 4248 Sed
3519 4194 3640 4263 quis
3660 4210 3771 4251 non

2186 4284 2335 4339 videt
2360 4284 2475 4338 hazc
2504 4285 2683 4339 omnia
2714 4299 2819 4337 non
2850 4284 3021 4352 magis
3051 4283 3344 4337 Arnobium
3378 4294 3620 4340 nostrum
3644 4302 3772 4357 spe-

2180 4387 2348 4441 ctare,
2397 4392 2556 4446 quam
2604 4375 2938 4431 Clementem
2988 4375 3455 4444 Alexandrinum,
3503 4390 3557 4431 et
3604 4380 3768 4435 alium

2180 4469 2474 4538 quemlibet
2501 4471 2821 4539 scriptorem
2846 4510 2860 4533 ,
2890 4469 2978 4539 qui
3001 4468 3216 4534 eadem,
3240 4478 3400 4540 atque
3419 4470 3578 4527 etiam
3611 4472 3770 4543 longe

2180 4563 2331 4636 plura
2360 4561 2429 4615 de
2459 4562 2649 4616 iisdem
2684 4561 2900 4631 pupulis
2932 4563 3205 4615 memoria:
3235 4561 3627 4631 prodiderunt?
3654 4564 3769 4621 Huc

486 4671 651 4739 cepit.
678 4667 736 4721 ln
766 4680 815 4734 pi
829 4662 933 4717 ima
963 4671 1142 4713 autem
1174 4657 1414 4712 editione
1470 4655 1800 4709 brevissimis
1848 4663 2074 4710 aunota-
2099 4669 2153 4730 1)
2179 4655 2408 4721 accedit,
2439 4654 2585 4724 quod
2610 4657 2696 4709 ea
2743 4654 2925 4708 omnia
2976 4669 3097 4723 quae
3127 4653 3269 4708 idem
3302 4654 3636 4726 Bulengerus
3658 4674 3768 4714 non

484 4762 724 4817 tionibus
756 4756 931 4810 varias
963 4762 1141 4808 textus
1186 4748 1412 4806 Arnobii
1452 4747 1711 4802 lectiones
1741 4746 1960 4812 indicat,
1984 4755 2077 4801 aut

485 4856 604 4924 ejus
643 4852 787 4905 dicta
835 4849 1012 4902 citatis
1058 4859 1201 4913 sape
1247 4844 1473 4896 aliorum
1510 4851 1786 4895 auctorum
1816 4839 1987 4906 libris,
2022 4849 2077 4895 et

484 4960 612 5002 raro
637 4940 819 4997 verbis
847 4938 1201 4993 corroborare
1248 4935 1486 4989 molitur.
1534 4935 1876 5003 Quapropter
1904 4933 1957 4987 iu
1989 4947 2074 4988 se-

481 5038 659 5097 cunda
688 5035 926 5090 editione
968 5029 1121 5093 alias,
1154 5027 1237 5081 his
1267 5027 1535 5096 plerisque
1561 5027 1816 5080 omnibus
1843 5026 2069 5092 relictis,

488 5126 807 5200 divulgavit.
836 5124 1121 5178 Lectorem
1141 5134 1270 5173 vero
1289 5133 1441 5175 suum
1472 5118 1725 5172 admonet
1751 5132 1811 5172 se
1839 5119 1891 5172 in
1918 5118 2073 5172 novis

480 5230 589 5286 illis
620 5216 1096 5281 observationibus
1146 5212 1197 5265 id
1244 5210 1577 5280 petis-simum
1619 5211 1815 5281 egiSse,
1840 5221 1899 5264 ut
1947 5226 2072 5266 se“-

484 5336 605 5377 sum
630 5312 891 5379 auctoris,
922 5308 1013 5364 ubi
1042 5303 1325 5361 obscurior
1346 5312 1450 5369 est,
1480 5311 1586 5356 tam
1628 5303 1883 5370 breviter,
1909 5319 2070 5374 quam

482 5425 671 5487 aperte
714 5408 1010 5479 eXpliearet
1052 5410 1108 5458 et
1155 5399 1604 5469 interpretaretur
1649 5395 1741 5468 (In
1786 5400 1977 5452 monito
2002 5399 2071 5457 ad

484 5506 736 5575 Lecton).
769 5501 877 5559 Sed
930 5494 1173 5568 quamvis
1211 5490 1459 5549 brevitati
1514 5503 1573 5545 se
1615 5489 1881 5546 studuisse
1911 5496 2072 5560 proli-

486 5610 704 5665 teatur,
769 5603 983 5651 constat
1035 5601 1214 5644 tamen
1263 5588 1316 5642 in
1365 5581 1917 5640 animadversionibus
1969 5582 2075 5639 illis

488 5693 660 5749 multa
690 5685 920 5743 inveniri
964 5694 1362 5753 supervacanea
1412 5686 1574 5746 atque
1621 5673 1850 5740 inutilia,
1882 5673 2076 5742 quibus

489 5802 582 5844 res
612 5781 928 5839 clarissimae
960 5793 1023 5833 ac
1052 5772 1497 5841 notissimai,ulla
1524 5771 1728 5838 absque
1758 5769 2078 5826 necessitate

495 5881 836 5948 «ponuntur
862 5867 1387 5937 conﬁrmanturque.
1436 5864 1597 5922 Plura
1625 5862 1788 5922 etiam
1836 5860 2079 5933 reperies

2181 4753 2298 4808 sine
2330 4750 2516 4803 labore
2540 4759 2595 4803 et
2623 4748 2821 4818 vigiliis
2853 4763 2912 4802 se
2937 4747 3259 4817 compilasse
3287 4748 3437 4815 dicit,
3470 4749 3601 4803 nihil
3653 4750 3769 4807 fere

2179 4842 2244 4897 ad
2285 4842 2496 4895 illorum
2527 4840 2824 4894 aliorumve
2874 4839 3100 4894 Arnobii
3130 4838 3422 4894 verborum
3453 4839 3769 4897 conducunt

2180 4944 2275 4991 aut
2295 4933 2735 5003 explicationem,
2758 4941 2852 4985 aut
2872 4932 3303 5001 intelligentiam.

2250 5028 2420 5083 Porro
2446 5036 2624 5082 autem
2676 5041 2742 5080 ex
2789 5025 2873 5079 his
2915 5040 3037 5093 quae
3084 5041 3114 5077 a
3166 5024 3322 5080 nobis
3350 5025 3486 5081 citra
3514 5034 3594 5081 tot
3623 5027 3771 5083 viro-

2177 5140 2317 5188 rum,
2347 5138 2575 5194 quorum
2606 5120 2819 5175 labores
2848 5129 2903 5173 et
2948 5117 3310 5174 eruditionem
3357 5119 3657 5185 laudamus,
3688 5122 3768 5175 vi.

2175 5216 2565 5286 tuperationein
2598 5214 2884 5268 observata
2927 5222 3084 5277 sunt,
3130 5226 3290 5266 nemo
3321 5228 3470 5275 sane,
3501 5214 3577 5267 uti
3607 5224 3764 5282 puta-

2177 5325 2320 5375 mus,
2351 5309 2670 5363 dilﬁtebitur
2710 5307 2861 5376 plura
2890 5306 2946 5360 in
2990 5304 3217 5360 Arnobii
3247 5305 3401 5360 libris
3441 5305 3670 5361 obscura
3702 5323 3767 5364 ac

2176 5402 2498 5459 diflicillima
2538 5402 2605 5455 de
2630 5400 2796 5453 variis
2824 5399 2987 5453 rebus
3038 5398 3355 5467 prophauis,
3388 5413 3453 5455 ac
3495 5400 3767 5469 praecipue

2177 5496 2468 5554 christiana
2517 5495 2783 5564 religione
2823 5533 2838 5559 ,
2895 5492 3174 5562 sacrisque
3230 5493 3375 5548 illius
3423 5492 3766 5563 dogmatibus

2178 5594 2295 5648 loca
2324 5590 2570 5660 reperiri,
2611 5605 2729 5658 quae
2761 5587 2829 5642 ab
2858 5588 3109 5642 omnibus
3149 5588 3536 5657 praetermissa,
3560 5588 3767 5658 majore

2180 5697 2385 5751 tamen,
2413 5698 2571 5754 quam
2622 5691 2819 5736 cthera
2872 5680 3053 5737 omnia
3108 5680 3453 5751 expositione
3500 5682 3762 5752 indigent.

2177 5777 2261 5835 Ad
2290 5791 2351 5832 ea
2377 5776 2545 5847 igitur
2573 5771 2892 5843 explicanda
2923 5780 2977 5828 et
3018 5769 3411 5838 confirmanda,
3434 5779 3527 5826 aut
3568 5772 3771 5843 improo

2182 5868 2362 5930 banda
2405 5877 2462 5926 et
2489 5864 2789 5937 reﬁcienda
2831 5864 2996 5923 totius
3025 5863 3220 5934 nostri,
3251 5861 3643 5935 qualecumque
3680 5867 3773 5933 sit,
