4030 6292
201 353 316 413 ωδ

1453 351 1521 410 ιΝ
1560 351 1937 428 ΑΒΝΟΒΙΠΙΙ,
1980 356 2131 417 CAP.
2171 354 2263 419 ΠΙ.

3393 354 3498 414 406

200 470 421 544 ingenii
459 473 684 543 viribus,
710 486 776 531 ac
819 472 981 533 solito
1019 486 1173 537 more
1221 480 1413 535 nostro
1461 484 1517 533 et
1565 475 1808 549 candore
1834 488 1887 549 Α
1912 495 2018 553 que
2044 482 2306 547 nitantur.
2329 488 2385 539 et
2407 481 2476 541 ad
2508 480 2668 540 ﬁdem
2705 479 2851 541 illius
2880 480 3244 554 abrogandam
3267 488 3493 537 conten-

200 567 605 629 connitendutn
631 576 737 627 est.

845 705 1076 766 CAPUT
1117 708 1202 765 Ill.

206 840 385 901 Noote
411 843 469 901 in
505 841 719 901 Arnobii
748 841 905 905 libros
927 844 1322 910 observationes,
1347 862 1411 901 ac
1439 847 1665 917 primum
1689 864 1810 905 exa-

282 936 521 993 minatur
546 935 726 1008 quibus
754 937 1067 1007 argumentis
1095 938 1351 1001 Arnobius
1378 940 1644 999 ueritatem
1671 941 1809 999 chri-

280 1029 473 1087 stiana:
500 1028 764 1101 religionis
789 1028 1124 1089 demonstrat.

852 1203 1136 1245 Αιιτιοσιυε
1177 1203 1213 1244 Ι.

197 1322 479 1396 Quomodo
493 1324 743 1376 Arnobius
763 1327 1044 1381 christianae
1068 1326 1328 1396 religionis
1353 1331 1611 1396 veritatem
1630 1365 1646 1391 ,
1669 1333 1808 1396 prius

263 1385 561 1458 iplurib‘us
588 1396 843 1458 assertam
873 1428 886 1451 ,
931 1403 1023 1458 nec
1062 1385 1249 1458 vindice
1270 1391 1595 1458 indigentem
1614 1385 1806 1458 {variis

264 1447 455 1499 Christi
478 1447 924 1515 discipulorumque
952 1453 1059 1515 ejus
1083 1453 1328 1503 miraculis
1353 1447 1585 1506 vindicet.

278 1620 600 1691 Praecipuus
629 1623 852 1678 Arnohii
896 1624 948 1678 in
981 1625 1282 1680 scribendis
1310 1625 1413 1695 bis,
1440 1630 1514 1683 uti
1545 1628 1801 1702 vidimus,

204 1712 367 1769 libris
421 1729 616 1785 scopas
649 1715 874 1786 ﬁniSqnc
902 1717 1016 1777 fuit,
1052 1727 1111 1772 ut
1161 1720 1469 1776 christiana:
1527 1723 1805 1792 religionis

198 1805 503 1861 veritatem
534 1808 697 1861 variis
732 1812 1063 1878 argumentis
1094 1818 1200 1863 tum
1254 1811 1612 1882 evidentibus,
1643 1830 1803 1884 quam

1916 575 2079 631 tionis
2106 575 2270 631 unita;
2297 576 2642 633 animositate
2693 574 3022 645 conspirent.
3061 593 3082 631 ι
3117 571 3495 631 Defensionem

1913 666 2097 738 itaque
2150 667 2292 723 illius
2339 681 2399 722 se
2446 668 2751 739 suscepisse
2776 666 2924 734 dicit,
2953 682 3062 723 non
3104 664 3231 724 ideo
3254 664 3495 740 quidem,

1913 759 2057 831 quod
2083 760 2196 829 ipsa
2238 759 2537 830 patrocinio
2589 759 2767 815 alieno
2814 766 2989 829 egeat,
3020 756 3116 813 sed
3162 771 3231 814 ne
3270 755 3361 811 illa
3391 757 3494 811 im-

1911 852 2096 924 probis
2115 852 2613 919 calumniatoribus,
2645 850 3073 922 capitalibusque
3091 848 3209 921 ejus
3239 848 3490 917 inimicis,

1912 945 2198 1016 aliquando
2246 947 2479 1003 cessisse
2523 945 2818 1003 videretur.
2845 944 3211 1007 Examinanda
3258 945 3495 1017 itaquea

1914 1038 2072 1095 nobis
2093 1047 2222 1097 sunt
2247 1039 2336 1099 illa
2359 1047 2693 1110 argumenta,
2724 1038 2919 1109 quibus
2941 1037 3055 1094 btec
3082 1038 3173 1095 ille
3199 1038 3395 1099 asserit
3437 1052 3503 1095 ac

1913 1130 2270 1191 demonstrat.

1987 1225 2230 1281 Primum
2258 1235 2437 1285 autem
2465 1225 2536 1287 ab
2570 1240 2637 1283 eo
2658 1226 2960 1285 desumitur
2986 1239 3055 1283 ex
3079 1223 3306 1291 Christi,
3332 1224 3499 1281 disci-

1910 1317 2274 1390 pulorumque
2299 1318 2415 1390 ejus
2464 1319 2760 1387 miraculis,
2788 1334 2910 1391 quae
2940 1318 3181 1395 profecto
3210 1332 3319 1374 non
3345 1316 3495 1385 ficta,

1909 1414 2005 1470 sed
2051 1429 2177 1473 vera
2206 1432 2219 1477 ;
2254 1430 2361 1471 non
2400 1415 2562 1481 clam,
2594 1416 2690 1473 sed
2745 1424 2966 1487 aperte;
2996 1430 3105 1472 non
3136 1428 3244 1471 uno
3270 1412 3494 1471 eodem-

1909 1521 2014 1577 que
2042 1523 2258 1577 semper
2280 1507 2460 1574 modo,
2488 1506 2584 1563 sed
2626 1508 2925 1569 innumeris
2957 1522 3094 1579 pene
3138 1505 3313 1561 modis
3341 1521 3357 1572 ;
3381 1519 3492 1561 non

1909 1615 2019 1655 uno
2064 1602 2119 1663 in
2179 1600 2452 1669 loco,sed
2498 1601 2552 1656 in
2580 1601 2830 1659 omnibus
2865 1599 3047 1659 mundi
3092 1598 3332 1667 partibus
3357 1597 3499 1655 edita

1909 1691 2143 1751 fuerant.
2179 1693 2283 1748 Tot
2309 1693 2588 1750 enimvero
2606 1701 2859 1764 tantaque
2888 1690 3147 1751 miracula
3173 1691 3292 1747 sine
3315 1697 3496 1745 extra-

1908 1801 2011 1847 neo
2028 1786 2378 1851 adminiculo,
2409 1795 2501 1843 aut
2534 1786 2679 1845 illius
2710 1785 3072 1857 superstitiosi
3101 1783 3279 1840 cultus
3305 1781 3498 1836 obser-

195 1900 370 1954 certis
404 1909 462 1954 et
510 1873 895 1955 invictissiuiis.
935 1901 1348 1957 demonstraret.
1377 1873 1633 1971 Quamvis
1654 1873 1801 1962 enim
1832 1891 1881 1952 B
1908 1880 2145 1949 "uouet
2182 1879 2356 1951 palam
2395 1890 2450 1937 ⁸⁸
2491 1888 2617 1937 ante
2648 1877 3118 1971 κοτηηίυωίοθυιοε
3143 1873 3351 1971 eaea?”
3384 1874 3499 1931 veri

205 1991 561 2046 sanctissima
603 1992 744 2046 illius
788 1993 1041 2064 mysteria
1073 2004 1128 2048 et
1158 1994 1477 2050 documenta
1504 1999 1613 2051 sint
1655 1998 1803 2054 altis-

197 2087 367 2153 sima,
401 2101 729 2156 omnemque
763 2086 1010 2142 humanae
1033 2088 1238 2149 mentis
1264 2099 1479 2157 captum
1502 2099 1759 2160 superent
1781 2134 1795 2157 ,

203 2177 344 2231 nulli
371 2187 555 2232 tamen
591 2191 739 2232 satis!
787 2180 986 2232 mentis
1033 2179 1237 2233 homini
1294 2181 1516 2235 dubium
1557 2197 1679 2237 esse
1709 2197 1802 2252 po-

197 2279 313 2325 test
368 2271 500 2342 quin
531 2271 760 2341 plurima
802 2272 961 2326 nobis
981 2281 1272 2343 suppetant
1297 2275 1598 2330 certissima
1636 2277 1803 2335 ratio-

198 2377 337 2417 num
390 2371 690 2429 momenta,
721 2364 1010 2434 pluresque
1054 2376 1251 2434 praesto
1295 2368 1423 2433 sint,
1448 2383 1581 2438 quas
1628 2368 1802 2438 philo-

198 2454 364 2525 sophi
396 2456 674 2525 appellare
713 2457 889 2513 solent
948 2459 1461 2528 demonstrationes,
1509 2463 1703 2533 quibus
1731 2464 1800 2518 il-

204 2549 319 2603 lius
364 2549 566 2602 veritas
596 2590 611 2613 ,
662 2559 823 2619 atque
877 2550 1013 2606 adeo
1071 2554 1411 2622 supersitiosi
1461 2555 1801 2612 ethnicorum

202 2642 395 2697 cultus
423 2640 632 2697 falsitas
660 2642 1101 2702 manifestissime
1128 2648 1533 2717 comprobetur.
1564 2649 1666 2704 Eas
1699 2664 1799 2705 au-

199 2744 317 2791 tem
361 2735 624 2808 Theologi
671 2739 940 2793 scolastici
991 2741 1180 2794 motive
1227 2742 1582 2797 credibilitatis
1606 2758 1800 2805 vocare

198 2825 540 2891 maluerunt,
567 2843 687 2897 qua:
712 2827 926 2897 quidem
950 2832 1118 2900 prima
1146 2840 1271 2884 sunt
1295 2830 1573 2902 religionis
1601 2843 1801 2889 nostra:

194 2909 560 2969 fundamenta
599 2923 653 2967 et
682 2913 841 2969 bases
862 2954 878 2978 ,
908 2914 1103 2983 quibus
1130 2917 1339 2985 positis,
1366 2916 1433 2973 ud
1477 2920 1656 2977 omnia
1682 2918 1801 2988 ejus

198 3006 471 3075 mysteria
499 3048 513 3071 ,
560 3007 958 3076 quantumlibet
1004 3008 1233 3065 obscura
1263 3050 1278 3073 ,
1325 3010 1633 3069 ﬁrmissime
1681 3026 1800 3071 ore-

199 3094 385 3157 denda
417 3099 726 3159 necessario
748 3098 1077 3167 impellimur
1107 3114 1170 3155 ac
1197 3102 1459 3170 cogimur.

274 3187 354 3241 Ex
407 3187 489 3242 eis
535 3202 667 3243 vero
705 3189 949 3259 quaedam
998 3190 1191 3261 selegit
1234 3191 1507 3251 Arnobius
1536 3233 1553 3260 ,
1600 3194 1794 3266 illaque

1910 1982 2118 2031 tantum
2152 1972 2265 2045 Dei,
2298 1972 2387 2043 qui
2421 1986 2519 2029 nec
2546 1970 2659 2029 falli
2702 1987 2802 2031 nec
2828 1970 3017 2033 fallere
3044 1977 3242 2043 potest,
3270 1967 3493 2034 virtute,

1911 2081 2021 2120 non
2058 2079 2190 2119 sane
2234 2064 2300 2118 ad
2343 2064 2631 2125 falsitatem
2667 2064 2923 2151 aliquam,
2954 2061 3050 2119 sed
3099 2061 3165 2117 ad
3211 2061 3497 2117 veritatem

1908 2157 2319 2229 adstruendam,
2351 2157 2465 2217 ﬁeri
2505 2168 2749 2235 possunt.
2794 2158 2959 2229 Atqui
2986 2166 3192 2213 certum
3219 2162 3302 2212 est
3337 2154 3425 2213 illa
3464 2168 3498 2209 a

1907 2250 2127 2311 Christo
2176 2250 2402 2323 ejusque
2438 2251 2654 2307 nomine
2693 2251 2830 2306 facta
2860 2250 3049 2321 fuisse,
3088 2258 3146 2305 ut
3179 2250 3499 2325 comproba-

1906 2350 1992 2397 ret
2037 2341 2275 2405 fundata:
2300 2357 2333 2399 a
2361 2357 2421 2403 se
2448 2341 2727 2417 religionis
2756 2343 3063 2411 veritatem,
3096 2342 3335 2413 aliasque
3374 2358 3493 2399 om-

1907 2449 2004 2495 nes
2031 2434 2197 2495 falsas
2249 2435 2504 2495 radicitus
2528 2438 2869 2506 exstirparet.
2914 2435 3097 2509 Itaque
3144 2434 3295 2492 hisce
3324 2436 3493 2501 mira-

1906 2526 2046 2585 culis
2067 2527 2316 2605 quilibet,
2357 2528 2520 2585 stulta
2547 2528 2912 2587 obstinatione
2941 2544 3046 2585 non
3074 2529 3289 2601 penitus
3317 2529 3495 2585 obcae-

1906 2617 2035 2689 cati,
2068 2620 2351 2683 veritatem
2393 2618 2704 2676 ehristianze
2754 2620 3031 2694 religionis
3079 2635 3375 2693 agnoscere
3402 2636 3495 2677 vo-

1904 2710 2082 2769 lentes
2106 2713 2353 2771 nolentes
2372 2723 2660 2785 coguntur.

1978 2801 2208 2865 Aruobii
2239 2812 2419 2863 autem
2449 2805 2617 2877 ipsius
2644 2805 2783 2862 banc
2808 2820 2930 2862 esse
2949 2806 3495 2879 argumentationem,

1904 2894 1952 2948 si
1989 2894 2226 2969 dubites,
2256 2910 2328 2951 ex
2372 2896 2540 2966 ipsius
2583 2897 2765 2953 verbis
2807 2899 2991 2971 accipe
3022 2917 3036 2952 :
3074 2917 3093 2950 ι
3128 2899 3281 2954 Nulla
3323 2901 3496 2970 major

1903 2996 1989 3043 est
2030 2988 2421 3059 comprobatio,
2453 3003 2615 3059 quam
2655 2998 2929 3061 gestarum
2985 2990 3055 3045 ab
3098 3006 3187 3057 eo,
3226 3010 3246 3044 ο
3275 2989 3492 3046 Christo

1905 3083 2134 3150 scilicet,
2163 3102 2180 3141 ς
2218 3084 2352 3140 fides
2374 3099 2758 3154 rerum,quam
2790 3087 3043 3145 virtutum
3074 3086 3305 3154 novitas,
3329 3100 3491 3157 quam

1903 3176 2083 3239 omnia
2112 3176 2253 3231 victa
2300 3176 2538 3242 decreta,
2570 3177 2939 3248 dissolutaque
2989 3177 3197 3251 fatalia,
3225 3194 3346 3250 qua:
3396 3193 3491 3249 po-

202 3278 368 3339 duxit
407 3294 475 3335 es
500 3279 699 3339 Christi
739 3279 1236 3352 discipulorumqne
1255 3282 1373 3353 ejus
1399 3285 1693 3350 miraculis,
1727 3303 1795 3349 εχ
1824 3288 1870 3353 C
1905 3270 2013 3345 puli
2060 3279 2356 3345 gentesque
2384 3285 2482 3325 suo
2527 3270 2641 3341 geri
2690 3270 2791 3326 sub
2833 3270 3053 3335 lumine,
3098 3271 3247 3325 nullo
3272 3270 3487 3326 dissen—

199 3371 602 3433 crudelissimis
626 3384 922 3445 martyrum
955 3377 1252 3446 suppliciis,
1283 3377 1351 3437 ad
1393 3378 1794 3439 acerbissimam

200 3479 378 3536 usque
427 3476 654 3525 mortem
705 3469 1141 3529 constantissime
1200 3469 1482 3536 toleratis,
1537 3480 1700 3541 atque
1728 3488 1793 3529 ex

196 3555 516 3613 cltriStianm
546 3555 805 3613 doctrina:
846 3574 944 3629 per
973 3561 1285 3615 universum
1314 3571 1578 3623 terrarum
1608 3563 1795 3627 orbem

196 3648 488 3705 celerrima
528 3651 933 3718 prepagatioue.
967 3655 1036 3705 At
1079 3651 1217 3717 Ιιωε,
1244 3652 1437 3722 quibus
1485 3661 1665 3711 tamen
1692 3656 1793 3723 alia

197 3741 504 3813 adjungere
552 3751 785 3811 poterat,
835 3744 904 3799 ad
945 3745 1217 3815 religionis
1268 3756 1466 3807 nostra:
1510 3752 1792 3815 veritatem

198 3836 647 3894 manifestissime
690 3838 1169 3903 demonstrandam
1216 3842 1347 3899 satis
1377 3857 1644 3914 superque
1690 3845 1791 3905 sibi

195 3929 457 3987 sufﬁcere
482 3929 623 3985 haud
648 3928 919 3987 immerito
943 3932 1237 3991 arbitratus
1259 3944 1363 3988 est.

269 4024 518 4083 Primum
568 4034 748 4083 autem
793 4035 979 4094 aperte
1007 4025 1265 4091 declarat,
1301 4041 1359 4083 se
1403 4026 1469 4085 ad
1497 4042 1557 4081 ea
1588 4037 1791 4095 retrac-

200 4118 368 4176 tanda
390 4133 497 4173 non
529 4116 652 4173 ideo
681 4128 916 4179 mentem
945 4117 1236 4187 appulisse,
1272 4118 1414 4189 quod
1442 4119 1787 4183 christianam

197 4212 522 4282 religionem
573 4209 675 4265 hac
718 4225 811 4269 sua
866 4226 1026 4279 opera
1060 4221 1152 4267 aut
1182 4210 1497 4273 defensione
1549 4213 1791 4287 indigere

196 4304 499 4363 crediderit
525 4304 767 4376 (ΑτηιιιρἼ
796 4302 883 4358 lib.
910 4320 984 4366 Ill,
1020 4321 1074 4374 p.
1095 4304 1244 4376 100).
1274 4304 1596 4369 Persuasum
1626 4309 1790 4378 siqui.

197 4399 321 4455 dem
356 4398 588 4455 habebat
618 4397 723 4452 hoc
768 4410 1139 4466 argumentum
1171 4398 1239 4454 ab
1280 4400 1492 4456 eximiis
1519 4402 1787 4459 excellen-

196 4490 452 4559 tibusque
492 4489 644 4554 viris,
700 4501 823 4559 puta
876 4489 1088 4545 .lustino
1134 4500 1391 4562 martyre,
1423 4493 1784 4566 Athenagora,

199 4582 504 4653 Theophilo
549 4582 911 4646 Antiocheno,
943 4583 1193 4649 Tatiano,
1217 4585 1494 4642 Clemente
1546 4587 1786 4661 Alexan-

198 4674 380 4739 drino,
409 4674 480 4730 de
510 4674 705 4743 quibus
733 4689 829 4767 nos
873 4675 924 4729 in
953 4676 1323 4767 superioribus
1363 4676 1665 4767 Apparatus
1692 4695 1784 4735 uo-
1813 4682 1868 4767 ρ

204 4768 302 4831 stri
336 4768 510 4831 libris,
558 4782 693 4836 aque
722 4765 881 4820 etiam
911 4780 941 4819 a
968 4765 1324 4831 Tertulliano,
1351 4766 1605 4839 Origene,
1637 4772 1787 4826 aliis-

203 4874 307 4929 que
350 4857 595 4931 pluribus
642 4859 855 4923 abuude
910 4868 1193 4917 tractatum
1226 4875 1240 4935 ;
1274 4868 1433 4930 atque
1483 4862 1658 4929 doctis
1709 4873 1787 4919 tot

204 4961 585 5022 tantorumque
646 4954 885 5006 virorum
932 4953 1149 5020 scriptis
1209 4967 1275 5007 ac
1324 4952 1784 5015 lucubrationibus

199 5046 551 5105 ehristianam
582 5045 899 5115 religionem
927 5060 955 5098 a
988 5044 1135 5098 falsis
1160 5043 1496 5113 ethnicorum
1528 5048 1781 5111 crimina-

201 5139 436 5199 tionibus
484 5137 801 5207 plenissime
850 5137 1196 5205 vindieatam.
1248 5139 1390 5205 Quin
1446 5139 1611 5201 immo
1683 5157 1782 5221 pro

200 5243 352 5291 certo
380 5248 596 5302 semper
626 5233 890 5299 habuerat
910 5234 1057 5291 illam
1092 5234 1197 5293 ullo
1226 5234 1343 5291 sine
1368 5233 1577 5293 vindice
1607 5243 1662 5301 et
1690 5236 1783 5295 de-

203 5325 420 5383 fensore
446 5327 653 5385 firmam
699 5338 756 5384 et
800 5329 1177 5389 ineuttcussam
1222 5343 1282 5395 si:
1310 5330 1422 5399 ipsa
1474 5339 1638 5405 stare,
1682 5347 1781 5401 nec

202 5416 327 5473 ullis
372 5433 624 5489 umquam
671 5420 1034 5489 quorumlibet
1079 5420 1508 5491 adversariorum
1558 5438 1778 5497 suerunt

202 5509 426 5575 viribus,
472 5510 696 5574 artibus,
748 5511 911 5577 dolis,
962 5511 1227 5567 machinis
1264 5527 1424 5583 posse
1472 5513 1782 5573 labefactari

204 5608 265 5657 ut
300 5601 534 5659 convelli
561 5618 579 5657 :
612 5620 632 5654 ι
669 5602 794 5665 Suis
822 5603 1013 5676 (enim)
1042 5605 1149 5669 illa,
1181 5606 1376 5679 inquit,
1420 5618 1668 5677 contenta
1699 5621 1781 5667 est

202 5694 426 5758 viribus,
458 5704 515 5749 et
543 5695 784 5759 veritatis
834 5698 1063 5766 propria:
1106 5697 1508 5759 fundaminibus
1554 5702 1777 5769 nititur;

204 5802 302 5847 nee
350 5788 612 5856 spoliatur
640 5788 690 5843 vi
740 5802 856 5855 sua,
890 5790 1097 5851 etiamsi
1132 5790 1337 5855 nullum
1385 5791 1579 5851 habeat
1607 5794 1781 5853 vindi-

204 5893 319 5939 cem
346 5894 362 5947 ί
386 5881 550 5945 immo
574 5882 618 5939 si
668 5880 861 5953 linguai
891 5897 1078 5951 omues
1106 5893 1293 5953 contra
1320 5883 1533 5957 faciant,
1562 5897 1778 5957 eontra-

1904 3362 2072 3421 tiente
2102 3360 2306 3433 videre,
2331 3376 2450 3432 qua:
2479 3377 2581 3417 nec
2611 3362 2712 3433 ipsi
2738 3362 2941 3419 audent
2964 3362 3214 3417 falsitatis
3237 3378 3486 3435 arguere,

1898 3468 2129 3527 quorum
2156 3456 2424 3527 antiquas,
2441 3470 2539 3513 seu
2561 3456 2760 3528 patrias
2787 3456 3201 3529 legesvanitatis
3220 3471 3340 3513 esse
3369 3457 3488 3529 ple-

1901 3552 2175 3621 nissimas,
2210 3562 2371 3623 atque
2401 3552 2729 3613 inanissima:
2757 3551 3159 3629 superstitionis
3188 3552 3429 3609 ostendit
3460 3574 3480 3607 ι

1900 3646 2143 3719 (Arnob.,
2185 3648 2272 3713 lib.
2308 3664 2345 3712 t,
2370 3666 2425 3719 p.
2455 3648 2527 3711 24
2555 3659 2601 3717 et
2624 3648 2812 3725 seqq.).
2844 3648 3006 3703 Vides
3056 3664 3188 3706 sane
3216 3651 3486 3722 quomodo

1896 3740 1993 3797 ille
2028 3742 2333 3798 rectissime
2374 3743 2661 3798 concludat
2687 3743 2917 3814 publicis
2942 3742 3141 3801 Christi
3188 3745 3484 3814 miraculis,

1900 3848 2023 3905 qua:
2044 3833 2280 3905 gentiles
2307 3832 2557 3893 falsitatis
2582 3850 2807 3909 arguere
2856 3851 3145 3911 numquam
3173 3844 3483 3906 potuerunt,

1896 3947 2008 3997 non
2059 3932 2367 3993 christiana:
2415 3942 2620 3993 tantum
2672 3930 2945 4004 religionis
2974 3930 3153 3991 adseri
3177 3931 3479 3998 veritatem,

1894 4023 1991 4089 sed
2022 4023 2251 4085 ctlinicm
2278 4024 2439 4083 etiam
2488 4021 2780 4083 falsitatem
2813 4021 3219 4079 evidentissime
3245 4021 3483 4094 probari.

1966 4117 2123 4181 Tanti
2169 4132 2300 4179 vero
2332 4115 2587 4195 ponderis
2641 4126 2724 4174 est
2775 4118 2877 4173 hoc
2905 4125 3303 4193 argumentum,
3333 4126 3393 4172 ut
3415 4131 3483 4173 eo

1892 4210 2113 4281 penitus
2160 4210 2392 4271 convicti
2432 4208 2662 4281 gentiles
2713 4225 2873 4283 quam
2907 4211 3142 4285 plurimi,
3169 4210 3370 4267 relictis
3394 4226 3484 4281 pa-

1894 4305 2014 4361 triis
2045 4304 2539 4377 superstitionibus,
2576 4312 2629 4359 et
2657 4304 2821 4375 impio
2847 4303 3072 4363 deorum
3098 4319 3317 4360 suorum
3336 4304 3482 4361 cultu

1895 4396 2123 4468 rejecto,
2147 4412 2346 4461 nomen
2382 4397 2693 4453 christiana
2713 4396 2958 4471 religioni
2985 4406 3177 4471 sponte
3198 4396 3479 4453 dederint:

1897 4510 1917 4553 ᾳ
1961 4492 2218 4559 Virtutes,
2259 4509 2278 4543 ι
2336 4491 2560 4559 etenim,
2605 4508 2625 4551 ς
2658 4490 2760 4545 sub
2797 4490 2969 4551 oculis
3022 4492 3231 4561 positae,
3264 4508 3283 4541 ι
3316 4490 3481 4546 verba

1890 4584 2070 4651 adhuc
2106 4593 2232 4639 sunt
2258 4583 2479 4647 Arnobii
2517 4601 2536 4634 ι
2566 4592 2625 4638 et
2649 4580 2887 4647 inaudita
2931 4582 3017 4636 illa
3047 4584 3128 4638 vis
3155 4598 3360 4649 rerum,
3389 4584 3480 4639 vel

1892 4692 2011 4749 qua:
2039 4677 2107 4733 ab
2156 4677 2275 4747 ipso
2322 4675 2476 4737 fiebat
2518 4675 2720 4749 palam,
2754 4672 2839 4728 vel
2882 4672 2949 4727 ab
2979 4675 3095 4749 ejus
3138 4673 3479 4749 praeconibus

1888 4767 2260 4825 celebrabatur
2288 4768 2339 4827 in
2377 4766 2509 4825 orbe
2537 4773 2669 4833 toto,
2701 4779 2765 4818 ea
2804 4764 3038 4821 subdidit
3084 4766 3476 4839 appetitionum

1895 4862 2160 4929 flammas,
2201 4870 2257 4916 et
2284 4860 2350 4915 ad
2398 4858 2555 4915 unius
2581 4858 2916 4917 credulitatis
2957 4858 3247 4923 adsensum
3294 4869 3477 4918 mente

1888 4973 1990 5023 una
2020 4968 2352 5017 concurrere
2396 4964 2583 5025 gentes
2610 4963 2663 5015 et
2694 4953 2919 5025 populos
2967 4952 3112 5023 fecit,
3141 4966 3196 5010 et
3231 4955 3476 5013 moribus

1887 5048 2278 5123 dissimillimas
2306 5047 2551 5107 nationes
2580 5064 2599 5098 ι
2634 5047 2877 5117 (Arnob,
2907 5047 2998 5104 lib.
3023 5064 3082 5114 ιι,
3111 5065 3165 5115 p.
3199 5046 3313 5118 50).
3340 5047 3473 5115 Quis

1886 5150 2064 5203 autern
2098 5139 2224 5197 inde
2251 5155 2355 5201 non
2400 5140 2689 5211 perSpiciat
2712 5139 2946 5199 inaudita
2981 5139 3239 5195 hactenus
3267 5138 3473 5196 Christi

1887 5232 2384 5305 discipulorumque
2412 5233 2530 5306 ejus
2576 5233 2835 5289 miracula
2868 5234 2998 5289 tanti
3036 5232 3101 5287 ad
3141 5231 3470 5303 probandam

1886 5326 2011 5380 fidei
2051 5325 2356 5380 christiana:
2398 5325 2678 5381 veritatem
2711 5325 2877 5381 fuisse
2924 5324 3151 5387 roboris,
3187 5334 3471 5394 tantaque

1886 5417 2222 5483 efﬁcacitatis
2248 5460 2263 5486 ,
2296 5427 2354 5473 ut
2387 5418 2700 5474 innumeros
2746 5415 3017 5484 homines,
3051 5424 3162 5471 toto
3202 5425 3468 5474 terrarum

1885 5511 2017 5575 orbe
2055 5510 2351 5582 dispersos,
2392 5510 2623 5582 huicque
2670 5509 2982 5569 christianze
3021 5507 3266 5580 religioni
3307 5518 3467 5565 antea

1884 5617 2106 5687 prorsus
2157 5601 2455 5681 oppositos,
2496 5602 2564 5657 ad
2602 5616 2720 5657 eam
2750 5598 3125 5656 lubentissime
3171 5599 3465 5671 suscipien-

1881 5700 2005 5763 dam
2028 5698 2393 5765 adduxerim?

1953 5795 2085 5864 Quae
2112 5805 2294 5857 autem
2320 5793 2523 5857 fuerint
2560 5791 2653 5849 illa
2692 5790 2894 5853 Christi
2916 5790 3196 5860 miracula,
3227 5789 3464 5848 breviter

1894 5886 2165 5957 Arnobius
2196 5894 2443 5963 recenset
2487 5884 2619 5957 (1b.,
2669 5901 2723 5958 p.
2765 5882 2883 5957 26).
2934 5884 3232 5959 Quoslibet,
3273 5884 3465 5958 inquit,
