4030 6282
579 356 685 414 407

1787 346 2237 408 υιειεειιτΑΤιο
2274 348 2554 407 ΡΒΑΞὟΙΔ

3771 355 3881 412 408

578 473 794 542 surdos,
835 480 926 526 aut
975 480 1170 534 mutos,
1200 478 1291 524 aut
1330 468 1519 539 quovis
1552 466 1765 534 morbo,
1797 464 1965 533 febre,
2001 467 2160 531 fame,
2193 474 2246 532 Α
2269 464 2514 535 Christo,
2546 471 2854 528 evanuisse.
2887 471 3169 541 Viderant,
3203 473 3443 546 inquam,
3475 473 3742 531 ﬁdentem
3773 476 3883 532 diis

579 567 841 630 czccitate,
892 562 1304 628 claudicatione,
1340 561 1638 634 hydropisi,
1685 561 1854 630 lepra,
1905 559 2164 629 profluvio

578 660 870 730 sanguinis,
907 657 1161 730 pal‘ﬂlYSl,
1195 655 1420 725 aliisque
1461 653 1870 725 a'gritudinibus
1919 651 2164 706 laboran-

577 763 658 809 tes
696 752 944 818 sanavit,
993 750 1154 803 maris
1199 759 1586 819 ventorumque
1623 746 1827 800 sedavit
1875 745 2161 816 procellas,

575 844 720 900 illius
749 842 918 897 untlas
950 842 1094 896 sicco
1153 841 1379 896 calcavit
1427 839 1580 909 pede,
1631 848 1870 894 secretas
1915 839 2166 910 cognovit

574 935 852 991 hominum
877 935 1250 1004 cogitationes.
1282 933 1416 988 alios
1443 941 1602 1003 atque
1621 931 1780 987 etiam
1811 932 2163 1002 semetipsum

571 1045 602 1083 a
634 1040 806 1082 morte
831 1026 1106 1082 revocavit
1136 1025 1200 1080 ad
1235 1025 1428 1090 vitam;
1474 1033 1594 1094 post
1621 1027 2074 1078 resurrectionem
2104 1037 2165 1077 se

572 1119 860 1175 videndum
897 1119 1166 1190 prwhuit,
1199 1125 1254 1172 et
1300 1133 1421 1172 cum
1475 1115 1756 1187 discipulis
1809 1123 2166 1170 Conversatus

572 1226 656 1272 est
686 1235 701 1283 ;
732 1215 964 1284 denique
995 1225 1051 1267 ut
1076 1211 1312 1267 auctoris
1338 1212 1508 1266 n05tri
1540 1210 1948 1265 verbisutamur
1979 1225 1991 1261 :
2028 1207 2165 1262 «Cu-

568 1309 659 1378 jus
687 1323 882 1362 nomen
928 1306 1164 1360 auditum
1209 1304 1358 1376 fugat
1412 1305 1602 1358 iioxios
1649 1302 1889 1372 spiritus,
1937 1300 2166 1370 imponit

570 1401 842 1456 silentium
899 1399 1124 1463 vatibus,
1155 1398 1433 1467 aruspices
1479 1395 1812 1450 inconsultos
1853 1393 2164 1460 reddit,ar-

571 1497 875 1566 rogantium
929 1509 1206 1564 magorum
1263 1491 1509 1547 frustrari
1561 1490 1727 1547 efﬁcit
1761 1490 2024 1553 actiones,
2055 1501 2164 1543 non

579 1592 828 1654 horrore,
854 1600 910 1641 ut
942 1588 1146 1655 dicitis,
1189 1586 1510 1652 divinitatis,
1541 1585 1636 1640 sed
1682 1584 1901 1654 majoris
1949 1582 2165 1637 licentia

573 1686 857 1757 potestatis
897 1705 915 1737 ι
955 1683 1146 1756 (Ibid.,
1179 1701 1232 1753 p.
1261 1681 1379 1754 ΞΠ).
1434 1682 1564 1748 Quis
1604 1689 1782 1734 autem
1829 1694 1937 1734 non
1989 1676 2166 1733 videat

570 1802 728 1857 quam
752 1785 987 1839 validum
1028 1784 1097 1837 sit
1124 1783 1227 1837 hoc
1251 1789 1652 1853 argumentum,
1681 1792 1789 1849 quo
1820 1776 1912 1831 ille
1942 1789 2047 1830 non
2076 1789 2167 1829 so-

2271 560 2441 628 falsis,
2467 571 2521 618 et
2547 562 2615 618 ab
2644 564 2848 620 eisdem
2881 568 3256 622 metuentibus
3286 567 3586 638 proditum,
3625 567 3884 639 pondere

2271 655 2665 726 praecipitatum
2690 673 2808 725 suo,
2828 659 3076 716 cruribus
3093 660 3328 731 iacuisse
3361 662 3668 732 prtufractis
3695 682 3709 716 :
3750 673 3882 733 post

2267 747 2464 803 deinde
2510 749 2773 818 perlatum
2832 751 3102 806 Brundam
3130 795 3144 817 ,
3188 753 3519 810 cruciatibus
3547 763 3606 809 et
3658 753 3883 824 pudore

2269 838 2562 906 defessum,
2595 857 2662 897 ex
2691 843 2943 898 altissimi
2987 845 3240 900 culminis
3266 861 3326 902 se
3354 861 3570 902 rursum
3609 847 3881 918 prmcipi-

2271 943 2417 990 tasse
2443 934 2675 1007 fastigio.
2723 957 2743 990 ι
2778 936 2994 994 Scimus
3039 939 3259 1009 quidem
3298 939 3399 996 hoc
3429 941 3760 996 miraculum
3811 941 3884 996 ab

2271 1027 2538 1084 alicuibus
2582 1039 2676 1085 aut
2713 1035 2892 1086 vocari
2924 1034 2976 1088 in
3006 1033 3251 1100 dubium,
3281 1045 3372 1089 aut
3403 1035 3620 1104 penitus
3652 1036 3875 1107 negari.

2271 1119 2484 1174 Etenim
2539 1121 2655 1177 haec
2685 1122 2907 1179 historia
2957 1124 3024 1180 ab
3060 1125 3560 1197 pseudepigraphis,
3592 1137 3651 1181 ut
3682 1128 3872 1193 aiunt,

2270 1210 2446 1277 libris,
2480 1211 2582 1268 hoc
2602 1223 2685 1269 est
2714 1215 3092 1285 proculdubio,
3121 1217 3608 1273 Constitutionihus
3648 1230 3880 1291 aposto—

2269 1302 2389 1359 licis
2438 1305 2721 1377 desumpta
2764 1306 2878 1380 (lib.
2927 1325 3011 1377 vt,
3067 1307 3341 1367 Constitut.
3387 1312 3698 1381 apostolic.,
3737 1330 3787 1367 c.
3819 1313 3875 1378 9,

2271 1413 2325 1466 p.
2348 1394 2500 1468 279),
2529 1397 2676 1453 varie
2701 1415 2731 1454 a
2762 1401 2923 1456 variis
2949 1402 3308 1470 scriptorilms
3338 1414 3608 1460 narratur.
3660 1405 3876 1461 Deinde

2271 1503 2398 1544 vero
2425 1488 2612 1545 Roma;
2638 1491 2795 1547 valde
2821 1493 3022 1549 incerta
3054 1493 3153 1550 fuit
3209 1495 3348 1549 fama
3397 1496 3542 1551 illius
3589 1497 3871 1564 miraculi,

2269 1596 2333 1636 ac
2361 1581 2429 1638 de
2453 1581 2549 1638 illo
2573 1582 2819 1640 Justinus
2840 1593 3066 1658 martyr,
3094 1587 3358 1656 lrenaeus,
3383 1589 3586 1660 aliique
3599 1590 3875 1663 antiquis-

2269 1673 2393 1729 simi
2423 1677 2718 1746 scriptores
2749 1678 2965 1748 penitus
2987 1679 3277 1737 siluerunt.

2341 1767 2450 1825 Sed
2481 1769 2598 1826 haec
2617 1772 2805 1827 eadem
2832 1772 3055 1829 historia
3079 1791 3107 1829 a
3136 1775 3341 1848 Cyrillo
3367 1777 3871 1850 Hierosolymitano

573 1879 686 1948 lum
715 1879 999 1934 veritatem
1027 1875 1335 1931 christiana:
1382 1873 1677 1944 religionis,
1708 1869 1802 1925 sed
1854 1883 2161 1939 supremam
2195 1876 2244 1937 Β
2270 1861 2355 1918 his
2382 1864 2711 1920 describitur
2739 1867 2920 1923 verbis
2944 1885 2959 1924 :
2985 1888 3004 1922 ‹
3035 1868 3227 1925 Petrus
3277 1879 3334 1926 et
3362 1871 3579 1940 Paulus,
3605 1873 3872 1931 Ecclesia:

481 1959 490 1967 ’
573 1989 794 2044 quoque
824 1970 1057 2035 Christi,
1104 1979 1162 2025 ut
1189 1968 1326 2025 infra
1374 1965 1721 2022 ostendemus
1746 1962 1933 2036 (Infr.,
1961 1979 2077 2033 cap.
2105 1962 2160 2032 6,

573 2075 672 2119 art.
707 2063 780 2136 l),
816 2063 1149 2118 divinitatem
1181 2061 1337 2130 plane
1356 2057 1732 2114 demonstrat?

648 2157 811 2229 Urget
858 2156 1057 2218 adhuc,
1089 2165 1303 2225 tamque
1354 2160 1683 2219 constanter,
1713 2164 1874 2220 quam
1912 2162 2039 2203 vere
2063 2145 2161 2202 ad-

571 2264 788 2311 severat
833 2253 1109 2308 Christum
1159 2249 1434 2319 discipulis
1481 2247 1615 2314 suis,
1649 2246 1751 2302 etsi
1779 2243 1984 2315 egenis,
2013 2243 2163 2298 inﬁr-

570 2350 696 2410 mis,
723 2355 776 2402 et
831 2345 1096 2415 imperitis
1152 2343 1368 2398 dedisse
1416 2341 1602 2396 eadem
1653 2352 1876 2408 prorsus
1908 2335 2161 2391 miraCtila

571 2440 802 2498 faciendi
829 2449 1150 2510 potestatem
1178 2455 1192 2502 ;
1217 2452 1318 2507 qua
1347 2434 1562 2505 quidem
1609 2447 1716 2487 non
1756 2431 1806 2485 in
1833 2429 2018 2485 Judaea
2044 2440 2162 2483 tan-

570 2545 712 2612 tum.
735 2533 830 2590 scd
872 2535 923 2587 in
957 2530 1224 2587 universis
1257 2529 1420 2584 totius
1449 2527 1596 2581 orbis
1627 2534 1786 2580 terra:
1817 2522 2056 2595 partibus
2083 2523 2163 2576 in-

569 2647 793 2690 numera
851 2630 1115 2690 fecerunt,
1143 2625 1339 2694 quibus
1390 2621 1584 2680 inﬁniti
1637 2633 1774 2690 pene
1821 2618 2068 2674 homines
2093 2616 2161 2671 ad

571 2727 930 2798 proﬁtendam
963 2724 1317 2780 christianam
1344 2720 1502 2776 fidem
1532 2729 1655 2773 sunt
1684 2714 1903 2771 adducti
1933 2731 1946 2767 :
1976 2731 1995 2764 ι
2024 2710 2162 2766 Enu-

571 2819 770 2875 merari
801 2817 946 2873 enim
980 2823 1224 2887 possunt,
1264 2834 1283 2866 ι
1317 2813 1487 2882 inquit
1528 2809 1639 2875 ille,
1672 2827 1690 2860 ι
1730 2820 1891 2877 atque
1920 2805 1972 2859 in
2003 2819 2157 2858 usum

569 2913 986 2986 computationis
1015 2909 1194 2964 venire
1219 2950 1233 2971 ,
1280 2922 1342 2961 ea
1389 2921 1508 2976 qua:
1539 2903 1590 2958 in
1636 2901 1780 2956 lndia
1811 2909 1960 2970 gesta
2010 2904 2156 2962 sunt,

571 3008 712 3079 apud
741 3008 920 3064 Seras.
951 3005 1143 3061 Persas
1171 3011 1227 3056 et
1252 2999 1454 3067 Medos,
1487 2999 1539 3053 in
1571 2996 1791 3061 Arabia,
1821 2993 2079 3066 Egypto,
2103 2992 2157 3046 in

567 3104 720 3170 Asia,
767 3101 943 3173 Syria,
996 3097 1138 3168 apud
1190 3096 1448 3160 Galatas,
1509 3091 1777 3158 Parthos,
1808 3089 2073 3159 Phrygas,
2103 3086 2156 3140 in

566 3197 792 3263 Achaia,
824 3193 1158 3257 Macedonia,
1213 3189 1401 3259 Epiro,
1431 3187 1486 3241 in
1530 3184 1721 3240 insulis
1766 3190 1820 3237 et
1864 3177 2155 3251 provinciis

2272 1957 2539 2026 prtefecti,
2561 1957 2838 2014 Simonem
2870 1973 2992 2016 sese
3036 1961 3204 2018 Deum
3255 1973 3639 2032 ostentantem,
3675 1969 3869 2024 talem-

2269 2063 2376 2118 que
2405 2050 2804 2120 existimatum,
2835 2055 3124 2110 confestim
3168 2067 3344 2112 morte
3383 2057 3700 2115 aﬁ‘eceruut.
3728 2061 3866 2117 Nam

2267 2161 2390 2202 cuni
2417 2145 2603 2204 Simon
2630 2150 2683 2205 in
2703 2167 2883 2206 aerem
2906 2151 3301 2208 daemoniorum
3327 2155 3576 2212 vehiculo
3600 2156 3863 2225 ferretur,

2267 2242 2497 2313 genibus
2527 2246 2793 2314 provoluti
2835 2247 2978 2302 servi
3037 2248 3250 2303 Dei.....
3293 2251 3653 2308 contentionis
3688 2254 3866 2308 telum

2268 2351 2490 2406 precum
2522 2339 2828 2395 interventu
2880 2341 2933 2395 in
2967 2355 3221 2412 magnum
3261 2342 3517 2414 ejaculati
3543 2354 3688 2408 sunt,
3718 2356 3779 2402 et
3806 2351 3866 2403 in

2268 2439 2466 2486 terram
2494 2448 2616 2487 eum
2645 2433 3082 2503 dejecerunt.....
3111 2451 3144 2490 e
3185 2436 3405 2491 sublimi
3446 2453 3571 2493 aere
3597 2438 3763 2494 deum
3793 2440 3869 2496 il-

2265 2523 2378 2579 lum
2411 2525 2650 2580 habitum
2706 2527 2759 2581 in
2810 2535 3009 2582 terram
3040 2526 3358 2599 dejeceruut
3407 2529 3475 2585 ad
3528 2529 3736 2587 inferos
3763 2531 3868 2590 de—

2265 2618 2605 2688 primendum
2645 2638 2665 2672 ι
2714 2619 2961 2692 (Cyrill.,
3007 2619 3215 2677 Catech.
3263 2622 3315 2689 6,
3361 2643 3416 2694 p.
3467 2624 3581 2693 54).
3636 2625 3866 2683 Litteris

2261 2725 2479 2782 quoque
2534 2711 2993 2783 consignaverunt
3061 2713 3166 2770 hoc
3231 2713 3468 2782 factum,
3536 2716 3631 2772 sed
3683 2720 3866 2775 multo

2263 2803 2501 2868 brevius.
2538 2806 2858 2862 Ambrosius
2882 2850 2897 2874 ,
2967 2808 3305 2878 Augustinus
3331 2852 3347 2874 ,
3408 2808 3643 2866 Isidorus
3687 2811 3862 2869 Pelu-

2263 2897 2825 2965 siota,Theodoretus
2879 2912 2930 2956 et
2987 2901 3248 2956 Maximus
3301 2901 3650 2959 Tauriuensis
3703 2906 3864 2978 (Am-

2261 2993 2421 3056 bros..
2469 2995 2557 3050 lib.
2615 3011 2668 3050 tv
2721 2995 2963 3064 ﬂexam,
3006 3012 3121 3066 cap.
3197 2998 3261 3062 8,
3321 2997 3348 3068 §
3405 2997 3511 3064 35,
3565 3015 3683 3070 pag.
3744 3001 3861 3068 78;

2261 3089 2502 3157 August,
2546 3086 2582 3140 ι.
2630 3087 2694 3142 de
2739 3087 2964 3152 Ηαξνεε..
2995 3107 3050 3158 p.
3079 3087 3153 3152 6;
3186 3087 3406 3155 Isidem,
3439 3092 3478 3145 ι.
3511 3106 3562 3158 ι,
3593 3108 3676 3162 ep.
3721 3107 3819 3147 xm
3841 3136 3858 3158 ,

2261 3197 2315 3250 ρ.
2361 3180 2430 3245 4;
2463 3179 2742 3248 Theodon,
2784 3182 2823 3236 ι.
2857 3197 2902 3246 ι,
2955 3180 3151 3237 Ηιετει.
3196 3181 3384 3254 fabul.,
3429 3197 3478 3237 c.
3517 3199 3572 3250 ι,
3622 3203 3676 3253 p.
3711 3185 3860 3251 198;

569 3290 841 3354 omnibus,
892 3302 1026 3359 quas
1082 3284 1162 3339 sol
1208 3282 1391 3338 oriens
1443 3289 1604 3349 atque
1640 3273 1890 3331 occidens
1941 3273 2154 3337 lustrat,
2185 3277 2230 3339 ί]
2264 3271 2510 3341 Maa:im.,
2569 3275 2704 3328 hom.
2759 3275 2814 3340 5,
2859 3276 2914 3328 in
2957 3273 3120 3329 natat.
3175 3273 3283 3329 SS.
3338 3273 3484 3329 Petri
3529 3285 3577 3330 et
3628 3276 3852 3349 Pauli).

569 3389 742 3458 ipsam
773 3383 1003 3453 denique
1033 3378 1174 3451 apud
1216 3377 1490 3432 dominam
1521 3373 1766 3433 Romam,
1797 3369 1848 3422 in
1877 3381 2004 3438 qua,
2036 3380 2158 3420 cum

569 3457 821 3535 homines
849 3476 956 3530 sint
1004 3471 1192 3528 Numae
1218 3467 1359 3539 regis
1391 3464 1598 3518 artibus
1619 3471 1781 3533 atque
1806 3457 2040 3529 antiquis
2069 3473 2160 3512 su-

567 3570 983 3644 perstitionibus
1019 3564 1287 3635 occupati,
1334 3575 1442 3616 non
1490 3557 1813 3612 distulerunt
1853 3562 2030 3607 tamen
2071 3566 2160 3607 res

568 3667 772 3738 patrias
801 3664 1069 3732 linquere,
1097 3668 1151 3713 et
1176 3655 1390 3712 veritati
1420 3655 1730 3713 coalescere
1755 3645 2065 3703 Christianae
2086 3645 2111 3698 ?
2131 3661 2152 3696 ι

568 3761 807 3834 (Arnob.,
833 3757 922 3812 lib.
954 3772 1013 3821 ιι,
1051 3772 1102 3825 p.
1127 3750 1241 3826 50).

642 3852 786 3910 Nihil
819 3867 950 3922 ergo
979 3850 1167 3904 insana
1217 3840 1569 3916 quorumdam
1611 3836 1888 3907 gentilium
1935 3829 2156 3889 temeri-

520 3947 526 3954 ’
568 3959 679 4006 tate
710 3945 1022 4009 absurdius,
1051 3943 1141 4014 qui
1175 3940 1291 3996 haec
1321 3935 1578 3993 miracula
1606 3933 1739 3989 falsa
1771 3930 1937 3986 fuisse
1955 3925 2158 3998 garrie-

565 4043 718 4099 baut.
743 4038 886 4096 Fieri
918 4037 1060 4092 enim
1110 4049 1215 4090 non
1266 4031 1456 4103 potuit,
1481 4038 1539 4083 ut
1589 4036 1665 4081 tot
1693 4034 1900 4094 gentes,
1931 4030 2038 4076 tam
2069 4017 2156 4074 di-

566 4150 740 4192 versae
794 4131 1042 4188 nationes
1089 4143 1119 4182 a
1161 4141 1222 4182 se
1265 4124 1493 4179 invicem
1524 4117 1917 4180 remotissimae,
1959 4127 2022 4168 ac
2047 4110 2154 4165 Ro-

570 4230 715 4285 mani
747 4227 872 4298 ipsi,
902 4236 1110 4279 smnma
1143 4233 1325 4274 rerum
1356 4215 1532 4285 potiti,
1566 4212 1632 4266 ad
1661 4211 1792 4265 falsa
1823 4214 2153 4263 sectatorum

566 4323 768 4380 Christi
805 4317 1056 4376 miracula
1108 4329 1208 4385 pro
1253 4311 1398 4366 Vt-ris
1427 4305 1764 4379 agnoscenda
1811 4303 2155 4372 conspirave-

563 4418 692 4474 rint.
725 4412 862 4483 Quid
903 4411 1087 4474 etiam,
1117 4405 1260 4478 quod
1309 4401 1575 4458 innumeri
1611 4397 1682 4451 illi
1711 4412 1775 4453 ex
1806 4405 1884 4450 tot
1907 4393 2154 4466 gentibus

561 4510 814 4568 homines
838 4517 948 4561 tam
989 4501 1163 4568 bardi,
1194 4497 1439 4562 hebetes,
1472 4503 1526 4549 et
1562 4490 1738 4547 stolidi
1771 4488 1876 4544 diri
1901 4502 2006 4543 non
2030 4501 2152 4557 pos-

558 4614 686 4661 sunt
713 4645 727 4668 ,
758 4609 816 4656 nt
845 4613 965 4670 qua:
992 4609 1096 4652 non
1133 4591 1382 4647 viderant
1413 4585 1693 4651 miracula,
1727 4597 1784 4638 se
1813 4580 2013 4636 vidisse
2043 4593 2150 4635 non

563 4696 740 4752 solum
770 4695 1052 4764 ﬁngerent,
1083 4685 1177 4741 sed
1208 4680 1446 4739 inaudita
1472 4678 1732 4734 hactenus
1763 4674 1978 4729 ﬁctione
2007 4673 2148 4727 ines-
2178 4683 2234 4746 D

565 4791 704 4852 cati,
739 4780 1036 4852 repudiatis
1078 4789 1289 4849 patrum
1322 4788 1385 4828 ac
1414 4769 1752 4842 popularium
1781 4780 2001 4822 suorum
2029 4765 2152 4836 qui-

561 4880 788 4937 buscum
835 4873 1066 4930 feliciter
1095 4871 1277 4924 vivere
1329 4871 1612 4934 poterant,
1658 4857 2150 4930 superstitionibus,

562 4971 868 5030 institutam
899 4981 929 5020 a
958 4964 1173 5019 Christo
1219 4974 1463 5016 severam
1492 4953 1703 5011 vivendi
1731 4955 2017 5014 rationem.
2042 4967 2150 5008 non

541 5051 680 5124 dsine
731 5071 885 5119 certo
940 5059 1132 5128 capitis
1192 5053 1433 5127 periculo
1461 5051 1899 5122 amplexarentur
1927 5047 2092 5122 (Ibid.
2102 5048 2148 5119 ).

564 5162 782 5219 Certum
835 5155 998 5227 igitur
1050 5151 1325 5221 ﬁxumque
1353 5162 1475 5202 esse
1516 5145 1677 5201 debet
1727 5146 1848 5200 illos
1877 5143 2149 5200 miraculis

561 5258 839 5314 dumtaxat
868 5244 1248 5320 apertissimis,
1277 5253 1332 5299 et
1354 5242 1472 5299 luce
1503 5241 1616 5313 ipsa
1642 5240 1981 5310 clarioribus,
2009 5254 2149 5311 prte-

557 5351 742 5407 buisse
766 5345 1077 5401 adsensum.

630 5443 903 5501 Arnobius
951 5452 1114 5511 porro
1138 5436 1366 5492 Romae.
1415 5448 1573 5505 quam
1627 5440 1846 5503 pr0pter
1877 5444 2141 5486 summum

558 5554 718 5596 suum
746 5536 1031 5608 imperium
1083 5531 1342 5586 dominam
1367 5537 1548 5595 vocat,
1576 5527 1853 5582 mentione
1885 5524 2045 5589 facta,
2077 5523 2141 5578 il-

559 5629 651 5687 lud
677 5627 950 5700 proponit
989 5623 1331 5690 miraculum,
1383 5637 1491 5692 quo
1521 5620 1716 5674 Petrus
1769 5618 2045 5689 apostolus
2073 5616 2142 5672 de

557 5729 834 5792 prostrato
858 5717 1080 5773 Simone
1113 5730 1271 5785 mago
1301 5711 1665 5779 triumphasse
1704 5708 2092 5780 perhibebatur
2123 5725 2137 5762 :

566 5834 586 5865 ι
619 5813 899 5877 Viderant,
925 5829 944 5861 ›
979 5810 1052 5863 ait
1073 5807 1291 5880 (fbid.),
1329 5826 1349 5860 ι
1373 5821 1589 5862 currum
1617 5804 1857 5862 Simonis
1888 5803 2057 5880 magi,
2087 5811 2143 5859 et

552 5903 848 5976 quadrigas
890 5903 1076 5970 igneas
1103 5877 1274 5970 .Petri
1313 5911 1410 5954 ore
1444 5893 1720 5966 dil‘ﬁatas,’
1757 5877 2141 5954 et'nomidato

2263 3364 2396 3434 Quis
2421 3377 2600 3422 autem
2649 3367 2928 3424 dubitandi
2956 3367 3111 3422 locus
3163 3382 3284 3423 esse
3341 3378 3552 3439 potest,
3601 3371 3732 3439 quin
3799 3371 3855 3426 hi

2263 3459 2468 3530 aliique
2523 3461 2758 3528 antiqua:
2816 3475 2877 3515 ac
2929 3461 3092 3515 varia:
3158 3461 3330 3515 aetatis
3383 3458 3677 3530 scriptores
3729 3479 3856 3533 per-

2263 3567 2482 3608 suasum
2531 3552 2814 3609 habueriut
2844 3567 3030 3608 verum
3077 3568 3200 3608 esse
3249 3553 3387 3609 hanc
3431 3553 3757 3609 historiam?
3783 3558 3856 3611 At

2266 3647 2481 3704 tametsi
2512 3647 2564 3702 in
2595 3663 2658 3703 ea
2692 3647 2896 3719 aliquid
2950 3648 3089 3714 falsi,
3120 3649 3207 3704 vel
3260 3649 3303 3703 si
3337 3649 3662 3719 pertinacius
3688 3651 3850 3718 velis,

2265 3741 2402 3797 nihil
2435 3756 2661 3810 prorsus
2691 3744 2802 3798 veri
2833 3753 2979 3798 esset
3012 3760 3027 3807 ;
3062 3758 3168 3796 non
3202 3741 3327 3797 inde
3359 3751 3540 3798 tamen
3565 3745 3853 3802 arnohiani

2263 3835 2566 3907 argumenti
2599 3836 2680 3891 vis
2711 3845 2812 3890 aut
2827 3836 2994 3891 robur
3033 3835 3147 3891 ullo
3191 3835 3346 3906 plane
3389 3837 3549 3890 modo
3576 3838 3854 3895 minuere-

2263 3937 2368 3984 tur.
2400 3927 2722 3984 Christiana:
2779 3929 3042 4000 siquidem
3074 3929 3354 3998 religionis
3384 3930 3585 3984 veritas
3611 3947 3718 3986 non
3747 3932 3855 3988 hoc

2262 4022 2480 4093 quidem
2529 4023 2648 4077 solo
2677 4021 2939 4076 miraculo
2964 4020 3033 4075 ab
3083 4020 3176 4075 illo
3207 4020 3483 4090 probatur,
3517 4021 3612 4077 sed
3636 4037 3708 4078 ex
3729 4025 3856 4080 aliis

2263 4119 2423 4188 plane
2453 4117 2776 4183 innumeris,
2815 4131 2934 4188 quae
2963 4130 2992 4168 a
3023 4115 3238 4170 Christo
3266 4115 3492 4170 Domino
3512 4116 3742 4188 ejusque
3767 4119 3857 4174 di-

2263 4213 2483 4283 scipulis
2511 4216 2648 4268 facta
2695 4211 2862 4266 fuisse
2908 4225 3092 4274 nemo,
3123 4210 3198 4264 uti
3225 4210 3480 4275 diximus,
3517 4211 3616 4265 nisi
3649 4211 3851 4268 invicto

2262 4322 2486 4379 prorsus
2531 4306 2896 4360 obstinatione
2923 4305 3228 4359 obctecatus
3260 4312 3468 4374 poterat
3497 4303 3750 4359 iuﬁciari.
3781 4310 3854 4363 At

2261 4417 2329 4458 ex
2353 4399 2419 4455 iis
2438 4400 2689 4454 omnibus
2715 4406 2906 4453 auctor
2931 4405 3115 4452 noster
3133 4405 3277 4451 tanta
3300 4395 3620 4452 certitudiue
3646 4412 3851 4468 quanta

2261 4493 2526 4552 evidentia
2578 4489 2855 4547 concludit
2897 4505 3084 4546 veram
3115 4502 3237 4545 esse
3286 4489 3456 4545 solam
3494 4487 3849 4550 christianum

2260 4585 2596 4658 religionem.

2841 4700 3135 4754 auricuws
3174 4713 3232 4753 ιι.

2257 4816 2794 4880 ριιοιηοάοίΑι-ηοιιίιιε
2823 4817 3124 4880 argumenta
3162 4810 3351 4880 diluat,
3382 4811 3570 4880 quibus
3595 4811 3851 4880 gentiles

2317 4883 2479 4932 omnia
2503 4879 2679 4932 Christi
2715 4873 3159 4939 discipulorumque
3187 4875 3294 4937 ejus
3330 4874 3562 4924 miracula
3593 4873 3848 4926 inﬁrmare

2319 4946 2588 4996 tentabant.

2325 5053 2469 5110 Nihil
2498 5060 2583 5108 est
2613 5058 2719 5105 tam
2751 5056 2958 5105 certum
3006 5053 3063 5102 et
3105 5043 3351 5113 evidens,
3397 5044 3542 5115 quod
3587 5044 3844 5103 homines

2244 5146 2531 5220 ingeniosi,
2560 5160 2589 5199 a
2609 5153 2757 5199 recto
2782 5140 3023 5197 veritatis
3042 5139 3255 5194 tramite
3281 5138 3847 5204 aberrantes,autdu—

2244 5241 2390 5297 bium
2415 5241 2610 5306 facere,
2642 5247 2734 5293 aut
2754 5237 3064 5301 obscurare,
3081 5244 3171 5288 aut
3199 5247 3399 5304 negare
3423 5233 3671 5305 malignis
3695 5238 3843 5292 arti-

2243 5332 2346 5389 bus
2377 5347 2482 5387 non
2513 5326 2940 5385 moliantur.Nou
2967 5326 3163 5381 mirum
3195 5324 3375 5396 itaque
3399 5326 3443 5379 si
3464 5325 3680 5396 quidam
3711 5341 3844 5396 post.

2241 5423 2464 5489 Christi,
2511 5422 3150 5494 discipulorumquerjus
3206 5427 3458 5485 mortem,
3486 5420 3698 5475 illorum
3727 5424 3836 5476 mi—

2243 5519 2447 5584 racula,
2464 5517 2674 5572 tametsi
2697 5530 2879 5570 coram
2909 5512 3129 5568 inﬁnitis
3154 5526 3321 5582 pr0pe
3339 5511 3556 5568 modum
3568 5512 3835 5581 ethnicis,

2241 5626 2297 5672 et
2327 5615 2377 5670 in
2400 5628 2584 5669 eorum
2607 5613 2834 5682 gratiam
2861 5609 3026 5673 edita,
3043 5609 3316 5662 infirmare
3336 5621 3398 5661 ac
3427 5621 3622 5675 negare
3647 5614 3836 5660 tenta-

2245 5709 2436 5764 verint.
2472 5705 2857 5762 Verumtamen
2884 5701 3085 5758 ethnici
3119 5699 3290 5768 primo
3333 5698 3590 5754 Ecclesia:
3626 5707 3837 5753 nostras

2243 5800 2519 5861 nascentis
2552 5811 2795 5872 tempore
2822 5807 2902 5853 tot
2927 5806 3182 5866 tantaque
3203 5793 3480 5858 miracula,
3506 5803 3610 5846 tam
3638 5792 3830 5860 certis,

2240 5912 2400 5969 quam
2417 5894 2712 5952 innumeris
2728 5890 3046 5950 conﬁrmata
3059 5885 3561 5954 testibus,falsitatis
3572 5899 3828 5955 arguere,
