4030 6282
140 351 260 407 409

1422 353 1488 409 IN
1528 348 1906 420 ARNOBIUM,
1945 348 2097 407 CAP.
2139 348 2226 407 Ill.

3347 358 3450 414 M0

140 472 225 525 uti
259 470 346 528 ait
401 471 701 538 Arnobius,
732 482 1022 543 numquam
1064 472 1181 528 ausi
1229 480 1350 528 sunt
1378 471 1622 542 (Arnob.,
1645 471 1684 525 ι.
1717 485 1756 537 ι,
1787 469 1840 529 Α
1933 466 2107 522 Tanto
2147 468 2409 523 horumce
2447 476 2889 538 argumentorum
2932 467 3174 539 pondere
3203 471 3451 540 oppressi

140 584 204 637 ρ.
240 568 343 635 55,
379 579 433 623 et
462 567 646 640 δείρᾳ).

227 661 375 716 Post
406 663 528 718 htec
551 673 752 727 autem,
781 661 1098 718 audaciores
1128 662 1274 728 facti,
1303 661 1626 731 objiciebant
1646 659 1762 715 lucc

144 751 273 822 ipsa
339 754 608 810 miracula
648 755 717 810 ab
769 754 1135 825 evangelistis,
1179 755 1404 824 aliisque
1452 754 1761 808 anetoribus

142 849 368 919 scripta
399 847 570 904 fuisse
599 849 949 916 mendaciter,
984 861 1074 904 aut
1103 851 1154 905 in
1187 851 1506 905 itumensum
1534 864 1761 920 exagge-

146 953 299 998 rata.
337 943 487 1010 Quin
519 944 682 998 immo
713 944 886 1014 plura,
923 945 1088 1016 inquit
1129 944 1420 1012 Arnobius,
1451 954 1504 998 et
1532 940 1757 1008 Christi,

143 1046 206 1091 et
234 1035 640 1108 discipulorum
691 1037 810 1108 ejus
859 1037 1116 1094 miracula
1147 1037 1214 1092 ab
1262 1037 1329 1091 iis
1381 1046 1506 1092 sunt
1535 1037 1759 1102 omissa,

145 1145 256 1186 nec
289 1133 485 1187 omnia
518 1132 713 1188 litteris
764 1132 1005 1188 mandari
1038 1139 1342 1202 potuerunt.
1376 1131 1430 1187 Si
1484 1147 1605 1201 qua:
1631 1143 1760 1184 vero

143 1223 276 1277 aliis
308 1223 367 1277 in
407 1224 650 1294 scriptis,
683 1223 733 1278 id
779 1235 882 1288 est,
917 1223 1268 1293 proculdubio
1297 1224 1346 1276 in
1388 1221 1759 1292 pseudoev‘an-

143 1313 314 1386 geliis
361 1315 676 1384 posteritati
719 1314 1090 1370 commendata
1121 1315 1385 1384 leguntur,
1413 1314 1526 1367 haec
1553 1313 1758 1367 dmmo-

147 1423 288 1462 num
342 1419 446 1462 aut
504 1409 781 1464 hominum
833 1409 937 1464 illis
985 1409 1238 1468 similium
1293 1407 1668 1462 malevolentia
1707 1415 1761 1460 et

145 1501 451 1557 fraudibus
497 1502 700 1570 addita,
731 1502 1076 1572 interpolata,
1105 1510 1308 1556 mutata
1339 1500 1759 1567 detruncataque

140 1594 416 1662 fuerunt,
465 1605 545 1662 ut,
576 1596 620 1650 si
673 1594 787 1651 fieri
818 1605 1018 1666 posset,
1073 1604 1181 1650 tam
1215 1592 1547 1648 mirabilinm
1580 1600 1762 1662 gesto-

140 1704 270 1745 rum
302 1690 599 1745 elevarent
627 1687 1024 1743 auctoritatem.
1054 1686 1194 1757 Quid
1225 1702 1375 1753 vero,
1409 1685 1551 1756 quod
1577 1684 1757 1756 genti-

145 1780 232 1835 les
263 1779 409 1835 nihil
439 1788 630 1834 contra
660 1794 939 1834 sacrorum
981 1779 1306 1847 scriptorum
1350 1786 1654 1831 nostrorum
1696 1773 1758 1827 li-

1867 563 2097 633 gentiles
2123 576 2190 617 eo
2237 561 2450 617 tandem
2481 562 2706 618 insaniae
2734 573 2786 618 et
2839 562 3184 634 impudentiae
3214 563 3452 621 devene-

1865 663 2006 718 rant,
2043 664 2099 707 ut
2130 653 2244 708 haec
2293 653 2552 708 miracula
2595 670 2623 706 a
2651 653 2868 709 Christo
2901 654 3124 726 magicis
3153 656 3360 711 artibus
3387 671 3452 712 ac

1867 745 2150 816 pra-estigiis
2172 747 2306 801 facta
2331 748 2494 802 fuisse
2523 746 2681 802 nobis
2709 747 2945 816 objicere
2978 764 3082 802 non
3118 748 3400 804 timuerint
3433 768 3448 805 :

1872 854 1890 887 ι
1922 837 2104 907 Magus
2144 838 2282 905 fuit,
2321 858 2340 892 ι
2375 855 2561 894 eorum
2601 839 2763 895 verba
2795 849 2921 894 sunt
2964 841 3032 896 ab
3058 841 3296 896 Arnobio
3339 857 3453 897 me-

1867 941 2072 996 morata
2103 974 2117 997 ,
2161 951 2180 983 ›
2211 933 2564 988 clandestinis
2615 932 2820 987 artibus
2852 935 3031 988 omnia
3063 934 3152 988 illa
3203 933 3449 1006 perfecit,

1866 1021 2242 1094 IEgyptiornm
2292 1041 2358 1080 ex
2404 1025 2580 1096 adytis
2630 1027 2958 1096 Angelorum
3008 1028 3306 1097 potentium
3354 1044 3453 1084 no-

1863 1117 2028 1183 mimi,
2060 1129 2113 1172 et
2143 1129 2375 1172 remotas
2422 1117 2630 1173 furatus
2677 1129 2760 1173 est
2806 1119 3118 1190 disciplinas
3157 1139 3176 1172 ι
3209 1121 3448 1193 (Arnob.,

1863 1209 1900 1262 ι.
1931 1225 1966 1272 ι,
1994 1227 2046 1278 ρ.
2076 1208 2192 1281 25).
2218 1210 2323 1265 Sed
2362 1210 2477 1265 haec
2506 1221 2660 1265 vetns
2685 1211 2966 1281 gentilium
2993 1211 3322 1280 criminatio,
3351 1228 3452 1269 saa-

1861 1302 1984 1372 pius
2013 1305 2262 1372 repetita,
2297 1319 2512 1374 semper
2539 1303 2812 1359 confutata
2834 1314 2938 1361 est.
2972 1305 3103 1372 Quis
3128 1307 3271 1360 enim
3295 1305 3450 1378 igno-

1863 1407 1946 1451 rat
1976 1397 2105 1451 illnd
2133 1397 2349 1451 Christo
2376 1414 2404 1449 a
2433 1397 2636 1452 Judteis
2658 1397 2948 1467 obiectum,
2973 1399 3116 1468 quod
3145 1398 3450 1456 Beelzebub

1863 1489 2080 1545 nomine
2105 1489 2369 1544 daemonia
2391 1491 2633 1560 ejiceret.
2663 1489 2834 1557 Quam
2873 1490 3092 1561 quidem
3122 1490 3450 1546 calumniam

1861 1581 1961 1635 etsi
1991 1582 2233 1637 Christus
2261 1582 2511 1638 dominus
2538 1582 2752 1638 abunde
2798 1584 3130 1640 Confutasset
3153 1625 3168 1650 ,
3215 1600 3334 1641 eam
3366 1595 3451 1640 ta-

1864 1690 1984 1730 men
2017 1675 2217 1731 ethnici
2265 1685 2452 1746 postea
2496 1687 2682 1731 contra
2739 1680 2856 1747 ejus
2904 1677 3201 1748 discipulos
3229 1681 3450 1735 immani

1865 1785 2087 1839 prorsus
2113 1780 2168 1825 et
2193 1771 2528 1826 intoleranda
2575 1773 2885 1827 temeritate
2929 1771 3184 1828 refricare
3212 1787 3318 1828 non
3350 1773 3450 1829 duo

140 1873 277 1928 dem
313 1871 436 1926 ullo
466 1872 629 1927 modo
655 1871 1012 1941 objiciebant,
1045 1869 1186 1940 quod
1239 1868 1499 1924 adversus
1549 1868 1760 1922 illorum
1792 1873 1839 1933 B
1866 1863 2193 1920 bitaverunt.
2220 1863 2354 1919 Nam
2388 1873 2448 1919 ut
2487 1865 2623 1919 alios
2649 1866 2786 1920 bene
2808 1864 3006 1920 mullos
3038 1876 3445 1935 praetereamus,

142 1967 464 2037 scriptores
495 1967 606 2036 pari
637 1967 801 2020 immo
831 1964 1027 2034 potiori
1053 1963 1176 2034 jure
1199 1963 1359 2032 ohjici
1397 1976 1504 2016 non
1533 1961 1759 2030 posset?

143 2058 465 2126 Praeterea,
499 2058 720 2114 veridici
769 2067 1020 2112 auctores
1062 2055 1229 2109 nostri
1259 2063 1409 2108 tanto
1437 2053 1599 2107 animi
1633 2066 1760 2106 can-

143 2153 314 2220 dore,
347 2152 632 2222 tantisquc
661 2149 909 2205 veritatis
938 2147 1234 2202 luminibus
1264 2146 1520 2200 miracula
1558 2143 1758 2199 Christi

141 2245 507 2316 descripsere
537 2256 592 2300 ut
616 2246 795 2300 nullus
818 2260 917 2301 nec
937 2243 1174 2308 Iudaeus,
1206 2258 1304 2298 nec
1325 2242 1563 2313 gentilis,
1588 2255 1759 2312 quan—

143 2340 419 2396 tumlibet
470 2339 887 2395 christianorum
921 2337 1172 2394 inimicus
1198 2378 1214 2405 ,
1260 2336 1326 2392 iis
1354 2335 1568 2407 quando
1613 2334 1756 2391 facta

143 2443 306 2500 sunt,
345 2432 617 2504 refragari
647 2447 813 2488 ausus
839 2431 1018 2487 fuerit.

225 2531 305 2583 At
342 2527 550 2595 scripta
602 2539 807 2592 nosua,
840 2525 1158 2596 inquiebant
1186 2523 1408 2590 ethnici,
1441 2523 1594 2578 libris
1614 2522 1760 2578 chri-

146 2619 477 2676 stianorum
503 2619 662 2691 longe
688 2619 993 2689 antiquiora
1023 2625 1170 2676 sunt.
1199 2633 1262 2672 ac
1289 2615 1518 2687 proinde
1545 2615 1648 2672 fide
1669 2616 1755 2670 di-

144 2713 374 2787 gniora.
407 2712 575 2782 Quasi
624 2729 776 2779 vero,
810 2711 1100 2782 respondet
1125 2711 1423 2778 Arnobius,
1459 2726 1648 2766 omnes
1687 2726 1756 2767 ex

145 2807 504 2878 turpissimis
532 2806 941 2877 falsissimisque
990 2804 1214 2860 deorum
1243 2803 1437 2860 fabulis
1458 2819 1564 2858 non
1592 2819 1756 2874 agno—

144 2909 314 2956 scant
335 2915 532 2955 earum
563 2900 939 2969 antiquitatem
965 2896 1472 2952 absurdissimorum
1504 2912 1753 2951 errorum

147 2992 632 3050 fmcundissimam
667 2993 831 3047 fuisse
863 3001 1090 3046 matrem
1133 2999 1189 3044 et
1233 2990 1518 3060 originem.
1552 2988 1754 3044 Deinde

147 3103 310 3154 vero,
343 3102 474 3142 cum
504 3086 867 3142 recentiorum
914 3095 1156 3140 actorum
1189 3084 1400 3138 facilius
1428 3100 1588 3154 quam
1615 3084 1752 3138 anti-

145 3181 438 3252 quiorum,
476 3179 685 3234 falsitas
705 3177 1163 3250 deprehendatur,
1188 3186 1352 3231 tanta:
1400 3175 1642 3246 profecto
1672 3185 1753 3231 tc-

1865 1958 2071 2026 Celsns,
2113 1968 2248 2014 teste
2290 1958 2544 2030 Origene,
2582 1978 2601 2012 ι
2639 1959 2982 2015 Servatorem
3027 1969 3264 2024 accusat,
3296 1960 3452 2030 quasi

1867 2052 2086 2121 magicis
2116 2053 2320 2107 artibus
2345 2053 2604 2107 miracula
2629 2053 2817 2108 fecerit
2844 2071 2862 2104 ι
2893 2051 3160 2124 (0rigen.,
3187 2053 3225 2108 ι.
3251 2070 3286 2119 ι,
3311 2065 3448 2109 cont.

1865 2142 2023 2211 Cels.,
2064 2164 2116 2216 p.
2143 2146 2220 2217 7).
2249 2145 2532 2203 Garriebat
2584 2146 2873 2215 siquidem,
2921 2155 2980 2200 ut
3010 2146 3149 2201 idem
3193 2147 3451 2217 Origenes

1863 2249 2049 2309 postea
2076 2238 2413 2306 testiﬁcatur,
2443 2259 2461 2290 ι
2491 2253 2612 2293 cum
2638 2238 2775 2294 clam
2799 2236 3083 2304 educatur,
3105 2250 3160 2295 et
3191 2239 3242 2295 in
3271 2239 3446 2312 IEgy-

1865 2342 1956 2402 pto
1996 2333 2248 2389 mercede
2280 2334 2618 2400 tamulatum,
2646 2333 2875 2402 peritum
2909 2331 3027 2402 ejus
3055 2333 3228 2404 gentis
3254 2335 3448 2390 artium

1861 2427 1987 2482 inde
2030 2443 2348 2492 reversum,
2379 2429 2574 2499 quibus
2616 2428 2803 2494 fretus,
2857 2442 2954 2497 pro
3001 2428 3109 2484 Deo
3159 2443 3219 2484 se
3263 2427 3450 2486 haberi

1861 2535 2052 2592 passus
2079 2521 2144 2576 sit
2185 2541 2204 2574 ι
2247 2519 2435 2593 (Ibid.,
2463 2539 2518 2592 p.
2551 2521 2666 2591 ΞΟ).
2700 2519 2904 2576 Dehinc
2943 2520 3096 2592 fingit
3146 2521 3342 2590 impius
3367 2522 3450 2577 vir

1860 2627 1921 2668 se
1963 2614 2190 2670 credere
2236 2629 2423 2670 revera
2456 2615 2593 2670 facta
2631 2614 2806 2690 fuisse
2835 2629 2861 2665 a
2892 2613 3131 2681 Christo,
3161 2631 3279 2686 quae
3304 2615 3450 2672 dice-

1860 2705 2082 2773 bantur,
2116 2710 2395 2773 miracula,
2427 2709 2520 2764 sed
2563 2708 2679 2762 ha:c
2706 2709 3012 2762 communia
3071 2708 3200 2763 facit
3222 2713 3352 2788 πρὸς
3381 2715 3449 2768 τὰ

1860 2801 1985 2878 ἐξογα
2011 2812 2110 2860 τῶν
2164 2812 2378 2878 ⁴γοητῶν,
2430 2806 2498 2864 ὡς
2554 2803 2983 2874 ὑπισχνουμένων
3031 2805 3446 2878 θαυμασιώτερα,

1859 2899 1944 2949 καὶ
1971 2898 2101 2974 arpi);
2125 2902 2192 2954 τὰ
2231 2897 2332 2951 ὑπὸ
2368 2904 2466 2952 τῶν
2495 2897 2753 2968 μαθόντων
2793 2897 2896 2950 ὑπὸ
2925 2900 3211 2970 Αἰγυπτίων
3249 2899 3388 2953 ἔπιτε
3421 2897 3446 2952 ὁ

1857 2988 2076 3060 λούμενα
2105 2991 2155 3044 ἐν
2183 2991 2368 3061 μέσαις
2395 2991 2626 3065 ἀγοραῖς.
2659 2986 2792 3041 Cum
2844 2988 3293 3056 praestigiatorum
3317 3003 3446 3058 ope-

1857 3084 2025 3144 ribus.
2058 3083 2150 3153 qui
2199 3083 2525 3138 mirabiliora
2568 3082 2912 3152 pollicentur,
2943 3091 2996 3136 et
3033 3098 3156 3136 cuni
3203 3085 3443 3139 circula-

1855 3183 2033 3230 torum
2061 3175 2216 3230 factis
2241 3179 2293 3232 in
2321 3175 2499 3231 medio
2521 3175 2637 3230 foro
2669 3176 2942 3246 praestitis,
2967 3175 3058 3247 qui
3082 3175 3152 3231 ab
3172 3175 3445 3249 Egyptiis

147 3277 430 3330 meritatis
474 3273 768 3344 scriptores
816 3271 984 3326 nostri
1030 3285 1151 3325 esse
1203 3283 1308 3324 non
1337 3278 1648 3339 potuerunt,
1695 3276 1754 3323 ut
1780 3273 1826 3334 C
1856 3281 1918 3322 ea
1949 3267 2253 3324 didicerunt
2279 3267 2462 3335 (lbid.,
2494 3288 2546 3339 p.
2578 3268 2693 3340 55).

146 3367 402 3422 recentia
454 3364 735 3430 miracula,
787 3372 842 3418 et
890 3363 1152 3418 hactenus
1182 3363 1438 3426 inaudita,
1479 3370 1751 3431 tamquam

148 3459 448 3515 verissima
488 3457 843 3528 pra-dicarem
871 3499 885 3522 ,
915 3473 1142 3527 quorum
1189 3455 1472 3510 falsitatem
1510 3469 1575 3509 eo
1596 3453 1752 3510 citius

146 3555 386 3625 gentiles
432 3553 833 3624 cognovissent,
865 3567 972 3621 quo
1016 3551 1187 3620 magis
1234 3566 1338 3604 non
1385 3547 1560 3602 solum
1588 3564 1747 3613 nova,

148 3645 490 3716 insuetaque
532 3652 706 3706 erant,
738 3642 832 3698 sed
865 3642 930 3696 iis
969 3643 1131 3696 etiam
1173 3639 1302 3695 falsa
1324 3641 1536 3695 illorum
1565 3640 1750 3711 religio

149 3738 401 3794 funditus
431 3726 794 3792 evertebatur.
830 3735 982 3791 Tune
1019 3745 1196 3790 tamen
1229 3750 1292 3790 ea
1322 3743 1462 3800 aeta,
1491 3745 1582 3788 aut
1609 3735 1747 3790 scri-

150 3843 244 3904 pta
289 3848 421 3888 cum
471 3832 701 3902 primum
757 3828 1028 3893 viderunt,
1057 3827 1342 3898 quantavis
1392 3828 1749 3883 admiratione

149 3925 547 3996 obstupefacti,
601 3923 732 3979 nihil
782 3932 991 3990 contra,
1043 3923 1144 3978 nisi
1193 3921 1333 3978 forte
1362 3932 1601 3976 amentes
1626 3923 1748 3993 qui-

147 4023 275 4078 dam
305 4022 511 4076 mutire
534 4019 649 4074 ausi
676 4028 818 4075 sunt.

221 4116 514 4186 Urgebant
555 4113 731 4169 adhuc
783 4114 981 4168 ethnici
1011 4113 1211 4183 scripta
1240 4113 1654 4168 christianorum
1680 4116 1747 4170 ab

148 4210 388 4267 indecus
441 4218 499 4264 et
540 4208 804 4279 imperitis
855 4207 1164 4262 hominibus
1212 4206 1450 4276 profecta
1504 4206 1749 4263 soloecis-

148 4305 252 4360 mis
279 4313 519 4368 scatere,
545 4317 608 4356 ac
633 4302 825 4356 vitiosa
851 4300 1123 4355 locutione
1154 4299 1341 4355 ftedari
1373 4298 1563 4370 (Idem,
1599 4318 1652 4370 p.
1678 4301 1746 4356 3i

154 4407 202 4452 et
231 4397 424 4468 καφ).
456 4395 576 4451 Non
609 4396 762 4450 facile
791 4396 950 4466 igitur
981 4393 1142 4448 fidem
1167 4394 1232 4448 iis
1271 4393 1744 4462 habendam.Quid

151 4503 312 4560 ergo,
352 4489 429 4543 ait
464 4483 776 4542 Arnobius?
809 4486 1064 4556 numquid
1096 4487 1295 4541 veritas
1345 4486 1584 4556 quolibet
1628 4502 1745 4543 ser-

154 4599 338 4651 mone,
369 4582 538 4638 etiam
581 4583 752 4652 magis
784 4582 1032 4645 barbaro,
1066 4581 1333 4635 enuntiari
1382 4595 1486 4635 non
1521 4591 1697 4649 potest
1722 4582 1744 4634 ?

1929 3360 2035 3416 Sed
2063 3361 2570 3430 impudentissimam
2597 3362 2918 3417 calumniam
2948 3372 3053 3417 tam
3089 3363 3244 3420 facile
3265 3368 3440 3422 Arno-

1854 3453 2004 3521 bius,
2050 3471 2209 3525 quam
2257 3455 2556 3526 Origenes,
2605 3455 2760 3510 diluit
2809 3459 3129 3527 penitusque
3173 3458 3440 3515 dissolvit.

1854 3549 2090 3604 Primum
2117 3551 2259 3604 enim
2293 3550 2386 3605 ille
2415 3551 2708 3620 respondet
2747 3551 2951 3604 nullum
2987 3565 3201 3622 magum
3242 3551 3442 3623 aliquid

1854 3657 2107 3713 umquam
2150 3643 2232 3698 vel
2266 3643 2552 3698 millesima
2602 3651 2756 3713 parte
2799 3642 3025 3708 fecisse,
3073 3643 3218 3714 quod
3244 3643 3444 3702 Christi

1853 3736 2125 3791 miraculis
2149 3736 2432 3791 consimile
2461 3737 2550 3790 sit.
2576 3734 2824 3791 Christus
2849 3737 3130 3791 enimvero
3159 3737 3277 3792 sine
3303 3738 3406 3792 ulla
3423 3780 3440 3804 ,

1852 3826 2025 3897 inquit
2050 3836 2236 3881 auctor
2267 3838 2449 3882 noster
2478 3826 2720 3898 (Arnob.,
2750 3827 2838 3881 lib.
2864 3843 2902 3892 ι,
2937 3843 3057 3898 pag.
3089 3827 3204 3895 25),
3255 3829 3305 3882 vi
3327 3843 3444 3884 car-

1853 3921 2077 3984 minum,
2109 3931 2198 3974 ant
2229 3919 2515 3975 herbarum
2544 3930 2600 3974 et
2623 3921 2930 3990 graminum
2957 3922 3134 3976 succis
3153 3966 3166 3988 ,
3198 3923 3314 3978 sine
3336 3924 3442 3980 ulla

1851 4027 2126 4068 sacrorum
2176 4013 2490 4068 libaminum
2537 4027 2600 4067 ac
2661 4023 2965 4084 temporum
3026 4016 3438 4083 observatione,

1849 4108 1966 4162 sine
1994 4108 2114 4162 ullis
2143 4108 2303 4179 plane
2329 4108 2566 4173 artibus,
2609 4125 2731 4178 qua:
2757 4124 3047 4179 numquam
3079 4125 3185 4163 non
3215 4126 3245 4165 a
3277 4110 3443 4181 Magis

1848 4200 2259 4266 adhibebantur,
2294 4201 2388 4258 sed
2416 4202 2530 4256 sola
2561 4202 2799 4258 nominis
2843 4203 2926 4257 sui
2977 4213 3239 4274 poteSIate
3270 4214 3324 4259 et
3355 4204 3438 4259 in-

1848 4295 2160 4360 vocatione,
2211 4295 2293 4350 vel
2339 4295 2439 4350 levi
2489 4305 2632 4351 tactu
2684 4295 2948 4352 miracula
3003 4297 3192 4352 edidit.
3235 4297 3437 4354 Eadem

1847 4403 2064 4458 quoque
2091 4388 2448 4457 responsione
2478 4388 2740 4458 Origenes
2765 4387 3086 4458 stupendam
3108 4388 3251 4442 Celsi
3275 4389 3439 4444 auda-

1848 4483 1986 4537 ciam
2017 4484 2327 4552 comprimit
2358 4483 2659 4553 frangitque
2704 4501 2717 4537 :
2753 4502 2771 4534 ι
2816 4481 2964 4538 Licet
3005 4482 3108 4536 hoc
3146 4498 3436 4552 argumen-

1847 4583 1993 4641 tum,
2032 4594 2050 4627 ›
2088 4576 2363 4646 inquiebat
2412 4575 2502 4630 ille
2553 4573 2764 4645 (θήρη
2821 4574 2911 4628 lib.
2964 4590 3003 4628 ι.
3059 4585 3220 4630 contr.
3264 4575 3432 4644 (3:13.,

151 4673 354 4730 Contra
384 4683 538 4730 certe
565 4689 631 4729 eo
663 4674 833 4744 magis
872 4671 1004 4727 fides
1032 4672 1386 4742 scriptoribus
1419 4674 1618 4728 nostris
1644 4674 1734 4728 tri.
1768 4675 1822 4736 D
1849 4683 1966 4739 pag.
1995 4669 2026 4722 7
2056 4667 2100 4738 ),
2140 4686 2158 4719 ι
2193 4667 2260 4723 de
2306 4666 2490 4730 modo.
2515 4680 2624 4736 quo
2647 4665 2803 4720 Jesns
2827 4666 2941 4719 haec
2969 4665 3188 4727 fecerit,
3223 4666 3432 4722 insolu-

153 4767 365 4824 buenda
395 4776 504 4832 est,
533 4783 640 4839 quo
689 4767 860 4838 magis
906 4765 938 4819 ii
970 4780 1222 4819 sermone
1253 4765 1509 4835 simplici,
1532 4774 1588 4821 et
1614 4768 1742 4821 abs-

153 4874 256 4930 que
284 4861 396 4915 ullo
412 4859 704 4930 verborum
731 4859 856 4916 fuco
886 4869 941 4914 et
967 4860 1236 4916 lenocinio
1259 4859 1421 4914 locuti
1449 4868 1592 4913 sunt.
1611 4859 1745 4914 Nul-

156 4951 266 5007 lum
303 4954 508 5024 quippe
545 4953 804 5009 orationis
860 4963 1267 5017 ornamentum,
1319 4953 1521 5006 nullum
1572 4951 1741 5006 artifi-

155 5045 295 5102 cium
324 5047 524 5102 veritas
569 5045 844 5101 desiderat
872 5045 1059 5112 (Ibid.,
1094 5065 1145 5117 p.
1175 5044 1306 5117 55).
1343 5044 1586 5114 Denique
1624 5060 1741 5099 ser-

156 5140 332 5194 monis
366 5149 684 5195 ornamenta
711 5179 726 5204 ,
757 5141 1094 5210 suspicantes,
1126 5139 1200 5192 uti
1222 5139 1298 5192 ait
1327 5137 1616 5200 Arnobius,
1640 5136 1739 5189 ad-

149 5234 380 5301 juvant;
430 5232 482 5286 id
530 5243 633 5295 est,
682 5249 890 5301 eorum,
923 5234 1012 5304 qui
1059 5233 1128 5289 de
1175 5233 1349 5304 aliqua
1381 5249 1442 5287 re
1470 5231 1737 5297 dubitant,

160 5337 362 5395 augent
405 5337 461 5382 ct
507 5327 918 5394 dubitationem,
977 5339 1033 5384 et
1079 5325 1743 5398 su5picionem.Timendi

159 5419 305 5475 enim
335 5428 461 5473 tunc
511 5421 660 5475 locus
686 5431 791 5485 est,
820 5438 887 5478 ne
910 5423 1111 5478 veritas
1157 5422 1240 5477 his
1271 5421 1621 5483 ornamentis,
1655 5430 1742 5475 at-

159 5527 264 5582 que
308 5512 566 5567 orationis
611 5515 885 5583 leporibus
913 5517 1102 5570 obruta
1133 5515 1367 5584 penitus,
1407 5523 1497 5568 aut
1527 5514 1741 5583 repulsa

159 5605 248 5667 sit,
277 5614 330 5659 et
376 5606 428 5658 in
467 5607 584 5672 ejus
611 5607 786 5661 locum
821 5607 1029 5662 falsitas
1059 5609 1432 5663 suhSIituatur.
1465 5608 1622 5661 Plura
1649 5623 1741 5661 au-

162 5705 267 5750 tem
296 5697 398 5760 his,
431 5711 552 5766 quae
578 5698 720 5752 dicta
752 5710 897 5766 sunt,
925 5710 978 5755 et
1002 5701 1179 5756 adhuc
1213 5702 1459 5756 dicentur
1483 5701 1638 5771 plane
1662 5703 1740 5754 si-

167 5787 307 5840 milia
359 5787 673 5844 Lactantins
704 5791 942 5859 tradidit,
1000 5793 1078 5847 uti
1127 5810 1225 5848 suo
1273 5795 1395 5852 loco
1437 5793 1737 5850 videbimus

163 5880 396 5951 (Dissert.
429 5885 484 5952 '5,
513 5886 568 5941 in
597 5884 859 5956 Lactant.,
884 5903 931 5942 ο.
961 5886 1016 5955 9,
1048 5897 1147 5944 art.
1189 5886 1267 5959 5).

1843 4759 1950 4816 bile
1979 4761 2252 4826 videatur;
2281 4768 2491 4815 constat
2521 4769 2698 4814 tamen
2730 4759 3054 4814 christianos
3101 4760 3243 4814 nulla
3276 4777 3434 4817 exer-

1845 4869 1970 4910 cere
1999 4856 2392 4909 incantamenta
2413 4894 2428 4920 ,
2474 4853 2602 4908 Jesu
2633 4854 2915 4908 dumtaxat
2955 4855 3171 4909 nomine
3209 4867 3435 4913 conten-

1847 4958 1964 5014 tos,
1997 4955 2052 5002 et
2090 4947 2248 5002 dictis
2276 4947 2432 5010 aliis,
2483 4945 2678 5015 quibus
2723 4945 3020 5001 secundum
3047 4962 3252 5002 sacram
3285 4949 3431 5005 Scri-

1846 5051 2056 5108 pturam
2090 5040 2222 5095 fides
2254 5038 2595 5094 adhibeatur.
2629 5058 2648 5091 ι
2683 5039 2951 5119 Α”ντικρυς
2979 5043 3028 5096 θὲ
3053 5037 3146 5114 κᾷν
3172 5039 3293 5115 δοκῇ
3322 5045 3434 5098 ἀνέ-

1840 5135 2041 5208 λεγκτον
2088 5130 2212 5190 εἶναι
2255 5137 2313 5190 τὸ
2353 5137 2582 5206 περὶτοῦ
2628 5133 2816 5197 Ἰησοῦ,
2863 5141 2971 5195 πῶς
3007 5141 3174 5190 ταῦτα
3200 5137 3428 5199 ἐποίησε.

1844 5228 2000 5295 σαφές·
2026 5223 2104 5280 ὅτι
2133 5229 2430 5302 χριστιανοὶ
2479 5223 2690 5298 οὐδεμιᾷ
2729 5226 2910 5301 μελέτῃ
2937 5223 3142 5297 ἐπῳδῶν
3172 5228 3430 5300 χρώμενοι

1842 5319 2238 5392 ἐντυγχάνουσι.
2845 5313 2850 5318 ί

1918 5415 2124 5469 Deinde
2162 5429 2291 5469 vero
2340 5423 2488 5468 tanta
2527 5413 2780 5468 Christus
2827 5412 3083 5467 miracula
3134 5413 3426 5482 patrando,

1842 5510 1916 5564 ait
1953 5509 2223 5564 Arnobius
2243 5551 2255 5572 ,
2289 5508 2422 5562 nihil
2452 5507 2760 5561 hominibus
2790 5506 2890 5560 nisi
2922 5505 3051 5559 felix
3076 5515 3128 5558 et
3159 5505 3424 5572 faustum,

1845 5603 1973 5658 utile
2003 5616 2224 5672 prorsus
2269 5611 2323 5654 et
2369 5602 2602 5654 salutare
2633 5599 2877 5654 contulit.
2911 5596 3110 5651 Contra
3136 5613 3264 5652 vero
3294 5599 3430 5669 Magi

1843 5695 1908 5749 iis
1933 5694 2074 5761 suis,
2126 5710 2246 5760 qua:
2277 5693 2623 5764 putabantur,
2662 5690 2934 5744 miraculis
2983 5691 3113 5744 nihil
3169 5690 3271 5745 nisi
3323 5691 3429 5746 illi-

1838 5791 2002 5844 citum
2024 5830 2040 5856 ,
2076 5788 2286 5854 infelix,
2312 5789 2565 5850 noxium,
2593 5785 2950 5856 perniciosum
2974 5827 2988 5851 ,
3017 5786 3429 5858 hominibusque

1835 5891 1891 5943 et
1917 5881 2113 5939 bclluis
2139 5881 2363 5941 exitiale
2385 5879 2773 5950 praestiterunt.
2807 5879 2863 5936 Si
2894 5878 3023 5951 quid
3052 5888 3235 5938 autem
3285 5881 3430 5938 utili-
