3980 6294
586 341 692 405 411

1785 330 2236 401 DlSSERTATLO
2275 332 2555 393 PREVIA

3761 335 3859 391 illi

589 453 719 517 tatis
758 451 1064 523 viderentur
1105 450 1337 525 afferre,
1385 449 1487 509 hoc
1526 463 1636 509 non
1672 449 1870 507 accidit
1918 448 2164 515 illorum,
2198 504 2210 528 Α

2310 473 2397 515 ους
2416 452 2689 516 τοσούτοις
2716 449 2968 514 κινδύνοις
2989 448 3208 515 ἑαυτοὺς
3234 449 3675 524 παραϐιῶηκῆαι
3700 451 3857 524 (εἰσά-

595 548 691 609 sed
719 548 975 613 aliorum,
1004 545 1057 605 id
1088 553 1202 617 est,
1235 544 1577 610 daemonum,
1623 561 1655 601 a
1702 559 1761 600 se
1806 544 2179 599 inrocatorum

598 648 899 715 petestate:
931 636 1062 705 Quis
1092 637 1194 697 hoc
1227 637 1461 704 nesciat,
1498 655 1517 691 ι
1551 637 1776 693 Arnobii
1816 636 1978 691 verba
2027 646 2181 699 sunt,

599 751 621 789 ι
650 741 742 791 aut
771 730 1103 791 mortiferam
1134 730 1459 799 immittere,
1489 731 1684 800 quibus
1716 730 1954 796 libuerit,
1984 728 2183 799 tabem,

594 836 686 883 aut
733 825 1078 883 familiarium
1126 824 1464 894 disrumpere
1490 822 1846 889 charitates,.
1872 864 1883 874 .
1908 862 1918 875 .
1940 862 1985 877 ..
2016 830 2106 875 aut
2135 822 2186 876 in

594 917 879 981 curriculis
908 932 1076 986 eqiios
1124 915 1437 985 debilitare,
1491 917 1757 981 incitare,
1807 915 2052 981 tardare,
2097 923 2190 968 aut

592 1010 854 1069 uxoribus
880 1018 930 1065 et
964 1008 1147 1065 liberis
1179 1007 1399 1071 alienis,
1430 1008 1543 1062 sive
1571 1008 1647 1063 illi
1678 1024 1856 1063 mares
1887 1007 2021 1073 sint,
2074 1010 2191 1062 sive

592 1104 810 1167 feminei
836 1104 1050 1173 generis
1072 1144 1085 1171 ,
1118 1102 1420 1159 inconcessi
1462 1104 1662 1158 amoris
1694 1102 1941 1159 ﬂammas
1963 1143 1978 1169 ,
2024 1110 2077 1156 et
2111 1100 2191 1157 lu-

594 1201 755 1258 riales
800 1199 1095 1257 immittere
1142 1197 1467 1267 cupiditates
1517 1216 1531 1253 :
1581 1206 1674 1252 aut
1724 1198 1766 1253 si
1819 1198 1947 1252 utile
1994 1196 2192 1266 aliquid

594 1293 881 1351 videantur
910 1291 1113 1347 audere
1134 1333 1148 1358 ,
1182 1305 1288 1347 non
1323 1292 1538 1362 prepria
1572 1292 1620 1345 vi
1653 1305 1812 1361 posse
1836 1333 1850 1357 ,
1883 1291 1977 1347 sed
2007 1305 2193 1344 eorum

595 1401 730 1461 quos
760 1386 1013 1447 invocant
1062 1391 1330 1456 potestate
1363 1403 1381 1436 ι
1429 1382 1681 1455 (Arnob.,
1717 1382 1806 1438 tib.
1836 1399 1889 1449 ι,
1925 1400 2045 1453 pag.
2073 1382 2193 1453 9.5).

668 1497 734 1561 Et
786 1496 901 1553 hinc
945 1493 1162 1566 quidem
1210 1496 1406 1551 mirum
1458 1495 1700 1564 proiecto
1746 1494 1799 1548 in
1849 1493 2071 1547 modum
2113 1492 2197 1549 bis

596 1591 772 1649 adhuc
794 1587 1182 1646 conﬁrmantur
1198 1587 1450 1657 Origeuis
1474 1587 1737 1642 adversus
1749 1588 1966 1642 Celsum
1987 1588 2196 1643 verbis:

596 1687 672 1745 Τὰ
714 1686 805 1756 μὲν
857 1690 958 1741 τῶν
1012 1684 1399 1754 ἀντιχρίστων,
1448 1685 1534 1737 καὶ
1592 1690 1690 1737 τῶν
1746 1685 2200 1757 προσποιουμένων

598 1775 858 1848 δυνάμεις,
890 1779 959 1839 ὡς
988 1779 1222 1849 μαθητῶν
1259 1775 1443 1841 Ἰησοῦ,
1485 1784 1695 1847 σημεῖα,
1725 1777 1812 1829 καὶ
1840 1778 2029 1850 τέρατα
2072 1776 2203 1849 λέγε-

597 1891 685 1927 ται
714 1865 842 1931 εἶναι
885 1866 1048 1940 ψεύδη
1071 1908 1084 1929 ς
1130 1870 1180 1931 ἐν
1205 1868 1350 1941 πάσῃ
1379 1869 1551 1940 ἀπάτῃ
1592 1866 1790 1929 ἀδικίαις
1840 1875 1947 1928 τοῖς
1987 1867 2204 1921 ἀπολλυ-

599 1964 769 2034 μένοις
798 1963 1081 2032 ἰσχύοντα.
1127 1962 1191 2017 τὰ
1216 1959 1269 2016 δὲ
1297 1967 1391 2016 τοῦ
1434 1966 1658 2035 Χριστοῦ
1687 1964 1775 2015 καί
1823 1968 1923 2016 τῶν
1972 1964 2205 2033 μαθητῶν

601 2056 762 2112 αὐτοῦ
784 2058 979 2132 καρπὸν
1002 2053 1183 2125 ἴσχεν.
1208 2057 1300 2109 οὐκ
1320 2056 1541 2117 ἀπάτην,
1567 2055 1691 2109 ἀλλά
1713 2058 1971 2124 σωτηρίαν
1991 2054 2063 2125 ψυ
2069 2063 2203 2126 χῶν.

599 2151 681 2212 τίς
709 2151 810 2224 ’γὰρ
857 2150 945 2205 τὸν
990 2153 1256 2225 κρείττονα
1304 2149 1432 2221 βίον,
1487 2150 1572 2203 καί
1618 2148 1961 2205 συστέλλοντα
2004 2151 2072 2205 τὰ
2116 2157 2207 2212 τῆς

602 2245 785 2309 κακίας
832 2241 1083 2318 ὁσημέραι
1125 2244 1211 2299 ἐπὶ
1260 2243 1317 2298 τὸ
1371 2239 1602 2305 ἔλαττον,
1653 2241 1868 2314 εὐλόγως
1917 2244 2062 2312 φησὶν
2104 2244 2205 2297 ἀπὸ

604 2336 807 2401 ἀπάτης
833 2339 1092 2412 γίνεσθαις
1125 2336 1590 2395 Antichristorum.
1623 2344 1667 2387 et
1707 2335 1777 2388 ad
1821 2334 2206 2389 similitudinem

603 2428 732 2485 Jesu
759 2430 1132 2498 discipulorum
1173 2430 1417 2485 virtutem
1462 2444 1606 2485 suout
1649 2444 1883 2482 exercere
1915 2428 2207 2481 conantium

605 2522 858 2581 miracula
886 2522 1220 2594 prodigiaque
1251 2521 1586 2593 appellantur
1616 2519 1911 2584 mendacia,
1951 2520 2091 2574 omni
2116 2519 2205 2573 de-

607 2618 842 2687 ceptione
871 2616 1169 2687 injustitiaz.
1203 2616 1271 2671 ad
1326 2615 1609 2684 perdendos
1666 2614 1894 2671 homines
1945 2614 2202 2682 efﬁcacia.

608 2711 986 2771 Miraculorum
1012 2720 1185 2765 autem
1205 2708 1393 2766 Christi
1422 2709 1638 2778 ejusque
1664 2708 2032 2777 discipulorum
2061 2709 2205 2777 fruc-

608 2815 689 2862 tus
716 2813 863 2871 erat,
911 2821 1013 2861 non
1068 2804 1330 2869 decentia,
1384 2803 1475 2860 sed
1524 2803 1677 2883 salus
1711 2804 2019 2861 animarum.
2079 2801 2206 2868 Quis

608 2902 743 2957 enim
770 2899 1102 2972 probabiliter
1155 2898 1341 2953 diceret
1391 2898 1797 2959 emendationem
1840 2898 1986 2963 vitor,
2038 2896 2205 2965 quoti—

609 2995 890 3068 dignosque
929 3011 960 3047 a
996 2994 1131 3048 vitiis
1170 2993 1239 3053 ad
1283 2994 1521 3049 virtutem
1561 2996 1852 3073 profectus,
1901 2992 2042 3047 nasci
2056 3008 2094 3045 ve
2119 2990 2208 3046 deo

610 3088 966 3159 captionibus?
994 3087 1183 3161 (Orig.
1203 3128 1219 3154 ,
1268 3086 1358 3142 lib.
1400 3101 1459 3150 ll,
1504 3102 1625 3156 pag.
1654 3084 1766 3154 90).
1798 3083 2034 3153 Longius
2066 3084 2208 3138 roret

611 3190 780 3238 totum
807 3182 949 3239 hunc
977 3180 1225 3251 Origenis
1269 3179 1447 3235 locum
1492 3177 1805 3239 describere
1832 3193 1846 3230 :
1882 3176 1977 3231 sed
2007 3190 2128 3229 eum
2160 3174 2208 3230 si

610 3276 877 3346 integrum
919 3276 1103 3345 legere
1134 3272 1403 3339 volueris,
1457 3270 1706 3333 lectionis
1758 3279 1810 3325 te
1853 3266 2208 3339 proculdubio

614 3382 721 3422 non
746 3365 971 3437 pigebit.

663 3481 874 3541 Tertio
924 3479 1173 3534 Christus
1230 3486 1309 3531 tot
1363 3475 1659 3537 miracula,
1714 3473 1891 3544 pergit
1940 3471 2210 3529 Arnobius

614 3576 864 3652 (Arnob.,
909 3574 996 3628 tib.
1027 3589 1065 3638 ι,
1096 3588 1218 3643 pag.
1248 3568 1367 3642 27),
1404 3584 1508 3624 non
1558 3583 1693 3623 vana
1741 3567 1924 3638 utique
1975 3575 2212 3620 ostenta-

617 3670 766 3722 tione
791 3667 1000 3732 edidit,
1029 3664 1124 3719 sed
1147 3672 1203 3717 ut
1222 3678 1445 3733 operum
1473 3660 1801 3731 benignitate
1828 3659 2019 3724 duros,
2054 3668 2212 3727 atque

619 3758 928 3814 incredulos
962 3756 1209 3812 homines
1257 3754 1324 3809 ad
1370 3769 1551 3808 veram
1606 3753 1695 3807 Dei
1749 3752 2107 3822 cognitionem
2160 3758 2215 3805 et

618 3851 818 3907 cultum
849 3850 1178 3907 adduceret:
1212 3848 1351 3919 magi
1383 3863 1544 3913 vero,
1590 3857 1648 3900 ut
1676 3844 1746 3899 ab
1782 3845 1881 3898 hac
1908 3844 2216 3913 cognitione

619 3956 673 4003 et
702 3947 848 4002 cultu
875 3959 1098 4001 aversos
1118 3985 1132 4009 ,
1165 3943 1231 3999 ad
1260 3942 1520 3998 nefariam
1554 3939 1811 3996 falsorum
1859 3939 2082 3993 deorum
2124 3952 2217 3992 ve-

619 4040 960 4095 nerationem
987 4035 1343 4097 inducereut.
1378 4043 1470 4087 aut
1500 4032 1751 4087 inductos
1781 4039 2039 4101 cogerent
2070 4030 2121 4083 in
2152 4045 2214 4083 ea

621 4145 838 4201 semper
863 4143 1235 4200 perseverare.
1274 4126 1511 4197 Denique
1541 4134 1742 4179 tantum
1772 4124 1959 4186 abest,
1988 4133 2042 4177 ut
2064 4120 2218 4176 Cbri-

622 4234 736 4281 stus
783 4222 986 4283 alit-ruid
1038 4222 1144 4275 ulla
1191 4230 1306 4275 arte
1353 4218 1561 4289 magica
1612 4217 1800 4271 fecerit
1828 4214 2055 4286 (lbid.);
2088 4215 2217 4283 quin

622 4318 804 4389 potius
824 4316 971 4371 illam
995 4328 1213 4369 omnem
1237 4314 1317 4367 sic
1339 4310 1779 4367 condemnaverit
1801 4351 1815 4373 ,
1842 4316 1901 4361 ut
1928 4307 2214 4371 Arnobius,

628 4410 786 4466 sicuti
810 4410 918 4479 jam
949 4408 1184 4463 vidimus
1207 4449 1221 4474 ,
1272 4407 1413 4460 inter
1442 4403 1698 4458 miracula
1746 4402 1862 4471 ejus
1883 4409 2178 4470 {computet
2200 4440 2217 4467 ,

624 4504 898 4574 antiquata
948 4501 1016 4556 ab
1058 4500 1151 4555 illo
1176 4509 1366 4555 cuncta
1398 4498 1704 4552 daemonum
1727 4536 1742 4561 ,
1776 4504 1979 4557 vatum,
2028 4493 2219 4547 harus-

626 4598 829 4670 picum,
858 4605 916 4651 et
943 4609 1222 4665 magorum
1255 4591 1505 4646 artiticia.

692 4711 877 4781 Neque
903 4710 1135 4764 absimili
1188 4708 1348 4778 plane
1392 4704 1555 4760 modo
1603 4703 1854 4775 Origines
1895 4702 2054 4757 Celso
2105 4716 2219 4755 res-
2248 4725 2302 4786 Β

624 4802 867 4874 pendet:
909 4801 1033 4875 Ἐγὼ
1081 4799 1134 4854 δὲ
1182 4802 1272 4853 οὐκ
1318 4795 1410 4854 οἷδ’
1438 4794 1576 4859 ὅπως
1622 4791 1680 4851 ἂν
1725 4798 1890 4870 μάγος
1937 4797 2223 4869 ἠγωνίσατο

627 4894 823 4959 διδάξαι
873 4895 1018 4965 λόγον
1071 4895 1307 4949 πείθοντα
1361 4889 1606 4962 (πάντα)
1660 4891 1927 4963 πράττειν,
1984 4890 2053 4949 ὡς
2097 4893 2224 4945 Θεοῦ

627 4991 882 5061 κρίνοντος
909 4988 1126 5043 ἕκαστον
1155 4988 1240 5041 ἐπὶ
1268 4990 1399 5041 πᾶσι
1427 4992 1535 5047 τοῖς
1554 4985 1951 5057 πεπραγμένοις.
1978 4986 2066 5039 καί
2092 4982 2226 5039 οὕτω

628 5080 909 5138 διατιθέντα
948 5082 1071 5139 τοὺς
1100 5079 1287 5134 ἑαυτοῦ
1325 5079 1575 5149 μαθητὰς,
1604 5073 1675 5138 οἷς
1704 5077 1880 5147 ἤμελλε
1929 5080 2231 5151 χρήσασθαι

629 5174 879 5235 διακόνοις
914 5182 1008 5236 τῆς
1052 5173 1241 5227 ἑαυτοῦ
1279 5170 1631 5230 διδασκαλίας.
1662 5170 1772 5241 Ego
1799 5186 1914 5224 vero
1940 5187 2042 5224 non
2072 5170 2227 5224 intel-

631 5268 733 5339 ligo
766 5264 1023 5337 quomodo
1067 5278 1247 5333 magus
1280 5262 1520 5332 potuisset
1568 5262 1692 5315 dare
1733 5279 1969 5334 operam,
2018 5273 2072 5315 ut
2114 5279 2228 5331 per-

631 5363 868 5418 suaderet
914 5373 1321 5428 unumquemque
1365 5356 1440 5409 ita
1482 5372 1601 5409 suas
1649 5357 1875 5410 actiones
1937 5356 2224 5420 moderari,

633 5473 693 5509 ac
720 5456 765 5512 si
793 5453 1088 5509 redditurus
1115 5461 1242 5505 esset
1284 5450 1533 5503 rationem
1562 5448 1671 5503 Deo
1713 5449 1907 5516 iudici:
1961 5458 2109 5518 atque
2153 5449 2227 5501 ita

636 5549 919 5619 discipulos
948 5562 1070 5601 suos
1094 5545 1392 5607 instituere,
1425 5543 1606 5614 quibus
1637 5550 1747 5596 erat
1774 5557 1959 5595 usurus
1987 5541 2233 5595 ministris

638 5655 744 5695 sua
779 5640 1027 5694 doctrinae
1072 5636 1091 5709 (
1118 5636 1266 5708 Orig.
1292 5678 1307 5705 ,
1338 5635 1425 5690 lib.
1476 5651 1513 5699 l,
1559 5642 1722 5689 contr.
1751 5630 1886 5687 Cels.
1911 5673 1926 5696 ,
1966 5648 2084 5701 pag.
2116 5632 2229 5703 ⁵50).

638 5732 773 5788 Tum
827 5741 1103 5801 postquam
1148 5744 1277 5785 vera
1343 5727 1600 5783 miracula
1669 5725 1736 5778 ab
1793 5723 1908 5791 ejus
1961 5724 2236 5795 discipulis

643 5824 878 5879 factitata
904 5822 1067 5876 fuisse
1118 5822 1401 5891 probavit,
1459 5820 1583 5875 inec
1633 5817 1890 5873 continuo
1932 5815 2163 5885 subjecit
2205 5834 2220 5871 :

650 5917 705 5969 Et
730 5912 783 5970 ὂό
814 5912 1053 5981 δυνάμεις
1083 5915 1312 5982 ἐτᾶλονν,
1359 5915 1473 5969 τίνα
1516 5908 1631 5982 ἔχει
1672 5908 1985 5969 πιθανότητα
2027 5910 2085 5964 τὸ
2136 5911 2233 5980 μά-

2283 545 2488 616 γοντας)
2518 543 2847 602 διδασκαλίαν
2893 546 3107 618 μαγείας
3151 544 3596 617 ἀπαγορεύουσαν.
3635 543 3777 611 Quod
3823 550 3861 602 si

2288 639 2558 710 patrnbunt
2593 640 2690 710 ipsi
2719 655 2918 710 quoque
2944 637 3208 708 prodigia,
3237 636 3489 702 quomodo
3517 636 3767 708 probabile
3796 652 3860 693 est

2288 748 2461 803 magos
2506 749 2557 786 se
2581 732 2877 800 exposuisse
2913 739 2983 785 tot
3028 730 3299 799 periculis,
3336 729 3423 800 qui
3475 729 3753 784 doctrinam
3791 731 3863 786 in—

2290 826 2542 880 duxerunt
2571 868 2584 885 ,
2636 827 2885 896 magicam
2935 832 3095 879 artem
3129 824 3332 894 penitus
3363 822 3710 877 detestantem.
3748 824 3863 879 Post

2290 918 2427 985 haec,
2453 918 2641 975 eodem
2667 934 2855 974 rursus
2873 918 3035 974 modo
3058 918 3298 984 Celsum,
3316 918 3502 972 eadem
3526 927 3862 989 repetentem,

2293 1014 2524 1081 refellit,
2555 1022 2830 1084 totamque
2881 1028 3033 1069 etiam
3086 1011 3506 1082 disputationem
3557 1011 3701 1067 hunc
3750 1027 3863 1067 con-

2295 1107 2464 1163 cludit
2502 1110 2553 1162 in
2580 1107 2796 1161 modum
2830 1124 2843 1161 :
2878 1106 3007 1174 Quis
3056 1120 3196 1159 sana:
3243 1106 3424 1159 mentis
3467 1107 3695 1176 conferat
3734 1122 3864 1173 eum,

2295 1200 2604 1265 Christum,
2636 1216 2753 1253 cum
2783 1199 3217 1271 prwstigiatorum
3258 1197 3521 1266 proposito
3542 1237 3556 1261 ,
3586 1212 3643 1251 ac
3669 1212 3766 1257 non
3789 1213 3870 1266 po-

2297 1295 2395 1349 tius
2422 1293 2591 1347 credat
2609 1294 2765 1364 juxta
2790 1295 2996 1346 oracula
3016 1290 3182 1347 Deum
3212 1307 3319 1345 esse
3349 1300 3673 1360 conspectum
3715 1291 3761 1345 in
3788 1291 3869 1345 Itu-

2298 1406 2451 1443 mano
2480 1406 2720 1457 corpore,
2755 1390 2886 1443 utin
2930 1398 3159 1441 nostrum
3200 1402 3360 1454 genus
3405 1396 3654 1441 exerceret
3695 1386 3867 1453 beneﬁ-

2300 1485 2534 1537 centiam.
2562 1491 2669 1543 Ιιώς
2695 1483 2917 1566 εὐλόγως
2949 1478 3008 1536 ἄν
3030 1503 3108 1543 τις
3143 1482 3296 1536 αὑτὸν
3325 1489 3388 1554 τῇ
3442 1481 3734 1555 προαιρέσει
3785 1487 3870 1535 τῶν

2300 1584 2493 1650 νοητῶν
2507 1576 2818 1648 παραϐἀᾉοι.
2835 1577 2920 1633 καὶ
2936 1580 3024 1646 ptri.
3044 1573 3156 1629 κατ’
3174 1572 3498 1645 ἐπαγγελίαν,
3529 1574 3611 1627 τὸν
3630 1575 3746 1627 Θεὸν
3761 1568 3872 1627 εἶναι

2304 1671 2568 1733 πιστεύοι,
2599 1670 2648 1723 ἐν
2680 1670 2971 1744 ἀνθρωπίνῳ
2997 1668 3213 1740 φανέντα
3239 1670 3463 1737 σώματι.
3506 1665 3585 1723 ἔπ’
3629 1667 3872 1741 εὐεργεσίᾳ

2304 1768 2396 1823 τοῦ
2425 1762 2599 1833 γένους
2627 1763 2763 1833 ἡμῖν.
2793 1758 2985 1826 (Ibid.,
3017 1775 3136 1829 pag.

2378 1852 2535 1907 Plura
2578 1868 2706 1908 sane
2737 1852 2948 1922 egregia
2969 1892 2985 1918 ,
3031 1860 3085 1905 et
3114 1850 3253 1907 lectu
3285 1850 3444 1921 digna
3477 1850 3578 1909 hoc
3623 1851 3786 1920 ipsum
3827 1850 3871 1904 in

2234 1923 2684 2022 Bargumeutum
2737 1952 2976 2021 disputat
3031 1951 3340 2007 Eusebius:
3372 1950 3468 2007 sed
3519 1953 3637 2021 quia
3688 1949 3873 2019 longius

2311 2053 2456 2101 esSet
2486 2059 2548 2099 ea
2578 2043 2664 2098 hic
2694 2044 3002 2099 describere
3021 2087 3034 2111 ,
3070 2044 3135 2097 ad
3163 2044 3279 2113 ejus
3307 2054 3360 2099 te
3391 2044 3651 2099 mittimus
3675 2041 3870 2107 librum,

2309 2152 2469 2206 quem
2497 2136 2712 2205 quidem
2743 2136 2789 2189 si
2819 2135 2969 2193 adire
3002 2147 3055 2191 et
3088 2136 3432 2206 pervolutare
3466 2146 3516 2191 te
3543 2150 3646 2193 non
3678 2134 3869 2200 taedeat,

2310 2229 2510 2299 legisse
2536 2230 2755 2287 minime
2788 2230 3068 2297 paenitebit
3100 2228 3349 2301 (Euseb.,
3385 2229 3476 2284 tib.
3512 2245 3598 2295 ut,
3634 2226 3869 2282 Demonst.

2312 2322 2511 2393 Evang.
2536 2365 2552 2391 ,
2582 2340 2696 2394 cap.
2727 2324 2760 2379 5
2792 2334 2836 2379 et
2864 2323 2927 2390 6;
2972 2340 3091 2394 pag.
3125 2324 3248 2390 105,
3291 2332 3337 2378 et
3373 2340 3477 2394 seq.
3497 2366 3512 2392 ,
3546 2334 3590 2380 et
3619 2339 3729 2393 pag.
3761 2320 3869 2383 109,

2312 2426 2356 2471 et
2382 2432 2517 2487 seqq.
2542 2418 2584 2485 ).

2838 2592 3235 2635 ARTICULUS
3274 2592 3378 2632 ιιι.

2311 2736 2466 2798 Quam
2489 2737 2697 2787 absurde
2719 2736 2915 2787 Ethnici
2953 2736 3230 2797 objicerent
3254 2735 3431 2785 eadem
3457 2741 3537 2785 aut
3553 2732 3721 2798 similia
3739 2745 3764 2782 a
3794 2730 3873 2779 diis

2520 2803 2623 2851 suis
2638 2836 2653 2861 ,
2682 2799 2828 2864 atque
2853 2815 2881 2851 ιι
2904 2796 3092 2851 Christo
3116 2800 3239 2850 facta
3264 2799 3416 2849 fuisse
3441 2796 3682 2851 miracula.

2384 2974 2778 3031 Pertinaciores
2792 2972 2991 3030 ethnici
3013 2972 3078 3027 ad
3107 2982 3358 3028 extrema
3399 2972 3635 3038 redacti,
3673 2982 3765 3025 nec
3791 2981 3867 3023 ce-

2312 3069 2440 3127 dere
2470 3086 2719 3141 umquam
2748 3070 2990 3127 volentes
3014 3111 3029 3137 ,
3065 3070 3335 3129 instabant
3365 3068 3556 3125 eadem
3579 3083 3607 3122 a
3632 3066 3729 3121 diis
3749 3064 3869 3124 suis,
3938 3092 3939 3097 π

2311 3177 2429 3230 qum
2473 3176 2503 3214 a
2544 3162 2760 3217 Christo
2809 3161 2955 3216 edita
3005 3161 3287 3217 miracula.
3324 3160 3498 3217 Unum
3546 3160 3684 3217 enim
3726 3172 3786 3212 ex
3810 3154 3871 3210 eis

2312 3253 2672 3323 disputantem
2688 3254 2959 3313 Arnobius
2991 3254 3070 3309 sic
3101 3254 3309 3309 inducit
3340 3271 3353 3305 :
3397 3273 3415 3316 ι
3446 3254 3663 3311 Frustra
3693 3256 3869 3305 tantum
3938 3274 3939 3301 ι

2225 3324 2279 3386 ~C
2311 3346 2537 3417 adrogas
2566 3346 2799 3421 Christo,
2834 3363 2955 3401 cum
2986 3362 3131 3416 stupe
3160 3347 3295 3402 alios
3327 3348 3561 3403 sciamus
3585 3345 3711 3399 deos
3737 3352 3785 3396 et
3808 3340 3871 3394 la-

2311 3440 2623 3507 borantibus
2651 3440 2892 3511 plurimis
2919 3440 3133 3498 dedisse
3158 3442 3482 3507 medicinas,
3514 3450 3569 3497 et
3609 3439 3865 3499 multorum
3937 3456 3939 3485 ι

2314 3536 2564 3602 morbos,
2608 3535 3047 3605 valetudinesque
3094 3551 3335 3591 curasse.
3376 3555 3397 3591 ι
3432 3534 3688 3606 (Arnob.,
3731 3530 3805 3587 tib.
3834 3541 3864 3589 1,
3938 3564 3939 3567 η

2316 3645 2436 3699 pag.
2460 3627 2574 3699 28).
2609 3626 2814 3684 Nullius
2859 3628 3036 3698 itaque
3060 3670 3073 3693 ,
3122 3628 3465 3699 iuquiebaut.
3498 3625 3623 3687 illud
3653 3618 3868 3681 christia-

2317 3738 2506 3779 norum
2532 3734 2903 3794 argumentum
2930 3738 3011 3779 est
3052 3727 3333 3795 ponderis,
3365 3736 3459 3783 aut
3486 3728 3531 3785 si
3562 3723 3682 3795 quid
3710 3717 3868 3775 virium

2318 3816 2546 3880 habent,
2594 3832 2659 3871 eo
2690 3832 2904 3887 quoque
2943 3833 3126 3877 veram
3173 3834 3294 3873 esse
3323 3832 3563 3875 nostram
3590 3813 3868 3884 religionem
3937 3832 3939 3859 ι

2319 3908 2656 3965 Conﬁcietur.
2690 3910 2770 3964 Dii
2800 3911 2946 3965 enim
2978 3912 3145 3967 nostri
3178 3927 3286 3971 non
3318 3912 3524 3967 minora
3556 3921 3709 3978 quam
3741 3898 3867 3959 Chri-

2320 4013 2435 4058 stus
2468 4005 2721 4059 miracula
2740 3992 3058 4060 ediderunt.
3938 4006 3939 4037 ‘

2395 4098 2500 4155 Sed
2515 4098 2632 4153 haec
2655 4098 3010 4157 Ethnicnrum
3031 4098 3381 4169 reprehensio
3394 4100 3462 4157 ab
3478 4091 3710 4161 Arnobio
3721 4094 3870 4144 noetro

2321 4190 2576 4251 facillime
2620 4194 2881 4249 evertitur
2912 4190 3125 4265 (Infr.,
3156 4210 3271 4264 cap.
3302 4194 3390 4260 l8;
3417 4200 3520 4249 art.
3548 4206 3586 4258 t,
3630 4197 3675 4241 et
3715 4176 3867 4249 sctit-l-

2324 4284 2456 4339 Esto
2486 4285 2650 4349 enim,
2685 4284 2859 4356 inquit
2885 4285 3010 4349 ille,
3037 4285 3179 4355 quod
3210 4294 3397 4355 postea
3422 4296 3602 4341 utrum
3624 4288 3790 4334 verum
3818 4268 3870 4325 sit

2324 4376 2739 4436 exatninabitur.
2766 4375 3009 4447 qtimdam
3044 4376 3117 4431 dii
3144 4378 3404 4433 miracula
3436 4374 3697 4431 fecerint:
3724 4371 3869 4421 nonne

2324 4478 2473 4525 certo
2494 4468 2693 4527 certius
2710 4479 2794 4526 est
2812 4470 3017 4525 nullum
3049 4472 3117 4525 ab
3147 4471 3255 4525 ullo
3281 4472 3561 4542 gentilium
3581 4466 3698 4529 deo.
3717 4468 3867 4529 ‘lllem'

2325 4564 2615 4623 admodum
2639 4580 2669 4618 a
2690 4562 2904 4620 Christo
2933 4564 3173 4631 domino,
3206 4566 3323 4620 sine
3372 4564 3481 4619 ullo
3531 4550 3866 4617 medicamine,

2327 4668 2417 4712 aut
2441 4658 2543 4713 ulla
2564 4699 2581 4725 ,
2614 4657 2689 4711 uti
2717 4672 2879 4727 supra
2906 4657 3162 4723 diximus,
3186 4669 3411 4713 externa
3435 4656 3539 4713 alia
3566 4667 3624 4713 re
3647 4638 3866 4709 adbibi“.

2326 4753 2422 4813 sed
2447 4752 2563 4807 solo
2587 4751 2727 4807 illius
2756 4753 3009 4819 nomine,
3058 4763 3151 4808 aut
3195 4754 3469 4809 levissimo
3524 4756 3663 4804 tactu
3708 4737 3867 4795 edim”

2329 4849 2493 4903 fuisse
2523 4848 2840 4909 miraculum
2865 4846 2889 4903 ?

2403 4956 2669 5011 Praeterea
2722 4952 2934 5007 etiamsi
2980 4949 3255 5007 hominem
3314 4951 3544 5020 aliquem
3595 4927 3865 5013 quibusdam

2334 5051 2589 5109 remediis
2619 5058 2710 5104 attt
2732 5048 2972 5103 externis
2999 5048 3160 5102 rebus
3198 5046 3266 5100 ab
3294 5046 3473 5116 aliquo
3498 5034 3757 5113 gentilium
3790 5021 3867 5119 de?

2337 5156 2580 5203 sanatum
2608 5160 2730 5201 esse
2755 5143 3067 5213 probaveris
3087 5184 3101 5205 ,
3136 5148 3303 5211 quot,
3340 5141 3480 5194 Deus
3508 5129 3671 5191 bone!
3698 5108 3865 5215 ostenti!
3938 5120 3939 5151 ξ

2332 5254 2562 5317 possunt
2604 5243 2771 5298 millia
2823 5240 3129 5301 hominum,
3178 5240 3268 5309 qui
3314 5245 3592 5308 postquam
3621 5207 3865 5317 ἱηῑθηΨἾξι

2331 5340 2697 5409 )Esculapium
2728 5336 2974 5405 aliosque
2998 5334 3130 5389 deos
3160 5333 3359 5402 sapius
3388 5324 3629 5400 repetitis
3650 5359 3664 5383 ν
3690 5326 3745 5409 ³Αθ
3769 5314 3864 5409 eo":

2330 5437 2493 5491 tinnis
2519 5434 2763 5505 precibus
2790 5432 3136 5494 invocarunt;
3166 5427 3368 5482 nullum
3396 5436 3569 5479 tamen
3600 5406 3769 5471 morbo

2334 5488 2589 5583 invenere
2631 5524 2961 5589 remedium,
3007 5520 3103 5577 sed
3145 5530 3236 5574 aut
3286 5518 3434 5588 pejus
3477 5529 3536 5569 se
3580 5491 3860 5589 habuertltll:
3932 5488 3940 5523 ἶ

2333 5633 2425 5678 aut
2452 5621 2648 5677 mortui
2681 5629 2841 5681 sunt.
2889 5632 2987 5672 nec
3018 5628 3268 5683 umquam
3298 5612 3442 5667 ullus
3468 5621 3535 5662 ex
3590 5596 3696 5654 istis
3739 5581 3861 5683 ullius
3932 5596 3935 5603 ·

2336 5719 2423 5775 dei
2451 5731 2611 5787 opera
2657 5731 2685 5769 a
2737 5720 2910 5769 morte
2939 5711 3005 5765 ad
3028 5710 3188 5763 vitam
3221 5715 3504 5764 revocatus
3528 5704 3607 5755 est
3631 5689 3649 5763 (
3670 5673 3856 5740 Arnob»

2338 5814 2426 5868 tib.
2450 5827 2486 5875 ι,
2521 5827 2639 5881 ρας.
2670 5806 2825 5880 29.)?

2415 5904 2584 5961 Simili
2609 5901 2769 5958 etiam
2797 5900 2956 5959 modo
2979 5896 3210 5969 Cyrillus
3236 5888 3653 5954 Alexandrinus,

3694 5860 3857 5926 ,luliall0
3934 5854 3940 5889 π
