3980 6280
94 364 175 419 iis
1279 356 1346 415 IN
1383 354 1592 421 ARNO]

1704 355 1760 423 ii.
1800 356 1952 419 CAP.
1997 357 2085 423 lli.
2111 359 2146 429 ςξι

3214 361 3318 418 414

96 469 346 543 imperatori
388 467 692 543 respondet.
723 466 1024 541 Ohjieiebat
1052 469 1195 526 enim
1226 471 1611 531 celeberrimus
1638 474 1690 541 Α
1714 488 1907 528 verum
1943 474 2133 540 Deum,
2162 483 2217 531 et
2268 473 2547 548 religionis
2604 489 2718 532 suae
2747 477 3033 534 veritatem
3075 476 3320 535 invictis-

94 565 160 621 ille
171 563 393 633 Apostata
414 561 545 619 nihil
567 559 836 619 Christum
858 572 1158 618 memoratu
1180 563 1398 636 dignum
1420 567 1615 637 egisse;

97 656 171 711 nisi
192 655 235 710 in
260 654 544 712 Betbsaidae
569 655 721 729 pagis
746 670 921 712 caseos
942 697 956 721 ,
990 656 1317 729 claudosque
1360 674 1576 715 curasse
1597 701 1612 725 ,

94 758 131 804 et
148 747 383 818 adjumsso
424 746 690 802 daemonio
717 758 997 818 correptos
1020 788 1033 811 ,
1068 763 1166 818 pro
1212 764 1404 820 magno
1431 750 1614 821 aliquo

92 843 275 897 facinore
306 840 576 896 habeatur.
604 839 843 911 Cyrillus
872 857 1002 897 vero
1033 841 1169 897 hanc
1208 842 1464 899 insulsam
1518 859 1611 899 ca-

91 934 356 990 villationem
397 933 472 987 sic
517 933 737 988 refellit.
770 933 942 1003 Negat
970 934 1146 1003 primo
1173 942 1279 988 tam
1311 949 1477 1003 pauca
1507 934 1611 989 mi-

90 1029 224 1085 racula
249 1027 374 1083 facta
400 1026 564 1083 fuisse
593 1043 623 1082 a
649 1026 872 1084 Christo
892 1069 906 1093 ,
940 1036 1103 1097 atque
1134 1027 1306 1082 multo
1335 1029 1485 1096 plura
1512 1068 1527 1093 ,
1556 1037 1612 1083 et

90 1123 377 1180 admiratione
397 1121 553 1193 longe
581 1120 827 1193 digniora
855 1120 998 1179 edita
1026 1120 1384 1179 demonstrat.
1415 1120 1610 1176 Poeta-

90 1230 175 1272 rum
215 1214 386 1269 deinde
436 1214 698 1287 principis
754 1212 1063 1271 testimonio
1111 1215 1269 1287 plane
1338 1214 1610 1270 convincit

90 1309 240 1364 nullum
274 1324 510 1380 umquam
541 1319 814 1364 mortuum
843 1308 1117 1363 hominem
1136 1351 1151 1374 ,
1184 1324 1361 1378 neque
1387 1324 1416 1363 a
1441 1309 1603 1376 Jove,

90 1416 216 1471 neque
238 1401 297 1456 ab
316 1402 419 1455 ullo
446 1402 554 1456 alio
582 1401 939 1457 Ethnicorum
980 1402 1084 1456 deo
1111 1401 1177 1455 ad
1231 1403 1392 1455 vitam
1440 1402 1606 1457 fuisse

90 1494 315 1549 excitatum
344 1512 356 1550 :
385 1493 586 1566 (Cyrtii.
644 1494 923 1560 Alexand.,
956 1494 1046 1553 lib.
1103 1510 1178 1559 vr,
1231 1505 1397 1550 contr.
1444 1494 1602 1561 Juli.,

88 1604 169 1657 pag.
196 1587 299 1651 i93,
318 1598 362 1643 et
385 1586 549 1662 seqq.)
570 1593 742 1646 καίτοι
763 1590 851 1646 τὸν
874 1591 985 1652 σὸν,
1074 1586 1247 1654 οὗτος,
1272 1589 1469 1646 ὕπατον
1489 1596 1601 1657 Δία,

86 1682 144 1735 καὶ
162 1682 236 1737 σὰν
254 1682 381 1757 αὐτῷ
401 1680 454 1739 δὲ
479 1684 602 1744 τοὺς
632 1679 832 1751 ἄλλους,
862 1681 951 1745 οὓς
967 1679 1026 1743 δὴ
1053 1685 1140 1739 καὶ
1167 1685 1306 1744 θεοὺς
1334 1678 1459 1738 εἶναι
1488 1693 1601 1753 φῆς,

87 1772 392 1838 ἀδυνατοῦντας
412 1778 697 1850 εὑρήσομεν
725 1784 826 1833 τῶν
862 1782 955 1833 τοῦ
1003 1778 1217 1832 θανάτου
1246 1777 1459 1852 βρόχων
1482 1780 1604 1837 τοὺς

1721 566 1858 620 sime
1883 566 2275 637 comprobavit.

1791 657 1860 712 Et
1893 667 2038 713 certe
2080 674 2256 732 neque
2300 660 2514 732 Jupiter
2562 660 2656 716 ulli
2713 677 2972 732 umquam
3001 663 3315 722 mortalium

1717 764 1813 804 seu
1859 750 2123 818 Curioni,
2178 766 2271 807 seu
2329 752 2568 822 pontifici
2624 755 2883 817 maximo,
2938 770 3034 811 seu
3083 754 3316 813 Flamini

1717 840 1852 895 Diali
1878 858 1892 907 ;
1926 857 2101 912 neque
2131 843 2268 898 ullus
2289 860 2500 915 magus,
2535 845 2649 900 sive
2676 847 2988 913 Armenius,
3020 847 3133 903 sive
3157 849 3316 903 Pam-

1724 934 1925 1004 philus,
1962 937 2075 990 sive
2116 935 2435 991 Zoroastres
2477 947 2643 1003 tanta,
2679 950 2737 993 ut
2763 938 3009 993 Christus
3034 938 3314 1011 discipulis

1721 1027 1834 1080 suis
1881 1028 2139 1083 miracnla
2184 1028 2458 1098 patrandi,
2492 1029 2659 1084 immo
2704 1046 2806 1085 nec
2847 1031 3127 1086 minimum
3170 1047 3313 1088 mor-

1712 1116 1837 1172 bum
1888 1118 2248 1189 depellendi,
2313 1121 2622 1177 facultatem
2677 1138 2929 1194 umquam
2978 1123 3200 1196 largitus
3229 1133 3316 1183 est

1714 1208 1928 1283 (ιω).

2320 1343 2622 1385 ARTICULUS
2661 1346 2735 1387 IV.

1711 1457 1962 1525 Quomodo
1983 1472 2047 1510 ex
2085 1466 2197 1525 tota,
2216 1460 2308 1513 hac
2330 1462 2661 1525 disputatione
2687 1469 3186 1521 evertanturiusulste
3217 1473 3313 1523 So-

1773 1522 2038 1596 cianorqm,
2066 1531 2115 1600 et
2137 1524 2390 1574 atheorum
2404 1522 2649 1600 adversus
2669 1527 2871 1591 Christi,
2892 1536 2945 1581 et
2960 1522 3312 1600 discipulorum

1772 1585 1879 1644 ejus
1901 1585 2130 1634 miracula
2156 1590 2634 1650 argumentationes.

1794 1689 1998 1756 Quibus
2021 1695 2354 1763 argumentis
2382 1695 2651 1750 adsertam
2697 1698 2765 1753 ab
2796 1699 3038 1757 Arnobio
3080 1702 3311 1759 vidimus

1717 1781 2100 1839 miraculorum
2143 1801 2170 1838 a
2215 1786 2431 1841 Christo
2461 1788 2682 1860 ejusque
2710 1790 2992 1861 discipulis
3038 1793 3306 1850 editorum

88 1866 242 1929 ἁλόντας
259 1867 499 1944 ἁρπάσαι,
524 1874 614 1926 καὶ
637 1872 772 1943 πρός
796 1891 851 1945 γε
879 1877 1034 1927 τοῦτο
1054 1872 1190 1944 ἡμᾶς
1220 1870 1433 1945 ἐμπεδοῐ
1450 1872 1592 1946 tem

1709 1875 2013 1942 veritatem,
2046 1878 2235 1934 iisdem
2260 1890 2408 1935 certe
2439 1883 2804 1937 recentiorum
2832 1887 3189 1955 quorumdam
3222 1903 3309 1943 so-

85 1957 288 2019 ὄποιητῶν
313 1961 554 2037 ἀριστῶν.

194 2081 266 2129 Ᾰλν
285 2089 361 2143 ἤτοι
384 2094 537 2133 θάνατον
560 2092 625 2145 μιν
648 2093 800 2143 ὁμοίιον,
824 2089 909 2131 οὐδὲ
931 2094 1071 2145 Omitte
1088 2124 1101 2141 ,

191 2154 253 2193 Kal
271 2155 350 2207 φορ
369 2153 471 2207 ἀνδρὶ
496 2153 673 2196 Sittiana».
697 2157 911 2206 ἀλάλκιμιν.
933 2156 1071 2196 tmen
1094 2171 1151 2196 xcv
1176 2152 1222 2205 δὴ

191 2218 278 2268 καθ’
297 2218 381 2267 ὀὶῡή
399 2220 576 2269 Idam
596 2220 806 2270 τανυλιτιος
831 2221 1012 2259 θανάτοιο.

85 2309 332 2380 Quamquam
374 2322 518 2367 tuum
565 2311 713 2367 illum
766 2329 1058 2382 supremum
1107 2311 1326 2381 Jovem,
1372 2314 1602 2386 aliosque

84 2417 160 2473 tum
180 2405 270 2472 ipso
286 2445 301 2471 ,
325 2421 447 2476 quos
474 2415 532 2460 tu
573 2405 695 2461 deos
714 2422 820 2460 esse
845 2406 1108 2463 contendis
1125 2446 1142 2473 ,
1185 2406 1496 2476 inﬁrmiores
1514 2407 1597 2460 in-

84 2495 301 2562 terierunt,
337 2516 484 2569 quant
516 2509 576 2553 ut
623 2500 799 2555 mortis
844 2499 1039 2570 laqueis
1086 2501 1360 2571 implicitos
1405 2502 1601 2571 eripere

83 2599 239 2654 queant,
264 2608 358 2664 quo
395 2594 449 2647 in
491 2609 553 2647 re
601 2608 694 2648 nos
731 2594 1003 2661 conﬁrmat
1050 2604 1315 2664 poetarum
1362 2596 1599 2665 princeps

82 2681 132 2734 hit
152 2683 278 2740 verbis
298 2700 318 2740 :

141 2793 291 2847 Verum
311 2801 562 2851 enimvero
587 2805 794 2851 mortem
818 2801 1044 2879 omnibus
1068 2815 1597 2913 communerqapeqqe

1412 2881 1443 2913 ll
1470 2880 1541 2913 ms
1579 2903 1593 2913 .

138 2918 264 2972 Etiam
299 2925 358 2975 ab
391 2932 551 2977 amato
577 2926 681 2977 viro
719 2933 923 2993 possunt
954 2939 1164 2988 arcere,
1191 2866 1595 2991 quandgtjziinlilqbtie

138 3044 279 3105 Fatum
299 3053 626 3114 perniciosum
649 3053 946 3116 corripuerit
967 3065 1157 3115 asperae
1181 2992 1596 3104 mortisuandem

79 3146 147 3203 Sed
187 3150 286 3209 haec
329 3155 497 3213 iusius
547 3159 895 3229 prosequitur
922 3159 1202 3230 Origenes,
1238 3176 1395 3231 quem
1445 3162 1595 3217 adire

1705 1965 2071 2034 cinianorum,
2104 1979 2160 2025 et
2199 1972 2446 2037 aliorum,
2472 1973 2562 2045 qui
2585 1975 2861 2029 christiani
2882 1977 3069 2033 audire
3098 1980 3305 2047 volunt,

1704 2060 2014 2129 opiniones,
2041 2064 2155 2119 sive
2208 2067 2386 2134 petins
2418 2066 2734 2137 opinionum
2768 2078 3017 2137 portenta
3061 2071 3304 2130 funditus

1704 2164 2042 2211 evertuntur.
2074 2156 2205 2211 Nam
2239 2157 2293 2212 hi
2341 2158 2587 2229 ipsismet
2614 2161 2842 2217 ethnicis
2864 2162 3165 2221 deteriores
3192 2182 3302 2227 uno

1709 2248 2009 2319 eodemque
2060 2252 2253 2306 calami
2287 2252 2454 2308 ductu
2498 2256 2678 2309 omnia
2719 2256 2843 2329 sive
2876 2272 2907 2312 a
2937 2257 3154 2315 Christo
3208 2262 3306 2317 do-

1706 2337 1873 2403 mino,
1906 2339 2019 2394 sive
2041 2355 2068 2393 a
2107 2342 2348 2410 quolibet
2392 2344 2501 2398 alio
2527 2345 2669 2400 edita
2710 2347 2963 2402 miracula
2991 2351 3304 2410 convellere

1704 2430 1971 2498 nituntur,
2006 2433 2133 2487 dum
2164 2435 2305 2489 nulla
2329 2452 2357 2488 a
2400 2437 2512 2491 Deo
2542 2437 2760 2507 quidem’
2813 2440 2929 2509 ipso
2974 2441 3091 2496 ﬁeri
3135 2457 3299 2514 posse

1702 2524 2170 2594 impudentissime
2209 2528 2518 2586 adfirmant.
2574 2532 2789 2587 Natura:
2838 2535 3107 2605 siquidem
3152 2539 3301 2609 leges

1700 2619 1777 2672 uti
1832 2620 1907 2676 illi
1949 2622 2223 2691 garriunt,
2272 2624 2523 2695 illiusque
2567 2627 2722 2699 ordo,
2756 2644 2874 2701 quae
2906 2629 3134 2700 ipsamet
3174 2641 3301 2689 sunt

1702 2712 1800 2767 Dei
1851 2713 2092 2781 decreta,
2125 2728 2402 2786 nequeunt
2447 2718 2559 2772 ullo
2598 2735 2849 2791 umquam
2888 2722 3049 2777 modo
3080 2733 3296 2794 pertur-

1698 2806 1837 2861 bari.
1877 2807 2240 2873 Quamobrem
2291 2813 2473 2867 omnia
2524 2813 2620 2869 Dei
2668 2814 2886 2871 decreta
2928 2832 3033 2872 non
3094 2819 3293 2888 minus,

1702 2915 1865 2968 quam
1906 2901 1994 2956 ille
2042 2903 2157 2973 ipse
2188 2903 2351 2971 Deus,
2386 2906 2739 2961 immutabilia
2768 2924 2890 2965 esse
2935 2910 3288 2967 concludunt.

1698 2986 1973 3047 Miraculis
1999 3010 2150 3067 ergo,
2195 2996 2460 3066 inquiunt,
2489 3010 2580 3054 aut
2624 3001 2745 3055 aliis
2776 3002 3055 3075 prodigiis,
3086 3006 3129 3060 si
3172 3021 3293 3078 quas

1703 3086 1990 3156 aliquando
2020 3087 2133 3142 ﬁeri
2174 3090 2500 3157 potuissent,
2533 3091 2728 3146 .divina
2774 3103 2984 3161 natura,
3018 3097 3292 3168 multoque

1702 3180 1873 3247 magis
1903 3179 2213 3235 christiana:
2242 3182 2519 3253 religionis
2545 3185 2750 3240 veritas
2799 3187 3092 3243 destruitur
3114 3190 3290 3260 potius

75 3244 236 3302 cuilibet
275 3248 403 3306 facie
445 3262 535 3307 est
566 3252 761 3325 (Orig.,
794 3242 831 3306 l.
865 3269 903 3321 ι,
948 3265 1109 3309 contr.
1153 3254 1315 3322 Cels.,
1348 3275 1399 3327 p.
1432 3256 1521 3321 94,
1546 3266 1593 3312 et
1620 3274 1666 3338 ρ
1698 3242 1855 3340 quain
1884 3270 2155 3326 adseritur
2182 3283 2235 3327 et
2264 3242 2553 3330 stabiliter.

72 3350 202 3406 seqq;
228 3341 424 3411 Arnob.,
455 3345 501 3398 Ι-
532 3361 569 3410 ι,
604 3363 657 3415 ρο
683 3344 800 3417 29)·

74 3418 85 3424 ’
118 3429 264 3501 Neque
282 3436 378 3492 sibi
409 3453 578 3508 porro
608 3438 882 3494 Arnobius
926 3443 1127 3511 opponi
1167 3441 1295 3497 sinit
1324 3442 1456 3497 deos
1484 3458 1589 3499 non

74 3522 181 3578 malis
205 3524 520 3596 hominibus,
552 3530 649 3584 sed
701 3531 855 3587 bonis
898 3534 1085 3589 tulisse
1130 3535 1408 3590 auxilium.
1457 3535 1587 3589 Nam

74 3609 273 3685 Christus,
315 3626 400 3694 qui
448 3625 683 3680 mortuis
727 3627 890 3683 vitam
931 3627 1200 3693 reddidit,
1253 3630 1506 3685 omnibus
1535 3640 1589 3685 et

74 3703 181 3766 bonis
203 3723 247 3768 et
272 3717 439 3785 malis,
469 3719 620 3789 quod
648 3719 847 3775 divinae
878 3733 959 3775 cet
986 3723 1293 3791 potestatis,
1323 3722 1433 3776 ullo
1463 3723 1586 3776 abs-

74 3812 142 3866 qne
161 3803 439 3866 discrimine
481 3811 778 3882 opitulatns
818 3823 920 3869 est.
950 3814 1090 3881 Quid
1138 3830 1289 3882 vero,
1322 3815 1463 3884 quod
1497 3817 1587 3887 qui

74 3893 183 3960 agris
219 3899 279 3954 ob
306 3904 493 3958 merita
527 3919 686 3974 opem
718 3921 748 3959 a
794 3906 897 3960 diis
926 3905 1052 3963 ferri
1081 3906 1233 3974 dicit,
1266 3909 1310 3963 is
1339 3910 1390 3962 in
1420 3909 1586 3963 dubio

73 3983 451 4057 relinquitutrum
482 3995 599 4061 ille,
626 3998 713 4053 cui
742 3998 1079 4063 subvenitur,
1108 3998 1331 4054 fortuito
1362 3996 1582 4056 sanatus

73 4085 143 4129 non
166 4078 322 4150 fuerit,
340 4096 395 4142 et
417 4088 559 4143 alius
586 4104 694 4145 non
725 4091 1056 4159 sublevetur,
1084 4094 1206 4164 quia
1227 4096 1447 4151 morbus
1476 4112 1581 4151 non

73 4172 195 4232 potuit
215 4178 306 4234 ulla
332 4181 556 4238 deorum
583 4199 686 4254 ope
725 4188 929 4241 curari.

118 4262 276 4325 Verum
303 4274 573 4333 Arnobius
600 4278 761 4350 longe
803 4279 979 4336 adhuc
1001 4284 1179 4339 acrius
1201 4292 1257 4339 et
1280 4285 1583 4345 vehemen-

71 4352 472 4452 Iniusadversarios
503 4382 631 4424 suos
658 4372 855 4440 premit
881 4371 1069 4445 (Ibid.,
1099 4393 1154 4446 ρ.
1180 4376 1295 4448 50),
1323 4390 1586 4452 urgetque

70 4441 276 4510 Christum
314 4474 417 4514 non
446 4461 612 4516 modo
644 4463 874 4532 plurima
906 4477 1149 4535 patrasse
1177 4473 1456 4539 miracula,
1490 4475 1585 4530 sed

70 4544 205 4604 eadem
226 4555 453 4623 omnino,
488 4559 610 4615 sine
649 4559 761 4614 ullo
794 4561 916 4616 fuco
954 4571 1046 4616 aut
1088 4566 1292 4621 auxilio
1334 4578 1581 4636 externo,

1769 3363 1873 3419 Sed
1897 3365 2015 3435 quis
2047 3366 2330 3437 impiorum
2370 3368 2583 3424 illorum
2622 3369 2897 3427 hominum
2943 3374 3287 3433 dementissi-

1693 3471 1833 3511 mam
1868 3460 2221 3515 temeritatem
2249 3461 2387 3516 ferre
2419 3464 2635 3532 potest?
2664 3464 2824 3521 Certo
2846 3470 3045 3525 certius
3071 3471 3286 3527 demon-

1692 3553 1981 3608 stravimus
2007 3556 2231 3624 plurima
2258 3570 2285 3609 a
2309 3556 2524 3612 Christo
2548 3558 2822 3630 ipsiusque
2847 3562 3121 3635 discipulis
3148 3565 3285 3621 facta

1689 3644 1856 3701 fuisse
1887 3646 2163 3713 miracula,
2198 3665 2317 3718 quat
2356 3659 2560 3706 natura:
2586 3653 2828 3710 ordinem
2868 3654 3118 3726 illiusque
3146 3660 3286 3713 vires

1690 3739 1847 3809 longe
1873 3751 2144 3811 superant,
2171 3751 2224 3796 et
2249 3742 2302 3797 hi
2327 3744 2458 3797 mira
2490 3744 2815 3813 impudentia
2845 3748 3058 3819 ipsimet
3087 3749 3197 3805 Deo
3222 3766 3283 3807 ea

1688 3830 1914 3887 faciendi
1939 3834 2179 3888 adimunt
2201 3837 2554 3903 potestatem?
2574 3838 2761 3894 Nonne
2780 3840 2847 3894 ab
2870 3850 2991 3896 actu
3014 3842 3077 3895 ad
3102 3858 3281 3912 posse,

1688 3936 1745 3981 ut
1775 3925 2073 3982 scholastici
2117 3928 2429 3998 loquuntur,
2461 3931 2604 3986 valet
2641 3934 3066 4003 consequentia?
3095 3934 3285 3992 Nonne

1687 4019 1835 4089 prius
1849 4017 2119 4073 Sociniani
2146 4021 2374 4090 probare
2401 4021 2671 4079 debebant
2696 4026 2837 4080 nulla
2858 4042 3111 4097 umquam
3143 4027 3280 4091 facta

1686 4112 1856 4167 fuisse
1901 4113 2189 4181 miracula,
2222 4131 2380 4183 quam
2412 4116 2647 4174 divinam
2692 4134 2890 4190 negare
2934 4122 3023 4177 illa
3057 4121 3283 4179 faciendi

1688 4205 2020 4275 potentiam?
2045 4205 2150 4261 Sed
2173 4208 2444 4277 quomodo
2468 4210 2595 4265 illud
2627 4212 2851 4267 inﬁciari
2878 4223 3119 4283 possunt,
3140 4215 3283 4280 quod

1686 4296 1899 4351 Ethnici
1925 4297 2072 4352 nullo
2099 4315 2330 4370 unquam
2349 4301 2508 4357 modo
2535 4318 2752 4373 negare,
2784 4320 2956 4376 neque
2981 4308 3141 4361 etiam
3165 4308 3283 4363 dis-

1687 4387 1959 4454 simulare,
1992 4391 2093 4445 nisi
2121 4392 2458 4450 intoleranda
2482 4409 2700 4465 prorsus
2723 4410 2785 4449 ac
2814 4396 3278 4465 impudentissima

1687 4478 1987 4532 temeritate
2010 4481 2335 4547 potuerunt?
2364 4479 2478 4534 Non
2501 4484 2681 4535 minus
2702 4480 2965 4551 siquidem
2988 4493 3132 4537 certa
3155 4495 3281 4540 sunt

1687 4573 1885 4629 Christi
1917 4573 2410 4647 discipulorumque
2436 4576 2552 4645 ejus
2582 4576 2860 4646 miracula,
2889 4592 3046 4644 quam
3069 4588 3277 4633 constat

69 4646 217 4739 situque
241 4657 435 4706 tantum
477 4652 697 4708 nomine
737 4652 967 4709 faciendi
1016 4656 1397 4727 piscatoribus,
1427 4664 1585 4734 cpiii-
1610 4673 1665 4735 1)
1688 4666 1980 4721 tediticatas
2012 4667 2177 4722 fuisse
2223 4646 2386 4723 urbes
2430 4668 2688 4733 Romam,
2721 4667 3271 4739 Constantinopolim,

69 4725 188 4823 Filius,
222 4743 518 4811 rusticanis,
568 4745 818 4817 aliisque,
864 4725 1201 4805 sicut—antea
1247 4725 1578 4823 dicebamus,

70 4816 102 4872 id
121 4838 256 4893 genus
278 4832 600 4903 hominibus,
619 4837 834 4893 dedisse
857 4850 1202 4910 potestatem.
1239 4844 1371 4913 Quae
1403 4858 1581 4903 autem

68 4912 126 4970 illa
148 4922 332 4995 iuerint,
365 4930 600 4987 breviter
627 4942 893 5001 recenset,
923 4944 979 4990 et
1025 4951 1145 4991 cum
1175 4912 1375 4995 Christi
1418 4944 1583 4997 mira-

68 5007 159 5103 culis
177 5021 446 5090 componit,
479 5029 639 5094 atque
667 5024 795 5080 inde
823 5028 1095 5083 concludit
1126 5029 1255 5084 nihil
1289 5034 1577 5103 quidquam

66 5098 317 5168 admirabile
355 5114 425 5169 ab
454 5131 519 5171 eo
546 5127 774 5189 gestum,
816 5121 958 5189 quod
990 5121 1097 5177 illis
1139 5098 1449 5181 faciendum
1470 5144 1578 5183 non

65 5203 348 5261 concesserit.
378 5207 512 5264 Tum
540 5210 738 5266 deinde
761 5212 841 5267 sic
868 5225 1273 5284 argumentatur
1301 5236 1314 5269 :
1349 5237 1370 5271 ‹
1407 5221 1579 5278 Tran-

64 5290 244 5382 8ebbere
263 5313 414 5368 posse
448 5303 499 5357 in
528 5305 800 5360 hominem
824 5305 914 5376 jus
941 5316 1118 5373 tuum;
1148 5320 1204 5364 et
1233 5313 1373 5382 quod
1402 5312 1581 5372 facere

65 5380 170 5477 foliis
193 5393 372 5460 possis,
413 5395 771 5467 fragilissimze
802 5398 880 5453 rei
906 5398 1129 5467 donare,
1162 5412 1216 5457 et
1254 5380 1582 5477 participare

65 5467 327 5552 iaciendum,
371 5501 535 5558 supra
578 5489 761 5545 omnia
807 5490 928 5545 sitas
966 5502 1051 5547 est
1084 5467 1383 5563 potestatis,
1410 5467 1583 5554 conti-

64 5572 289 5645 acutisque
315 5581 415 5634 sub
444 5597 564 5639 sese
589 5593 673 5638 est
700 5599 882 5640 rerum
912 5587 1153 5641 omnium
1173 5604 1383 5656 causas,
1408 5601 1462 5646 et
1488 5608 1578 5647 ra-

64 5656 216 5721 tionum
256 5670 670 5746 facultatemque
720 5686 965 5733 naturas.
1007 5699 1027 5733 ι
1065 5680 1252 5736 Divina
1307 5700 1436 5755 ergo
1486 5701 1581 5756 po-

64 5753 225 5848 testate.
245 5776 345 5818 non
373 5767 573 5838 magica
598 5770 794 5825 virtute
822 5768 1074 5828 Christus
1101 5753 1391 5848 discipulis
1412 5753 1576 5835 mira-

62 5846 162 5915 tota,
190 5855 290 5912 suis
330 5861 500 5933 paria,
532 5862 728 5929 edendi
758 5876 1078 5936 potestatem
1110 5846 1416 5951 tribu—endo,
1446 5881 1499 5931 et
1519 5891 1580 5934 se

1686 4758 1934 4824 Niniven,
1968 4770 2021 4814 et
2043 4760 2175 4814 alias
2206 4760 2605 4827 celeberrimas,
2631 4777 2750 4832 quae
2771 4772 2957 4833 postea
2986 4762 3275 4822 destructa:

1683 4861 1831 4906 ειιηι.

1758 4946 1961 5002 Deinde
1990 4961 2118 5003 vero
2141 4946 2265 5018 quid
2299 4947 2488 5004 nefarii
2519 4948 2592 5003 illi
2626 4949 2873 5006 homines
2904 4963 3104 5010 natura:
3133 4953 3266 5027 legi-

1684 5040 1804 5106 bus,
1834 5052 1886 5096 et
1917 5042 2104 5097 ordine
2125 5042 2268 5097 aliud
2298 5043 2599 5117 intelligere
2628 5058 2874 5115 possunt,
2907 5049 3007 5104 nisi
3038 5065 3129 5105 eas
3154 5064 3275 5122 quae

1683 5146 1712 5186 a
1748 5134 2006 5204 principio
2034 5135 2212 5204 aliquo
2255 5137 2480 5205 Spiritali
2504 5179 2520 5204 ,
2554 5138 2622 5191 ab
2650 5138 2902 5211 omnique
2944 5142 3164 5196 materia
3195 5141 3277 5195 di-

1684 5237 1862 5281 screto
1889 5227 2152 5296 impositae
2179 5228 2515 5300 snnt‘iAtqui
2545 5231 2673 5285 illud
2700 5233 3018 5303 principium
3051 5234 3277 5304 ipsemet

1684 5320 1828 5375 Deus
1858 5330 1940 5374 est
1968 5322 2329 5390 omnipotens,
2362 5325 2450 5393 qui
2479 5324 2729 5390 decretis,
2754 5325 2933 5380 divina
2964 5342 3059 5381 sua
3088 5327 3274 5380 volun-

1681 5422 1789 5470 tate
1818 5414 1990 5482 factis,
2024 5415 2203 5470 omnia
2235 5418 2459 5483 creavit,
2495 5419 2653 5487 regit,
2687 5417 3048 5486 administrat,
3080 5420 3269 5474 mode-

1683 5519 1850 5564 ratur.
1881 5509 1975 5564 Illa
2014 5518 2189 5565 autem
2224 5511 2317 5565 Dei
2362 5512 2611 5566 voluntas
2657 5511 2815 5581 plane
2856 5512 3022 5566 libera
3048 5523 3153 5579 cst,
3188 5513 3271 5569 sui

1685 5619 1898 5675 semper
1910 5605 2068 5675 juris,
2094 5605 2332 5675 nullique
2352 5606 2509 5660 alteri
2526 5604 2785 5674 subjecta.
2804 5605 3144 5676 QuaprOpter
3162 5608 3271 5664 sic-

1684 5695 1979 5751 ulinaturte
1998 5696 2142 5766 leges
2166 5705 2220 5751 et
2241 5696 2481 5752 ordinem
2504 5694 2782 5764 imposuit,
2804 5697 2872 5749 ita
2895 5696 3009 5752 haec
3035 5713 3061 5751 a
3087 5715 3144 5754 se
3168 5701 3271 5756 im-

1683 5788 1855 5857 posita
1901 5788 2249 5858 suiSpendere,
2278 5790 2669 5856 interrumpere
2690 5829 2705 5854 ,
2736 5801 2801 5842 ac
2829 5798 3039 5845 mutare
3072 5800 3268 5862 potest.

1683 5878 1837 5937 Unde
1857 5890 2003 5939 recte
2019 5879 2287 5939 Arnobius
2302 5879 2367 5937 de
2382 5877 2599 5935 Christo
2615 5888 2670 5935 et
2686 5879 2877 5957 de‘Deo
2895 5879 3061 5940 dixit:
3096 5903 3114 5938 t
3144 5884 3273 5942 Solo
