3980 6272
677 415 785 472 415

1886 396 2339 461 DlSSERTATIO
2377 395 2656 453 PR/EVIA

3850 396 3942 454 416

678 531 795 601 ipso
811 528 1101 586 estclarius
1114 525 1469 599 potentiorem
1484 520 1634 577 illum
1650 520 1814 576 fuisse
1828 534 1984 591 quam
2000 517 2103 572 fata
2117 524 2261 580 sunt,
2296 516 2344 574 Λ
2371 513 2453 567 nis
2484 519 2631 567 esset
2652 510 2881 566 aliorum
2909 508 3021 564 otio
3056 516 3110 564 et
3134 506 3389 579 patientia
3418 505 3830 601 intemperanter
3853 511 3939 567 ab-

677 637 796 680 cum
817 636 879 677 ea
895 620 1049 675 solvit
1065 628 1120 675 et
1144 618 1272 674 vicit
1299 632 1418 688 quze
1432 614 1703 685 perpetuis
1728 612 1973 678 nexibus,
1998 620 2048 665 et
2071 610 2264 664 immo-

674 714 769 770 bili
799 713 1007 769 fuerant
1033 712 1355 769 necessitate
1383 708 1629 766 devincta
1659 705 1901 780 (Aruob.,
1935 703 2023 758 lib.
2055 719 2111 769 u,
2141 718 2261 771 pag.

672 805 785 877 28).
821 805 1025 873 Quibus
1064 820 1195 860 sane
1221 802 1402 860 verbis
1428 800 1693 871 significat
1724 800 1820 854 hos
1860 812 2030 854 nexus
2058 794 2264 851 tamdiu

674 901 837 959 fuisse
887 910 1211 973 perpetuos,
1265 909 1427 970 atque
1470 912 1590 951 eam
1632 893 2013 951 necessitatem
2063 889 2265 948 tamdiu

672 995 839 1052 fuisse
865 993 1217 1060 immobilem,
1253 990 1507 1064 quamdiu
1537 989 1675 1047 Deus
1701 997 1753 1047 et
1779 986 2027 1045 Christus
2057 984 2261 1052 voluit,

671 1088 883 1163 ipsique
911 1089 1129 1159 placuit.

743 1182 954 1239 Scimus
973 1182 1189 1251 quidem
1214 1197 1244 1236 a
1268 1179 1587 1252 quibusdam
1606 1194 1673 1234 ex
1693 1179 1761 1234 iis
1775 1178 2015 1233 omnium
2045 1174 2268 1247 iniquis-

674 1277 828 1332 simis
847 1276 1011 1331 stulte
1027 1276 1249 1330 omnino
1274 1284 1328 1330 et
1352 1273 1555 1328 insulse
1580 1275 1748 1328 asseri
1775 1271 1865 1327 Dei
1893 1270 2111 1326 nomine
2133 1268 2267 1324 nihil

675 1367 1079 1440 intelligendum
1109 1366 1275 1436 aliud,
1302 1376 1498 1438 printer
1524 1365 1826 1430 materiam,
1854 1373 2129 1433 statasque
2154 1377 2269 1416 mo-

673 1471 761 1517 tus
790 1462 929 1518 illius
972 1463 1144 1534 leges,
1175 1478 1295 1533 quae
1322 1477 1351 1516 a
1385 1461 1598 1516 nemine
1623 1474 1846 1530 prorsus
1884 1459 2079 1513 mutari
2108 1472 2270 1529 posse

675 1556 966 1612 finxerunt.
998 1555 1103 1611 Sed
1130 1555 1181 1609 hi
1213 1554 1371 1610 nobis
1390 1554 1695 1609 edisserere
1715 1549 2270 1620 debebantquomodo

673 1648 757 1703 vel
786 1664 817 1704 a
847 1663 954 1719 quo
995 1656 1209 1703 statutze
1252 1655 1378 1703 sunt
1413 1646 1520 1701 illm
1551 1646 1714 1715 leges.
1756 1644 1943 1715 Neque
1971 1643 2117 1698 enim
2162 1642 2270 1697 ulla

676 1743 886 1799 ratione
903 1742 986 1797 vel
1009 1758 1039 1796 a
1062 1757 1121 1798 se
1150 1742 1299 1814 ipsis,
1332 1740 1415 1796 vel
1441 1740 1673 1813 fortuitis
1695 1738 1935 1793 materia:
1954 1736 2268 1791 mutationi-

672 1836 797 1900 bus,
821 1835 904 1891 vel
932 1835 1256 1891 neces~itate
1284 1834 1461 1906 aliqua
1490 1834 1625 1889 latas
1655 1832 1797 1887 ullus
1830 1845 2083 1901 umquam
2110 1829 2271 1884 dixe-

2369 607 2590 660 utentis.
2622 603 2756 659 Nam
2788 619 2851 659 ea
2882 619 2949 660 ex
2991 602 3149 657 dictis
3179 603 3310 658 satis
3352 599 3624 656 confutata
3644 644 3660 668 ,
3690 611 3844 674 atque
3883 606 3937 661 iis

2367 715 2487 773 qua:
2516 698 2567 753 in
2595 695 3051 768 subsequentibus
3070 693 3540 751 dissertationibus
3561 695 3751 749 nostris
3770 694 3833 750 de
3853 696 3935 750 iis-

2368 790 2487 846 dem
2518 789 2717 846 Christi
2746 799 2800 845 et
2842 788 3228 859 discipulorum
3258 789 3377 858 ejus
3415 785 3686 845 miraculis
3732 786 3934 849 dicenda

2369 894 2514 952 sunt,
2539 883 2714 939 adhuc
2738 882 3179 940 confutabuntur.

2994 1020 3224 1079 CAPUT
3261 1021 3351 1079 IV.

2372 1157 2749 1215 Examinantur
2767 1159 2873 1213 alia
2893 1159 3101 1213 Aruobii
3116 1168 3435 1232 argumenta,
3453 1159 3635 1232 quibus
3663 1160 3936 1220 christiana

2714 1251 2975 1325 religionis
3002 1253 3263 1307 veritatem
3288 1252 3620 1310 demonstrat.

2892 1403 3180 1445 ιιιτιουιυε
3218 1402 3433 1444 Ριυιιυε.

2372 1524 2622 1585 Quomodo
2648 1528 2831 1575 veritas
2852 1525 3130 1575 christiana;
3154 1524 3413 1587 religionis
3436 1524 3498 1573 ab
3524 1524 3735 1577 Arnohio
3758 1529 3939 1577 demon-

2432 1595 2622 1638 stretur
2644 1588 2918 1643 dirissimis.
2948 1598 3000 1638 et
3024 1590 3261 1637 hactenus
3279 1588 3510 1638 inauditis
3536 1602 3664 1649 pene
3688 1592 3940 1639 innumera.

2433 1651 2606 1713 bilium
2630 1651 2890 1713 cujuslibet
2916 1664 3085 1707 sexus,
3109 1652 3286 1711 aetatis,
3316 1659 3368 1699 et
3390 1651 3685 1703 conditionis
3706 1659 3941 1713 martyrum

2432 1712 2704 1780 suppliciis.
2731 1714 2787 1763 ad
2816 1723 3090 1780 extremum
3112 1726 3268 1780 usque
3296 1715 3408 1780 vitae
3429 1716 3656 1777 Spiritum
3678 1728 3761 1780 pro
3783 1712 3941 1767 Christi

2434 1775 2744 1826 confessione
2771 1776 3168 1826 constantissime
3191 1775 3437 1827 toleratis.

674 1930 765 1984 rit.
798 1929 941 1999 Ergo
962 1929 1031 1985 ab
1045 1929 1153 1983 alio
1174 1929 1479 1984 constitutae
1500 1928 1731 1982 sunt.At
1757 1926 1848 1981 ille
1868 1927 1983 1995 ipse
2006 1935 2088 1980 est
2101 1924 2258 1984 Deus.
2296 1926 2343 1985 B
2440 1920 2597 1976 Aliud
2627 1922 2693 1977 ad
2724 1921 3073 1978 asserendam
3101 1920 3410 1977 christiana:
3454 1922 3730 1994 religionis
3762 1925 3941 1981 verita-

673 2024 764 2094 qui
788 2023 907 2078 illas
928 2038 1026 2094 pro
1051 2022 1299 2083 arbitrio.
1316 2021 1663 2087 uli'disimus,
1686 2021 1968 2075 immutare
1990 2028 2185 2090 potest.
2200 2018 2269 2075 Et

672 2129 807 2170 vero
850 2129 943 2170 eas
972 2114 1041 2170 ab
1078 2130 1143 2170 eo
1183 2115 1493 2170 immutatas
1539 2113 1705 2169 fuisse
1746 2112 2099 2167 invictissime
2140 2127 2267 2180 pro-

673 2209 802 2265 bant
827 2217 905 2267 tot
934 2219 1189 2282 tantaque
1209 2208 1439 2273 Christi,
1466 2221 1629 2280 atque
1651 2209 1795 2264 illius
1817 2216 2142 2265 sectatorum
2169 2208 2269 2263 mi-

670 2301 876 2369 racula,
902 2318 1044 2373 quat,
1077 2303 1152 2357 uti
1176 2302 1426 2369 vidimus,
1450 2303 1731 2375 gentilium
1762 2318 1829 2359 ne
1856 2302 2072 2373 quidem
2099 2302 2264 2376 perti-

674 2397 955 2455 nacissimi
983 2413 1181 2470 negare
1212 2406 1520 2470 potuerunt.

743 2490 852 2547 Sed
884 2491 1217 2548 recentiores
1246 2491 1482 2549 hmretici
1501 2537 1517 2561 ,
1552 2493 1769 2549 nomine
1790 2500 1945 2547 tenus
1966 2492 2267 2557 christiani,

669 2598 735 2640 ac
764 2582 1090 2655 quibuslibet
1116 2584 1350 2640 ethnicis
1370 2584 1707 2648 audaciores,
1738 2584 1938 2639 instant
1958 2583 2135 2640 adhuc
2155 2587 2272 2641 vul-

668 2694 852 2755 garem
882 2678 1017 2735 hanc
1043 2679 1112 2735 de
1147 2679 1343 2735 Christi
1375 2678 1647 2735 miraculis
1684 2678 1991 2749 opinionem
2022 2678 2147 2734 inde
2173 2693 2267 2734 or-

668 2781 802 2839 tam,
835 2771 976 2844 quod
1006 2773 1184 2843 p0puli
1229 2788 1405 2844 neque
1443 2787 1632 2828 omnes
1663 2771 1879 2827 illorum
1908 2772 2269 2827 circumstan-

666 2865 804 2933 tias,
838 2882 1012 2938 neque
1057 2880 1237 2923 veram
1271 2882 1460 2922 eorum
1494 2880 1710 2920 causam
1756 2875 2115 2936 agnoscentes
2143 2908 2159 2933 ,
2206 2881 2268 2921 ea

666 2972 828 3029 supra
873 2968 1075 3015 natura:
1117 2960 1362 3015 ordinem
1403 2958 1540 3015 facta
1574 2974 1698 3014 esse
1740 2959 2105 3015 crediderunt.
2154 2959 2262 3016 Sed

636 3119 643 3136 ί
668 3067 862 3123 magna
890 3053 1005 3109 haec
1033 3064 1195 3125 atque
1219 3052 1687 3125 impudentissima
1710 3054 2076 3125 improborum
2099 3054 2275 3111 homi-

669 3162 796 3203 num
838 3146 1117 3204 mendacia
1144 3156 1292 3204 sunt.
1327 3146 1460 3203 Nam
1510 3147 1727 3203 illorum
1756 3148 2030 3213 omnium,
2062 3164 2182 3219 quae
2214 3148 2269 3204 in

667 3239 956 3311 Scripturis
984 3243 1185 3307 sacris,
1218 3251 1274 3296 et
1316 3242 1385 3296 ab
1426 3241 1666 3296 Arnobio
1712 3251 1900 3296 nostro
1939 3240 2268 3309 referuntur,

2372 2023 2479 2070 tem
2518 2026 2889 2087 argumentum
2932 2015 3079 2070 ducit
3107 2015 3378 2071 Arnobius
3403 2031 3471 2071 es
3499 2016 3773 2089 suppliciis
3792 2057 3807 2084 ,
3837 2032 3941 2088 qua:

2372 2123 2469 2178 pro
2494 2107 2636 2161 illius
2655 2108 2968 2165 defensione
2992 2107 3260 2163 innumeri
3283 2117 3548 2182 martyres
3567 2109 3804 2180 cujusvis
3826 2125 3941 2164 eon-

2371 2200 2609 2269 ditionis,
2629 2203 2822 2267 :ntatis.
2842 2213 2897 2259 et
2917 2217 3080 2259 sexus
3099 2202 3167 2258 ad
3190 2210 3490 2259 extremum
3513 2218 3679 2276 usque
3693 2203 3937 2273 spiritum,

2372 2304 2428 2350 et
2470 2305 2696 2352 mortem
2750 2296 3179 2352 crudelissimam
3235 2298 3673 2354 constantissime
3720 2298 3940 2369 perpessi

2373 2397 2518 2443 sunt.
2546 2391 2675 2456 Quae
2702 2406 2854 2458 vero,
2876 2401 3202 2462 quantaque.
3235 2400 3293 2447 et
3320 2406 3479 2462 quam
3508 2390 3775 2447 horrenda
3802 2402 3941 2463 atque

2374 2482 2628 2538 immania
2669 2482 2869 2539 fuerint
2915 2484 3030 2539 haac
3071 2485 3367 2557 supplicia,
3396 2485 3466 2540 ab
3496 2486 3733 2543 Arnobio
3778 2497 3942 2542 nostro

2373 2575 2551 2632 discas
2592 2576 2773 2633 velim.
2827 2577 2918 2634 Sic
2956 2586 3135 2634 autem
3183 2578 3275 2634 ille
3309 2579 3570 2636 Ethnicos
3620 2581 3788 2652 palam
3829 2579 3945 2635 allo-

2375 2667 2611 2739 quendo,
2637 2684 2698 2724 ea
2729 2669 2982 2739 exponit,
3016 2680 3075 2724 ut
3117 2686 3278 2726 nemo
3308 2671 3477 2741 possit
3510 2671 3671 2728 lidem
3711 2672 3759 2728 ei
3798 2672 3941 2727 dero-

2374 2777 2539 2832 gare:
2568 2782 2586 2814 ‹
2623 2762 2733 2818 Vos
2758 2764 2892 2833 ipsi,
2935 2784 2955 2818 ι
2987 2765 3151 2837 inquit
3184 2766 3427 2839 (Aruob.,
3460 2767 3551 2823 lib.
3585 2785 3623 2834 ι,
3655 2785 3769 2841 pag.
3800 2768 3879 2834 Η,
3904 2774 3942 2820 et

2376 2856 2465 2910 lib.
2495 2872 2568 2922 tv,
2600 2874 2721 2928 pag.
2756 2858 2903 2929 158),
2942 2877 2960 2909 ε
2996 2874 3116 2914 cum
3145 2858 3308 2915 libido
3330 2860 3611 2916 incesserit
3632 2876 3790 2928 saeva,
3812 2859 3943 2917 exui-

2377 2949 2444 3004 tis
2476 2964 2573 3004 nos
2601 2952 2776 3017 bonis,
2809 2951 3184 3007 exterminatis
3222 2953 3409 3023 patriis
3441 2952 3691 3021 sedibus,
3722 2952 3941 3023 irrogatis

2375 3041 2631 3112 supplicia
2659 3043 2925 3111 capitalia,
2957 3046 3241 3116 torquetis,
3273 3045 3601 3116 dilaceratis,
3633 3049 3867 3115 esuritis,
3892 3056 3937 3102 et

2375 3134 2441 3189 ad
2468 3146 2769 3192 extremum
2794 3154 2892 3194 nos
2918 3138 3043 3194 feris
3068 3148 3121 3195 et
3153 3139 3452 3197 belluarum
3486 3142 3773 3200 laniatihus
3808 3142 3941 3213 obje-

2376 3230 2554 3283 ctatis.
2594 3250 2612 3282 ι
2647 3230 2879 3287 Videsne
2916 3235 3130 3304 quantis
3171 3236 3533 3298 cruciatibus.
3570 3239 3823 3293 bonorum
3866 3252 3944 3291 ex-

668 3337 1048 3392 mimcummm
1077 3336 1303 3407 singula:
1327 3335 1770 3402 circumstantia,
1804 3337 2054 3390 nimirum
2079 3378 2095 3403 ,
2127 3353 2266 3408 qum,
2298 3332 2342 3393 ρ
2374 3322 2713 3391 Spoliatione.
2743 3326 2956 3389 exsilio.
2988 3327 3341 3384 distractione
3383 3329 3753 3386 membrorum
3775 3371 3789 3390 .
3821 3329 3942 3398 igne,

669 3444 701 3485 a
726 3446 855 3501 quo,
885 3428 1123 3500 quando.
1156 3427 1267 3493 ubi,
1289 3436 1345 3485 et
1373 3427 1645 3497 quomodo
1674 3426 1812 3482 facta
1836 3429 1964 3487 sint.
1988 3428 2126 3483 adeo
2148 3444 2271 3500 gra-

669 3522 828 3591 phice
868 3529 923 3575 et
964 3519 1246 3576 enucleate
1273 3530 1636 3589 esponuntur,
1678 3529 1733 3574 ut
1766 3520 1895 3574 nihil
1927 3521 2129 3575 clarius
2157 3523 2272 3577 evi-

671 3614 995 3681 dentiusque
1021 3613 1316 3669 desiderari
1346 3614 1536 3684 possit.
1568 3616 1742 3685 Atque
1773 3623 1829 3667 ut
1852 3613 2079 3683 plurima
2110 3616 2271 3671 missa

673 3706 956 3773 faciamus,
983 3721 1365 3777 quorumnam,
1394 3721 1490 3761 oro
1522 3714 1592 3771 te,
1627 3705 1890 3761 factorum
1918 3711 2275 3764 circumstan-

675 3798 765 3853 tiae
796 3799 1002 3869 planius
1042 3813 1107 3853 ac
1142 3798 1428 3853 dilucidius
1457 3797 1857 3866 describuntur,
1886 3816 2045 3871 quam
2087 3816 2274 3857 eorum

675 3889 1092 3958 miraculorum,
1136 3889 1331 3962 quibus
1370 3890 1615 3946 Christus
1650 3890 1911 3946 Lazarum
1954 3891 2195 3964 aliosque
2243 3909 2275 3949 a

677 3991 853 4038 morte
877 3982 944 4037 ad
975 3983 1139 4037 vitam
1172 3998 1478 4047 revocasse,
1511 3998 1574 4038 ac
1599 3984 1792 4055 quibus
1823 3993 2068 4054 negatam
2110 4000 2138 4039 a
2176 4000 2275 4039 na-

679 4062 797 4129 tura
849 4073 1064 4128 videndi
1112 4083 1432 4144 p0testatem
1477 4073 1674 4130 fecisse
1717 4077 2005 4130 narratur?
2036 4079 2116 4131 Ad
2160 4076 2277 4133 haec

678 4182 840 4233 vero,
879 4182 1060 4222 nonne
1088 4167 1299 4223 Ethnici
1338 4182 1403 4222 ac
1435 4166 1608 4223 Judaei
1630 4210 1646 4233 ,
1677 4167 1936 4236 capitales
1964 4166 2167 4223 Christi
2215 4183 2278 4224 ac

679 4258 915 4314 fundata:
944 4259 1012 4313 ab
1041 4274 1107 4314 eo
1128 4258 1401 4330 religionis
1430 4259 1631 4315 inimici
1663 4260 1916 4327 maxima,
1950 4276 2053 4331 qua
2085 4270 2276 4331 potue-

679 4360 824 4419 runt,
853 4351 1123 4422 diligentia
1152 4351 1487 4422 praescrutati
1529 4359 1676 4417 sunt,
1704 4367 1772 4406 an
1813 4352 1917 4406 ulla
1947 4353 2030 4407 vel
2058 4352 2276 4408 minima

679 4446 733 4501 in
764 4445 962 4501 ChriSIi
986 4446 1479 4517 discipulorumque
1501 4446 1619 4516 ejus
1643 4446 2156 4502 miraculis.deesset
2175 4447 2279 4502 cir-

679 4537 1025 4605 cumstantia,
1053 4553 1156 4608 qua
1181 4537 1403 4601 fraudis.
1426 4547 1518 4593 aut
1546 4538 1662 4593 falsi
1690 4536 1894 4609 aliquid
1915 4538 1966 4592 in
1995 4539 2073 4594 eis
2095 4538 2279 4593 redar-

679 4647 846 4703 guere
876 4631 1136 4701 possent?
1164 4630 1235 4686 At
1262 4632 1507 4702 quamvis
1548 4631 1685 4687 nulli
1720 4646 1903 4703 opera:
1932 4642 1985 4687 et
2014 4632 2183 4687 labori
2210 4633 2276 4688 ad

2378 3414 2645 3482 flammis,
2693 3415 2925 3472 ferarum
2973 3434 3037 3474 ac
3083 3420 3379 3476 belluarum
3428 3422 3715 3480 laniatibus
3767 3418 3942 3478 ethnici

2375 3506 2699 3563 chriStianos
2742 3509 2805 3564 ad
2855 3510 3167 3581 ejuraudam
3211 3528 3361 3569 suam
3409 3515 3727 3586 religionem
3774 3528 3941 3584 cogere

2377 3603 2737 3674 nequidquam
2767 3606 3061 3663 tentabant.
3092 3608 3454 3676 Quamobrem
3490 3610 3586 3667 ille
3607 3612 3715 3667 alio
3739 3612 3789 3666 in
3824 3609 3941 3664 libro

2377 3694 2469 3750 ubi
2495 3695 2829 3752 ethniciirum
2857 3713 3006 3755 sacra
3042 3701 3298 3772 exagitat,
3341 3703 3393 3757 in
3423 3717 3519 3759 eos
3551 3705 3632 3759 sic
3662 3702 3942 3760 invehitur:

2384 3807 2404 3841 r
2436 3790 2516 3843 Ad
2547 3789 2783 3847 hmccine
2812 3808 2964 3849 sacra
3008 3794 3259 3862 flammis,
3289 3797 3486 3863 exiliis,
3514 3797 3787 3859 caedibus.
3812 3804 3945 3863 atque

2378 3883 2584 3955 reliquo
2608 3901 2807 3955 genere
2847 3889 3230 3959 suppliciorum
3260 3890 3609 3958 compellitis,
3644 3903 3701 3948 et
3734 3886 3943 3946 crudeli-

2377 3978 2505 4033 tatis
2536 3990 2677 4035 metu
2710 3980 2947 4052 (Arnob.,
2981 3983 3067 4037 lib.
3092 3999 3150 4049 v,
3183 4001 3304 4055 pag.
3325 3982 3492 4056 177)?
3522 4005 3541 4039 ι
3566 3985 3820 4056 lntelligis
3838 3994 3946 4037 sane

2380 4068 2465 4125 his
2508 4070 2685 4127 verbis
2715 4114 2728 4138 ,
2778 4074 2973 4144 reliquo
3021 4091 3204 4145 genere
3268 4077 3678 4147 suppliciorum,
3724 4075 3947 4147 quaelibet

2376 4162 2540 4218 etiam
2572 4165 2925 4230 atrocissima,
2957 4183 3076 4235 qua:
3105 4168 3432 4224 incredibilis
3457 4169 3796 4226 etlmicorum
3817 4209 3831 4232 ,
3854 4180 3938 4220 seu

2380 4258 2561 4327 potius
2589 4258 2919 4326 dremonum,
2948 4260 3138 4316 feritas
3159 4271 3215 4317 et
3242 4262 3420 4318 rabies
3448 4265 3756 4334 excogitare
3783 4258 3944 4332 potuit.

2380 4351 2765 4422 suppliciorum
2815 4370 3013 4423 genera
3057 4356 3467 4427 comprehendi.
3502 4359 3610 4415 Sed
3639 4358 3765 4431 quid
3809 4358 3949 4411 inter-

2382 4445 2684 4514 pretatione
2714 4461 2852 4515 Opus
2877 4456 2982 4512 est,
3007 4448 3095 4503 ubi
3125 4448 3243 4505 haec
3268 4465 3455 4520 aperte
3483 4452 3554 4506 ab
3586 4450 3679 4506 illo
3707 4447 3949 4518 explican-

2384 4547 2516 4596 tur;
2557 4557 2576 4589 ι
2610 4538 2834 4605 Studiis,
2879 4560 2898 4593 ι
2929 4541 3122 4611 inquit,
3164 4561 3183 4594 ι
3223 4543 3400 4599 facere
3436 4543 3565 4614 quid
3612 4538 3949 4615 pervicacibus

2382 4632 2709 4702 possumus?
2734 4632 2872 4702 Quid
2905 4633 3299 4691 intentantibus
3325 4637 3560 4707 gladios,
3589 4649 3855 4705 novasque
3872 4644 3947 4685 ex-

680 4724 734 4781 id
764 4723 1197 4796 investigandum
1224 4727 1583 4795 pepercerint,
1608 4726 1742 4781 nihil
1766 4736 1943 4781 tamen
1968 4727 2109 4797 quod
2140 4729 2278 4782 veris
2304 4733 2359 4794 1)
2382 4724 2738 4795 cogitantibus
2766 4726 2986 4797 pteuas?
3015 4746 3033 4778 ι
3072 4725 3299 4798 (Idem,
3331 4728 3420 4783 lib.
3445 4743 3523 4793 vt,
3552 4745 3674 4800 pag.
3705 4721 3845 4790 l97.)
3866 4720 3949 4774 E35

682 4817 957 4873 miraculis
987 4818 1071 4872 vel
1112 4819 1390 4874 minimum
1428 4819 1674 4886 deesset,
1720 4820 2129 4891 deprehendere
2158 4837 2278 4877 um-

683 4923 842 4979 quam
882 4911 1185 4964 valuerunt.
1219 4909 1330 4965 Nec
1358 4911 1535 4967 minus
1575 4913 1992 4968 christianorum
2027 4914 2283 4970 intererat

685 4999 940 5071 indagare
966 5016 1156 5056 omnes
1185 5011 1238 5057 et
1265 5001 1501 5073 singulas
1527 5002 1718 5059 horum
1763 5005 2141 5062 miraculorum
2172 5006 2281 5061 cir-

683 5093 1058 5159 cumstantias,
1090 5094 1285 5163 quibus
1326 5096 1391 5150 ad
1421 5096 1766 5167 rejicicndam
1799 5110 2008 5169 patrum
2036 5116 2279 5167 suorum,

683 5197 738 5244 et
765 5189 1136 5258 proﬁtendam,
1161 5190 1237 5245 uti
1264 5190 1515 5259 diximus,
1546 5193 1701 5266 longe
1729 5195 2002 5253 duriorem
2030 5197 2282 5252 clrrisxia-

685 5296 875 5335 uorum
900 5281 1212 5352 religionem
1234 5283 1448 5341 adducti
1473 5297 1616 5343 sunt.
1642 5289 1755 5357 Qua
1782 5307 1911 5362 ergo
1933 5291 2112 5346 fronte
2134 5291 2283 5361 impii

687 5373 931 5429 homines
961 5384 1079 5442 post
1104 5384 1184 5431 tot
1212 5377 1402 5433 smcula
1432 5379 1631 5436 audent
1659 5382 1896 5452 objicere
1926 5399 2030 5439 non
2062 5400 2283 5454 perspe-

686 5481 801 5527 ctas
843 5471 910 5527 ab
953 5472 1055 5538 iis,
1080 5490 1307 5543 quorum
1354 5476 1484 5532 nihil
1519 5494 1770 5551 umquam
1815 5482 1983 5552 magis
2026 5482 2286 5540 interesse

688 5576 917 5636 poterat.
952 5567 1162 5623 illorum
1207 5570 1589 5628 miraculorum
1631 5576 2095 5643 circumstantias,
2127 5590 2288 5651 atque

690 5657 987 5714 incredibili
1012 5676 1230 5731 prorsus
1253 5664 1589 5730 credulitate,
1624 5666 1688 5721 iis
1706 5683 1993 5739 numquam
2017 5671 2288 5727 examina-

691 5749 781 5817 tis,
813 5751 1121 5808 christianre
1160 5755 1408 5827 religioni
1441 5757 1584 5813 haud
1625 5759 1834 5815 incerto
1886 5761 2008 5815 vitae
2049 5762 2286 5831 periculo

690 5854 845 5896 suum
866 5844 1108 5913 protinus
1131 5845 1346 5903 dedisse
1372 5849 1603 5905 nomen?
1629 5848 1736 5906 Sed
1764 5849 1817 5905 in
1846 5848 2155 5908 refellendis
2177 5862 2283 5909 tam

693 5933 939 5990 absurdis
959 5935 1274 6006 opinionum
1297 5944 1619 6000 commentis
1649 5943 1854 6002 diutius
1872 5944 2092 6014 morari,
2111 5944 2287 6002 homi-

2385 4820 2527 4875 haud
2551 4820 2709 4877 dubie
2734 4838 2943 4892 poenas,
2967 4837 3099 4893 quas
3125 4823 3301 4878 nullus
3323 4824 3670 4893 quantumvis
3696 4821 3944 4877 barbarus,

2383 4930 2448 4971 ac
2477 4915 2643 4983 ferus,
2673 4920 2955 4989 omnisque
2991 4918 3340 4973 bumamtatis
3374 4933 3574 4989 expers
3602 4917 3765 4994 homo
3794 4914 3947 4969 hacte—

2385 5024 2486 5066 nus
2511 5012 2815 5081 excogitare
2844 5022 2899 5066 et
2928 5011 3131 5083 lingere
3162 5021 3433 5081 potuerat.

2478 5104 2661 5177 Neque
2712 5122 2835 5162 raro
2894 5107 3146 5176 quidem,
3198 5104 3293 5160 sed
3345 5106 3647 5176 sa-pissime
3695 5095 3949 5160 dirissimis

2384 5200 2715 5271 ejuscemodi
2752 5201 3079 5257 cruciatibus
3129 5212 3349 5256 vexatos
3375 5243 3390 5266 ,
3443 5210 3768 5270 necatosque
3812 5194 3949 5250 fuisse

2385 5294 2713 5351 christianos
2741 5295 2825 5350 bis
2870 5306 3058 5351 auctor
3104 5305 3289 5351 noster
3339 5295 3479 5350 haud
3518 5293 3764 5350 obscuris
3800 5283 3950 5344 verbis

2385 5386 2654 5457 significat
2682 5405 2696 5442 :
2738 5407 2755 5440 ι
2794 5389 2849 5443 Si
2881 5388 3107 5444 totidem
3137 5404 3236 5442 nos
3269 5388 3464 5455 modis,
3493 5387 3818 5457 totidemque
3845 5391 3949 5433 sen-

2386 5480 2588 5545 tentiis,
2623 5500 2644 5533 s
2678 5491 2838 5551 atque
2867 5482 3084 5551 ipsimet
3111 5482 3346 5550 Ethnici,
3379 5503 3399 5535 ι
3426 5483 3652 5537 deorum
3683 5483 3949 5535 vestrorum

2390 5572 2775 5628 subrueremus
2815 5573 3006 5639 lidem;
3037 5574 3170 5628 nulli
3208 5584 3350 5628 esset
3387 5573 3609 5628 dubium
3647 5570 3774 5641 quin
3814 5568 3884 5620 ira
3910 5568 3950 5613 el

2391 5664 2541 5720 rabie
2585 5664 2874 5730 concitati,
2907 5666 3093 5735 ignes,
3143 5667 3282 5721 feras
3312 5676 3369 5721 et
3412 5664 3646 5737 gladios,
3674 5672 3831 5732 atque
3867 5651 3948 5707 alia

2388 5758 2732 5830 postularetis
2759 5757 3145 5828 siippliciorum
3170 5759 3221 5814 in
3253 5774 3352 5815 nos
3376 5772 3597 5830 genera,
3626 5754 3818 5824 quibus
3832 5744 3948 5801 sitim

2386 5850 2576 5907 soletis
2591 5860 2824 5907 vestram
2843 5851 3013 5906 nostri
3029 5852 3306 5921 sanguinis
3323 5848 3654 5923 appetitione
3679 5842 3911 5917 proluere
3933 5850 3948 5884 ι

2385 5945 2621 6019 (Idem,
2649 5947 2740 6005 lib.
2775 5962 2856 6014 tn,
2883 5964 3003 6017 pag.
3038 5945 3225 6010 1‘22”.
