  <div class='ocr_page' id='page_1' title='image "/cluster/home/n/w/nwhite01/storage/ocr_20150623/5/umn.31951002477299b/218.png"; bbox 0 0 3980 6282; ppageno 0'>
   <div class='ocr_carea' id='block_1_1' title="bbox 58 270 160 328">
    <p class='ocr_par' dir='ltr' id='par_1_1' title="bbox 58 270 160 328">
     <span class='ocr_line' id='line_1_1' title="bbox 58 270 160 328; baseline 0 -1"><span class='ocrx_word' id='word_1_1' title='bbox 58 270 160 328; x_wconf 72' lang='grc'><strong>417</strong></span> 
     </span>
    </p>
   </div>
   <div class='ocr_carea' id='block_1_2' title="bbox 1346 266 2146 335">
    <p class='ocr_par' dir='ltr' id='par_1_2' title="bbox 1346 266 2146 335">
     <span class='ocr_line' id='line_1_2' title="bbox 1346 266 2146 335; baseline -0.004 -6"><span class='ocrx_word' id='word_1_2' title='bbox 1346 270 1414 329; x_wconf 83' lang='lat' dir='ltr'><strong>1N</strong></span> <span class='ocrx_word' id='word_1_3' title='bbox 1445 266 1824 335; x_wconf 80' lang='lat' dir='ltr'><strong>ARNOBIUM,</strong></span> <span class='ocrx_word' id='word_1_4' title='bbox 1865 266 2018 327; x_wconf 82' lang='lat' dir='ltr'><strong>CAP.</strong></span> <span class='ocrx_word' id='word_1_5' title='bbox 2058 269 2146 327; x_wconf 75' lang='grc' dir='ltr'><strong>Ν.</strong></span> 
     </span>
    </p>
   </div>
   <div class='ocr_carea' id='block_1_3' title="bbox 3257 274 3362 331">
    <p class='ocr_par' dir='ltr' id='par_1_3' title="bbox 3257 274 3362 331">
     <span class='ocr_line' id='line_1_3' title="bbox 3257 274 3362 331; baseline 0.019 -3"><span class='ocrx_word' id='word_1_6' title='bbox 3257 274 3362 331; x_wconf 69' lang='grc'><strong>418</strong></span> 
     </span>
    </p>
   </div>
   <div class='ocr_carea' id='block_1_4' title="bbox 124 385 3365 456">
    <p class='ocr_par' dir='ltr' id='par_1_4' title="bbox 124 385 3365 456">
     <span class='ocr_line' id='line_1_4' title="bbox 124 385 3365 456; baseline 0 -11"><span class='ocrx_word' id='word_1_7' title='bbox 124 390 214 445; x_wconf 79' lang='lat' dir='ltr'><strong>Ex</strong></span> <span class='ocrx_word' id='word_1_8' title='bbox 258 387 366 445; x_wconf 91' lang='lat' dir='ltr'><strong>hoc</strong></span> <span class='ocrx_word' id='word_1_9' title='bbox 406 395 589 445; x_wconf 86' lang='lat' dir='ltr'><strong>autem</strong></span> <span class='ocrx_word' id='word_1_10' title='bbox 629 388 714 445; x_wconf 87' lang='lat' dir='ltr'><strong>vel</strong></span> <span class='ocrx_word' id='word_1_11' title='bbox 752 388 873 445; x_wconf 90' lang='lat' dir='ltr'><strong>solo</strong></span> <span class='ocrx_word' id='word_1_12' title='bbox 899 387 1121 444; x_wconf 80' lang='lat' dir='ltr'><strong>Arnobii</strong></span> <span class='ocrx_word' id='word_1_13' title='bbox 1155 387 1323 446; x_wconf 78' lang='lat' dir='ltr'><strong>nostri</strong></span> <span class='ocrx_word' id='word_1_14' title='bbox 1355 388 1661 443; x_wconf 84' lang='lat' dir='ltr'><strong>testimonio</strong></span> <span class='ocrx_word' id='word_1_15' title='bbox 1689 394 1739 455; x_wconf 77' lang='grc' dir='ltr'><strong>Α</strong></span> <span class='ocrx_word' id='word_1_16' title='bbox 1769 385 1908 451; x_wconf 83' lang='lat' dir='ltr'><strong>Deo,</strong></span> <span class='ocrx_word' id='word_1_17' title='bbox 1938 402 2123 443; x_wconf 90' lang='lat' dir='ltr'><strong>eorum</strong></span> <span class='ocrx_word' id='word_1_18' title='bbox 2154 395 2329 443; x_wconf 86' lang='lat' dir='ltr'><strong>tantas</strong></span> <span class='ocrx_word' id='word_1_19' title='bbox 2357 389 2662 446; x_wconf 87' lang='lat' dir='ltr'><strong>animorum</strong></span> <span class='ocrx_word' id='word_1_20' title='bbox 2694 388 2809 446; x_wconf 84' lang='lat' dir='ltr'><strong>fieri</strong></span> <span class='ocrx_word' id='word_1_21' title='bbox 2845 389 3272 456; x_wconf 90' lang='lat' dir='ltr'><strong>conversiones;</strong></span> <span class='ocrx_word' id='word_1_22' title='bbox 3306 400 3365 446; x_wconf 91' lang='lat' dir='ltr'><strong>ut</strong></span> 
     </span>
    </p>
   </div>
   <div class='ocr_carea' id='block_1_5' title="bbox 57 481 1664 555">
    <p class='ocr_par' dir='ltr' id='par_1_5' title="bbox 57 481 1664 555">
     <span class='ocr_line' id='line_1_5' title="bbox 57 481 1664 555; baseline -0.001 -18"><span class='ocrx_word' id='word_1_23' title='bbox 57 482 215 537; x_wconf 89' lang='lat' dir='ltr'><strong>facile</strong></span> <span class='ocrx_word' id='word_1_24' title='bbox 270 482 497 554; x_wconf 82' lang='lat' dir='ltr'><strong>colliges</strong></span> <span class='ocrx_word' id='word_1_25' title='bbox 551 493 749 555; x_wconf 87' lang='lat' dir='ltr'><strong>quanta</strong></span> <span class='ocrx_word' id='word_1_26' title='bbox 805 482 965 537; x_wconf 88' lang='lat' dir='ltr'><strong>fuerit</strong></span> <span class='ocrx_word' id='word_1_27' title='bbox 1015 481 1158 535; x_wconf 85' lang='lat' dir='ltr'><strong>illius</strong></span> <span class='ocrx_word' id='word_1_28' title='bbox 1200 481 1375 535; x_wconf 89' lang='lat' dir='ltr'><strong>adhuc</strong></span> <span class='ocrx_word' id='word_1_29' title='bbox 1422 492 1664 551; x_wconf 87' lang='lat' dir='ltr'><strong>tempore</strong></span> 
     </span>
    </p>
   </div>
   <div class='ocr_carea' id='block_1_6' title="bbox 58 573 1664 648">
    <p class='ocr_par' dir='ltr' id='par_1_6' title="bbox 58 573 1664 648">
     <span class='ocr_line' id='line_1_6' title="bbox 58 573 1664 648; baseline -0.005 -15"><span class='ocrx_word' id='word_1_30' title='bbox 58 587 368 648; x_wconf 78' lang='lat' dir='ltr'><strong>martyrum</strong></span> <span class='ocrx_word' id='word_1_31' title='bbox 413 576 722 632; x_wconf 89' lang='lat' dir='ltr'><strong>multitudo.</strong></span> <span class='ocrx_word' id='word_1_32' title='bbox 754 575 908 645; x_wconf 87' lang='lat' dir='ltr'><strong>Quod</strong></span> <span class='ocrx_word' id='word_1_33' title='bbox 959 575 1173 644; x_wconf 78' lang='lat' dir='ltr'><strong>quidem</strong></span> <span class='ocrx_word' id='word_1_34' title='bbox 1215 574 1336 630; x_wconf 89' lang='lat' dir='ltr'><strong>ideo</strong></span> <span class='ocrx_word' id='word_1_35' title='bbox 1366 573 1540 629; x_wconf 79' lang='lat' dir='ltr'><strong>obiter</strong></span> <span class='ocrx_word' id='word_1_36' title='bbox 1569 590 1664 627; x_wconf 92' lang='lat' dir='ltr'><strong>no-</strong></span> 
     </span>
    </p>
   </div>
   <div class='ocr_carea' id='block_1_7' title="bbox 59 668 1663 741">
    <p class='ocr_par' dir='ltr' id='par_1_7' title="bbox 59 668 1663 741">
     <span class='ocr_line' id='line_1_7' title="bbox 59 668 1663 741; baseline 0.001 -20"><span class='ocrx_word' id='word_1_37' title='bbox 59 678 259 736; x_wconf 85' lang='lat' dir='ltr'><strong>tamus,</strong></span> <span class='ocrx_word' id='word_1_38' title='bbox 298 679 544 740; x_wconf 89' lang='lat' dir='ltr'><strong>utquam</strong></span> <span class='ocrx_word' id='word_1_39' title='bbox 577 669 712 725; x_wconf 86' lang='lat' dir='ltr'><strong>falsa</strong></span> <span class='ocrx_word' id='word_1_40' title='bbox 744 670 812 725; x_wconf 88' lang='lat' dir='ltr'><strong>sit</strong></span> <span class='ocrx_word' id='word_1_41' title='bbox 840 670 908 725; x_wconf 94' lang='lat' dir='ltr'><strong>de</strong></span> <span class='ocrx_word' id='word_1_42' title='bbox 942 684 1128 726; x_wconf 89' lang='lat' dir='ltr'><strong>corum</strong></span> <span class='ocrx_word' id='word_1_43' title='bbox 1172 670 1442 741; x_wconf 81' lang='lat' dir='ltr'><strong>paucitate</strong></span> <span class='ocrx_word' id='word_1_44' title='bbox 1480 668 1663 740; x_wconf 85' lang='lat' dir='ltr'><strong>Opinio</strong></span> 
     </span>
    </p>
   </div>
   <div class='ocr_carea' id='block_1_8' title="bbox 59 763 610 835">
    <p class='ocr_par' dir='ltr' id='par_1_8' title="bbox 59 763 610 835">
     <span class='ocr_line' id='line_1_8' title="bbox 59 763 610 835; baseline -0.004 -17"><span class='ocrx_word' id='word_1_45' title='bbox 59 777 252 819; x_wconf 89' lang='lat' dir='ltr'><strong>omnes</strong></span> <span class='ocrx_word' id='word_1_46' title='bbox 286 763 610 835; x_wconf 80' lang='lat' dir='ltr'><strong>intelligant.</strong></span> 
     </span>
    </p>
   </div>
   <div class='ocr_carea' id='block_1_9' title="bbox 126 854 1663 927">
    <p class='ocr_par' dir='ltr' id='par_1_9' title="bbox 126 854 1663 927">
     <span class='ocr_line' id='line_1_9' title="bbox 126 854 1663 927; baseline 0 -18"><span class='ocrx_word' id='word_1_47' title='bbox 126 854 240 909; x_wconf 86' lang='lat' dir='ltr'><strong>Sed</strong></span> <span class='ocrx_word' id='word_1_48' title='bbox 286 856 519 927; x_wconf 85' lang='lat' dir='ltr'><strong>agedum</strong></span> <span class='ocrx_word' id='word_1_49' title='bbox 542 898 557 923; x_wconf 94' lang='lat'><strong>,</strong></span> <span class='ocrx_word' id='word_1_50' title='bbox 587 864 749 927; x_wconf 89' lang='lat' dir='ltr'><strong>atque</strong></span> <span class='ocrx_word' id='word_1_51' title='bbox 771 855 1068 912; x_wconf 82' lang='lat' dir='ltr'><strong>Arnobium</strong></span> <span class='ocrx_word' id='word_1_52' title='bbox 1098 864 1339 911; x_wconf 92' lang='lat' dir='ltr'><strong>nostrum</strong></span> <span class='ocrx_word' id='word_1_53' title='bbox 1366 854 1543 910; x_wconf 90' lang='lat' dir='ltr'><strong>adhuc</strong></span> <span class='ocrx_word' id='word_1_54' title='bbox 1569 869 1663 909; x_wconf 79' lang='lat' dir='ltr'><strong>au-</strong></span> 
     </span>
    </p>
   </div>
   <div class='ocr_carea' id='block_1_10' title="bbox 61 947 1663 1018">
    <p class='ocr_par' dir='ltr' id='par_1_10' title="bbox 61 947 1663 1018">
     <span class='ocr_line' id='line_1_10' title="bbox 61 947 1663 1018; baseline -0.001 -15"><span class='ocrx_word' id='word_1_55' title='bbox 61 948 309 1014; x_wconf 85' lang='lat' dir='ltr'><strong>diamus,</strong></span> <span class='ocrx_word' id='word_1_56' title='bbox 361 947 431 1005; x_wconf 92' lang='lat' dir='ltr'><strong>de</strong></span> <span class='ocrx_word' id='word_1_57' title='bbox 458 949 750 1018; x_wconf 81' lang='lat' dir='ltr'><strong>cujuslibet</strong></span> <span class='ocrx_word' id='word_1_58' title='bbox 797 947 1153 1017; x_wconf 85' lang='lat' dir='ltr'><strong>eottditionis,</strong></span> <span class='ocrx_word' id='word_1_59' title='bbox 1187 949 1359 1003; x_wconf 65' lang='lat' dir='ltr'><strong>aetatis</strong></span> <span class='ocrx_word' id='word_1_60' title='bbox 1401 963 1465 1004; x_wconf 90' lang='lat' dir='ltr'><strong>ac</strong></span> <span class='ocrx_word' id='word_1_61' title='bbox 1502 962 1663 1002; x_wconf 83' lang='lat' dir='ltr'><strong>sexus</strong></span> 
     </span>
    </p>
   </div>
   <div class='ocr_carea' id='block_1_11' title="bbox 63 1040 1665 1114">
    <p class='ocr_par' dir='ltr' id='par_1_11' title="bbox 63 1040 1665 1114">
     <span class='ocr_line' id='line_1_11' title="bbox 63 1040 1665 1114; baseline -0.001 -18"><span class='ocrx_word' id='word_1_62' title='bbox 63 1041 397 1114; x_wconf 85' lang='lat' dir='ltr'><strong>martyribus</strong></span> <span class='ocrx_word' id='word_1_63' title='bbox 442 1041 840 1099; x_wconf 75' lang='lat' dir='ltr'><strong>disserentem:</strong></span> <span class='ocrx_word' id='word_1_64' title='bbox 892 1062 911 1094; x_wconf 79' lang='grc' dir='ltr'>ι</span> <span class='ocrx_word' id='word_1_65' title='bbox 946 1042 1028 1098; x_wconf 88' lang='lat' dir='ltr'><strong>Ab</strong></span> <span class='ocrx_word' id='word_1_66' title='bbox 1069 1042 1302 1098; x_wconf 91' lang='lat' dir='ltr'><strong>dominis</strong></span> <span class='ocrx_word' id='word_1_67' title='bbox 1328 1084 1341 1108; x_wconf 94' lang='lat'><strong>,</strong></span> <span class='ocrx_word' id='word_1_68' title='bbox 1380 1060 1399 1093; x_wconf 71' lang='grc' dir='ltr'><strong><em>ι</em></strong></span> <span class='ocrx_word' id='word_1_69' title='bbox 1452 1040 1665 1111; x_wconf 68' lang='lat' dir='ltr'><strong>ait,ille</strong></span> 
     </span>
    </p>
   </div>
   <div class='ocr_carea' id='block_1_12' title="bbox 64 1133 1666 1209">
    <p class='ocr_par' dir='ltr' id='par_1_12' title="bbox 64 1133 1666 1209">
     <span class='ocr_line' id='line_1_12' title="bbox 64 1133 1666 1209; baseline 0.001 -20"><span class='ocrx_word' id='word_1_70' title='bbox 64 1133 282 1209; x_wconf 62' lang='lat' dir='ltr'><strong>(Idem,</strong></span> <span class='ocrx_word' id='word_1_71' title='bbox 312 1135 405 1192; x_wconf 78' lang='lat' dir='ltr'><strong>lib.</strong></span> <span class='ocrx_word' id='word_1_72' title='bbox 430 1151 489 1199; x_wconf 86' lang='lat' dir='ltr'><strong>tt,</strong></span> <span class='ocrx_word' id='word_1_73' title='bbox 514 1153 635 1207; x_wconf 85' lang='lat' dir='ltr'><strong>pag.</strong></span> <span class='ocrx_word' id='word_1_74' title='bbox 660 1137 731 1192; x_wconf 73' lang='grc'>44</span> <span class='ocrx_word' id='word_1_75' title='bbox 752 1145 799 1190; x_wconf 79' lang='lat' dir='ltr'><strong>et</strong></span> <span class='ocrx_word' id='word_1_76' title='bbox 825 1134 1009 1209; x_wconf 54' lang='grc' dir='ltr'><strong>ηιμ),</strong></span> <span class='ocrx_word' id='word_1_77' title='bbox 1036 1155 1055 1188; x_wconf 76' lang='grc' dir='ltr'>ι</span> <span class='ocrx_word' id='word_1_78' title='bbox 1084 1152 1144 1192; x_wconf 88' lang='lat' dir='ltr'><strong>se</strong></span> <span class='ocrx_word' id='word_1_79' title='bbox 1170 1136 1311 1192; x_wconf 81' lang='lat' dir='ltr'><strong>servi</strong></span> <span class='ocrx_word' id='word_1_80' title='bbox 1337 1134 1666 1191; x_wconf 79' lang='lat' dir='ltr'><strong>cruciatibus</strong></span> 
     </span>
    </p>
   </div>
   <div class='ocr_carea' id='block_1_13' title="bbox 65 1230 1666 1302">
    <p class='ocr_par' dir='ltr' id='par_1_13' title="bbox 65 1230 1666 1302">
     <span class='ocr_line' id='line_1_13' title="bbox 65 1230 1666 1302; baseline -0.003 -17"><span class='ocrx_word' id='word_1_81' title='bbox 65 1230 239 1295; x_wconf 83' lang='lat' dir='ltr'><strong>allici,</strong></span> <span class='ocrx_word' id='word_1_82' title='bbox 269 1231 474 1302; x_wconf 86' lang='lat' dir='ltr'><strong>quibus</strong></span> <span class='ocrx_word' id='word_1_83' title='bbox 503 1232 809 1298; x_wconf 88' lang='lat' dir='ltr'><strong>statuerint,</strong></span> <span class='ocrx_word' id='word_1_84' title='bbox 839 1232 1063 1298; x_wconf 86' lang='lat' dir='ltr'><strong>malunt,</strong></span> <span class='ocrx_word' id='word_1_85' title='bbox 1104 1230 1241 1286; x_wconf 89' lang='lat' dir='ltr'><strong>solvi</strong></span> <span class='ocrx_word' id='word_1_86' title='bbox 1268 1230 1527 1300; x_wconf 83' lang='lat' dir='ltr'><strong>conjuges</strong></span> <span class='ocrx_word' id='word_1_87' title='bbox 1552 1244 1666 1283; x_wconf 90' lang='lat' dir='ltr'><strong>ma-</strong></span> 
     </span>
    </p>
   </div>
   <div class='ocr_carea' id='block_1_14' title="bbox 68 1321 1665 1395">
    <p class='ocr_par' dir='ltr' id='par_1_14' title="bbox 68 1321 1665 1395">
     <span class='ocr_line' id='line_1_14' title="bbox 68 1321 1665 1395; baseline 0.001 -20"><span class='ocrx_word' id='word_1_88' title='bbox 68 1321 361 1391; x_wconf 89' lang='lat' dir='ltr'><strong>trimoniis,</strong></span> <span class='ocrx_word' id='word_1_89' title='bbox 379 1322 719 1380; x_wconf 72' lang='lat' dir='ltr'><strong>exhaaredari</strong></span> <span class='ocrx_word' id='word_1_90' title='bbox 740 1339 769 1379; x_wconf 89' lang='lat' dir='ltr'><strong>a</strong></span> <span class='ocrx_word' id='word_1_91' title='bbox 790 1323 1103 1394; x_wconf 87' lang='lat' dir='ltr'><strong>parentibus</strong></span> <span class='ocrx_word' id='word_1_92' title='bbox 1127 1323 1303 1390; x_wconf 85' lang='lat' dir='ltr'><strong>liberi,</strong></span> <span class='ocrx_word' id='word_1_93' title='bbox 1321 1339 1478 1395; x_wconf 88' lang='lat' dir='ltr'><strong>quam</strong></span> <span class='ocrx_word' id='word_1_94' title='bbox 1504 1322 1665 1378; x_wconf 87' lang='lat' dir='ltr'><strong>fidem</strong></span> 
     </span>
    </p>
   </div>
   <div class='ocr_carea' id='block_1_15' title="bbox 64 1415 1665 1487">
    <p class='ocr_par' dir='ltr' id='par_1_15' title="bbox 64 1415 1665 1487">
     <span class='ocr_line' id='line_1_15' title="bbox 64 1415 1665 1487; baseline -0.001 -16"><span class='ocrx_word' id='word_1_95' title='bbox 64 1431 318 1487; x_wconf 84' lang='lat' dir='ltr'><strong>rumpere</strong></span> <span class='ocrx_word' id='word_1_96' title='bbox 347 1415 720 1484; x_wconf 87' lang='lat' dir='ltr'><strong>christianam,</strong></span> <span class='ocrx_word' id='word_1_97' title='bbox 740 1427 796 1472; x_wconf 91' lang='lat' dir='ltr'><strong>et</strong></span> <span class='ocrx_word' id='word_1_98' title='bbox 817 1416 1071 1472; x_wconf 88' lang='lat' dir='ltr'><strong>salutaris</strong></span> <span class='ocrx_word' id='word_1_99' title='bbox 1096 1416 1301 1471; x_wconf 75' lang='lat' dir='ltr'><strong>militia:</strong></span> <span class='ocrx_word' id='word_1_100' title='bbox 1328 1424 1665 1470; x_wconf 89' lang='lat' dir='ltr'><strong>sacramenta</strong></span> 
     </span>
    </p>
   </div>
   <div class='ocr_carea' id='block_1_16' title="bbox 66 1507 1666 1578">
    <p class='ocr_par' dir='ltr' id='par_1_16' title="bbox 66 1507 1666 1578">
     <span class='ocr_line' id='line_1_16' title="bbox 66 1507 1666 1578; baseline -0.001 -14"><span class='ocrx_word' id='word_1_101' title='bbox 66 1507 363 1578; x_wconf 81' lang='lat' dir='ltr'><strong>deponere.</strong></span> <span class='ocrx_word' id='word_1_102' title='bbox 404 1526 425 1560; x_wconf 72' lang='grc' dir='ltr'>ι</span> <span class='ocrx_word' id='word_1_103' title='bbox 458 1507 689 1563; x_wconf 85' lang='lat' dir='ltr'><strong>Tantum</strong></span> <span class='ocrx_word' id='word_1_104' title='bbox 734 1519 913 1565; x_wconf 90' lang='lat' dir='ltr'><strong>autem</strong></span> <span class='ocrx_word' id='word_1_105' title='bbox 960 1507 1142 1575; x_wconf 87' lang='lat' dir='ltr'><strong>abest,</strong></span> <span class='ocrx_word' id='word_1_106' title='bbox 1174 1516 1231 1562; x_wconf 91' lang='lat' dir='ltr'><strong>ut</strong></span> <span class='ocrx_word' id='word_1_107' title='bbox 1276 1516 1354 1562; x_wconf 90' lang='lat' dir='ltr'><strong>tot</strong></span> <span class='ocrx_word' id='word_1_108' title='bbox 1401 1509 1666 1578; x_wconf 91' lang='lat' dir='ltr'><strong>tantisque</strong></span> 
     </span>
    </p>
   </div>
   <div class='ocr_carea' id='block_1_17' title="bbox 65 1600 1664 1658">
    <p class='ocr_par' dir='ltr' id='par_1_17' title="bbox 65 1600 1664 1658">
     <span class='ocr_line' id='line_1_17' title="bbox 65 1600 1664 1658; baseline -0.001 -1"><span class='ocrx_word' id='word_1_109' title='bbox 65 1602 393 1658; x_wconf 83' lang='lat' dir='ltr'><strong>cruciatibus</strong></span> <span class='ocrx_word' id='word_1_110' title='bbox 418 1602 623 1658; x_wconf 86' lang='lat' dir='ltr'><strong>ethnici</strong></span> <span class='ocrx_word' id='word_1_111' title='bbox 650 1601 1066 1658; x_wconf 89' lang='lat' dir='ltr'><strong>christianorum</strong></span> <span class='ocrx_word' id='word_1_112' title='bbox 1116 1602 1276 1657; x_wconf 83' lang='lat' dir='ltr'><strong>fidem</strong></span> <span class='ocrx_word' id='word_1_113' title='bbox 1305 1600 1664 1657; x_wconf 82' lang='lat' dir='ltr'><strong>labefactave-</strong></span> 
     </span>
    </p>
   </div>
   <div class='ocr_carea' id='block_1_18' title="bbox 64 1695 1658 1767">
    <p class='ocr_par' dir='ltr' id='par_1_18' title="bbox 64 1695 1658 1767">
     <span class='ocr_line' id='line_1_18' title="bbox 64 1695 1658 1767; baseline 0 -16"><span class='ocrx_word' id='word_1_114' title='bbox 64 1695 194 1761; x_wconf 85' lang='lat' dir='ltr'><strong>rint;</strong></span> <span class='ocrx_word' id='word_1_115' title='bbox 223 1696 356 1767; x_wconf 87' lang='lat' dir='ltr'><strong>quin</strong></span> <span class='ocrx_word' id='word_1_116' title='bbox 389 1697 566 1767; x_wconf 89' lang='lat' dir='ltr'><strong>potius</strong></span> <span class='ocrx_word' id='word_1_117' title='bbox 609 1696 698 1751; x_wconf 91' lang='lat' dir='ltr'><strong>illa</strong></span> <span class='ocrx_word' id='word_1_118' title='bbox 728 1696 946 1752; x_wconf 88' lang='lat' dir='ltr'><strong>altiores</strong></span> <span class='ocrx_word' id='word_1_119' title='bbox 969 1711 1203 1767; x_wconf 89' lang='lat' dir='ltr'><strong>semper,</strong></span> <span class='ocrx_word' id='word_1_120' title='bbox 1232 1696 1472 1751; x_wconf 86' lang='lat' dir='ltr'><strong>Arnobio</strong></span> <span class='ocrx_word' id='word_1_121' title='bbox 1502 1704 1658 1761; x_wconf 88' lang='lat' dir='ltr'><strong>teste,</strong></span> 
     </span>
    </p>
   </div>
   <div class='ocr_carea' id='block_1_19' title="bbox 1768 480 3361 552">
    <p class='ocr_par' dir='ltr' id='par_1_19' title="bbox 1768 480 3361 552">
     <span class='ocr_line' id='line_1_19' title="bbox 1768 480 3361 552; baseline 0.001 -19"><span class='ocrx_word' id='word_1_122' title='bbox 1768 494 1888 533; x_wconf 88' lang='lat' dir='ltr'><strong>cum</strong></span> <span class='ocrx_word' id='word_1_123' title='bbox 1932 480 2247 548; x_wconf 85' lang='lat' dir='ltr'><strong>carnifices,</strong></span> <span class='ocrx_word' id='word_1_124' title='bbox 2301 481 2457 549; x_wconf 92' lang='lat' dir='ltr'><strong>unci,</strong></span> <span class='ocrx_word' id='word_1_125' title='bbox 2507 482 2702 552; x_wconf 80' lang='lat' dir='ltr'><strong>aliique</strong></span> <span class='ocrx_word' id='word_1_126' title='bbox 2753 482 3021 537; x_wconf 87' lang='lat' dir='ltr'><strong>innumeri</strong></span> <span class='ocrx_word' id='word_1_127' title='bbox 3068 481 3361 550; x_wconf 79' lang='lat' dir='ltr'><strong>cruciatus,</strong></span> 
     </span>
    </p>
   </div>
   <div class='ocr_carea' id='block_1_20' title="bbox 1767 572 3363 644">
    <p class='ocr_par' dir='ltr' id='par_1_20' title="bbox 1767 572 3363 644">
     <span class='ocr_line' id='line_1_20' title="bbox 1767 572 3363 644; baseline 0.003 -20"><span class='ocrx_word' id='word_1_128' title='bbox 1767 572 2217 642; x_wconf 78' lang='lat' dir='ltr'><strong>quemadmodum</strong></span> <span class='ocrx_word' id='word_1_129' title='bbox 2248 573 2500 639; x_wconf 77' lang='lat' dir='ltr'><strong>diximus,</strong></span> <span class='ocrx_word' id='word_1_130' title='bbox 2531 573 2877 644; x_wconf 80' lang='lat' dir='ltr'><strong>impendeant</strong></span> <span class='ocrx_word' id='word_1_131' title='bbox 2914 573 3202 629; x_wconf 87' lang='lat' dir='ltr'><strong>creditttris</strong></span> <span class='ocrx_word' id='word_1_132' title='bbox 3223 617 3238 636; x_wconf 87' lang='lat'><strong>,</strong></span> <span class='ocrx_word' id='word_1_133' title='bbox 3266 589 3363 628; x_wconf 84' lang='lat' dir='ltr'><strong>ve-</strong></span> 
     </span>
    </p>
   </div>
   <div class='ocr_carea' id='block_1_21' title="bbox 1766 662 3363 737">
    <p class='ocr_par' dir='ltr' id='par_1_21' title="bbox 1766 662 3363 737">
     <span class='ocr_line' id='line_1_21' title="bbox 1766 662 3363 737; baseline 0.002 -22"><span class='ocrx_word' id='word_1_134' title='bbox 1766 662 1858 716; x_wconf 88' lang='lat' dir='ltr'><strong>lttti</strong></span> <span class='ocrx_word' id='word_1_135' title='bbox 1925 665 2154 734; x_wconf 89' lang='lat' dir='ltr'><strong>quadam</strong></span> <span class='ocrx_word' id='word_1_136' title='bbox 2213 666 2534 729; x_wconf 85' lang='lat' dir='ltr'><strong>dulcedine,</strong></span> <span class='ocrx_word' id='word_1_137' title='bbox 2596 676 2757 737; x_wconf 90' lang='lat' dir='ltr'><strong>atque</strong></span> <span class='ocrx_word' id='word_1_138' title='bbox 2812 665 3049 721; x_wconf 91' lang='lat' dir='ltr'><strong>omnium</strong></span> <span class='ocrx_word' id='word_1_139' title='bbox 3107 665 3363 719; x_wconf 90' lang='lat' dir='ltr'><strong>virtutum</strong></span> 
     </span>
    </p>
   </div>
   <div class='ocr_carea' id='block_1_22' title="bbox 1765 756 3437 828">
    <p class='ocr_par' dir='ltr' id='par_1_22' title="bbox 1765 756 3437 828">
     <span class='ocr_line' id='line_1_22' title="bbox 1765 756 3437 828; baseline 0.002 -22"><span class='ocrx_word' id='word_1_140' title='bbox 1765 768 1951 810; x_wconf 90' lang='lat' dir='ltr'><strong>amore</strong></span> <span class='ocrx_word' id='word_1_141' title='bbox 1993 758 2257 827; x_wconf 87' lang='lat' dir='ltr'><strong>correpti,</strong></span> <span class='ocrx_word' id='word_1_142' title='bbox 2290 758 2533 828; x_wconf 84' lang='lat' dir='ltr'><strong>cognitas</strong></span> <span class='ocrx_word' id='word_1_143' title='bbox 2575 756 2845 828; x_wconf 89' lang='lat' dir='ltr'><strong>accipiant</strong></span> <span class='ocrx_word' id='word_1_144' title='bbox 2888 756 3157 823; x_wconf 87' lang='lat' dir='ltr'><strong>rationes,</strong></span> <span class='ocrx_word' id='word_1_145' title='bbox 3199 766 3362 825; x_wconf 92' lang='lat' dir='ltr'><strong>atque</strong></span> <span class='ocrx_word' id='word_1_146' title='bbox 3431 774 3437 791; x_wconf 71' lang='grc' dir='ltr'><em>ί</em></span> 
     </span>
    </p>
   </div>
   <div class='ocr_carea' id='block_1_23' title="bbox 1766 848 3357 922">
    <p class='ocr_par' dir='ltr' id='par_1_23' title="bbox 1766 848 3357 922">
     <span class='ocr_line' id='line_1_23' title="bbox 1766 848 3357 922; baseline -0.001 -20"><span class='ocrx_word' id='word_1_147' title='bbox 1766 848 1950 903; x_wconf 92' lang='lat' dir='ltr'><strong>mundi</strong></span> <span class='ocrx_word' id='word_1_148' title='bbox 1979 850 2228 905; x_wconf 88' lang='lat' dir='ltr'><strong>omnibus</strong></span> <span class='ocrx_word' id='word_1_149' title='bbox 2255 851 2418 906; x_wconf 85' lang='lat' dir='ltr'><strong>rebus</strong></span> <span class='ocrx_word' id='word_1_150' title='bbox 2448 860 2763 922; x_wconf 81' lang='lat' dir='ltr'><strong>praeponam</strong></span> <span class='ocrx_word' id='word_1_151' title='bbox 2787 849 3051 905; x_wconf 86' lang='lat' dir='ltr'><strong>amicitias</strong></span> <span class='ocrx_word' id='word_1_152' title='bbox 3071 848 3311 904; x_wconf 87' lang='lat' dir='ltr'><strong>Christi?</strong></span> <span class='ocrx_word' id='word_1_153' title='bbox 3337 869 3357 901; x_wconf 67' lang='grc' dir='ltr'><strong>ν</strong></span> 
     </span>
    </p>
   </div>
   <div class='ocr_carea' id='block_1_24' title="bbox 1766 940 3366 1017">
    <p class='ocr_par' dir='ltr' id='par_1_24' title="bbox 1766 940 3366 1017">
     <span class='ocr_line' id='line_1_24' title="bbox 1766 940 3366 1017; baseline 0.001 -21"><span class='ocrx_word' id='word_1_154' title='bbox 1766 940 1902 1008; x_wconf 90' lang='lat' dir='ltr'><strong>Tot,</strong></span> <span class='ocrx_word' id='word_1_155' title='bbox 1936 944 2027 1001; x_wconf 91' lang='lat' dir='ltr'><strong>ille</strong></span> <span class='ocrx_word' id='word_1_156' title='bbox 2053 949 2162 1012; x_wconf 89' lang='lat' dir='ltr'><strong>ait,</strong></span> <span class='ocrx_word' id='word_1_157' title='bbox 2194 957 2408 1017; x_wconf 89' lang='lat' dir='ltr'><strong>tamque</strong></span> <span class='ocrx_word' id='word_1_158' title='bbox 2438 946 2649 1001; x_wconf 87' lang='lat' dir='ltr'><strong>diversa</strong></span> <span class='ocrx_word' id='word_1_159' title='bbox 2678 944 3217 1017; x_wconf 81' lang='lat' dir='ltr'><strong>exquisitissimarum</strong></span> <span class='ocrx_word' id='word_1_160' title='bbox 3243 985 3258 1008; x_wconf 89' lang='lat'><strong>,</strong></span> <span class='ocrx_word' id='word_1_161' title='bbox 3300 956 3366 998; x_wconf 88' lang='lat' dir='ltr'><strong>ac</strong></span> 
     </span>
    </p>
   </div>
   <div class='ocr_carea' id='block_1_25' title="bbox 1766 1036 3365 1112">
    <p class='ocr_par' dir='ltr' id='par_1_25' title="bbox 1766 1036 3365 1112">
     <span class='ocr_line' id='line_1_25' title="bbox 1766 1036 3365 1112; baseline 0.001 -21"><span class='ocrx_word' id='word_1_162' title='bbox 1766 1036 1939 1093; x_wconf 85' lang='lat' dir='ltr'><strong>ferme</strong></span> <span class='ocrx_word' id='word_1_163' title='bbox 1988 1040 2387 1096; x_wconf 86' lang='lat' dir='ltr'><strong>incredibilium</strong></span> <span class='ocrx_word' id='word_1_164' title='bbox 2439 1055 2719 1112; x_wconf 75' lang='lat' dir='ltr'><strong>poenarum</strong></span> <span class='ocrx_word' id='word_1_165' title='bbox 2764 1055 2993 1112; x_wconf 83' lang='lat' dir='ltr'><strong>genera,</strong></span> <span class='ocrx_word' id='word_1_166' title='bbox 3026 1038 3092 1094; x_wconf 89' lang='lat' dir='ltr'><strong>ab</strong></span> <span class='ocrx_word' id='word_1_167' title='bbox 3134 1037 3365 1093; x_wconf 88' lang='lat' dir='ltr'><strong>infirmis</strong></span> 
     </span>
    </p>
   </div>
   <div class='ocr_carea' id='block_1_26' title="bbox 1766 1128 3361 1205">
    <p class='ocr_par' dir='ltr' id='par_1_26' title="bbox 1766 1128 3361 1205">
     <span class='ocr_line' id='line_1_26' title="bbox 1766 1128 3361 1205; baseline -0.001 -20"><span class='ocrx_word' id='word_1_168' title='bbox 1766 1131 2011 1204; x_wconf 89' lang='lat' dir='ltr'><strong>adeoque</strong></span> <span class='ocrx_word' id='word_1_169' title='bbox 2042 1132 2246 1205; x_wconf 79' lang='lat' dir='ltr'><strong>fragilis</strong></span> <span class='ocrx_word' id='word_1_170' title='bbox 2276 1145 2482 1189; x_wconf 69' lang='lat' dir='ltr'><strong>naturae</strong></span> <span class='ocrx_word' id='word_1_171' title='bbox 2510 1133 2641 1189; x_wconf 87' lang='lat' dir='ltr'><strong>viris</strong></span> <span class='ocrx_word' id='word_1_172' title='bbox 2672 1144 2725 1189; x_wconf 90' lang='lat' dir='ltr'><strong>et</strong></span> <span class='ocrx_word' id='word_1_173' title='bbox 2754 1131 3075 1189; x_wconf 89' lang='lat' dir='ltr'><strong>mulieribus</strong></span> <span class='ocrx_word' id='word_1_174' title='bbox 3121 1128 3321 1185; x_wconf 87' lang='lat' dir='ltr'><strong>tamdiu</strong></span> <span class='ocrx_word' id='word_1_175' title='bbox 3344 1169 3361 1195; x_wconf 94' lang='lat'><strong>,</strong></span> 
     </span>
    </p>
   </div>
   <div class='ocr_carea' id='block_1_27' title="bbox 1770 1223 3363 1295">
    <p class='ocr_par' dir='ltr' id='par_1_27' title="bbox 1770 1223 3363 1295">
     <span class='ocr_line' id='line_1_27' title="bbox 1770 1223 3363 1295; baseline -0.002 -14"><span class='ocrx_word' id='word_1_176' title='bbox 1770 1236 2024 1294; x_wconf 80' lang='lat' dir='ltr'><strong>tantaque</strong></span> <span class='ocrx_word' id='word_1_177' title='bbox 2040 1230 2207 1285; x_wconf 90' lang='lat' dir='ltr'><strong>animi</strong></span> <span class='ocrx_word' id='word_1_178' title='bbox 2226 1229 2562 1295; x_wconf 84' lang='lat' dir='ltr'><strong>fortitudine,</strong></span> <span class='ocrx_word' id='word_1_179' title='bbox 2582 1228 2765 1284; x_wconf 91' lang='lat' dir='ltr'><strong>divino</strong></span> <span class='ocrx_word' id='word_1_180' title='bbox 2785 1229 2904 1284; x_wconf 87' lang='lat' dir='ltr'><strong>sine</strong></span> <span class='ocrx_word' id='word_1_181' title='bbox 2917 1224 3120 1282; x_wconf 83' lang='lat' dir='ltr'><strong>auxilio</strong></span> <span class='ocrx_word' id='word_1_182' title='bbox 3142 1223 3363 1280; x_wconf 89' lang='lat' dir='ltr'><strong>tolerari</strong></span> 
     </span>
    </p>
   </div>
   <div class='ocr_carea' id='block_1_28' title="bbox 1767 1333 2211 1391">
    <p class='ocr_par' dir='ltr' id='par_1_28' title="bbox 1767 1333 2211 1391">
     <span class='ocr_line' id='line_1_28' title="bbox 1767 1333 2211 1391; baseline 0.011 -15"><span class='ocrx_word' id='word_1_183' title='bbox 1767 1336 1873 1377; x_wconf 92' lang='lat' dir='ltr'><strong>non</strong></span> <span class='ocrx_word' id='word_1_184' title='bbox 1903 1333 2211 1391; x_wconf 89' lang='lat' dir='ltr'><strong>potuerunt.</strong></span> 
     </span>
    </p>
   </div>
   <div class='ocr_carea' id='block_1_29' title="bbox 1839 1412 3363 1489">
    <p class='ocr_par' dir='ltr' id='par_1_29' title="bbox 1839 1412 3363 1489">
     <span class='ocr_line' id='line_1_29' title="bbox 1839 1412 3363 1489; baseline 0.001 -20"><span class='ocrx_word' id='word_1_185' title='bbox 1839 1415 2167 1488; x_wconf 78' lang='lat' dir='ltr'><strong>Prteccptori</strong></span> <span class='ocrx_word' id='word_1_186' title='bbox 2190 1434 2289 1475; x_wconf 93' lang='lat' dir='ltr'><strong>suo</strong></span> <span class='ocrx_word' id='word_1_187' title='bbox 2309 1418 2486 1474; x_wconf 88' lang='lat' dir='ltr'><strong>adhuc</strong></span> <span class='ocrx_word' id='word_1_188' title='bbox 2507 1417 2832 1489; x_wconf 88' lang='lat' dir='ltr'><strong>suffragatur</strong></span> <span class='ocrx_word' id='word_1_189' title='bbox 2848 1416 3090 1488; x_wconf 83' lang='lat' dir='ltr'><strong>proxime</strong></span> <span class='ocrx_word' id='word_1_190' title='bbox 3118 1412 3363 1470; x_wconf 89' lang='lat' dir='ltr'><strong>laudatos</strong></span> 
     </span>
    </p>
   </div>
   <div class='ocr_carea' id='block_1_30' title="bbox 1766 1506 3365 1580">
    <p class='ocr_par' dir='ltr' id='par_1_30' title="bbox 1766 1506 3365 1580">
     <span class='ocr_line' id='line_1_30' title="bbox 1766 1506 3365 1580; baseline -0.001 -18"><span class='ocrx_word' id='word_1_191' title='bbox 1766 1522 1795 1562; x_wconf 91' lang='lat' dir='ltr'><strong>a</strong></span> <span class='ocrx_word' id='word_1_192' title='bbox 1827 1509 1980 1564; x_wconf 91' lang='lat' dir='ltr'><strong>nobis</strong></span> <span class='ocrx_word' id='word_1_193' title='bbox 2022 1509 2332 1567; x_wconf 87' lang='lat' dir='ltr'><strong>Lactantius</strong></span> <span class='ocrx_word' id='word_1_194' title='bbox 2366 1529 2378 1566; x_wconf 90' lang='lat'>:</span> <span class='ocrx_word' id='word_1_195' title='bbox 2414 1530 2434 1563; x_wconf 74' lang='grc' dir='ltr'><strong><em>ι</em></strong></span> <span class='ocrx_word' id='word_1_196' title='bbox 2468 1511 2600 1566; x_wconf 90' lang='lat' dir='ltr'><strong>Nam</strong></span> <span class='ocrx_word' id='word_1_197' title='bbox 2625 1526 2747 1566; x_wconf 90' lang='lat' dir='ltr'><strong>cum</strong></span> <span class='ocrx_word' id='word_1_198' title='bbox 2775 1509 2957 1565; x_wconf 80' lang='lat' dir='ltr'><strong>videat</strong></span> <span class='ocrx_word' id='word_1_199' title='bbox 2978 1507 3166 1580; x_wconf 87' lang='lat' dir='ltr'><strong>vulgus</strong></span> <span class='ocrx_word' id='word_1_200' title='bbox 3188 1548 3203 1570; x_wconf 93' lang='lat'><strong>,</strong></span> <span class='ocrx_word' id='word_1_201' title='bbox 3234 1525 3255 1559; x_wconf 71' lang='grc' dir='ltr'><strong><em>ι</em></strong></span> <span class='ocrx_word' id='word_1_202' title='bbox 3288 1506 3365 1561; x_wconf 89' lang='lat' dir='ltr'><strong>ait</strong></span> 
     </span>
    </p>
   </div>
   <div class='ocr_carea' id='block_1_31' title="bbox 1768 1602 3361 1673">
    <p class='ocr_par' dir='ltr' id='par_1_31' title="bbox 1768 1602 3361 1673">
     <span class='ocr_line' id='line_1_31' title="bbox 1768 1602 3361 1673; baseline 0.001 -17"><span class='ocrx_word' id='word_1_203' title='bbox 1768 1602 1877 1669; x_wconf 90' lang='lat' dir='ltr'><strong>ille,</strong></span> <span class='ocrx_word' id='word_1_204' title='bbox 1918 1622 1937 1654; x_wconf 75' lang='grc' dir='ltr'>ί</span> <span class='ocrx_word' id='word_1_205' title='bbox 1975 1604 2261 1662; x_wconf 83' lang='lat' dir='ltr'><strong>dilacerari</strong></span> <span class='ocrx_word' id='word_1_206' title='bbox 2294 1606 2542 1662; x_wconf 88' lang='lat' dir='ltr'><strong>homines</strong></span> <span class='ocrx_word' id='word_1_207' title='bbox 2575 1605 2739 1661; x_wconf 79' lang='lat' dir='ltr'><strong>variis</strong></span> <span class='ocrx_word' id='word_1_208' title='bbox 2769 1614 3163 1660; x_wconf 85' lang='lat' dir='ltr'><strong>tormentorum</strong></span> <span class='ocrx_word' id='word_1_209' title='bbox 3191 1615 3361 1673; x_wconf 87' lang='lat' dir='ltr'><strong>gene-</strong></span> 
     </span>
    </p>
   </div>
   <div class='ocr_carea' id='block_1_32' title="bbox 1765 1696 3364 1770">
    <p class='ocr_par' dir='ltr' id='par_1_32' title="bbox 1765 1696 3364 1770">
     <span class='ocr_line' id='line_1_32' title="bbox 1765 1696 3364 1770; baseline 0 -20"><span class='ocrx_word' id='word_1_210' title='bbox 1765 1696 1936 1759; x_wconf 87' lang='lat' dir='ltr'><strong>ribus.</strong></span> <span class='ocrx_word' id='word_1_211' title='bbox 1970 1707 2024 1752; x_wconf 84' lang='lat' dir='ltr'><strong>et</strong></span> <span class='ocrx_word' id='word_1_212' title='bbox 2069 1698 2209 1754; x_wconf 92' lang='lat' dir='ltr'><strong>inter</strong></span> <span class='ocrx_word' id='word_1_213' title='bbox 2256 1696 2507 1770; x_wconf 86' lang='lat' dir='ltr'><strong>fatigatos</strong></span> <span class='ocrx_word' id='word_1_214' title='bbox 2552 1696 2836 1754; x_wconf 87' lang='lat' dir='ltr'><strong>carnifices</strong></span> <span class='ocrx_word' id='word_1_215' title='bbox 2881 1696 3133 1752; x_wconf 87' lang='lat' dir='ltr'><strong>invictam</strong></span> <span class='ocrx_word' id='word_1_216' title='bbox 3179 1705 3364 1751; x_wconf 89' lang='lat' dir='ltr'><strong>tenere</strong></span> 
     </span>
    </p>
   </div>
   <div class='ocr_carea' id='block_1_33' title="bbox 66 1788 3360 1861">
    <p class='ocr_par' dir='ltr' id='par_1_33' title="bbox 66 1788 3360 1861">
     <span class='ocr_line' id='line_1_33' title="bbox 66 1788 3360 1861; baseline 0 -18"><span class='ocrx_word' id='word_1_217' title='bbox 66 1789 230 1859; x_wconf 83' lang='lat' dir='ltr'><strong>egerit</strong></span> <span class='ocrx_word' id='word_1_218' title='bbox 256 1789 495 1860; x_wconf 75' lang='lat' dir='ltr'><strong>radices,</strong></span> <span class='ocrx_word' id='word_1_219' title='bbox 527 1805 591 1846; x_wconf 89' lang='lat' dir='ltr'><strong>ac</strong></span> <span class='ocrx_word' id='word_1_220' title='bbox 618 1788 823 1846; x_wconf 83' lang='lat' dir='ltr'><strong>firmius</strong></span> <span class='ocrx_word' id='word_1_221' title='bbox 854 1791 1111 1855; x_wconf 89' lang='lat' dir='ltr'><strong>stabilita,</strong></span> <span class='ocrx_word' id='word_1_222' title='bbox 1144 1806 1265 1846; x_wconf 91' lang='lat' dir='ltr'><strong>cum</strong></span> <span class='ocrx_word' id='word_1_223' title='bbox 1294 1790 1484 1860; x_wconf 88' lang='lat' dir='ltr'><strong>majori</strong></span> <span class='ocrx_word' id='word_1_224' title='bbox 1515 1806 1661 1845; x_wconf 86' lang='lat' dir='ltr'><strong>mar-</strong></span> <span class='ocrx_word' id='word_1_225' title='bbox 1692 1799 1739 1860; x_wconf 81' lang='grc' dir='ltr'><strong>Β</strong></span> <span class='ocrx_word' id='word_1_226' title='bbox 1767 1788 2100 1859; x_wconf 88' lang='lat' dir='ltr'><strong>patientiam,</strong></span> <span class='ocrx_word' id='word_1_227' title='bbox 2134 1792 2447 1846; x_wconf 82' lang='lat' dir='ltr'><strong>existimant</strong></span> <span class='ocrx_word' id='word_1_228' title='bbox 2488 1790 2540 1846; x_wconf 91' lang='lat' dir='ltr'><strong>id</strong></span> <span class='ocrx_word' id='word_1_229' title='bbox 2582 1789 2723 1861; x_wconf 89' lang='lat' dir='ltr'><strong>quod</strong></span> <span class='ocrx_word' id='word_1_230' title='bbox 2752 1806 2841 1846; x_wconf 87' lang='lat' dir='ltr'><strong>res</strong></span> <span class='ocrx_word' id='word_1_231' title='bbox 2864 1798 2970 1856; x_wconf 90' lang='lat' dir='ltr'><strong>est,</strong></span> <span class='ocrx_word' id='word_1_232' title='bbox 3002 1803 3103 1843; x_wconf 86' lang='lat' dir='ltr'><strong>nec</strong></span> <span class='ocrx_word' id='word_1_233' title='bbox 3126 1802 3360 1843; x_wconf 82' lang='lat' dir='ltr'><strong>consen-</strong></span> 
     </span>
    </p>
   </div>
   <div class='ocr_carea' id='block_1_34' title="bbox 68 1884 1663 1957">
    <p class='ocr_par' dir='ltr' id='par_1_34' title="bbox 68 1884 1663 1957">
     <span class='ocr_line' id='line_1_34' title="bbox 68 1884 1663 1957; baseline 0.003 -21"><span class='ocrx_word' id='word_1_234' title='bbox 68 1891 238 1953; x_wconf 69' lang='lat' dir='ltr'><strong>tyrum</strong></span> <span class='ocrx_word' id='word_1_235' title='bbox 290 1900 555 1953; x_wconf 87' lang='lat' dir='ltr'><strong>numero,</strong></span> <span class='ocrx_word' id='word_1_236' title='bbox 586 1887 753 1957; x_wconf 82' lang='lat' dir='ltr'><strong>magis</strong></span> <span class='ocrx_word' id='word_1_237' title='bbox 794 1901 1013 1957; x_wconf 89' lang='lat' dir='ltr'><strong>semper</strong></span> <span class='ocrx_word' id='word_1_238' title='bbox 1041 1886 1295 1942; x_wconf 90' lang='lat' dir='ltr'><strong>creverit.</strong></span> <span class='ocrx_word' id='word_1_239' title='bbox 1324 1884 1663 1956; x_wconf 81' lang='lat' dir='ltr'><strong>Quapmpter</strong></span> 
     </span>
    </p>
   </div>
   <div class='ocr_carea' id='block_1_35' title="bbox 67 1973 1661 2052">
    <p class='ocr_par' dir='ltr' id='par_1_35' title="bbox 67 1973 1661 2052">
     <span class='ocr_line' id='line_1_35' title="bbox 67 1973 1661 2052; baseline 0.003 -23"><span class='ocrx_word' id='word_1_240' title='bbox 67 1973 205 2032; x_wconf 89' lang='lat' dir='ltr'><strong>hunc</strong></span> <span class='ocrx_word' id='word_1_241' title='bbox 232 1978 327 2035; x_wconf 88' lang='lat' dir='ltr'><strong>ille</strong></span> <span class='ocrx_word' id='word_1_242' title='bbox 356 1981 530 2050; x_wconf 81' lang='lat' dir='ltr'><strong>pergit</strong></span> <span class='ocrx_word' id='word_1_243' title='bbox 557 1979 608 2033; x_wconf 92' lang='lat' dir='ltr'><strong>in</strong></span> <span class='ocrx_word' id='word_1_244' title='bbox 639 1979 857 2035; x_wconf 90' lang='lat' dir='ltr'><strong>modum</strong></span> <span class='ocrx_word' id='word_1_245' title='bbox 884 1998 898 2035; x_wconf 90' lang='lat'><strong>:</strong></span> <span class='ocrx_word' id='word_1_246' title='bbox 936 2000 954 2032; x_wconf 75' lang='grc' dir='ltr'>ι</span> <span class='ocrx_word' id='word_1_247' title='bbox 987 1979 1123 2035; x_wconf 91' lang='lat' dir='ltr'><strong>Cum</strong></span> <span class='ocrx_word' id='word_1_248' title='bbox 1151 1996 1348 2052; x_wconf 88' lang='lat' dir='ltr'><strong>gettera</strong></span> <span class='ocrx_word' id='word_1_249' title='bbox 1380 1995 1661 2051; x_wconf 58' lang='lat' dir='ltr'><strong>poenarum</strong></span> 
     </span>
    </p>
   </div>
   <div class='ocr_carea' id='block_1_36' title="bbox 68 2072 1663 2151">
    <p class='ocr_par' dir='ltr' id='par_1_36' title="bbox 68 2072 1663 2151">
     <span class='ocr_line' id='line_1_36' title="bbox 68 2072 1663 2151; baseline 0.003 -28"><span class='ocrx_word' id='word_1_250' title='bbox 68 2075 209 2126; x_wconf 86' lang='lat' dir='ltr'><strong>tanta</strong></span> <span class='ocrx_word' id='word_1_251' title='bbox 248 2072 360 2126; x_wconf 84' lang='lat' dir='ltr'><strong>sint</strong></span> <span class='ocrx_word' id='word_1_252' title='bbox 390 2088 421 2126; x_wconf 89' lang='lat' dir='ltr'><strong>a</strong></span> <span class='ocrx_word' id='word_1_253' title='bbox 452 2072 603 2127; x_wconf 90' lang='lat' dir='ltr'><strong>vobis</strong></span> <span class='ocrx_word' id='word_1_254' title='bbox 634 2076 908 2151; x_wconf 87' lang='lat' dir='ltr'><strong>proposita</strong></span> <span class='ocrx_word' id='word_1_255' title='bbox 940 2074 1214 2144; x_wconf 76' lang='lat' dir='ltr'><strong>religionis</strong></span> <span class='ocrx_word' id='word_1_256' title='bbox 1247 2072 1406 2144; x_wconf 90' lang='lat' dir='ltr'><strong>hujus</strong></span> <span class='ocrx_word' id='word_1_257' title='bbox 1435 2088 1663 2145; x_wconf 89' lang='lat' dir='ltr'><strong>sequen-</strong></span> 
     </span>
    </p>
   </div>
   <div class='ocr_carea' id='block_1_37' title="bbox 69 2162 1663 2236">
    <p class='ocr_par' dir='ltr' id='par_1_37' title="bbox 69 2162 1663 2236">
     <span class='ocr_line' id='line_1_37' title="bbox 69 2162 1663 2236; baseline 0.004 -21"><span class='ocrx_word' id='word_1_258' title='bbox 69 2162 203 2217; x_wconf 83' lang='lat' dir='ltr'><strong>tibus</strong></span> <span class='ocrx_word' id='word_1_259' title='bbox 231 2163 405 2235; x_wconf 87' lang='lat' dir='ltr'><strong>leges,</strong></span> <span class='ocrx_word' id='word_1_260' title='bbox 435 2177 693 2235; x_wconf 87' lang='lat' dir='ltr'><strong>augeatur</strong></span> <span class='ocrx_word' id='word_1_261' title='bbox 718 2180 807 2221; x_wconf 90' lang='lat' dir='ltr'><strong>res</strong></span> <span class='ocrx_word' id='word_1_262' title='bbox 837 2166 1029 2236; x_wconf 81' lang='lat' dir='ltr'><strong>magis,</strong></span> <span class='ocrx_word' id='word_1_263' title='bbox 1059 2177 1112 2222; x_wconf 89' lang='lat' dir='ltr'><strong>et</strong></span> <span class='ocrx_word' id='word_1_264' title='bbox 1139 2174 1325 2221; x_wconf 89' lang='lat' dir='ltr'><strong>contra</strong></span> <span class='ocrx_word' id='word_1_265' title='bbox 1348 2182 1538 2223; x_wconf 89' lang='lat' dir='ltr'><strong>omnes</strong></span> <span class='ocrx_word' id='word_1_266' title='bbox 1564 2167 1663 2222; x_wconf 88' lang='lat' dir='ltr'><strong>mi-</strong></span> 
     </span>
    </p>
   </div>
   <div class='ocr_carea' id='block_1_38' title="bbox 69 2246 1660 2334">
    <p class='ocr_par' dir='ltr' id='par_1_38' title="bbox 69 2246 1660 2334">
     <span class='ocr_line' id='line_1_38' title="bbox 69 2246 1660 2334; baseline 0.004 -22"><span class='ocrx_word' id='word_1_267' title='bbox 69 2273 184 2326; x_wconf 86' lang='lat' dir='ltr'><strong>nas,</strong></span> <span class='ocrx_word' id='word_1_268' title='bbox 214 2269 383 2332; x_wconf 89' lang='lat' dir='ltr'><strong>atque</strong></span> <span class='ocrx_word' id='word_1_269' title='bbox 408 2260 691 2316; x_wconf 87' lang='lat' dir='ltr'><strong>interdicta</strong></span> <span class='ocrx_word' id='word_1_270' title='bbox 724 2259 1068 2317; x_wconf 84' lang='lat' dir='ltr'><strong>formidinum</strong></span> <span class='ocrx_word' id='word_1_271' title='bbox 1112 2246 1408 2317; x_wconf 85' lang='lat' dir='ltr'><strong>animosius</strong></span> <span class='ocrx_word' id='word_1_272' title='bbox 1436 2264 1660 2334; x_wconf 91' lang='lat' dir='ltr'><strong>populus</strong></span> 
     </span>
    </p>
   </div>
   <div class='ocr_carea' id='block_1_39' title="bbox 68 2354 1658 2431">
    <p class='ocr_par' dir='ltr' id='par_1_39' title="bbox 68 2354 1658 2431">
     <span class='ocr_line' id='line_1_39' title="bbox 68 2354 1658 2431; baseline 0.005 -23"><span class='ocrx_word' id='word_1_273' title='bbox 68 2354 366 2422; x_wconf 84' lang='lat' dir='ltr'><strong>obnitatur,</strong></span> <span class='ocrx_word' id='word_1_274' title='bbox 396 2366 454 2412; x_wconf 92' lang='lat' dir='ltr'><strong>et</strong></span> <span class='ocrx_word' id='word_1_275' title='bbox 477 2356 542 2411; x_wconf 89' lang='lat' dir='ltr'><strong>ad</strong></span> <span class='ocrx_word' id='word_1_276' title='bbox 573 2357 827 2413; x_wconf 88' lang='lat' dir='ltr'><strong>credendi</strong></span> <span class='ocrx_word' id='word_1_277' title='bbox 867 2356 1104 2414; x_wconf 90' lang='lat' dir='ltr'><strong>studium</strong></span> <span class='ocrx_word' id='word_1_278' title='bbox 1143 2358 1519 2431; x_wconf 89' lang='lat' dir='ltr'><strong>prohibitionis</strong></span> <span class='ocrx_word' id='word_1_279' title='bbox 1558 2361 1658 2416; x_wconf 91' lang='lat' dir='ltr'><strong>sti-</strong></span> 
     </span>
    </p>
   </div>
   <div class='ocr_carea' id='block_1_40' title="bbox 67 2449 1142 2526">
    <p class='ocr_par' dir='ltr' id='par_1_40' title="bbox 67 2449 1142 2526">
     <span class='ocr_line' id='line_1_40' title="bbox 67 2449 1142 2526; baseline 0.003 -23"><span class='ocrx_word' id='word_1_280' title='bbox 67 2449 222 2504; x_wconf 88' lang='lat' dir='ltr'><strong>mulis</strong></span> <span class='ocrx_word' id='word_1_281' title='bbox 247 2451 534 2506; x_wconf 82' lang='lat' dir='ltr'><strong>excitetur.</strong></span> <span class='ocrx_word' id='word_1_282' title='bbox 576 2470 596 2503; x_wconf 84' lang='grc'><strong>›</strong></span> <span class='ocrx_word' id='word_1_283' title='bbox 632 2450 652 2516; x_wconf 88' lang='grc'><strong>(</strong></span> <span class='ocrx_word' id='word_1_284' title='bbox 671 2450 837 2517; x_wconf 83' lang='lat' dir='ltr'><strong>Idem,</strong></span> <span class='ocrx_word' id='word_1_285' title='bbox 872 2469 993 2525; x_wconf 83' lang='lat' dir='ltr'><strong>pag.</strong></span> <span class='ocrx_word' id='word_1_286' title='bbox 1018 2451 1142 2526; x_wconf 71' lang='grc'><strong>45.)</strong></span> 
     </span>
    </p>
   </div>
   <div class='ocr_carea' id='block_1_41' title="bbox 132 2543 1658 2620">
    <p class='ocr_par' dir='ltr' id='par_1_41' title="bbox 132 2543 1658 2620">
     <span class='ocr_line' id='line_1_41' title="bbox 132 2543 1658 2620; baseline 0.005 -23"><span class='ocrx_word' id='word_1_287' title='bbox 132 2543 317 2615; x_wconf 85' lang='lat' dir='ltr'><strong>Neque</strong></span> <span class='ocrx_word' id='word_1_288' title='bbox 340 2555 425 2599; x_wconf 89' lang='lat' dir='ltr'><strong>est</strong></span> <span class='ocrx_word' id='word_1_289' title='bbox 456 2544 715 2614; x_wconf 83' lang='lat' dir='ltr'><strong>profecto,</strong></span> <span class='ocrx_word' id='word_1_290' title='bbox 746 2546 890 2617; x_wconf 90' lang='lat' dir='ltr'><strong>quod</strong></span> <span class='ocrx_word' id='word_1_291' title='bbox 919 2547 1040 2617; x_wconf 91' lang='lat' dir='ltr'><strong>quis</strong></span> <span class='ocrx_word' id='word_1_292' title='bbox 1066 2549 1373 2620; x_wconf 77' lang='lat' dir='ltr'><strong>suspicetur</strong></span> <span class='ocrx_word' id='word_1_293' title='bbox 1402 2549 1453 2605; x_wconf 90' lang='lat' dir='ltr'><strong>id</strong></span> <span class='ocrx_word' id='word_1_294' title='bbox 1476 2550 1544 2608; x_wconf 90' lang='lat' dir='ltr'><strong>ab</strong></span> <span class='ocrx_word' id='word_1_295' title='bbox 1564 2551 1658 2606; x_wconf 92' lang='lat' dir='ltr'><strong>illo</strong></span> 
     </span>
    </p>
   </div>
   <div class='ocr_carea' id='block_1_42' title="bbox 66 2636 1657 2714">
    <p class='ocr_par' dir='ltr' id='par_1_42' title="bbox 66 2636 1657 2714">
     <span class='ocr_line' id='line_1_42' title="bbox 66 2636 1657 2714; baseline 0.006 -23"><span class='ocrx_word' id='word_1_296' title='bbox 66 2645 267 2692; x_wconf 83' lang='lat' dir='ltr'><strong>temere</strong></span> <span class='ocrx_word' id='word_1_297' title='bbox 295 2645 353 2692; x_wconf 88' lang='lat' dir='ltr'><strong>et</strong></span> <span class='ocrx_word' id='word_1_298' title='bbox 383 2636 522 2692; x_wconf 87' lang='lat' dir='ltr'><strong>falso</strong></span> <span class='ocrx_word' id='word_1_299' title='bbox 548 2636 777 2704; x_wconf 90' lang='lat' dir='ltr'><strong>dictum,</strong></span> <span class='ocrx_word' id='word_1_300' title='bbox 811 2649 903 2694; x_wconf 91' lang='lat' dir='ltr'><strong>aut</strong></span> <span class='ocrx_word' id='word_1_301' title='bbox 935 2639 1095 2695; x_wconf 91' lang='lat' dir='ltr'><strong>nimis</strong></span> <span class='ocrx_word' id='word_1_302' title='bbox 1116 2652 1513 2714; x_wconf 80' lang='lat' dir='ltr'><strong>exaggeratam.</strong></span> <span class='ocrx_word' id='word_1_303' title='bbox 1539 2644 1657 2700; x_wconf 85' lang='lat' dir='ltr'><strong>Non</strong></span> 
     </span>
    </p>
   </div>
   <div class='ocr_carea' id='block_1_43' title="bbox 64 2731 1656 2809">
    <p class='ocr_par' dir='ltr' id='par_1_43' title="bbox 64 2731 1656 2809">
     <span class='ocr_line' id='line_1_43' title="bbox 64 2731 1656 2809; baseline 0.004 -23"><span class='ocrx_word' id='word_1_304' title='bbox 64 2734 237 2787; x_wconf 88' lang='lat' dir='ltr'><strong>minus</strong></span> <span class='ocrx_word' id='word_1_305' title='bbox 280 2731 484 2787; x_wconf 87' lang='lat' dir='ltr'><strong>etenim</strong></span> <span class='ocrx_word' id='word_1_306' title='bbox 529 2732 830 2789; x_wconf 89' lang='lat' dir='ltr'><strong>luculenter</strong></span> <span class='ocrx_word' id='word_1_307' title='bbox 858 2733 1222 2791; x_wconf 86' lang='lat' dir='ltr'><strong>Tertullianus</strong></span> <span class='ocrx_word' id='word_1_308' title='bbox 1256 2754 1269 2791; x_wconf 90' lang='lat'><strong>:</strong></span> <span class='ocrx_word' id='word_1_309' title='bbox 1306 2755 1325 2789; x_wconf 83' lang='lat'><strong>¢</strong></span> <span class='ocrx_word' id='word_1_310' title='bbox 1359 2737 1470 2794; x_wconf 88' lang='lat' dir='ltr'><strong>Nec</strong></span> <span class='ocrx_word' id='word_1_311' title='bbox 1495 2738 1656 2809; x_wconf 90' lang='lat' dir='ltr'><strong>quid-</strong></span> 
     </span>
    </p>
   </div>
   <div class='ocr_carea' id='block_1_44' title="bbox 63 2828 1656 2903">
    <p class='ocr_par' dir='ltr' id='par_1_44' title="bbox 63 2828 1656 2903">
     <span class='ocr_line' id='line_1_44' title="bbox 63 2828 1656 2903; baseline 0.005 -23"><span class='ocrx_word' id='word_1_312' title='bbox 63 2844 241 2898; x_wconf 86' lang='lat' dir='ltr'><strong>quam,</strong></span> <span class='ocrx_word' id='word_1_313' title='bbox 276 2847 298 2881; x_wconf 73' lang='grc' dir='ltr'><strong><em>ι</em></strong></span> <span class='ocrx_word' id='word_1_314' title='bbox 328 2828 425 2894; x_wconf 88' lang='lat' dir='ltr'><strong>ait,</strong></span> <span class='ocrx_word' id='word_1_315' title='bbox 463 2845 483 2879; x_wconf 71' lang='grc' dir='ltr'>ι</span> <span class='ocrx_word' id='word_1_316' title='bbox 514 2828 728 2897; x_wconf 87' lang='lat' dir='ltr'><strong>proficit</strong></span> <span class='ocrx_word' id='word_1_317' title='bbox 770 2830 1088 2900; x_wconf 81' lang='lat' dir='ltr'><strong>exquisitior</strong></span> <span class='ocrx_word' id='word_1_318' title='bbox 1117 2847 1342 2903; x_wconf 66' lang='lat' dir='ltr'><strong>qumque</strong></span> <span class='ocrx_word' id='word_1_319' title='bbox 1366 2832 1656 2888; x_wconf 89' lang='lat' dir='ltr'><strong>crudelitas</strong></span> 
     </span>
    </p>
   </div>
   <div class='ocr_carea' id='block_1_45' title="bbox 61 2920 1651 2995">
    <p class='ocr_par' dir='ltr' id='par_1_45' title="bbox 61 2920 1651 2995">
     <span class='ocr_line' id='line_1_45' title="bbox 61 2920 1651 2995; baseline 0.004 -21"><span class='ocrx_word' id='word_1_320' title='bbox 61 2933 277 2988; x_wconf 82' lang='lat' dir='ltr'><strong>vestra;</strong></span> <span class='ocrx_word' id='word_1_321' title='bbox 306 2920 561 2977; x_wconf 89' lang='lat' dir='ltr'><strong>illecebra</strong></span> <span class='ocrx_word' id='word_1_322' title='bbox 602 2931 686 2977; x_wconf 91' lang='lat' dir='ltr'><strong>est</strong></span> <span class='ocrx_word' id='word_1_323' title='bbox 721 2924 891 2993; x_wconf 86' lang='lat' dir='ltr'><strong>magis</strong></span> <span class='ocrx_word' id='word_1_324' title='bbox 934 2933 1118 2980; x_wconf 74' lang='lat' dir='ltr'><strong>sectte.</strong></span> <span class='ocrx_word' id='word_1_325' title='bbox 1149 2924 1340 2982; x_wconf 87' lang='lat' dir='ltr'><strong>Plures</strong></span> <span class='ocrx_word' id='word_1_326' title='bbox 1365 2925 1651 2995; x_wconf 79' lang='lat' dir='ltr'><strong>efficimur,</strong></span> 
     </span>
    </p>
   </div>
   <div class='ocr_carea' id='block_1_46' title="bbox 59 3014 1655 3090">
    <p class='ocr_par' dir='ltr' id='par_1_46' title="bbox 59 3014 1655 3090">
     <span class='ocr_line' id='line_1_46' title="bbox 59 3014 1655 3090; baseline 0.003 -20"><span class='ocrx_word' id='word_1_327' title='bbox 59 3015 273 3086; x_wconf 86' lang='lat' dir='ltr'><strong>quoties</strong></span> <span class='ocrx_word' id='word_1_328' title='bbox 297 3017 552 3071; x_wconf 90' lang='lat' dir='ltr'><strong>metimur</strong></span> <span class='ocrx_word' id='word_1_329' title='bbox 576 3030 607 3070; x_wconf 88' lang='lat' dir='ltr'><strong>a</strong></span> <span class='ocrx_word' id='word_1_330' title='bbox 627 3014 783 3072; x_wconf 86' lang='lat' dir='ltr'><strong>vobis</strong></span> <span class='ocrx_word' id='word_1_331' title='bbox 803 3033 816 3069; x_wconf 91' lang='lat'><strong>:</strong></span> <span class='ocrx_word' id='word_1_332' title='bbox 837 3032 1023 3074; x_wconf 86' lang='lat' dir='ltr'><strong>semen</strong></span> <span class='ocrx_word' id='word_1_333' title='bbox 1052 3027 1135 3075; x_wconf 86' lang='lat' dir='ltr'><strong>est</strong></span> <span class='ocrx_word' id='word_1_334' title='bbox 1160 3020 1379 3090; x_wconf 85' lang='lat' dir='ltr'><strong>sanguis</strong></span> <span class='ocrx_word' id='word_1_335' title='bbox 1406 3020 1655 3075; x_wconf 81' lang='lat' dir='ltr'><strong>christia-</strong></span> 
     </span>
    </p>
   </div>
   <div class='ocr_carea' id='block_1_47' title="bbox 61 3108 1667 3169">
    <p class='ocr_par' dir='ltr' id='par_1_47' title="bbox 61 3108 1667 3169">
     <span class='ocr_line' id='line_1_47' title="bbox 61 3108 1667 3169; baseline 0.004 -6"><span class='ocrx_word' id='word_1_336' title='bbox 61 3124 375 3166; x_wconf 89' lang='lat' dir='ltr'><strong>norum.....</strong></span> <span class='ocrx_word' id='word_1_337' title='bbox 416 3108 527 3166; x_wconf 90' lang='lat' dir='ltr'><strong>Nec</strong></span> <span class='ocrx_word' id='word_1_338' title='bbox 569 3118 745 3166; x_wconf 87' lang='lat' dir='ltr'><strong>tantos</strong></span> <span class='ocrx_word' id='word_1_339' title='bbox 789 3111 1068 3167; x_wconf 90' lang='lat' dir='ltr'><strong>inveniunt</strong></span> <span class='ocrx_word' id='word_1_340' title='bbox 1097 3113 1257 3168; x_wconf 90' lang='lat' dir='ltr'><strong>verba</strong></span> <span class='ocrx_word' id='word_1_341' title='bbox 1286 3122 1462 3168; x_wconf 88' lang='lat' dir='ltr'><strong>vestra</strong></span> <span class='ocrx_word' id='word_1_342' title='bbox 1492 3113 1667 3169; x_wconf 82' lang='lat' dir='ltr'><strong>disci-‘</strong></span> 
     </span>
    </p>
   </div>
   <div class='ocr_carea' id='block_1_48' title="bbox 1766 1881 3360 1955">
    <p class='ocr_par' dir='ltr' id='par_1_48' title="bbox 1766 1881 3360 1955">
     <span class='ocr_line' id='line_1_48' title="bbox 1766 1881 3360 1955; baseline -0.003 -17"><span class='ocrx_word' id='word_1_343' title='bbox 1766 1897 1883 1938; x_wconf 90' lang='lat' dir='ltr'><strong>sum</strong></span> <span class='ocrx_word' id='word_1_344' title='bbox 1913 1892 2021 1938; x_wconf 90' lang='lat' dir='ltr'><strong>tam</strong></span> <span class='ocrx_word' id='word_1_345' title='bbox 2052 1884 2366 1950; x_wconf 90' lang='lat' dir='ltr'><strong>multorum,</strong></span> <span class='ocrx_word' id='word_1_346' title='bbox 2398 1899 2499 1940; x_wconf 90' lang='lat' dir='ltr'><strong>nec</strong></span> <span class='ocrx_word' id='word_1_347' title='bbox 2524 1884 2984 1955; x_wconf 88' lang='lat' dir='ltr'><strong>perseverantiam</strong></span> <span class='ocrx_word' id='word_1_348' title='bbox 3017 1881 3360 1936; x_wconf 88' lang='lat' dir='ltr'><strong>morientium</strong></span> 
     </span>
    </p>
   </div>
   <div class='ocr_carea' id='block_1_49' title="bbox 1765 1972 3364 2047">
    <p class='ocr_par' dir='ltr' id='par_1_49' title="bbox 1765 1972 3364 2047">
     <span class='ocr_line' id='line_1_49' title="bbox 1765 1972 3364 2047; baseline -0.001 -18"><span class='ocrx_word' id='word_1_349' title='bbox 1765 1989 1955 2029; x_wconf 83' lang='lat' dir='ltr'><strong>vanam</strong></span> <span class='ocrx_word' id='word_1_350' title='bbox 1984 1991 2130 2041; x_wconf 91' lang='lat' dir='ltr'><strong>esse,</strong></span> <span class='ocrx_word' id='word_1_351' title='bbox 2150 1990 2252 2032; x_wconf 92' lang='lat' dir='ltr'><strong>nec</strong></span> <span class='ocrx_word' id='word_1_352' title='bbox 2278 1977 2448 2046; x_wconf 90' lang='lat' dir='ltr'><strong>ipsam</strong></span> <span class='ocrx_word' id='word_1_353' title='bbox 2472 1976 2788 2047; x_wconf 87' lang='lat' dir='ltr'><strong>patientiam</strong></span> <span class='ocrx_word' id='word_1_354' title='bbox 2811 1975 2930 2030; x_wconf 90' lang='lat' dir='ltr'><strong>sine</strong></span> <span class='ocrx_word' id='word_1_355' title='bbox 2956 1973 3065 2030; x_wconf 90' lang='lat' dir='ltr'><strong>Deo</strong></span> <span class='ocrx_word' id='word_1_356' title='bbox 3091 1972 3364 2028; x_wconf 90' lang='lat' dir='ltr'><strong>cruciatus</strong></span> 
     </span>
    </p>
   </div>
   <div class='ocr_carea' id='block_1_50' title="bbox 1765 2065 3360 2139">
    <p class='ocr_par' dir='ltr' id='par_1_50' title="bbox 1765 2065 3360 2139">
     <span class='ocr_line' id='line_1_50' title="bbox 1765 2065 3360 2139; baseline -0.001 -17"><span class='ocrx_word' id='word_1_357' title='bbox 1765 2077 1945 2124; x_wconf 89' lang='lat' dir='ltr'><strong>tantos</strong></span> <span class='ocrx_word' id='word_1_358' title='bbox 1991 2084 2151 2139; x_wconf 83' lang='lat' dir='ltr'><strong>posse</strong></span> <span class='ocrx_word' id='word_1_359' title='bbox 2191 2072 2462 2126; x_wconf 86' lang='lat' dir='ltr'><strong>sustinere</strong></span> <span class='ocrx_word' id='word_1_360' title='bbox 2497 2088 2516 2122; x_wconf 86' lang='grc'><strong>›</strong></span> <span class='ocrx_word' id='word_1_361' title='bbox 2553 2068 2832 2138; x_wconf 76' lang='lat' dir='ltr'><strong>(Lactant.</strong></span> <span class='ocrx_word' id='word_1_362' title='bbox 2855 2110 2871 2136; x_wconf 95' lang='lat'><strong>,</strong></span> <span class='ocrx_word' id='word_1_363' title='bbox 2901 2067 2989 2122; x_wconf 80' lang='lat' dir='ltr'><strong>lib.</strong></span> <span class='ocrx_word' id='word_1_364' title='bbox 3024 2083 3077 2136; x_wconf 91' lang='lat' dir='ltr'><strong>v,</strong></span> <span class='ocrx_word' id='word_1_365' title='bbox 3119 2083 3236 2137; x_wconf 89' lang='lat' dir='ltr'><strong>cap.</strong></span> <span class='ocrx_word' id='word_1_366' title='bbox 3270 2065 3360 2132; x_wconf 79' lang='grc'><strong>15,</strong></span> 
     </span>
    </p>
   </div>
   <div class='ocr_carea' id='block_1_51' title="bbox 1764 2158 3359 2234">
    <p class='ocr_par' dir='ltr' id='par_1_51' title="bbox 1764 2158 3359 2234">
     <span class='ocr_line' id='line_1_51' title="bbox 1764 2158 3359 2234; baseline 0 -20"><span class='ocrx_word' id='word_1_367' title='bbox 1764 2176 1885 2232; x_wconf 87' lang='lat' dir='ltr'><strong>pag.</strong></span> <span class='ocrx_word' id='word_1_368' title='bbox 1930 2160 2097 2233; x_wconf 73' lang='grc'><strong>495).</strong></span> <span class='ocrx_word' id='word_1_369' title='bbox 2146 2161 2311 2217; x_wconf 79' lang='lat' dir='ltr'><strong>Vides</strong></span> <span class='ocrx_word' id='word_1_370' title='bbox 2340 2163 2522 2234; x_wconf 90' lang='lat' dir='ltr'><strong>itaque</strong></span> <span class='ocrx_word' id='word_1_371' title='bbox 2551 2177 2708 2233; x_wconf 91' lang='lat' dir='ltr'><strong>quant</strong></span> <span class='ocrx_word' id='word_1_372' title='bbox 2740 2160 2944 2216; x_wconf 89' lang='lat' dir='ltr'><strong>diserte</strong></span> <span class='ocrx_word' id='word_1_373' title='bbox 2975 2160 3066 2216; x_wconf 91' lang='lat' dir='ltr'><strong>ille</strong></span> <span class='ocrx_word' id='word_1_374' title='bbox 3095 2168 3218 2231; x_wconf 80' lang='lat' dir='ltr'><strong>pOst</strong></span> <span class='ocrx_word' id='word_1_375' title='bbox 3256 2158 3359 2214; x_wconf 84' lang='lat' dir='ltr'><strong>Ar-</strong></span> 
     </span>
    </p>
   </div>
   <div class='ocr_carea' id='block_1_52' title="bbox 1763 2251 3361 2321">
    <p class='ocr_par' dir='ltr' id='par_1_52' title="bbox 1763 2251 3361 2321">
     <span class='ocr_line' id='line_1_52' title="bbox 1763 2251 3361 2321; baseline -0.003 -11"><span class='ocrx_word' id='word_1_376' title='bbox 1763 2256 1982 2312; x_wconf 84' lang='lat' dir='ltr'><strong>nobiutn</strong></span> <span class='ocrx_word' id='word_1_377' title='bbox 2016 2263 2261 2312; x_wconf 88' lang='lat' dir='ltr'><strong>nostrum</strong></span> <span class='ocrx_word' id='word_1_378' title='bbox 2283 2298 2299 2321; x_wconf 96' lang='lat'><strong>,</strong></span> <span class='ocrx_word' id='word_1_379' title='bbox 2328 2271 2393 2313; x_wconf 91' lang='lat' dir='ltr'><strong>ac</strong></span> <span class='ocrx_word' id='word_1_380' title='bbox 2420 2257 2643 2313; x_wconf 90' lang='lat' dir='ltr'><strong>citatum</strong></span> <span class='ocrx_word' id='word_1_381' title='bbox 2672 2271 2701 2309; x_wconf 91' lang='lat' dir='ltr'><strong>a</strong></span> <span class='ocrx_word' id='word_1_382' title='bbox 2732 2253 2888 2311; x_wconf 90' lang='lat' dir='ltr'><strong>nobis</strong></span> <span class='ocrx_word' id='word_1_383' title='bbox 2912 2253 3041 2309; x_wconf 90' lang='lat' dir='ltr'><strong>alibi</strong></span> <span class='ocrx_word' id='word_1_384' title='bbox 3072 2251 3361 2307; x_wconf 88' lang='lat' dir='ltr'><strong>Minucium</strong></span> 
     </span>
    </p>
   </div>
   <div class='ocr_carea' id='block_1_53' title="bbox 1761 2341 3358 2420">
    <p class='ocr_par' dir='ltr' id='par_1_53' title="bbox 1761 2341 3358 2420">
     <span class='ocr_line' id='line_1_53' title="bbox 1761 2341 3358 2420; baseline -0.003 -17"><span class='ocrx_word' id='word_1_385' title='bbox 1761 2347 1995 2404; x_wconf 87' lang='lat' dir='ltr'><strong>Felicem</strong></span> <span class='ocrx_word' id='word_1_386' title='bbox 2032 2347 2290 2420; x_wconf 63' lang='grc' dir='ltr'><strong>(Πίθωνι.</strong></span> <span class='ocrx_word' id='word_1_387' title='bbox 2330 2349 2383 2403; x_wconf 83' lang='lat' dir='ltr'><strong>in</strong></span> <span class='ocrx_word' id='word_1_388' title='bbox 2423 2348 2648 2412; x_wconf 81' lang='lat' dir='ltr'><strong>Minuc.,</strong></span> <span class='ocrx_word' id='word_1_389' title='bbox 2679 2363 2795 2417; x_wconf 86' lang='lat' dir='ltr'><strong>cap.</strong></span> <span class='ocrx_word' id='word_1_390' title='bbox 2826 2362 2903 2411; x_wconf 84' lang='lat' dir='ltr'><strong>vr,</strong></span> <span class='ocrx_word' id='word_1_391' title='bbox 2936 2354 3039 2401; x_wconf 84' lang='lat' dir='ltr'><strong>art.</strong></span> <span class='ocrx_word' id='word_1_392' title='bbox 3062 2341 3176 2417; x_wconf 75' lang='lat'><strong>5.),</strong></span> <span class='ocrx_word' id='word_1_393' title='bbox 3206 2358 3358 2400; x_wconf 81' lang='lat' dir='ltr'><strong>asse-</strong></span> 
     </span>
    </p>
   </div>
   <div class='ocr_carea' id='block_1_54' title="bbox 1760 2439 3359 2513">
    <p class='ocr_par' dir='ltr' id='par_1_54' title="bbox 1760 2439 3359 2513">
     <span class='ocr_line' id='line_1_54' title="bbox 1760 2439 3359 2513; baseline 0.001 -19"><span class='ocrx_word' id='word_1_394' title='bbox 1760 2450 1913 2497; x_wconf 89' lang='lat' dir='ltr'><strong>veret</strong></span> <span class='ocrx_word' id='word_1_395' title='bbox 1947 2442 2261 2512; x_wconf 88' lang='lat' dir='ltr'><strong>inspiratam</strong></span> <span class='ocrx_word' id='word_1_396' title='bbox 2308 2441 2376 2497; x_wconf 88' lang='lat' dir='ltr'><strong>ab</strong></span> <span class='ocrx_word' id='word_1_397' title='bbox 2421 2443 2656 2513; x_wconf 87' lang='lat' dir='ltr'><strong>ipsemet</strong></span> <span class='ocrx_word' id='word_1_398' title='bbox 2706 2441 2815 2498; x_wconf 92' lang='lat' dir='ltr'><strong>Deo</strong></span> <span class='ocrx_word' id='word_1_399' title='bbox 2859 2439 3009 2495; x_wconf 89' lang='lat' dir='ltr'><strong>illam</strong></span> <span class='ocrx_word' id='word_1_400' title='bbox 3054 2439 3359 2496; x_wconf 88' lang='lat' dir='ltr'><strong>mirabilem</strong></span> 
     </span>
    </p>
   </div>
   <div class='ocr_carea' id='block_1_55' title="bbox 1761 2531 3358 2606">
    <p class='ocr_par' dir='ltr' id='par_1_55' title="bbox 1761 2531 3358 2606">
     <span class='ocr_line' id='line_1_55' title="bbox 1761 2531 3358 2606; baseline -0.001 -19"><span class='ocrx_word' id='word_1_401' title='bbox 1761 2548 1986 2604; x_wconf 89' lang='lat' dir='ltr'><strong>prorsus</strong></span> <span class='ocrx_word' id='word_1_402' title='bbox 2031 2543 2328 2606; x_wconf 90' lang='lat' dir='ltr'><strong>martyrum</strong></span> <span class='ocrx_word' id='word_1_403' title='bbox 2370 2533 2706 2604; x_wconf 88' lang='lat' dir='ltr'><strong>patientiam.</strong></span> <span class='ocrx_word' id='word_1_404' title='bbox 2736 2532 2896 2600; x_wconf 82' lang='lat' dir='ltr'><strong>Atqui</strong></span> <span class='ocrx_word' id='word_1_405' title='bbox 2932 2533 3069 2587; x_wconf 87' lang='lat' dir='ltr'><strong>Deus</strong></span> <span class='ocrx_word' id='word_1_406' title='bbox 3098 2531 3236 2586; x_wconf 90' lang='lat' dir='ltr'><strong>hanc</strong></span> <span class='ocrx_word' id='word_1_407' title='bbox 3273 2532 3358 2586; x_wconf 85' lang='lat' dir='ltr'><strong>di-</strong></span> 
     </span>
    </p>
   </div>
   <div class='ocr_carea' id='block_1_56' title="bbox 1760 2624 3360 2699">
    <p class='ocr_par' dir='ltr' id='par_1_56' title="bbox 1760 2624 3360 2699">
     <span class='ocr_line' id='line_1_56' title="bbox 1760 2624 3360 2699; baseline -0.001 -16"><span class='ocrx_word' id='word_1_408' title='bbox 1760 2627 1939 2683; x_wconf 87' lang='lat' dir='ltr'><strong>vinatn</strong></span> <span class='ocrx_word' id='word_1_409' title='bbox 1969 2644 2121 2682; x_wconf 89' lang='lat' dir='ltr'><strong>suam</strong></span> <span class='ocrx_word' id='word_1_410' title='bbox 2154 2643 2334 2699; x_wconf 91' lang='lat' dir='ltr'><strong>opem,</strong></span> <span class='ocrx_word' id='word_1_411' title='bbox 2369 2638 2423 2683; x_wconf 88' lang='lat' dir='ltr'><strong>et</strong></span> <span class='ocrx_word' id='word_1_412' title='bbox 2459 2627 2719 2682; x_wconf 84' lang='lat' dir='ltr'><strong>auxilium</strong></span> <span class='ocrx_word' id='word_1_413' title='bbox 2761 2624 3250 2682; x_wconf 79' lang='lat' dir='ltr'><strong>extraordinarium</strong></span> <span class='ocrx_word' id='word_1_414' title='bbox 3294 2625 3360 2681; x_wconf 89' lang='lat' dir='ltr'><strong>iis</strong></span> 
     </span>
    </p>
   </div>
   <div class='ocr_carea' id='block_1_57' title="bbox 1760 2711 3357 2784">
    <p class='ocr_par' dir='ltr' id='par_1_57' title="bbox 1760 2711 3357 2784">
     <span class='ocr_line' id='line_1_57' title="bbox 1760 2711 3357 2784; baseline -0.002 -14"><span class='ocrx_word' id='word_1_415' title='bbox 1760 2724 1966 2771; x_wconf 86' lang='lat' dir='ltr'><strong>tantum</strong></span> <span class='ocrx_word' id='word_1_416' title='bbox 1995 2716 2209 2771; x_wconf 87' lang='lat' dir='ltr'><strong>eonfert</strong></span> <span class='ocrx_word' id='word_1_417' title='bbox 2229 2756 2245 2779; x_wconf 96' lang='lat'><strong>,</strong></span> <span class='ocrx_word' id='word_1_418' title='bbox 2277 2713 2368 2784; x_wconf 90' lang='lat' dir='ltr'><strong>qui</strong></span> <span class='ocrx_word' id='word_1_419' title='bbox 2394 2730 2524 2770; x_wconf 91' lang='lat' dir='ltr'><strong>vero</strong></span> <span class='ocrx_word' id='word_1_420' title='bbox 2554 2714 2671 2784; x_wconf 88' lang='lat' dir='ltr'><strong>ejus</strong></span> <span class='ocrx_word' id='word_1_421' title='bbox 2701 2713 2905 2779; x_wconf 90' lang='lat' dir='ltr'><strong>cultui,</strong></span> <span class='ocrx_word' id='word_1_422' title='bbox 2947 2727 3200 2783; x_wconf 74' lang='lat' dir='ltr'><strong>veraeque</strong></span> <span class='ocrx_word' id='word_1_423' title='bbox 3226 2711 3357 2767; x_wconf 91' lang='lat' dir='ltr'><strong>reli-</strong></span> 
     </span>
    </p>
   </div>
   <div class='ocr_carea' id='block_1_58' title="bbox 1757 2806 3354 2882">
    <p class='ocr_par' dir='ltr' id='par_1_58' title="bbox 1757 2806 3354 2882">
     <span class='ocr_line' id='line_1_58' title="bbox 1757 2806 3354 2882; baseline -0.001 -18"><span class='ocrx_word' id='word_1_424' title='bbox 1757 2810 1903 2882; x_wconf 87' lang='lat' dir='ltr'><strong>gioni</strong></span> <span class='ocrx_word' id='word_1_425' title='bbox 1956 2810 2246 2879; x_wconf 89' lang='lat' dir='ltr'><strong>mancipati</strong></span> <span class='ocrx_word' id='word_1_426' title='bbox 2296 2819 2453 2876; x_wconf 91' lang='lat' dir='ltr'><strong>sunt,</strong></span> <span class='ocrx_word' id='word_1_427' title='bbox 2494 2824 2601 2864; x_wconf 92' lang='lat' dir='ltr'><strong>non</strong></span> <span class='ocrx_word' id='word_1_428' title='bbox 2640 2817 2821 2864; x_wconf 90' lang='lat' dir='ltr'><strong>autem</strong></span> <span class='ocrx_word' id='word_1_429' title='bbox 2865 2807 3022 2873; x_wconf 89' lang='lat' dir='ltr'><strong>aliis,</strong></span> <span class='ocrx_word' id='word_1_430' title='bbox 3068 2807 3160 2878; x_wconf 89' lang='lat' dir='ltr'><strong>qui</strong></span> <span class='ocrx_word' id='word_1_431' title='bbox 3208 2806 3354 2862; x_wconf 91' lang='lat' dir='ltr'><strong>illum</strong></span> 
     </span>
    </p>
   </div>
   <div class='ocr_carea' id='block_1_59' title="bbox 1756 2899 3357 2973">
    <p class='ocr_par' dir='ltr' id='par_1_59' title="bbox 1756 2899 3357 2973">
     <span class='ocr_line' id='line_1_59' title="bbox 1756 2899 3357 2973; baseline -0.002 -15"><span class='ocrx_word' id='word_1_432' title='bbox 1756 2912 2041 2973; x_wconf 90' lang='lat' dir='ltr'><strong>spernunt,</strong></span> <span class='ocrx_word' id='word_1_433' title='bbox 2075 2903 2369 2972; x_wconf 86' lang='lat' dir='ltr'><strong>repellunt.</strong></span> <span class='ocrx_word' id='word_1_434' title='bbox 2394 2910 2452 2957; x_wconf 91' lang='lat' dir='ltr'><strong>et</strong></span> <span class='ocrx_word' id='word_1_435' title='bbox 2474 2903 2523 2957; x_wconf 91' lang='lat' dir='ltr'><strong>ei</strong></span> <span class='ocrx_word' id='word_1_436' title='bbox 2555 2917 2773 2971; x_wconf 90' lang='lat' dir='ltr'><strong>semper</strong></span> <span class='ocrx_word' id='word_1_437' title='bbox 2797 2900 3178 2957; x_wconf 80' lang='lat' dir='ltr'><strong>adversantur.</strong></span> <span class='ocrx_word' id='word_1_438' title='bbox 3208 2899 3357 2955; x_wconf 86' lang='lat' dir='ltr'><strong>Alias</strong></span> 
     </span>
    </p>
   </div>
   <div class='ocr_carea' id='block_1_60' title="bbox 1757 2995 3353 3068">
    <p class='ocr_par' dir='ltr' id='par_1_60' title="bbox 1757 2995 3353 3068">
     <span class='ocr_line' id='line_1_60' title="bbox 1757 2995 3353 3068; baseline -0.004 -13"><span class='ocrx_word' id='word_1_439' title='bbox 1757 3000 2034 3055; x_wconf 88' lang='lat' dir='ltr'><strong>enimvero</strong></span> <span class='ocrx_word' id='word_1_440' title='bbox 2066 2999 2158 3054; x_wconf 89' lang='lat' dir='ltr'><strong>ille</strong></span> <span class='ocrx_word' id='word_1_441' title='bbox 2198 2999 2298 3054; x_wconf 93' lang='lat' dir='ltr'><strong>sibi</strong></span> <span class='ocrx_word' id='word_1_442' title='bbox 2342 2998 2443 3068; x_wconf 90' lang='lat' dir='ltr'><strong>ipsi</strong></span> <span class='ocrx_word' id='word_1_443' title='bbox 2475 2997 2785 3053; x_wconf 91' lang='lat' dir='ltr'><strong>contrarius</strong></span> <span class='ocrx_word' id='word_1_444' title='bbox 2814 3005 2979 3052; x_wconf 91' lang='lat' dir='ltr'><strong>esset.</strong></span> <span class='ocrx_word' id='word_1_445' title='bbox 3011 2995 3353 3050; x_wconf 86' lang='lat' dir='ltr'><strong>Christiano-</strong></span> 
     </span>
    </p>
   </div>
   <div class='ocr_carea' id='block_1_61' title="bbox 1757 3091 3354 3164">
    <p class='ocr_par' dir='ltr' id='par_1_61' title="bbox 1757 3091 3354 3164">
     <span class='ocr_line' id='line_1_61' title="bbox 1757 3091 3354 3164; baseline -0.004 -16"><span class='ocrx_word' id='word_1_446' title='bbox 1757 3109 1875 3148; x_wconf 89' lang='lat' dir='ltr'><strong>rum</strong></span> <span class='ocrx_word' id='word_1_447' title='bbox 1908 3108 2074 3164; x_wconf 85' lang='lat' dir='ltr'><strong>ergo,</strong></span> <span class='ocrx_word' id='word_1_448' title='bbox 2112 3092 2239 3163; x_wconf 90' lang='lat' dir='ltr'><strong>qui,</strong></span> <span class='ocrx_word' id='word_1_449' title='bbox 2277 3091 2385 3147; x_wconf 85' lang='lat' dir='ltr'><strong>Deo</strong></span> <span class='ocrx_word' id='word_1_450' title='bbox 2429 3092 2760 3161; x_wconf 84' lang='lat' dir='ltr'><strong>epilulante,</strong></span> <span class='ocrx_word' id='word_1_451' title='bbox 2791 3096 2871 3143; x_wconf 88' lang='lat' dir='ltr'><strong>tet</strong></span> <span class='ocrx_word' id='word_1_452' title='bbox 2916 3097 3210 3159; x_wconf 87' lang='lat' dir='ltr'><strong>tantaque,</strong></span> <span class='ocrx_word' id='word_1_453' title='bbox 3256 3100 3354 3159; x_wconf 87' lang='lat' dir='ltr'><strong>pro</strong></span> 
     </span>
    </p>
   </div>
   <div class='ocr_carea' id='block_1_62' title="bbox 60 3182 3354 3277">
    <p class='ocr_par' dir='ltr' id='par_1_62' title="bbox 60 3182 3354 3277">
     <span class='ocr_line' id='line_1_62' title="bbox 60 3182 3354 3277; baseline -0.007 -18"><span class='ocrx_word' id='word_1_454' title='bbox 60 3208 240 3277; x_wconf 87' lang='lat' dir='ltr'><strong>pulos,</strong></span> <span class='ocrx_word' id='word_1_455' title='bbox 283 3213 516 3276; x_wconf 90' lang='lat' dir='ltr'><strong>quantos</strong></span> <span class='ocrx_word' id='word_1_456' title='bbox 556 3205 838 3261; x_wconf 89' lang='lat' dir='ltr'><strong>christiani</strong></span> <span class='ocrx_word' id='word_1_457' title='bbox 888 3206 1044 3263; x_wconf 83' lang='lat' dir='ltr'><strong>factis</strong></span> <span class='ocrx_word' id='word_1_458' title='bbox 1087 3206 1349 3263; x_wconf 88' lang='lat' dir='ltr'><strong>docendo.</strong></span> <span class='ocrx_word' id='word_1_459' title='bbox 1401 3206 1494 3261; x_wconf 89' lang='lat' dir='ltr'><strong>Illa</strong></span> <span class='ocrx_word' id='word_1_460' title='bbox 1536 3207 1650 3276; x_wconf 85' lang='lat' dir='ltr'><strong>ipsa</strong></span> <span class='ocrx_word' id='word_1_461' title='bbox 1679 3200 1724 3263; x_wconf 87' lang='lat' dir='ltr'>C</span> <span class='ocrx_word' id='word_1_462' title='bbox 1756 3186 1953 3242; x_wconf 68' lang='grc' dir='ltr'><strong>ίυθηάτι</strong></span> <span class='ocrx_word' id='word_1_463' title='bbox 2000 3200 2113 3241; x_wconf 66' lang='grc' dir='ltr'><strong>θυῖε</strong></span> <span class='ocrx_word' id='word_1_464' title='bbox 2159 3184 2436 3256; x_wconf 75' lang='lat' dir='ltr'><strong>religionis</strong></span> <span class='ocrx_word' id='word_1_465' title='bbox 2482 3182 2857 3277; x_wconf 73' lang='lat' dir='ltr'><strong>professione,</strong></span> <span class='ocrx_word' id='word_1_466' title='bbox 2893 3191 2999 3277; x_wconf 82' lang='lat' dir='ltr'><strong>tam</strong></span> <span class='ocrx_word' id='word_1_467' title='bbox 3041 3191 3354 3237; x_wconf 75' lang='lat' dir='ltr'><strong>conatanter</strong></span> 
     </span>
    </p>
   </div>
   <div class='ocr_carea' id='block_1_63' title="bbox 58 3297 1648 3372">
    <p class='ocr_par' dir='ltr' id='par_1_63' title="bbox 58 3297 1648 3372">
     <span class='ocr_line' id='line_1_63' title="bbox 58 3297 1648 3372; baseline 0.001 -17"><span class='ocrx_word' id='word_1_468' title='bbox 58 3297 371 3363; x_wconf 78' lang='lat' dir='ltr'><strong>obstinatio,</strong></span> <span class='ocrx_word' id='word_1_469' title='bbox 388 3313 546 3368; x_wconf 80' lang='lat' dir='ltr'><strong>quain</strong></span> <span class='ocrx_word' id='word_1_470' title='bbox 570 3300 931 3368; x_wconf 83' lang='lat' dir='ltr'><strong>exprobratis,</strong></span> <span class='ocrx_word' id='word_1_471' title='bbox 954 3300 1205 3372; x_wconf 87' lang='lat' dir='ltr'><strong>magistra</strong></span> <span class='ocrx_word' id='word_1_472' title='bbox 1230 3308 1334 3357; x_wconf 89' lang='lat' dir='ltr'><strong>est.</strong></span> <span class='ocrx_word' id='word_1_473' title='bbox 1356 3300 1487 3369; x_wconf 85' lang='lat' dir='ltr'><strong>Quis</strong></span> <span class='ocrx_word' id='word_1_474' title='bbox 1507 3301 1648 3356; x_wconf 91' lang='lat' dir='ltr'><strong>enim</strong></span> 
     </span>
    </p>
   </div>
   <div class='ocr_carea' id='block_1_64' title="bbox 58 3391 1648 3466">
    <p class='ocr_par' dir='ltr' id='par_1_64' title="bbox 58 3391 1648 3466">
     <span class='ocr_line' id='line_1_64' title="bbox 58 3391 1648 3466; baseline 0.003 -19"><span class='ocrx_word' id='word_1_475' title='bbox 58 3408 162 3447; x_wconf 86' lang='lat' dir='ltr'><strong>non</strong></span> <span class='ocrx_word' id='word_1_476' title='bbox 188 3391 653 3462; x_wconf 89' lang='lat' dir='ltr'><strong>contemplatione</strong></span> <span class='ocrx_word' id='word_1_477' title='bbox 678 3393 795 3461; x_wconf 90' lang='lat' dir='ltr'><strong>ejus</strong></span> <span class='ocrx_word' id='word_1_478' title='bbox 822 3395 1128 3450; x_wconf 90' lang='lat' dir='ltr'><strong>concutitur</strong></span> <span class='ocrx_word' id='word_1_479' title='bbox 1164 3394 1231 3450; x_wconf 88' lang='lat' dir='ltr'><strong>ad</strong></span> <span class='ocrx_word' id='word_1_480' title='bbox 1268 3394 1648 3466; x_wconf 87' lang='lat' dir='ltr'><strong>requirendum</strong></span> 
     </span>
    </p>
   </div>
   <div class='ocr_carea' id='block_1_65' title="bbox 58 3484 1647 3560">
    <p class='ocr_par' dir='ltr' id='par_1_65' title="bbox 58 3484 1647 3560">
     <span class='ocr_line' id='line_1_65' title="bbox 58 3484 1647 3560; baseline 0.003 -21"><span class='ocrx_word' id='word_1_481' title='bbox 58 3485 180 3557; x_wconf 87' lang='lat' dir='ltr'><strong>quid</strong></span> <span class='ocrx_word' id='word_1_482' title='bbox 208 3486 353 3540; x_wconf 90' lang='lat' dir='ltr'><strong>intus</strong></span> <span class='ocrx_word' id='word_1_483' title='bbox 377 3486 428 3541; x_wconf 92' lang='lat' dir='ltr'><strong>in</strong></span> <span class='ocrx_word' id='word_1_484' title='bbox 454 3501 512 3543; x_wconf 91' lang='lat' dir='ltr'><strong>re</strong></span> <span class='ocrx_word' id='word_1_485' title='bbox 537 3484 791 3554; x_wconf 79' lang='lat' dir='ltr'><strong>Stt?Quis</strong></span> <span class='ocrx_word' id='word_1_486' title='bbox 814 3503 944 3555; x_wconf 91' lang='lat' dir='ltr'><strong>non,</strong></span> <span class='ocrx_word' id='word_1_487' title='bbox 966 3488 1055 3542; x_wconf 90' lang='lat' dir='ltr'><strong>ubi</strong></span> <span class='ocrx_word' id='word_1_488' title='bbox 1083 3487 1381 3560; x_wconf 87' lang='lat' dir='ltr'><strong>requisivit,</strong></span> <span class='ocrx_word' id='word_1_489' title='bbox 1410 3489 1647 3556; x_wconf 88' lang='lat' dir='ltr'><strong>accedit;</strong></span> 
     </span>
    </p>
   </div>
   <div class='ocr_carea' id='block_1_66' title="bbox 57 3581 1647 3656">
    <p class='ocr_par' dir='ltr' id='par_1_66' title="bbox 57 3581 1647 3656">
     <span class='ocr_line' id='line_1_66' title="bbox 57 3581 1647 3656; baseline 0.003 -22"><span class='ocrx_word' id='word_1_490' title='bbox 57 3581 143 3634; x_wconf 90' lang='lat' dir='ltr'><strong>ubi</strong></span> <span class='ocrx_word' id='word_1_491' title='bbox 190 3581 455 3647; x_wconf 88' lang='lat' dir='ltr'><strong>accessit,</strong></span> <span class='ocrx_word' id='word_1_492' title='bbox 510 3581 619 3651; x_wconf 91' lang='lat' dir='ltr'><strong>pati</strong></span> <span class='ocrx_word' id='word_1_493' title='bbox 667 3590 888 3652; x_wconf 83' lang='lat' dir='ltr'><strong>exoptat</strong></span> <span class='ocrx_word' id='word_1_494' title='bbox 937 3581 1306 3655; x_wconf 82' lang='lat' dir='ltr'><strong>(Tertullian.,</strong></span> <span class='ocrx_word' id='word_1_495' title='bbox 1354 3584 1647 3656; x_wconf 81' lang='lat' dir='ltr'><strong>Apologet.,</strong></span> 
     </span>
    </p>
   </div>
   <div class='ocr_carea' id='block_1_67' title="bbox 58 3670 1651 3747">
    <p class='ocr_par' dir='ltr' id='par_1_67' title="bbox 58 3670 1651 3747">
     <span class='ocr_line' id='line_1_67' title="bbox 58 3670 1651 3747; baseline 0.006 -22"><span class='ocrx_word' id='word_1_496' title='bbox 58 3688 169 3742; x_wconf 78' lang='lat' dir='ltr'><strong>cap.</strong></span> <span class='ocrx_word' id='word_1_497' title='bbox 192 3670 352 3744; x_wconf 69' lang='lat'><strong>50.)?</strong></span> <span class='ocrx_word' id='word_1_498' title='bbox 372 3671 543 3728; x_wconf 90' lang='lat' dir='ltr'><strong>Nemo</strong></span> <span class='ocrx_word' id='word_1_499' title='bbox 572 3684 749 3729; x_wconf 80' lang='lat' dir='ltr'><strong>autem</strong></span> <span class='ocrx_word' id='word_1_500' title='bbox 778 3675 830 3730; x_wconf 91' lang='lat' dir='ltr'><strong>id</strong></span> <span class='ocrx_word' id='word_1_501' title='bbox 863 3675 986 3746; x_wconf 86' lang='lat' dir='ltr'><strong>ipsi,</strong></span> <span class='ocrx_word' id='word_1_502' title='bbox 1020 3691 1208 3747; x_wconf 89' lang='lat' dir='ltr'><strong>parum</strong></span> <span class='ocrx_word' id='word_1_503' title='bbox 1238 3685 1439 3733; x_wconf 89' lang='lat' dir='ltr'><strong>attenta</strong></span> <span class='ocrx_word' id='word_1_504' title='bbox 1470 3690 1651 3735; x_wconf 90' lang='lat' dir='ltr'><strong>mente</strong></span> 
     </span>
    </p>
   </div>
   <div class='ocr_carea' id='block_1_68' title="bbox 57 3767 1650 3841">
    <p class='ocr_par' dir='ltr' id='par_1_68' title="bbox 57 3767 1650 3841">
     <span class='ocr_line' id='line_1_68' title="bbox 57 3767 1650 3841; baseline 0.003 -18"><span class='ocrx_word' id='word_1_505' title='bbox 57 3767 351 3835; x_wconf 86' lang='lat' dir='ltr'><strong>scribenti,</strong></span> <span class='ocrx_word' id='word_1_506' title='bbox 400 3767 665 3825; x_wconf 77' lang='lat' dir='ltr'><strong>excidisse</strong></span> <span class='ocrx_word' id='word_1_507' title='bbox 711 3777 883 3840; x_wconf 88' lang='lat' dir='ltr'><strong>putet.</strong></span> <span class='ocrx_word' id='word_1_508' title='bbox 929 3769 1050 3824; x_wconf 85' lang='lat' dir='ltr'><strong>Alio</strong></span> <span class='ocrx_word' id='word_1_509' title='bbox 1097 3770 1359 3841; x_wconf 89' lang='lat' dir='ltr'><strong>siquidem</strong></span> <span class='ocrx_word' id='word_1_510' title='bbox 1407 3771 1460 3826; x_wconf 90' lang='lat' dir='ltr'><strong>in</strong></span> <span class='ocrx_word' id='word_1_511' title='bbox 1514 3771 1650 3827; x_wconf 90' lang='lat' dir='ltr'><strong>libro</strong></span> 
     </span>
    </p>
   </div>
   <div class='ocr_carea' id='block_1_69' title="bbox 56 3862 1651 3941">
    <p class='ocr_par' dir='ltr' id='par_1_69' title="bbox 56 3862 1651 3941">
     <span class='ocr_line' id='line_1_69' title="bbox 56 3862 1651 3941; baseline 0.002 -23"><span class='ocrx_word' id='word_1_512' title='bbox 56 3863 238 3919; x_wconf 84' lang='lat' dir='ltr'><strong>cadem</strong></span> <span class='ocrx_word' id='word_1_513' title='bbox 271 3864 509 3934; x_wconf 87' lang='lat' dir='ltr'><strong>repetit:</strong></span> <span class='ocrx_word' id='word_1_514' title='bbox 545 3880 564 3915; x_wconf 72' lang='grc' dir='ltr'><strong><em>ι</em></strong></span> <span class='ocrx_word' id='word_1_515' title='bbox 596 3862 707 3920; x_wconf 90' lang='lat' dir='ltr'><strong>Nec</strong></span> <span class='ocrx_word' id='word_1_516' title='bbox 733 3864 946 3921; x_wconf 85' lang='lat' dir='ltr'><strong>deﬁciet</strong></span> <span class='ocrx_word' id='word_1_517' title='bbox 984 3863 1100 3921; x_wconf 67' lang='lat' dir='ltr'><strong>haec</strong></span> <span class='ocrx_word' id='word_1_518' title='bbox 1139 3876 1308 3934; x_wconf 89' lang='lat' dir='ltr'><strong>secta,</strong></span> <span class='ocrx_word' id='word_1_519' title='bbox 1335 3881 1493 3935; x_wconf 91' lang='lat' dir='ltr'><strong>quam</strong></span> <span class='ocrx_word' id='word_1_520' title='bbox 1527 3875 1651 3941; x_wconf 88' lang='lat' dir='ltr'><strong>tunc</strong></span> 
     </span>
    </p>
   </div>
   <div class='ocr_carea' id='block_1_70' title="bbox 56 3942 1651 4033">
    <p class='ocr_par' dir='ltr' id='par_1_70' title="bbox 56 3942 1651 4033">
     <span class='ocr_line' id='line_1_70' title="bbox 56 3942 1651 4033; baseline 0.004 -21"><span class='ocrx_word' id='word_1_521' title='bbox 56 3959 222 4027; x_wconf 85' lang='lat' dir='ltr'><strong>magis</strong></span> <span class='ocrx_word' id='word_1_522' title='bbox 275 3958 528 4014; x_wconf 84' lang='lat' dir='ltr'><strong>aedificari</strong></span> <span class='ocrx_word' id='word_1_523' title='bbox 577 3960 738 4026; x_wconf 85' lang='lat' dir='ltr'><strong>scias,</strong></span> <span class='ocrx_word' id='word_1_524' title='bbox 785 3942 907 4016; x_wconf 86' lang='lat' dir='ltr'><strong>cum</strong></span> <span class='ocrx_word' id='word_1_525' title='bbox 955 3960 1089 4016; x_wconf 70' lang='grc' dir='ltr'><strong>εει»ᾶί</strong></span> <span class='ocrx_word' id='word_1_526' title='bbox 1138 3959 1369 4016; x_wconf 90' lang='lat' dir='ltr'><strong>videtur.</strong></span> <span class='ocrx_word' id='word_1_527' title='bbox 1416 3961 1651 4033; x_wconf 88' lang='lat' dir='ltr'><strong>Quisque</strong></span> 
     </span>
    </p>
   </div>
   <div class='ocr_carea' id='block_1_71' title="bbox 57 4052 1652 4124">
    <p class='ocr_par' dir='ltr' id='par_1_71' title="bbox 57 4052 1652 4124">
     <span class='ocr_line' id='line_1_71' title="bbox 57 4052 1652 4124; baseline 0.001 -17"><span class='ocrx_word' id='word_1_528' title='bbox 57 4053 193 4107; x_wconf 85' lang='lat' dir='ltr'><strong>enim</strong></span> <span class='ocrx_word' id='word_1_529' title='bbox 228 4061 431 4107; x_wconf 84' lang='lat' dir='ltr'><strong>tantam</strong></span> <span class='ocrx_word' id='word_1_530' title='bbox 462 4052 800 4109; x_wconf 86' lang='lat' dir='ltr'><strong>tolerantiam</strong></span> <span class='ocrx_word' id='word_1_531' title='bbox 833 4063 1106 4124; x_wconf 89' lang='lat' dir='ltr'><strong>spectans,</strong></span> <span class='ocrx_word' id='word_1_532' title='bbox 1126 4052 1380 4123; x_wconf 90' lang='lat' dir='ltr'><strong>utaliquo</strong></span> <span class='ocrx_word' id='word_1_533' title='bbox 1398 4055 1652 4123; x_wconf 85' lang='lat' dir='ltr'><strong>scrupulo</strong></span> 
     </span>
    </p>
   </div>
   <div class='ocr_carea' id='block_1_72' title="bbox 59 4146 1649 4218">
    <p class='ocr_par' dir='ltr' id='par_1_72' title="bbox 59 4146 1649 4218">
     <span class='ocr_line' id='line_1_72' title="bbox 59 4146 1649 4218; baseline 0 -17"><span class='ocrx_word' id='word_1_534' title='bbox 59 4160 368 4215; x_wconf 86' lang='lat' dir='ltr'><strong>percussus,</strong></span> <span class='ocrx_word' id='word_1_535' title='bbox 398 4155 448 4201; x_wconf 91' lang='lat' dir='ltr'><strong>et</strong></span> <span class='ocrx_word' id='word_1_536' title='bbox 481 4146 751 4217; x_wconf 87' lang='lat' dir='ltr'><strong>inquirere</strong></span> <span class='ocrx_word' id='word_1_537' title='bbox 789 4147 1100 4203; x_wconf 87' lang='lat' dir='ltr'><strong>accenditur</strong></span> <span class='ocrx_word' id='word_1_538' title='bbox 1134 4146 1261 4218; x_wconf 89' lang='lat' dir='ltr'><strong>quid</strong></span> <span class='ocrx_word' id='word_1_539' title='bbox 1288 4148 1357 4201; x_wconf 92' lang='lat' dir='ltr'><strong>sit</strong></span> <span class='ocrx_word' id='word_1_540' title='bbox 1385 4148 1435 4201; x_wconf 92' lang='lat' dir='ltr'><strong>in</strong></span> <span class='ocrx_word' id='word_1_541' title='bbox 1466 4162 1649 4216; x_wconf 86' lang='lat' dir='ltr'><strong>causa,</strong></span> 
     </span>
    </p>
   </div>
   <div class='ocr_carea' id='block_1_73' title="bbox 57 4240 1646 4312">
    <p class='ocr_par' dir='ltr' id='par_1_73' title="bbox 57 4240 1646 4312">
     <span class='ocr_line' id='line_1_73' title="bbox 57 4240 1646 4312; baseline -0.002 -17"><span class='ocrx_word' id='word_1_542' title='bbox 57 4251 107 4295; x_wconf 88' lang='lat' dir='ltr'><strong>et</strong></span> <span class='ocrx_word' id='word_1_543' title='bbox 131 4241 222 4296; x_wconf 92' lang='lat' dir='ltr'><strong>uhi</strong></span> <span class='ocrx_word' id='word_1_544' title='bbox 253 4241 571 4312; x_wconf 84' lang='lat' dir='ltr'><strong>cognoverit</strong></span> <span class='ocrx_word' id='word_1_545' title='bbox 600 4241 904 4307; x_wconf 91' lang='lat' dir='ltr'><strong>veritatem,</strong></span> <span class='ocrx_word' id='word_1_546' title='bbox 926 4252 979 4296; x_wconf 90' lang='lat' dir='ltr'><strong>et</strong></span> <span class='ocrx_word' id='word_1_547' title='bbox 1001 4240 1116 4311; x_wconf 90' lang='lat' dir='ltr'><strong>ipse</strong></span> <span class='ocrx_word' id='word_1_548' title='bbox 1136 4241 1315 4296; x_wconf 90' lang='lat' dir='ltr'><strong>statim</strong></span> <span class='ocrx_word' id='word_1_549' title='bbox 1336 4243 1599 4312; x_wconf 87' lang='lat' dir='ltr'><strong>sequitur.</strong></span> <span class='ocrx_word' id='word_1_550' title='bbox 1628 4261 1646 4292; x_wconf 73' lang='grc' dir='ltr'><strong>ι</strong></span> 
     </span>
    </p>
   </div>
   <div class='ocr_carea' id='block_1_74' title="bbox 63 4332 1651 4409">
    <p class='ocr_par' dir='ltr' id='par_1_74' title="bbox 63 4332 1651 4409">
     <span class='ocr_line' id='line_1_74' title="bbox 63 4332 1651 4409; baseline 0.002 -21"><span class='ocrx_word' id='word_1_551' title='bbox 63 4333 295 4405; x_wconf 68' lang='lat' dir='ltr'><strong>(Idam,</strong></span> <span class='ocrx_word' id='word_1_552' title='bbox 330 4332 450 4388; x_wconf 81' lang='lat' dir='ltr'><strong>libr.</strong></span> <span class='ocrx_word' id='word_1_553' title='bbox 479 4334 547 4388; x_wconf 87' lang='lat' dir='ltr'><strong>ad</strong></span> <span class='ocrx_word' id='word_1_554' title='bbox 578 4334 817 4406; x_wconf 85' lang='lat' dir='ltr'><strong>Scapul..</strong></span> <span class='ocrx_word' id='word_1_555' title='bbox 850 4352 965 4408; x_wconf 89' lang='lat' dir='ltr'><strong>cap.</strong></span> <span class='ocrx_word' id='word_1_556' title='bbox 997 4335 1084 4409; x_wconf 83' lang='lat'><strong>5).</strong></span> <span class='ocrx_word' id='word_1_557' title='bbox 1119 4334 1222 4392; x_wconf 88' lang='lat' dir='ltr'><strong>Sed</strong></span> <span class='ocrx_word' id='word_1_558' title='bbox 1254 4336 1323 4392; x_wconf 90' lang='lat' dir='ltr'><strong>de</strong></span> <span class='ocrx_word' id='word_1_559' title='bbox 1352 4337 1434 4392; x_wconf 89' lang='lat' dir='ltr'><strong>Itis</strong></span> <span class='ocrx_word' id='word_1_560' title='bbox 1463 4336 1651 4403; x_wconf 88' lang='lat' dir='ltr'><strong>fusius,</strong></span> 
     </span>
    </p>
   </div>
   <div class='ocr_carea' id='block_1_75' title="bbox 60 4426 1614 4502">
    <p class='ocr_par' dir='ltr' id='par_1_75' title="bbox 60 4426 1614 4502">
     <span class='ocr_line' id='line_1_75' title="bbox 60 4426 1614 4502; baseline 0.001 -19"><span class='ocrx_word' id='word_1_561' title='bbox 60 4426 145 4484; x_wconf 89' lang='lat' dir='ltr'><strong>ubi</strong></span> <span class='ocrx_word' id='word_1_562' title='bbox 170 4429 240 4485; x_wconf 91' lang='lat' dir='ltr'><strong>de</strong></span> <span class='ocrx_word' id='word_1_563' title='bbox 271 4440 504 4500; x_wconf 89' lang='lat' dir='ltr'><strong>utroque</strong></span> <span class='ocrx_word' id='word_1_564' title='bbox 531 4429 623 4485; x_wconf 90' lang='lat' dir='ltr'><strong>illo</strong></span> <span class='ocrx_word' id='word_1_565' title='bbox 651 4428 969 4485; x_wconf 86' lang='lat' dir='ltr'><strong>Tertulliani</strong></span> <span class='ocrx_word' id='word_1_566' title='bbox 999 4429 1169 4498; x_wconf 91' lang='lat' dir='ltr'><strong>libro,</strong></span> <span class='ocrx_word' id='word_1_567' title='bbox 1200 4430 1614 4502; x_wconf 87' lang='lat' dir='ltr'><strong>disputabimus.</strong></span> 
     </span>
    </p>
   </div>
   <div class='ocr_carea' id='block_1_76' title="bbox 126 4522 1655 4596">
    <p class='ocr_par' dir='ltr' id='par_1_76' title="bbox 126 4522 1655 4596">
     <span class='ocr_line' id='line_1_76' title="bbox 126 4522 1655 4596; baseline -0.001 -17"><span class='ocrx_word' id='word_1_568' title='bbox 126 4523 332 4579; x_wconf 83' lang='lat' dir='ltr'><strong>Eadem</strong></span> <span class='ocrx_word' id='word_1_569' title='bbox 362 4524 830 4596; x_wconf 81' lang='lat' dir='ltr'><strong>argumentatione</strong></span> <span class='ocrx_word' id='word_1_570' title='bbox 857 4534 911 4579; x_wconf 91' lang='lat' dir='ltr'><strong>et</strong></span> <span class='ocrx_word' id='word_1_571' title='bbox 939 4522 1050 4578; x_wconf 90' lang='lat' dir='ltr'><strong>Leo</strong></span> <span class='ocrx_word' id='word_1_572' title='bbox 1076 4522 1317 4595; x_wconf 81' lang='lat' dir='ltr'><strong>Magnus,</strong></span> <span class='ocrx_word' id='word_1_573' title='bbox 1352 4534 1404 4579; x_wconf 91' lang='lat' dir='ltr'><strong>et</strong></span> <span class='ocrx_word' id='word_1_574' title='bbox 1433 4523 1521 4578; x_wconf 91' lang='lat' dir='ltr'><strong>alii</strong></span> <span class='ocrx_word' id='word_1_575' title='bbox 1556 4539 1655 4578; x_wconf 90' lang='lat' dir='ltr'><strong>no-</strong></span> 
     </span>
    </p>
   </div>
   <div class='ocr_carea' id='block_1_77' title="bbox 1753 3274 3351 3349">
    <p class='ocr_par' dir='ltr' id='par_1_77' title="bbox 1753 3274 3351 3349">
     <span class='ocr_line' id='line_1_77' title="bbox 1753 3274 3351 3349; baseline -0.004 -15"><span class='ocrx_word' id='word_1_576' title='bbox 1753 3278 1896 3349; x_wconf 88' lang='lat' dir='ltr'><strong>passi</strong></span> <span class='ocrx_word' id='word_1_577' title='bbox 1928 3287 2073 3345; x_wconf 91' lang='lat' dir='ltr'><strong>sunt,</strong></span> <span class='ocrx_word' id='word_1_578' title='bbox 2104 3292 2267 3334; x_wconf 89' lang='lat' dir='ltr'><strong>verus</strong></span> <span class='ocrx_word' id='word_1_579' title='bbox 2295 3286 2590 3347; x_wconf 87' lang='lat' dir='ltr'><strong>gratusque</strong></span> <span class='ocrx_word' id='word_1_580' title='bbox 2614 3285 2732 3332; x_wconf 91' lang='lat' dir='ltr'><strong>erat</strong></span> <span class='ocrx_word' id='word_1_581' title='bbox 2766 3276 2874 3331; x_wconf 92' lang='lat' dir='ltr'><strong>Deo</strong></span> <span class='ocrx_word' id='word_1_582' title='bbox 2904 3274 3102 3340; x_wconf 89' lang='lat' dir='ltr'><strong>cultus,</strong></span> <span class='ocrx_word' id='word_1_583' title='bbox 3130 3288 3194 3329; x_wconf 91' lang='lat' dir='ltr'><strong>ae</strong></span> <span class='ocrx_word' id='word_1_584' title='bbox 3224 3289 3351 3328; x_wconf 89' lang='lat' dir='ltr'><strong>vera</strong></span> 
     </span>
    </p>
   </div>
   <div class='ocr_carea' id='block_1_78' title="bbox 1752 3367 3351 3443">
    <p class='ocr_par' dir='ltr' id='par_1_78' title="bbox 1752 3367 3351 3443">
     <span class='ocr_line' id='line_1_78' title="bbox 1752 3367 3351 3443; baseline -0.001 -18"><span class='ocrx_word' id='word_1_585' title='bbox 1752 3370 1914 3425; x_wconf 89' lang='lat' dir='ltr'><strong>etiam</strong></span> <span class='ocrx_word' id='word_1_586' title='bbox 1938 3385 2151 3436; x_wconf 89' lang='lat' dir='ltr'><strong>eorum,</strong></span> <span class='ocrx_word' id='word_1_587' title='bbox 2167 3369 2626 3443; x_wconf 89' lang='lat' dir='ltr'><strong>quemadmodum</strong></span> <span class='ocrx_word' id='word_1_588' title='bbox 2643 3367 2779 3425; x_wconf 84' lang='lat' dir='ltr'><strong>falsa</strong></span> <span class='ocrx_word' id='word_1_589' title='bbox 2796 3367 3141 3424; x_wconf 86' lang='lat' dir='ltr'><strong>ethnicorum</strong></span> <span class='ocrx_word' id='word_1_590' title='bbox 3160 3367 3351 3438; x_wconf 87' lang='lat' dir='ltr'><strong>religio</strong></span> 
     </span>
    </p>
   </div>
   <div class='ocr_carea' id='block_1_79' title="bbox 1752 3463 2156 3521">
    <p class='ocr_par' dir='ltr' id='par_1_79' title="bbox 1752 3463 2156 3521">
     <span class='ocr_line' id='line_1_79' title="bbox 1752 3463 2156 3521; baseline -0.005 -1"><span class='ocrx_word' id='word_1_591' title='bbox 1752 3477 1874 3521; x_wconf 86' lang='lat' dir='ltr'><strong>esse</strong></span> <span class='ocrx_word' id='word_1_592' title='bbox 1900 3463 2156 3521; x_wconf 88' lang='lat' dir='ltr'><strong>debebat.</strong></span> 
     </span>
    </p>
   </div>
   <div class='ocr_carea' id='block_1_80' title="bbox 2361 3599 2748 3656">
    <p class='ocr_par' dir='ltr' id='par_1_80' title="bbox 2361 3599 2748 3656">
     <span class='ocr_line' id='line_1_80' title="bbox 2361 3599 2748 3656; baseline -0.003 -1"><span class='ocrx_word' id='word_1_593' title='bbox 2361 3615 2652 3656; x_wconf 76' lang='lat' dir='ltr'><strong>ARTICULUS</strong></span> <span class='ocrx_word' id='word_1_594' title='bbox 2689 3599 2748 3656; x_wconf 85' lang='lat' dir='ltr'><strong>ti.</strong></span> 
     </span>
    </p>
   </div>
   <div class='ocr_carea' id='block_1_81' title="bbox 1753 3732 3353 3796">
    <p class='ocr_par' dir='ltr' id='par_1_81' title="bbox 1753 3732 3353 3796">
     <span class='ocr_line' id='line_1_81' title="bbox 1753 3732 3353 3796; baseline 0.001 -12"><span class='ocrx_word' id='word_1_595' title='bbox 1753 3732 2004 3792; x_wconf 87' lang='lat' dir='ltr'><strong>Quomodo</strong></span> <span class='ocrx_word' id='word_1_596' title='bbox 2028 3732 2275 3796; x_wconf 78' lang='lat' dir='ltr'><strong>Arnobius</strong></span> <span class='ocrx_word' id='word_1_597' title='bbox 2296 3733 2572 3784; x_wconf 74' lang='lat' dir='ltr'><strong>ehristiante</strong></span> <span class='ocrx_word' id='word_1_598' title='bbox 2613 3732 2870 3796; x_wconf 83' lang='lat' dir='ltr'><strong>religionis</strong></span> <span class='ocrx_word' id='word_1_599' title='bbox 2893 3733 3156 3786; x_wconf 85' lang='lat' dir='ltr'><strong>veritatem</strong></span> <span class='ocrx_word' id='word_1_600' title='bbox 3182 3733 3353 3787; x_wconf 79' lang='lat' dir='ltr'><strong>adhuc</strong></span> 
     </span>
    </p>
   </div>
   <div class='ocr_carea' id='block_1_82' title="bbox 1815 3794 3351 3859">
    <p class='ocr_par' dir='ltr' id='par_1_82' title="bbox 1815 3794 3351 3859">
     <span class='ocr_line' id='line_1_82' title="bbox 1815 3794 3351 3859; baseline 0.003 -14"><span class='ocrx_word' id='word_1_601' title='bbox 1815 3797 2032 3845; x_wconf 83' lang='lat' dir='ltr'><strong>vindicet.</strong></span> <span class='ocrx_word' id='word_1_602' title='bbox 2072 3809 2134 3859; x_wconf 83' lang='lat' dir='ltr'><strong>ex</strong></span> <span class='ocrx_word' id='word_1_603' title='bbox 2174 3794 2307 3859; x_wconf 89' lang='lat' dir='ltr'><strong>illius</strong></span> <span class='ocrx_word' id='word_1_604' title='bbox 2341 3796 2600 3856; x_wconf 88' lang='lat' dir='ltr'><strong>doctrina,</strong></span> <span class='ocrx_word' id='word_1_605' title='bbox 2635 3799 2697 3845; x_wconf 87' lang='lat' dir='ltr'><strong>ab</strong></span> <span class='ocrx_word' id='word_1_606' title='bbox 2716 3794 3007 3847; x_wconf 58' lang='lat' dir='ltr'><strong>innumeris</strong></span> <span class='ocrx_word' id='word_1_607' title='bbox 3040 3798 3351 3859; x_wconf 87' lang='lat' dir='ltr'><strong>hominibus,</strong></span> 
     </span>
    </p>
   </div>
   <div class='ocr_carea' id='block_1_83' title="bbox 1813 3858 3351 3922">
    <p class='ocr_par' dir='ltr' id='par_1_83' title="bbox 1813 3858 3351 3922">
     <span class='ocr_line' id='line_1_83' title="bbox 1813 3858 3351 3922; baseline 0.004 -15"><span class='ocrx_word' id='word_1_608' title='bbox 1813 3859 2017 3922; x_wconf 81' lang='lat' dir='ltr'><strong>deorum</strong></span> <span class='ocrx_word' id='word_1_609' title='bbox 2040 3858 2195 3907; x_wconf 89' lang='lat' dir='ltr'><strong>cultui</strong></span> <span class='ocrx_word' id='word_1_610' title='bbox 2219 3858 2441 3918; x_wconf 86' lang='lat' dir='ltr'><strong>addictis,</strong></span> <span class='ocrx_word' id='word_1_611' title='bbox 2469 3871 2562 3922; x_wconf 89' lang='lat' dir='ltr'><strong>per</strong></span> <span class='ocrx_word' id='word_1_612' title='bbox 2594 3867 2754 3909; x_wconf 87' lang='lat' dir='ltr'><strong>totum</strong></span> <span class='ocrx_word' id='word_1_613' title='bbox 2791 3867 3037 3910; x_wconf 86' lang='lat' dir='ltr'><strong>terrarum</strong></span> <span class='ocrx_word' id='word_1_614' title='bbox 3059 3864 3232 3913; x_wconf 87' lang='lat' dir='ltr'><strong>orbem</strong></span> <span class='ocrx_word' id='word_1_615' title='bbox 3264 3858 3351 3913; x_wconf 49' lang='lat' dir='ltr'><strong>ce?</strong></span> 
     </span>
    </p>
   </div>
   <div class='ocr_carea' id='block_1_84' title="bbox 1816 3919 2297 3984">
    <p class='ocr_par' dir='ltr' id='par_1_84' title="bbox 1816 3919 2297 3984">
     <span class='ocr_line' id='line_1_84' title="bbox 1816 3919 2297 3984; baseline 0 -16"><span class='ocrx_word' id='word_1_616' title='bbox 1816 3919 2019 3970; x_wconf 89' lang='lat' dir='ltr'><strong>lerrime</strong></span> <span class='ocrx_word' id='word_1_617' title='bbox 2045 3926 2297 3984; x_wconf 82' lang='lat' dir='ltr'><strong>suscepta.</strong></span> 
     </span>
    </p>
   </div>
   <div class='ocr_carea' id='block_1_85' title="bbox 1825 4048 3341 4123">
    <p class='ocr_par' dir='ltr' id='par_1_85' title="bbox 1825 4048 3341 4123">
     <span class='ocr_line' id='line_1_85' title="bbox 1825 4048 3341 4123; baseline 0.003 -19"><span class='ocrx_word' id='word_1_618' title='bbox 1825 4048 2121 4106; x_wconf 79' lang='lat' dir='ltr'><strong>Veritatem</strong></span> <span class='ocrx_word' id='word_1_619' title='bbox 2170 4049 2481 4106; x_wconf 75' lang='lat' dir='ltr'><strong>christiana:</strong></span> <span class='ocrx_word' id='word_1_620' title='bbox 2528 4050 2809 4123; x_wconf 88' lang='lat' dir='ltr'><strong>religionis</strong></span> <span class='ocrx_word' id='word_1_621' title='bbox 2861 4053 3134 4111; x_wconf 84' lang='lat' dir='ltr'><strong>Arnobius</strong></span> <span class='ocrx_word' id='word_1_622' title='bbox 3180 4054 3341 4109; x_wconf 91' lang='lat' dir='ltr'><strong>tertio</strong></span> 
     </span>
    </p>
   </div>
   <div class='ocr_carea' id='block_1_86' title="bbox 1754 4144 3352 4219">
    <p class='ocr_par' dir='ltr' id='par_1_86' title="bbox 1754 4144 3352 4219">
     <span class='ocr_line' id='line_1_86' title="bbox 1754 4144 3352 4219; baseline 0.004 -21"><span class='ocrx_word' id='word_1_623' title='bbox 1754 4154 2094 4214; x_wconf 86' lang='lat' dir='ltr'><strong>argumento,</strong></span> <span class='ocrx_word' id='word_1_624' title='bbox 2127 4158 2192 4199; x_wconf 84' lang='lat' dir='ltr'><strong>ex</strong></span> <span class='ocrx_word' id='word_1_625' title='bbox 2224 4144 2394 4214; x_wconf 89' lang='lat' dir='ltr'><strong>ipsius</strong></span> <span class='ocrx_word' id='word_1_626' title='bbox 2431 4144 2674 4200; x_wconf 92' lang='lat' dir='ltr'><strong>doctrina</strong></span> <span class='ocrx_word' id='word_1_627' title='bbox 2694 4186 2710 4213; x_wconf 94' lang='lat'><strong>,</strong></span> <span class='ocrx_word' id='word_1_628' title='bbox 2740 4161 2804 4201; x_wconf 89' lang='lat' dir='ltr'><strong>ac</strong></span> <span class='ocrx_word' id='word_1_629' title='bbox 2826 4148 3226 4219; x_wconf 90' lang='lat' dir='ltr'><strong>promptissima</strong></span> <span class='ocrx_word' id='word_1_630' title='bbox 3252 4149 3352 4204; x_wconf 92' lang='lat' dir='ltr'><strong>mi-</strong></span> 
     </span>
    </p>
   </div>
   <div class='ocr_carea' id='block_1_87' title="bbox 1755 4236 3351 4314">
    <p class='ocr_par' dir='ltr' id='par_1_87' title="bbox 1755 4236 3351 4314">
     <span class='ocr_line' id='line_1_87' title="bbox 1755 4236 3351 4314; baseline 0.004 -21"><span class='ocrx_word' id='word_1_631' title='bbox 1755 4251 1923 4308; x_wconf 88' lang='lat' dir='ltr'><strong>raque</strong></span> <span class='ocrx_word' id='word_1_632' title='bbox 1950 4236 2096 4292; x_wconf 92' lang='lat' dir='ltr'><strong>illius</strong></span> <span class='ocrx_word' id='word_1_633' title='bbox 2123 4254 2217 4307; x_wconf 90' lang='lat' dir='ltr'><strong>per</strong></span> <span class='ocrx_word' id='word_1_634' title='bbox 2241 4239 2524 4295; x_wconf 89' lang='lat' dir='ltr'><strong>universas</strong></span> <span class='ocrx_word' id='word_1_635' title='bbox 2554 4240 2703 4296; x_wconf 89' lang='lat' dir='ltr'><strong>orbis</strong></span> <span class='ocrx_word' id='word_1_636' title='bbox 2735 4249 2892 4296; x_wconf 76' lang='lat' dir='ltr'><strong>terrzc</strong></span> <span class='ocrx_word' id='word_1_637' title='bbox 2914 4252 3126 4312; x_wconf 89' lang='lat' dir='ltr'><strong>partes,</strong></span> <span class='ocrx_word' id='word_1_638' title='bbox 3159 4259 3351 4314; x_wconf 89' lang='lat' dir='ltr'><strong>propa-</strong></span> 
     </span>
    </p>
   </div>
   <div class='ocr_carea' id='block_1_88' title="bbox 1756 4331 3346 4404">
    <p class='ocr_par' dir='ltr' id='par_1_88' title="bbox 1756 4331 3346 4404">
     <span class='ocr_line' id='line_1_88' title="bbox 1756 4331 3346 4404; baseline 0.004 -20"><span class='ocrx_word' id='word_1_639' title='bbox 1756 4331 1972 4404; x_wconf 88' lang='lat' dir='ltr'><strong>gatione</strong></span> <span class='ocrx_word' id='word_1_640' title='bbox 1992 4332 2181 4401; x_wconf 89' lang='lat' dir='ltr'><strong>petitu,</strong></span> <span class='ocrx_word' id='word_1_641' title='bbox 2202 4332 2631 4391; x_wconf 89' lang='lat' dir='ltr'><strong>luculentissime</strong></span> <span class='ocrx_word' id='word_1_642' title='bbox 2656 4333 3012 4391; x_wconf 75' lang='lat' dir='ltr'><strong>demonstrat.</strong></span> <span class='ocrx_word' id='word_1_643' title='bbox 3031 4336 3161 4403; x_wconf 74' lang='lat' dir='ltr'><strong>Qua:</strong></span> <span class='ocrx_word' id='word_1_644' title='bbox 3181 4336 3346 4404; x_wconf 89' lang='lat' dir='ltr'><strong>enim,</strong></span> 
     </span>
    </p>
   </div>
   <div class='ocr_carea' id='block_1_89' title="bbox 1757 4423 3351 4496">
    <p class='ocr_par' dir='ltr' id='par_1_89' title="bbox 1757 4423 3351 4496">
     <span class='ocr_line' id='line_1_89' title="bbox 1757 4423 3351 4496; baseline 0.004 -19"><span class='ocrx_word' id='word_1_645' title='bbox 1757 4423 1833 4478; x_wconf 89' lang='lat' dir='ltr'><strong>ait</strong></span> <span class='ocrx_word' id='word_1_646' title='bbox 1860 4423 1982 4487; x_wconf 91' lang='lat' dir='ltr'><strong>ille,</strong></span> <span class='ocrx_word' id='word_1_647' title='bbox 2014 4434 2098 4479; x_wconf 90' lang='lat' dir='ltr'><strong>est</strong></span> <span class='ocrx_word' id='word_1_648' title='bbox 2123 4424 2242 4496; x_wconf 85' lang='lat' dir='ltr'><strong>ejus</strong></span> <span class='ocrx_word' id='word_1_649' title='bbox 2270 4425 2560 4481; x_wconf 86' lang='lat' dir='ltr'><strong>doctrina?</strong></span> <span class='ocrx_word' id='word_1_650' title='bbox 2591 4428 2757 4482; x_wconf 88' lang='lat' dir='ltr'><strong>Docet</strong></span> <span class='ocrx_word' id='word_1_651' title='bbox 2783 4442 2947 4482; x_wconf 91' lang='lat' dir='ltr'><strong>unum</strong></span> <span class='ocrx_word' id='word_1_652' title='bbox 2979 4428 3351 4485; x_wconf 88' lang='lat' dir='ltr'><strong>tantummodo</strong></span> 
     </span>
    </p>
   </div>
   <div class='ocr_carea' id='block_1_90' title="bbox 1757 4519 3349 4591">
    <p class='ocr_par' dir='ltr' id='par_1_90' title="bbox 1757 4519 3349 4591">
     <span class='ocr_line' id='line_1_90' title="bbox 1757 4519 3349 4591; baseline 0.001 -18"><span class='ocrx_word' id='word_1_653' title='bbox 1757 4533 1879 4574; x_wconf 88' lang='lat' dir='ltr'><strong>esse</strong></span> <span class='ocrx_word' id='word_1_654' title='bbox 1906 4519 2097 4586; x_wconf 91' lang='lat' dir='ltr'><strong>Deum,</strong></span> <span class='ocrx_word' id='word_1_655' title='bbox 2126 4519 2376 4591; x_wconf 89' lang='lat' dir='ltr'><strong>huncque</strong></span> <span class='ocrx_word' id='word_1_656' title='bbox 2401 4534 2672 4575; x_wconf 88' lang='lat' dir='ltr'><strong>summum</strong></span> <span class='ocrx_word' id='word_1_657' title='bbox 2700 4535 2880 4574; x_wconf 88' lang='lat' dir='ltr'><strong>rerum</strong></span> <span class='ocrx_word' id='word_1_658' title='bbox 2908 4521 3148 4576; x_wconf 91' lang='lat' dir='ltr'><strong>omnium</strong></span> <span class='ocrx_word' id='word_1_659' title='bbox 3174 4520 3349 4576; x_wconf 89' lang='lat' dir='ltr'><strong>domi-</strong></span> 
     </span>
    </p>
   </div>
   <div class='ocr_carea' id='block_1_91' title="bbox 61 4608 3351 4689">
    <p class='ocr_par' dir='ltr' id='par_1_91' title="bbox 61 4608 3351 4689">
     <span class='ocr_line' id='line_1_91' title="bbox 61 4608 3351 4689; baseline -0.002 -16"><span class='ocrx_word' id='word_1_660' title='bbox 61 4618 151 4674; x_wconf 82' lang='lat' dir='ltr'><strong>stri</strong></span> <span class='ocrx_word' id='word_1_661' title='bbox 211 4618 510 4689; x_wconf 90' lang='lat' dir='ltr'><strong>scriptores</strong></span> <span class='ocrx_word' id='word_1_662' title='bbox 556 4618 865 4674; x_wconf 68' lang='lat' dir='ltr'><strong>Christianae</strong></span> <span class='ocrx_word' id='word_1_663' title='bbox 909 4616 1185 4688; x_wconf 87' lang='lat' dir='ltr'><strong>religionis</strong></span> <span class='ocrx_word' id='word_1_664' title='bbox 1227 4616 1537 4685; x_wconf 87' lang='lat' dir='ltr'><strong>veritatem,</strong></span> <span class='ocrx_word' id='word_1_665' title='bbox 1580 4617 1657 4672; x_wconf 90' lang='lat' dir='ltr'><strong>uti</strong></span> <span class='ocrx_word' id='word_1_666' title='bbox 1684 4608 1739 4670; x_wconf 91' lang='lat' dir='ltr'><strong>D</strong></span> <span class='ocrx_word' id='word_1_667' title='bbox 1764 4626 1891 4666; x_wconf 89' lang='lat' dir='ltr'><strong>num</strong></span> <span class='ocrx_word' id='word_1_668' title='bbox 1926 4621 1981 4666; x_wconf 91' lang='lat' dir='ltr'><strong>et</strong></span> <span class='ocrx_word' id='word_1_669' title='bbox 2018 4612 2316 4684; x_wconf 90' lang='lat' dir='ltr'><strong>principem</strong></span> <span class='ocrx_word' id='word_1_670' title='bbox 2341 4655 2356 4679; x_wconf 94' lang='lat'><strong>,</strong></span> <span class='ocrx_word' id='word_1_671' title='bbox 2401 4621 2562 4682; x_wconf 90' lang='lat' dir='ltr'><strong>atque</strong></span> <span class='ocrx_word' id='word_1_672' title='bbox 2608 4610 2813 4668; x_wconf 91' lang='lat' dir='ltr'><strong>idcirco</strong></span> <span class='ocrx_word' id='word_1_673' title='bbox 2854 4612 3021 4666; x_wconf 91' lang='lat' dir='ltr'><strong>nostri</strong></span> <span class='ocrx_word' id='word_1_674' title='bbox 3070 4611 3351 4668; x_wconf 77' lang='lat' dir='ltr'><strong>dumtaxat</strong></span> 
     </span>
    </p>
   </div>
   <div class='ocr_carea' id='block_1_92' title="bbox 61 4709 1652 4779">
    <p class='ocr_par' dir='ltr' id='par_1_92' title="bbox 61 4709 1652 4779">
     <span class='ocr_line' id='line_1_92' title="bbox 61 4709 1652 4779; baseline -0.003 -11"><span class='ocrx_word' id='word_1_675' title='bbox 61 4728 218 4768; x_wconf 89' lang='lat' dir='ltr'><strong>nemo</strong></span> <span class='ocrx_word' id='word_1_676' title='bbox 288 4713 497 4777; x_wconf 81' lang='lat' dir='ltr'><strong>nescit,</strong></span> <span class='ocrx_word' id='word_1_677' title='bbox 554 4710 957 4767; x_wconf 81' lang='lat' dir='ltr'><strong>evidentissime</strong></span> <span class='ocrx_word' id='word_1_678' title='bbox 1013 4710 1452 4766; x_wconf 83' lang='lat' dir='ltr'><strong>demonstrarunt</strong></span> <span class='ocrx_word' id='word_1_679' title='bbox 1504 4709 1652 4779; x_wconf 87' lang='lat' dir='ltr'><strong>(Leo</strong></span> 
     </span>
    </p>
   </div>
   <div class='ocr_carea' id='block_1_93' title="bbox 64 4801 1654 4876">
    <p class='ocr_par' dir='ltr' id='par_1_93' title="bbox 64 4801 1654 4876">
     <span class='ocr_line' id='line_1_93' title="bbox 64 4801 1654 4876; baseline -0.001 -17"><span class='ocrx_word' id='word_1_680' title='bbox 64 4801 439 4876; x_wconf 71' lang='lat' dir='ltr'><strong>Hagn.,sernt.</strong></span> <span class='ocrx_word' id='word_1_681' title='bbox 459 4804 575 4872; x_wconf 84' lang='lat' dir='ltr'><strong>t,de</strong></span> <span class='ocrx_word' id='word_1_682' title='bbox 591 4802 696 4861; x_wconf 88' lang='lat' dir='ltr'><strong>SS.</strong></span> <span class='ocrx_word' id='word_1_683' title='bbox 718 4802 863 4860; x_wconf 84' lang='lat' dir='ltr'><strong>Petr.</strong></span> <span class='ocrx_word' id='word_1_684' title='bbox 883 4814 929 4859; x_wconf 82' lang='lat' dir='ltr'><strong>et</strong></span> <span class='ocrx_word' id='word_1_685' title='bbox 962 4801 1175 4875; x_wconf 85' lang='lat' dir='ltr'><strong>Paul.).</strong></span> <span class='ocrx_word' id='word_1_686' title='bbox 1208 4802 1279 4859; x_wconf 88' lang='lat' dir='ltr'><strong>At</strong></span> <span class='ocrx_word' id='word_1_687' title='bbox 1309 4819 1417 4874; x_wconf 65' lang='lat' dir='ltr'><strong>pra!</strong></span> <span class='ocrx_word' id='word_1_688' title='bbox 1443 4804 1654 4859; x_wconf 66' lang='lat' dir='ltr'><strong>caeteris</strong></span> 
     </span>
    </p>
   </div>
   <div class='ocr_carea' id='block_1_94' title="bbox 63 4897 1654 4968">
    <p class='ocr_par' dir='ltr' id='par_1_94' title="bbox 63 4897 1654 4968">
     <span class='ocr_line' id='line_1_94' title="bbox 63 4897 1654 4968; baseline 0 -14"><span class='ocrx_word' id='word_1_689' title='bbox 63 4898 405 4963; x_wconf 85' lang='lat' dir='ltr'><strong>Laetantius,</strong></span> <span class='ocrx_word' id='word_1_690' title='bbox 456 4899 679 4955; x_wconf 87' lang='lat' dir='ltr'><strong>Arnobii</strong></span> <span class='ocrx_word' id='word_1_691' title='bbox 727 4899 895 4954; x_wconf 91' lang='lat' dir='ltr'><strong>nostri</strong></span> <span class='ocrx_word' id='word_1_692' title='bbox 942 4897 1270 4968; x_wconf 88' lang='lat' dir='ltr'><strong>discipulus,</strong></span> <span class='ocrx_word' id='word_1_693' title='bbox 1302 4913 1421 4951; x_wconf 90' lang='lat' dir='ltr'><strong>eam</strong></span> <span class='ocrx_word' id='word_1_694' title='bbox 1468 4908 1654 4954; x_wconf 81' lang='lat' dir='ltr'><strong>contra</strong></span> 
     </span>
    </p>
   </div>
   <div class='ocr_carea' id='block_1_95' title="bbox 64 4988 1655 5063">
    <p class='ocr_par' dir='ltr' id='par_1_95' title="bbox 64 4988 1655 5063">
     <span class='ocr_line' id='line_1_95' title="bbox 64 4988 1655 5063; baseline -0.001 -15"><span class='ocrx_word' id='word_1_695' title='bbox 64 4992 326 5048; x_wconf 81' lang='lat' dir='ltr'><strong>Ethniros</strong></span> <span class='ocrx_word' id='word_1_696' title='bbox 357 5002 609 5063; x_wconf 86' lang='lat' dir='ltr'><strong>urget,ac</strong></span> <span class='ocrx_word' id='word_1_697' title='bbox 637 4991 882 5063; x_wconf 64' lang='lat' dir='ltr'><strong>quaedam</strong></span> <span class='ocrx_word' id='word_1_698' title='bbox 912 4990 1223 5048; x_wconf 89' lang='lat' dir='ltr'><strong>eorttmdem</strong></span> <span class='ocrx_word' id='word_1_699' title='bbox 1254 4988 1530 5063; x_wconf 87' lang='lat' dir='ltr'><strong>gentilium</strong></span> <span class='ocrx_word' id='word_1_700' title='bbox 1558 4992 1655 5047; x_wconf 84' lang='lat' dir='ltr'><strong>oh-</strong></span> 
     </span>
    </p>
   </div>
   <div class='ocr_carea' id='block_1_96' title="bbox 60 5084 1653 5157">
    <p class='ocr_par' dir='ltr' id='par_1_96' title="bbox 60 5084 1653 5157">
     <span class='ocr_line' id='line_1_96' title="bbox 60 5084 1653 5157; baseline -0.001 -15"><span class='ocrx_word' id='word_1_701' title='bbox 60 5086 222 5157; x_wconf 85' lang='lat' dir='ltr'><strong>jecta,</strong></span> <span class='ocrx_word' id='word_1_702' title='bbox 256 5087 453 5157; x_wconf 87' lang='lat' dir='ltr'><strong>quibus</strong></span> <span class='ocrx_word' id='word_1_703' title='bbox 483 5085 623 5141; x_wconf 91' lang='lat' dir='ltr'><strong>illius</strong></span> <span class='ocrx_word' id='word_1_704' title='bbox 650 5086 755 5140; x_wconf 90' lang='lat' dir='ltr'><strong>vim</strong></span> <span class='ocrx_word' id='word_1_705' title='bbox 785 5094 840 5140; x_wconf 86' lang='lat' dir='ltr'><strong>et</strong></span> <span class='ocrx_word' id='word_1_706' title='bbox 866 5086 1030 5141; x_wconf 86' lang='lat' dir='ltr'><strong>robur</strong></span> <span class='ocrx_word' id='word_1_707' title='bbox 1069 5084 1343 5139; x_wconf 81' lang='lat' dir='ltr'><strong>inﬁrmare</strong></span> <span class='ocrx_word' id='word_1_708' title='bbox 1379 5084 1653 5140; x_wconf 87' lang='lat' dir='ltr'><strong>conaban-</strong></span> 
     </span>
    </p>
   </div>
   <div class='ocr_carea' id='block_1_97' title="bbox 66 5176 1655 5250">
    <p class='ocr_par' dir='ltr' id='par_1_97' title="bbox 66 5176 1655 5250">
     <span class='ocr_line' id='line_1_97' title="bbox 66 5176 1655 5250; baseline -0.001 -17"><span class='ocrx_word' id='word_1_709' title='bbox 66 5189 177 5242; x_wconf 90' lang='lat' dir='ltr'><strong>tur,</strong></span> <span class='ocrx_word' id='word_1_710' title='bbox 211 5179 403 5244; x_wconf 82' lang='lat' dir='ltr'><strong>diluit,</strong></span> <span class='ocrx_word' id='word_1_711' title='bbox 430 5194 494 5235; x_wconf 91' lang='lat' dir='ltr'><strong>ac</strong></span> <span class='ocrx_word' id='word_1_712' title='bbox 522 5177 974 5250; x_wconf 88' lang='lat' dir='ltr'><strong>quemadmodum</strong></span> <span class='ocrx_word' id='word_1_713' title='bbox 1018 5194 1118 5233; x_wconf 91' lang='lat' dir='ltr'><strong>suo</strong></span> <span class='ocrx_word' id='word_1_714' title='bbox 1158 5177 1278 5234; x_wconf 91' lang='lat' dir='ltr'><strong>loco</strong></span> <span class='ocrx_word' id='word_1_715' title='bbox 1317 5176 1655 5249; x_wconf 81' lang='lat' dir='ltr'><strong>videbimus,</strong></span> 
     </span>
    </p>
   </div>
   <div class='ocr_carea' id='block_1_98' title="bbox 63 5271 1651 5345">
    <p class='ocr_par' dir='ltr' id='par_1_98' title="bbox 63 5271 1651 5345">
     <span class='ocr_line' id='line_1_98' title="bbox 63 5271 1651 5345; baseline 0.001 -17"><span class='ocrx_word' id='word_1_716' title='bbox 63 5275 278 5345; x_wconf 88' lang='lat' dir='ltr'><strong>penitus</strong></span> <span class='ocrx_word' id='word_1_717' title='bbox 309 5273 571 5329; x_wconf 90' lang='lat' dir='ltr'><strong>subvertit</strong></span> <span class='ocrx_word' id='word_1_718' title='bbox 591 5271 610 5345; x_wconf 94' lang='lat'>(</span> <span class='ocrx_word' id='word_1_719' title='bbox 630 5272 889 5342; x_wconf 81' lang='lat' dir='ltr'><strong>Lactant.,</strong></span> <span class='ocrx_word' id='word_1_720' title='bbox 924 5273 1013 5327; x_wconf 84' lang='lat' dir='ltr'><strong>lib.</strong></span> <span class='ocrx_word' id='word_1_721' title='bbox 1046 5289 1101 5339; x_wconf 89' lang='lat' dir='ltr'><strong>v,</strong></span> <span class='ocrx_word' id='word_1_722' title='bbox 1133 5273 1197 5328; x_wconf 83' lang='lat' dir='ltr'><strong>de</strong></span> <span class='ocrx_word' id='word_1_723' title='bbox 1225 5271 1380 5342; x_wconf 56' lang='lat' dir='ltr'><strong>Inst,</strong></span> <span class='ocrx_word' id='word_1_724' title='bbox 1413 5289 1529 5345; x_wconf 86' lang='lat' dir='ltr'><strong>cap.</strong></span> <span class='ocrx_word' id='word_1_725' title='bbox 1564 5274 1651 5341; x_wconf 78' lang='grc'><strong>15,</strong></span> 
     </span>
    </p>
   </div>
   <div class='ocr_carea' id='block_1_99' title="bbox 66 5365 1049 5440">
    <p class='ocr_par' dir='ltr' id='par_1_99' title="bbox 66 5365 1049 5440">
     <span class='ocr_line' id='line_1_99' title="bbox 66 5365 1049 5440; baseline -0.002 -17"><span class='ocrx_word' id='word_1_726' title='bbox 66 5385 185 5439; x_wconf 88' lang='lat' dir='ltr'><strong>pag.</strong></span> <span class='ocrx_word' id='word_1_727' title='bbox 215 5368 350 5435; x_wconf 70' lang='grc'><strong>494,</strong></span> <span class='ocrx_word' id='word_1_728' title='bbox 378 5377 428 5422; x_wconf 79' lang='lat' dir='ltr'><strong>cl</strong></span> <span class='ocrx_word' id='word_1_729' title='bbox 452 5385 568 5438; x_wconf 91' lang='lat' dir='ltr'><strong>cap.</strong></span> <span class='ocrx_word' id='word_1_730' title='bbox 604 5368 691 5431; x_wconf 81' lang='grc'><strong>19,</strong></span> <span class='ocrx_word' id='word_1_731' title='bbox 721 5385 841 5440; x_wconf 84' lang='lat' dir='ltr'><strong>pag.</strong></span> <span class='ocrx_word' id='word_1_732' title='bbox 874 5365 1049 5440; x_wconf 75' lang='lat'><strong>518.).</strong></span> 
     </span>
    </p>
   </div>
   <div class='ocr_carea' id='block_1_100' title="bbox 131 5460 1659 5535">
    <p class='ocr_par' dir='ltr' id='par_1_100' title="bbox 131 5460 1659 5535">
     <span class='ocr_line' id='line_1_100' title="bbox 131 5460 1659 5535; baseline 0.001 -17"><span class='ocrx_word' id='word_1_733' title='bbox 131 5462 289 5519; x_wconf 90' lang='lat' dir='ltr'><strong>Nunc</strong></span> <span class='ocrx_word' id='word_1_734' title='bbox 308 5464 489 5535; x_wconf 84' lang='lat' dir='ltr'><strong>itaque</strong></span> <span class='ocrx_word' id='word_1_735' title='bbox 506 5479 664 5533; x_wconf 89' lang='lat' dir='ltr'><strong>quam</strong></span> <span class='ocrx_word' id='word_1_736' title='bbox 682 5462 1082 5519; x_wconf 90' lang='lat' dir='ltr'><strong>conclusionem</strong></span> <span class='ocrx_word' id='word_1_737' title='bbox 1107 5460 1230 5519; x_wconf 91' lang='lat' dir='ltr'><strong>inde</strong></span> <span class='ocrx_word' id='word_1_738' title='bbox 1256 5462 1436 5518; x_wconf 85' lang='lat' dir='ltr'><strong>eliciat</strong></span> <span class='ocrx_word' id='word_1_739' title='bbox 1457 5465 1659 5521; x_wconf 86' lang='lat' dir='ltr'><strong>Auctor</strong></span> 
     </span>
    </p>
   </div>
   <div class='ocr_carea' id='block_1_101' title="bbox 66 5556 1662 5629">
    <p class='ocr_par' dir='ltr' id='par_1_101' title="bbox 66 5556 1662 5629">
     <span class='ocr_line' id='line_1_101' title="bbox 66 5556 1662 5629; baseline 0.001 -17"><span class='ocrx_word' id='word_1_740' title='bbox 66 5566 271 5623; x_wconf 89' lang='lat' dir='ltr'><strong>noster,</strong></span> <span class='ocrx_word' id='word_1_741' title='bbox 306 5556 352 5613; x_wconf 90' lang='lat' dir='ltr'><strong>si</strong></span> <span class='ocrx_word' id='word_1_742' title='bbox 386 5557 554 5624; x_wconf 86' lang='lat' dir='ltr'><strong>lubet,</strong></span> <span class='ocrx_word' id='word_1_743' title='bbox 588 5557 955 5629; x_wconf 76' lang='lat' dir='ltr'><strong>expendamus</strong></span> <span class='ocrx_word' id='word_1_744' title='bbox 985 5576 998 5611; x_wconf 91' lang='lat'>:</span> <span class='ocrx_word' id='word_1_745' title='bbox 1035 5577 1055 5610; x_wconf 88' lang='grc'><strong><em>‹</em></strong></span> <span class='ocrx_word' id='word_1_746' title='bbox 1087 5556 1392 5629; x_wconf 88' lang='lat' dir='ltr'><strong>Numquid,</strong></span> <span class='ocrx_word' id='word_1_747' title='bbox 1430 5579 1449 5612; x_wconf 73' lang='grc' dir='ltr'><strong><em>ι</em></strong></span> <span class='ocrx_word' id='word_1_748' title='bbox 1490 5559 1662 5627; x_wconf 89' lang='lat' dir='ltr'><strong>inquit</strong></span> 
     </span>
    </p>
   </div>
   <div class='ocr_carea' id='block_1_102' title="bbox 68 5649 1659 5722">
    <p class='ocr_par' dir='ltr' id='par_1_102' title="bbox 68 5649 1659 5722">
     <span class='ocr_line' id='line_1_102' title="bbox 68 5649 1659 5722; baseline 0.001 -18"><span class='ocrx_word' id='word_1_749' title='bbox 68 5650 323 5719; x_wconf 81' lang='lat' dir='ltr'><strong>(Arnob.,</strong></span> <span class='ocrx_word' id='word_1_750' title='bbox 352 5649 443 5705; x_wconf 81' lang='lat' dir='ltr'><strong>lib.</strong></span> <span class='ocrx_word' id='word_1_751' title='bbox 470 5667 528 5713; x_wconf 85' lang='lat' dir='ltr'><strong>tt,</strong></span> <span class='ocrx_word' id='word_1_752' title='bbox 559 5666 677 5722; x_wconf 85' lang='lat' dir='ltr'><strong>pag.</strong></span> <span class='ocrx_word' id='word_1_753' title='bbox 708 5649 837 5721; x_wconf 69' lang='grc'><strong>45),</strong></span> <span class='ocrx_word' id='word_1_754' title='bbox 898 5668 918 5702; x_wconf 69' lang='grc' dir='ltr'>ι</span> <span class='ocrx_word' id='word_1_755' title='bbox 952 5649 1067 5704; x_wconf 65' lang='lat' dir='ltr'><strong>haec</strong></span> <span class='ocrx_word' id='word_1_756' title='bbox 1095 5649 1212 5706; x_wconf 89' lang='lat' dir='ltr'><strong>fieri</strong></span> <span class='ocrx_word' id='word_1_757' title='bbox 1240 5650 1438 5721; x_wconf 90' lang='lat' dir='ltr'><strong>passim</strong></span> <span class='ocrx_word' id='word_1_758' title='bbox 1466 5659 1522 5706; x_wconf 92' lang='lat' dir='ltr'><strong>et</strong></span> <span class='ocrx_word' id='word_1_759' title='bbox 1543 5651 1659 5705; x_wconf 81' lang='lat' dir='ltr'><strong>ina-</strong></span> 
     </span>
    </p>
   </div>
   <div class='ocr_carea' id='block_1_103' title="bbox 68 5741 1663 5799">
    <p class='ocr_par' dir='ltr' id='par_1_103' title="bbox 68 5741 1663 5799">
     <span class='ocr_line' id='line_1_103' title="bbox 68 5741 1663 5799; baseline 0.001 -2"><span class='ocrx_word' id='word_1_760' title='bbox 68 5742 206 5799; x_wconf 81' lang='lat' dir='ltr'><strong>aiter</strong></span> <span class='ocrx_word' id='word_1_761' title='bbox 235 5741 498 5799; x_wconf 84' lang='lat' dir='ltr'><strong>creditis?</strong></span> <span class='ocrx_word' id='word_1_762' title='bbox 523 5741 784 5799; x_wconf 85' lang='lat' dir='ltr'><strong>Fortuitis</strong></span> <span class='ocrx_word' id='word_1_763' title='bbox 819 5742 1123 5799; x_wconf 92' lang='lat' dir='ltr'><strong>incursibus</strong></span> <span class='ocrx_word' id='word_1_764' title='bbox 1158 5745 1360 5798; x_wconf 89' lang='lat' dir='ltr'><strong>assumi</strong></span> <span class='ocrx_word' id='word_1_765' title='bbox 1392 5743 1490 5798; x_wconf 90' lang='lat' dir='ltr'><strong>has</strong></span> <span class='ocrx_word' id='word_1_766' title='bbox 1512 5759 1663 5799; x_wconf 86' lang='lat' dir='ltr'><strong>men-</strong></span> 
     </span>
    </p>
   </div>
   <div class='ocr_carea' id='block_1_104' title="bbox 69 5837 1665 5907">
    <p class='ocr_par' dir='ltr' id='par_1_104' title="bbox 69 5837 1665 5907">
     <span class='ocr_line' id='line_1_104' title="bbox 69 5837 1665 5907; baseline 0.001 -12"><span class='ocrx_word' id='word_1_767' title='bbox 69 5840 178 5898; x_wconf 83' lang='lat' dir='ltr'><strong>tes?</strong></span> <span class='ocrx_word' id='word_1_768' title='bbox 208 5838 362 5899; x_wconf 87' lang='lat' dir='ltr'><strong>Itane</strong></span> <span class='ocrx_word' id='word_1_769' title='bbox 390 5837 538 5897; x_wconf 88' lang='lat' dir='ltr'><strong>istud</strong></span> <span class='ocrx_word' id='word_1_770' title='bbox 564 5854 672 5897; x_wconf 91' lang='lat' dir='ltr'><strong>non</strong></span> <span class='ocrx_word' id='word_1_771' title='bbox 696 5837 940 5898; x_wconf 89' lang='lat' dir='ltr'><strong>divinum</strong></span> <span class='ocrx_word' id='word_1_772' title='bbox 969 5850 1025 5896; x_wconf 90' lang='lat' dir='ltr'><strong>et</strong></span> <span class='ocrx_word' id='word_1_773' title='bbox 1045 5852 1261 5896; x_wconf 89' lang='lat' dir='ltr'><strong>sacrum</strong></span> <span class='ocrx_word' id='word_1_774' title='bbox 1289 5848 1397 5907; x_wconf 86' lang='lat' dir='ltr'><strong>est,</strong></span> <span class='ocrx_word' id='word_1_775' title='bbox 1426 5846 1520 5895; x_wconf 90' lang='lat' dir='ltr'><strong>aut</strong></span> <span class='ocrx_word' id='word_1_776' title='bbox 1546 5840 1665 5897; x_wconf 89' lang='lat' dir='ltr'><strong>sine</strong></span> 
     </span>
    </p>
   </div>
   <div class='ocr_carea' id='block_1_105' title="bbox 1760 4704 3350 4762">
    <p class='ocr_par' dir='ltr' id='par_1_105' title="bbox 1760 4704 3350 4762">
     <span class='ocr_line' id='line_1_105' title="bbox 1760 4704 3350 4762; baseline 0.001 -2"><span class='ocrx_word' id='word_1_777' title='bbox 1760 4719 1922 4760; x_wconf 90' lang='lat' dir='ltr'><strong>causa</strong></span> <span class='ocrx_word' id='word_1_778' title='bbox 1950 4705 2211 4760; x_wconf 89' lang='lat' dir='ltr'><strong>orandum</strong></span> <span class='ocrx_word' id='word_1_779' title='bbox 2241 4714 2295 4761; x_wconf 90' lang='lat' dir='ltr'><strong>et</strong></span> <span class='ocrx_word' id='word_1_780' title='bbox 2326 4705 2679 4760; x_wconf 91' lang='lat' dir='ltr'><strong>adorandum.</strong></span> <span class='ocrx_word' id='word_1_781' title='bbox 2709 4704 2876 4760; x_wconf 85' lang='lat' dir='ltr'><strong>Docet</strong></span> <span class='ocrx_word' id='word_1_782' title='bbox 2903 4704 3034 4759; x_wconf 89' lang='lat' dir='ltr'><strong>nihil</strong></span> <span class='ocrx_word' id='word_1_783' title='bbox 3062 4706 3132 4760; x_wconf 90' lang='lat' dir='ltr'><strong>ab</strong></span> <span class='ocrx_word' id='word_1_784' title='bbox 3161 4722 3225 4761; x_wconf 91' lang='lat' dir='ltr'><strong>eo</strong></span> <span class='ocrx_word' id='word_1_785' title='bbox 3255 4705 3350 4762; x_wconf 86' lang='lat' dir='ltr'><strong>dc-</strong></span> 
     </span>
    </p>
   </div>
   <div class='ocr_carea' id='block_1_106' title="bbox 1762 4796 3352 4871">
    <p class='ocr_par' dir='ltr' id='par_1_106' title="bbox 1762 4796 3352 4871">
     <span class='ocr_line' id='line_1_106' title="bbox 1762 4796 3352 4871; baseline 0.001 -18"><span class='ocrx_word' id='word_1_786' title='bbox 1762 4796 2092 4869; x_wconf 89' lang='lat' dir='ltr'><strong>poscettdum</strong></span> <span class='ocrx_word' id='word_1_787' title='bbox 2119 4839 2135 4865; x_wconf 95' lang='lat'><strong>,</strong></span> <span class='ocrx_word' id='word_1_788' title='bbox 2169 4798 2269 4852; x_wconf 86' lang='lat' dir='ltr'><strong>nisi</strong></span> <span class='ocrx_word' id='word_1_789' title='bbox 2292 4799 2499 4867; x_wconf 86' lang='lat' dir='ltr'><strong>justum</strong></span> <span class='ocrx_word' id='word_1_790' title='bbox 2522 4839 2538 4863; x_wconf 94' lang='lat'><strong>,</strong></span> <span class='ocrx_word' id='word_1_791' title='bbox 2582 4796 2867 4852; x_wconf 87' lang='lat' dir='ltr'><strong>honestum</strong></span> <span class='ocrx_word' id='word_1_792' title='bbox 2888 4840 2904 4865; x_wconf 95' lang='lat'><strong>,</strong></span> <span class='ocrx_word' id='word_1_793' title='bbox 2934 4806 2990 4853; x_wconf 90' lang='lat' dir='ltr'><strong>et</strong></span> <span class='ocrx_word' id='word_1_794' title='bbox 3025 4798 3207 4853; x_wconf 80' lang='lat' dir='ltr'><strong>auditu</strong></span> <span class='ocrx_word' id='word_1_795' title='bbox 3235 4798 3352 4871; x_wconf 90' lang='lat' dir='ltr'><strong>ejus</strong></span> 
     </span>
    </p>
   </div>
   <div class='ocr_carea' id='block_1_107' title="bbox 1762 4891 3349 4965">
    <p class='ocr_par' dir='ltr' id='par_1_107' title="bbox 1762 4891 3349 4965">
     <span class='ocr_line' id='line_1_107' title="bbox 1762 4891 3349 4965; baseline 0 -16"><span class='ocrx_word' id='word_1_796' title='bbox 1762 4894 2000 4965; x_wconf 81' lang='lat' dir='ltr'><strong>dignum.</strong></span> <span class='ocrx_word' id='word_1_797' title='bbox 2058 4894 2223 4949; x_wconf 89' lang='lat' dir='ltr'><strong>Docet</strong></span> <span class='ocrx_word' id='word_1_798' title='bbox 2266 4891 2397 4947; x_wconf 88' lang='lat' dir='ltr'><strong>nihil</strong></span> <span class='ocrx_word' id='word_1_799' title='bbox 2437 4892 2783 4947; x_wconf 89' lang='lat' dir='ltr'><strong>tribuendum</strong></span> <span class='ocrx_word' id='word_1_800' title='bbox 2828 4892 3024 4963; x_wconf 62' lang='lat' dir='ltr'><strong>iniquae</strong></span> <span class='ocrx_word' id='word_1_801' title='bbox 3071 4894 3349 4950; x_wconf 89' lang='lat' dir='ltr'><strong>hominum</strong></span> 
     </span>
    </p>
   </div>
   <div class='ocr_carea' id='block_1_108' title="bbox 1762 4986 3352 5059">
    <p class='ocr_par' dir='ltr' id='par_1_108' title="bbox 1762 4986 3352 5059">
     <span class='ocr_line' id='line_1_108' title="bbox 1762 4986 3352 5059; baseline 0.001 -16"><span class='ocrx_word' id='word_1_802' title='bbox 1762 4988 2037 5055; x_wconf 86' lang='lat' dir='ltr'><strong>cupiditati</strong></span> <span class='ocrx_word' id='word_1_803' title='bbox 2069 4995 2123 5043; x_wconf 92' lang='lat' dir='ltr'><strong>et</strong></span> <span class='ocrx_word' id='word_1_804' title='bbox 2152 4986 2358 5042; x_wconf 87' lang='lat' dir='ltr'><strong>libidini</strong></span> <span class='ocrx_word' id='word_1_805' title='bbox 2384 5027 2400 5051; x_wconf 90' lang='lat'><strong>,</strong></span> <span class='ocrx_word' id='word_1_806' title='bbox 2446 4986 2542 5043; x_wconf 89' lang='lat' dir='ltr'><strong>sed</strong></span> <span class='ocrx_word' id='word_1_807' title='bbox 2573 4989 2788 5059; x_wconf 90' lang='lat' dir='ltr'><strong>utrique</strong></span> <span class='ocrx_word' id='word_1_808' title='bbox 2832 5003 3050 5059; x_wconf 89' lang='lat' dir='ltr'><strong>semper</strong></span> <span class='ocrx_word' id='word_1_809' title='bbox 3084 4990 3352 5047; x_wconf 83' lang='lat' dir='ltr'><strong>obsisten-</strong></span> 
     </span>
    </p>
   </div>
   <div class='ocr_carea' id='block_1_109' title="bbox 1758 5080 3351 5154">
    <p class='ocr_par' dir='ltr' id='par_1_109' title="bbox 1758 5080 3351 5154">
     <span class='ocr_line' id='line_1_109' title="bbox 1758 5080 3351 5154; baseline 0.002 -19"><span class='ocrx_word' id='word_1_810' title='bbox 1758 5080 1922 5141; x_wconf 88' lang='lat' dir='ltr'><strong>dum;</strong></span> <span class='ocrx_word' id='word_1_811' title='bbox 1961 5080 2194 5137; x_wconf 89' lang='lat' dir='ltr'><strong>dandam</strong></span> <span class='ocrx_word' id='word_1_812' title='bbox 2228 5081 2549 5148; x_wconf 78' lang='lat' dir='ltr'><strong>innocentia:</strong></span> <span class='ocrx_word' id='word_1_813' title='bbox 2575 5096 2641 5137; x_wconf 92' lang='lat' dir='ltr'><strong>ac</strong></span> <span class='ocrx_word' id='word_1_814' title='bbox 2670 5097 2880 5137; x_wconf 90' lang='lat' dir='ltr'><strong>morum</strong></span> <span class='ocrx_word' id='word_1_815' title='bbox 2921 5081 3214 5154; x_wconf 84' lang='lat' dir='ltr'><strong>integritati</strong></span> <span class='ocrx_word' id='word_1_816' title='bbox 3245 5083 3351 5138; x_wconf 88' lang='lat' dir='ltr'><strong>ulla</strong></span> 
     </span>
    </p>
   </div>
   <div class='ocr_carea' id='block_1_110' title="bbox 1754 5175 3350 5259">
    <p class='ocr_par' dir='ltr' id='par_1_110' title="bbox 1754 5175 3350 5259">
     <span class='ocr_line' id='line_1_110' title="bbox 1754 5175 3350 5259; baseline 0.001 -28"><span class='ocrx_word' id='word_1_817' title='bbox 1754 5190 2010 5259; x_wconf 83' lang='lat' dir='ltr'><strong>umquam</strong></span> <span class='ocrx_word' id='word_1_818' title='bbox 2067 5177 2184 5232; x_wconf 91' lang='lat' dir='ltr'><strong>sine</strong></span> <span class='ocrx_word' id='word_1_819' title='bbox 2239 5175 2647 5234; x_wconf 85' lang='lat' dir='ltr'><strong>intermissione</strong></span> <span class='ocrx_word' id='word_1_820' title='bbox 2696 5194 2959 5251; x_wconf 87' lang='lat' dir='ltr'><strong>operam,</strong></span> <span class='ocrx_word' id='word_1_821' title='bbox 3024 5193 3230 5249; x_wconf 87' lang='lat' dir='ltr'><strong>nosque</strong></span> <span class='ocrx_word' id='word_1_822' title='bbox 3282 5177 3350 5233; x_wconf 89' lang='lat' dir='ltr'><strong>ab</strong></span> 
     </span>
    </p>
   </div>
   <div class='ocr_carea' id='block_1_111' title="bbox 1758 5269 3348 5344">
    <p class='ocr_par' dir='ltr' id='par_1_111' title="bbox 1758 5269 3348 5344">
     <span class='ocr_line' id='line_1_111' title="bbox 1758 5269 3348 5344; baseline -0.002 -16"><span class='ocrx_word' id='word_1_823' title='bbox 1758 5270 1905 5328; x_wconf 91' lang='lat' dir='ltr'><strong>omni</strong></span> <span class='ocrx_word' id='word_1_824' title='bbox 1938 5269 2055 5325; x_wconf 90' lang='lat' dir='ltr'><strong>labe</strong></span> <span class='ocrx_word' id='word_1_825' title='bbox 2082 5269 2403 5325; x_wconf 91' lang='lat' dir='ltr'><strong>delictorum</strong></span> <span class='ocrx_word' id='word_1_826' title='bbox 2435 5272 2676 5327; x_wconf 91' lang='lat' dir='ltr'><strong>omnium</strong></span> <span class='ocrx_word' id='word_1_827' title='bbox 2707 5272 3075 5344; x_wconf 90' lang='lat' dir='ltr'><strong>amputatione</strong></span> <span class='ocrx_word' id='word_1_828' title='bbox 3117 5286 3348 5342; x_wconf 83' lang='lat' dir='ltr'><strong>purgan-</strong></span> 
     </span>
    </p>
   </div>
   <div class='ocr_carea' id='block_1_112' title="bbox 1759 5361 3351 5428">
    <p class='ocr_par' dir='ltr' id='par_1_112' title="bbox 1759 5361 3351 5428">
     <span class='ocr_line' id='line_1_112' title="bbox 1759 5361 3351 5428; baseline -0.001 -8"><span class='ocrx_word' id='word_1_829' title='bbox 1759 5364 1897 5420; x_wconf 89' lang='lat' dir='ltr'><strong>dos:</strong></span> <span class='ocrx_word' id='word_1_830' title='bbox 1934 5382 1952 5415; x_wconf 86' lang='grc'><strong><em>‹</em></strong></span> <span class='ocrx_word' id='word_1_831' title='bbox 1986 5361 2134 5418; x_wconf 86' lang='lat' dir='ltr'><strong>Nihil</strong></span> <span class='ocrx_word' id='word_1_832' title='bbox 2160 5378 2345 5419; x_wconf 89' lang='lat' dir='ltr'><strong>sumus</strong></span> <span class='ocrx_word' id='word_1_833' title='bbox 2371 5364 2514 5421; x_wconf 89' lang='lat' dir='ltr'><strong>aliud</strong></span> <span class='ocrx_word' id='word_1_834' title='bbox 2542 5364 2843 5428; x_wconf 89' lang='lat' dir='ltr'><strong>christiani,</strong></span> <span class='ocrx_word' id='word_1_835' title='bbox 2881 5384 2901 5416; x_wconf 74' lang='grc' dir='ltr'><strong><em>ι</em></strong></span> <span class='ocrx_word' id='word_1_836' title='bbox 2932 5364 3157 5419; x_wconf 79' lang='lat' dir='ltr'><strong>Arnobii</strong></span> <span class='ocrx_word' id='word_1_837' title='bbox 3185 5364 3351 5419; x_wconf 87' lang='lat' dir='ltr'><strong>verba</strong></span> 
     </span>
    </p>
   </div>
   <div class='ocr_carea' id='block_1_113' title="bbox 1760 5458 3352 5531">
    <p class='ocr_par' dir='ltr' id='par_1_113' title="bbox 1760 5458 3352 5531">
     <span class='ocr_line' id='line_1_113' title="bbox 1760 5458 3352 5531; baseline -0.001 -17"><span class='ocrx_word' id='word_1_838' title='bbox 1760 5468 1914 5526; x_wconf 90' lang='lat' dir='ltr'><strong>sunt,</strong></span> <span class='ocrx_word' id='word_1_839' title='bbox 1950 5477 1969 5510; x_wconf 85' lang='grc'><strong><em>‹</em></strong></span> <span class='ocrx_word' id='word_1_840' title='bbox 2005 5459 2107 5514; x_wconf 90' lang='lat' dir='ltr'><strong>nisi</strong></span> <span class='ocrx_word' id='word_1_841' title='bbox 2139 5459 2396 5531; x_wconf 82' lang='lat' dir='ltr'><strong>magistro</strong></span> <span class='ocrx_word' id='word_1_842' title='bbox 2423 5459 2672 5527; x_wconf 86' lang='lat' dir='ltr'><strong>Christo,</strong></span> <span class='ocrx_word' id='word_1_843' title='bbox 2705 5460 2898 5516; x_wconf 92' lang='lat' dir='ltr'><strong>summi</strong></span> <span class='ocrx_word' id='word_1_844' title='bbox 2927 5459 3071 5530; x_wconf 85' lang='lat' dir='ltr'><strong>regis</strong></span> <span class='ocrx_word' id='word_1_845' title='bbox 3107 5473 3170 5514; x_wconf 91' lang='lat' dir='ltr'><strong>ac</strong></span> <span class='ocrx_word' id='word_1_846' title='bbox 3204 5458 3352 5529; x_wconf 87' lang='lat' dir='ltr'><strong>prin-</strong></span> 
     </span>
    </p>
   </div>
   <div class='ocr_carea' id='block_1_114' title="bbox 1762 5553 3349 5626">
    <p class='ocr_par' dir='ltr' id='par_1_114' title="bbox 1762 5553 3349 5626">
     <span class='ocr_line' id='line_1_114' title="bbox 1762 5553 3349 5626; baseline 0.003 -18"><span class='ocrx_word' id='word_1_847' title='bbox 1762 5554 1895 5626; x_wconf 90' lang='lat' dir='ltr'><strong>cipis</strong></span> <span class='ocrx_word' id='word_1_848' title='bbox 1932 5564 2309 5624; x_wconf 89' lang='lat' dir='ltr'><strong>vencratores,</strong></span> <span class='ocrx_word' id='word_1_849' title='bbox 2358 5555 2521 5622; x_wconf 91' lang='lat' dir='ltr'><strong>nihil,</strong></span> <span class='ocrx_word' id='word_1_850' title='bbox 2564 5555 2611 5611; x_wconf 89' lang='lat' dir='ltr'><strong>si</strong></span> <span class='ocrx_word' id='word_1_851' title='bbox 2640 5554 2986 5621; x_wconf 89' lang='lat' dir='ltr'><strong>consideres,</strong></span> <span class='ocrx_word' id='word_1_852' title='bbox 3020 5553 3163 5609; x_wconf 88' lang='lat' dir='ltr'><strong>aliud</strong></span> <span class='ocrx_word' id='word_1_853' title='bbox 3195 5554 3349 5612; x_wconf 78' lang='lat' dir='ltr'><strong>inve-</strong></span> 
     </span>
    </p>
   </div>
   <div class='ocr_carea' id='block_1_115' title="bbox 1764 5647 3352 5721">
    <p class='ocr_par' dir='ltr' id='par_1_115' title="bbox 1764 5647 3352 5721">
     <span class='ocr_line' id='line_1_115' title="bbox 1764 5647 3352 5721; baseline 0.001 -18"><span class='ocrx_word' id='word_1_854' title='bbox 1764 5649 1880 5704; x_wconf 86' lang='lat' dir='ltr'><strong>nies</strong></span> <span class='ocrx_word' id='word_1_855' title='bbox 1909 5649 1963 5704; x_wconf 92' lang='lat' dir='ltr'><strong>in</strong></span> <span class='ocrx_word' id='word_1_856' title='bbox 1994 5651 2092 5705; x_wconf 90' lang='lat' dir='ltr'><strong>ista</strong></span> <span class='ocrx_word' id='word_1_857' title='bbox 2127 5650 2390 5721; x_wconf 87' lang='lat' dir='ltr'><strong>religione</strong></span> <span class='ocrx_word' id='word_1_858' title='bbox 2409 5648 2633 5705; x_wconf 89' lang='lat' dir='ltr'><strong>versari.</strong></span> <span class='ocrx_word' id='word_1_859' title='bbox 2680 5647 2806 5703; x_wconf 77' lang='lat' dir='ltr'><strong>Hmc</strong></span> <span class='ocrx_word' id='word_1_860' title='bbox 2833 5647 2996 5702; x_wconf 90' lang='lat' dir='ltr'><strong>totius</strong></span> <span class='ocrx_word' id='word_1_861' title='bbox 3024 5661 3236 5704; x_wconf 87' lang='lat' dir='ltr'><strong>summa</strong></span> <span class='ocrx_word' id='word_1_862' title='bbox 3262 5664 3352 5705; x_wconf 85' lang='lat' dir='ltr'><strong>ac—</strong></span> 
     </span>
    </p>
   </div>
   <div class='ocr_carea' id='block_1_116' title="bbox 1765 5739 3355 5815">
    <p class='ocr_par' dir='ltr' id='par_1_116' title="bbox 1765 5739 3355 5815">
     <span class='ocr_line' id='line_1_116' title="bbox 1765 5739 3355 5815; baseline 0.001 -20"><span class='ocrx_word' id='word_1_863' title='bbox 1765 5740 1923 5798; x_wconf 89' lang='lat' dir='ltr'><strong>tionis</strong></span> <span class='ocrx_word' id='word_1_864' title='bbox 1950 5785 1964 5807; x_wconf 91' lang='lat'><strong>,</strong></span> <span class='ocrx_word' id='word_1_865' title='bbox 2011 5742 2099 5801; x_wconf 87' lang='lat' dir='ltr'><strong>hic</strong></span> <span class='ocrx_word' id='word_1_866' title='bbox 2144 5742 2454 5815; x_wconf 87' lang='lat' dir='ltr'><strong>propositus</strong></span> <span class='ocrx_word' id='word_1_867' title='bbox 2496 5741 2758 5796; x_wconf 91' lang='lat' dir='ltr'><strong>terminus</strong></span> <span class='ocrx_word' id='word_1_868' title='bbox 2794 5739 3100 5796; x_wconf 89' lang='lat' dir='ltr'><strong>divinorum</strong></span> <span class='ocrx_word' id='word_1_869' title='bbox 3150 5739 3355 5797; x_wconf 82' lang='lat' dir='ltr'><strong>ofﬁcio-</strong></span> 
     </span>
    </p>
   </div>
   <div class='ocr_carea' id='block_1_117' title="bbox 1765 5835 3353 5909">
    <p class='ocr_par' dir='ltr' id='par_1_117' title="bbox 1765 5835 3353 5909">
     <span class='ocr_line' id='line_1_117' title="bbox 1765 5835 3353 5909; baseline -0.001 -14"><span class='ocrx_word' id='word_1_870' title='bbox 1765 5853 1885 5895; x_wconf 89' lang='lat' dir='ltr'><strong>rum</strong></span> <span class='ocrx_word' id='word_1_871' title='bbox 1902 5882 1916 5907; x_wconf 93' lang='lat'><strong>,</strong></span> <span class='ocrx_word' id='word_1_872' title='bbox 1944 5838 2032 5897; x_wconf 91' lang='lat' dir='ltr'><strong>hic</strong></span> <span class='ocrx_word' id='word_1_873' title='bbox 2059 5840 2201 5898; x_wconf 88' lang='lat' dir='ltr'><strong>linis.</strong></span> <span class='ocrx_word' id='word_1_874' title='bbox 2244 5839 2381 5898; x_wconf 81' lang='lat' dir='ltr'><strong>Huic</strong></span> <span class='ocrx_word' id='word_1_875' title='bbox 2421 5849 2611 5895; x_wconf 87' lang='lat' dir='ltr'><strong>omnes</strong></span> <span class='ocrx_word' id='word_1_876' title='bbox 2647 5850 2714 5894; x_wconf 84' lang='lat' dir='ltr'><strong>ex</strong></span> <span class='ocrx_word' id='word_1_877' title='bbox 2740 5850 2894 5894; x_wconf 89' lang='lat' dir='ltr'><strong>more</strong></span> <span class='ocrx_word' id='word_1_878' title='bbox 2922 5835 3315 5909; x_wconf 87' lang='lat' dir='ltr'><strong>prosternimur</strong></span> <span class='ocrx_word' id='word_1_879' title='bbox 3337 5878 3353 5907; x_wconf 93' lang='lat'><strong>,</strong></span> 
     </span>
    </p>
   </div>
  </div>
