3980 6284
584 344 690 406 M9
1823 321 2268 387 DlSSERTATlO
2296 320 2573 380 rnmvm
3749 264 3884 361 'tao

590 463 733 518 hunc
776 457 991 516 collatis
1021 454 1271 527 precibus
1308 452 1598 508 adoramus
1624 492 1640 517 ,
1680 450 1748 504 ab
1773 447 1880 503 hoc
1907 446 2052 517 justa
2074 487 2088 507 ,
2129 452 2183 498 et
2210 442 2261 503 Α
2288 438 2498 510 pra-diti
2530 446 2797 503 oratores,
2830 431 3186 507 grammatici,
3222 430 3493 497 rhetores,
3525 427 3760 485 consulti
3783 427 3882 499 ju-

591 555 812 610 honesta
834 594 850 619 ,
883 562 936 607 et
962 523 1146 606 auditu
1191 548 1308 617 ejus
1350 547 1614 619 condigna
1655 542 2016 613 deposcimus.
2060 538 2176 594 Non
2280 534 2375 599 ris,
2405 547 2467 587 ac
2494 530 2711 598 medici,
2736 527 3153 601 philosophique
3176 526 3335 581 etiam
3362 532 3568 580 secreta
3591 523 3884 591 rimantes,

592 649 733 719 quod
781 615 897 717 ipse
941 615 1533 711 desideretisupplices
1555 655 1652 695 nos
1699 652 1819 692 esse
1844 679 1858 703 ,
1900 645 1989 690 aut
2032 641 2179 689 amet
2281 626 2591 697 magisteria
2626 624 2741 680 haec
2771 632 3062 693 eXpetunt,
3112 621 3311 719 spretis
3340 618 3539 691 quibus
3572 625 3701 675 ante
3743 615 3888 672 ﬁde-

589 711 857 797 substeriii
885 780 899 804 ,
938 748 993 794 et
1040 739 1167 807 (sive
1208 736 1347 806 aut)
1399 745 1476 790 tot
1515 733 1742 789 millium
1776 729 2177 786 venerationem
2284 721 2413 775 bant
2447 738 2465 771 ι
2501 718 2518 788 (
2549 716 2764 782 Arnob.,
2794 716 2882 772 lib.
2908 732 2967 783 ιι,
3005 732 3127 786 pag,
3151 715 3239 769 44.
3266 711 3311 784 ).

589 836 792 890 videre.
822 803 1058 890 Utilitas'
1081 830 1199 885 hzec
1242 803 1422 883 nostra
1456 835 1568 892 est,
1611 833 1666 881 et
1703 822 1971 879 commodi
2011 823 2180 877 nostri
2355 812 2560 881 S:epius
2585 826 2715 865 vero
2738 811 2825 865 ille
2851 810 3045 880 repetit
3073 816 3242 864 totum
3269 804 3528 861 mundum
3552 803 3879 859 christiana:

590 928 851 982 rationem
882 933 1153 993 Spectans.
1184 921 1318 977 Nam
1344 920 1469 991 quia
1499 919 1652 988 proni
1684 916 1749 972 ad
1780 916 1998 986 culpas,
2030 925 2085 971 et
2111 915 2181 969 ad
2283 905 2558 975 religionis
2601 902 2966 959 sectatoribus
3010 900 3088 956 sic
3129 899 3298 955 fuisse
3328 898 3595 968 repletum
3641 898 3660 967 (
3693 894 3881 993 Idem,

588 1018 831 1074 libidinis
859 989 1041 1070 varios
1071 1014 1340 1085 appetitus
1363 989 1501 1066 Vvitio
1530 1024 1714 1066 sumus
1744 1009 2076 1064 inﬁrmitatis
2100 1009 2183 1063 iu-
2282 999 2372 1053 lib.
2403 1015 2420 1053 ι
2446 1039 2461 1063 ,
2489 1015 2608 1069 pag.
2649 998 2746 1063 55;
2778 995 2866 1050 lib.
2901 1013 2936 1051 ιι
2966 1038 2981 1063 ,
3016 1013 3137 1066 paq-
3172 993 3279 1063 50)
3311 1009 3326 1059 ἱ
3373 1006 3580 1085 nosque
3605 990 3734 1085 iam,
3759 989 3890 1085 fmi-

588 1110 826 1181 geuitm,
884 1109 1082 1179 patitur
1137 1122 1198 1161 se
1243 1120 1459 1173 semper
1514 1102 1717 1157 nostris
1768 1099 2183 1172 cogitationibus

589 1201 836 1271 concipi;
886 1210 943 1254 ut
975 1198 1101 1253 dum
1126 1198 1271 1251 illum
1302 1208 1520 1251 oramus
1543 1237 1558 1262 ,
1602 1203 1657 1249 et
1687 1195 1881 1248 mereri
1912 1192 2029 1262 ejus
2053 1207 2185 1247 con-

593 1296 861 1351 tendimus
904 1309 1127 1349 munera
1153 1335 1169 1359 ,
1218 1293 1552 1363 accipiamus
1582 1291 1908 1346 innocentia:
1939 1288 2184 1344 volunta-

593 1399 700 1445 tem
725 1431 741 1455 ,
785 1397 840 1444 et
875 1389 943 1443 ab
968 1388 1115 1443 omni
1147 1401 1247 1442 nos
1287 1387 1408 1441 labe
1442 1385 1760 1440 delictorum
1797 1383 2040 1438 omnium
2071 1396 2185 1437 am-

590 1484 870 1554 putatione
899 1497 1210 1553 purgemus.
1248 1498 1267 1533 ι
1292 1478 1311 1552 (
1337 1479 1556 1546 Arnob.,
1590 1479 1681 1534 lib.
1714 1495 1751 1545 ι,
1774 1493 1895 1548 pag.
1918 1473 2183 1543 14ει15.)

592 1578 840 1648 Denique
882 1575 1164 1630 christiani
1208 1572 1576 1643 praedicabant
1622 1570 1789 1626 falsos
1827 1586 1951 1625 esse
1995 1582 2187 1623 onmes

591 1669 866 1741 gentilium
892 1671 1025 1724 deos
1044 1709 1060 1733 ,
1093 1666 1421 1737 respuebant
1451 1663 1723 1736 quoslibet
1749 1662 1943 1731 impios
1970 1660 2186 1716 illorum

592 1762 761 1827 ritus,
807 1760 1183 1830 superstitiosa
1215 1757 1505 1830 mysteria,
1552 1755 1810 1811 sacriﬁcia
1839 1762 1893 1808 et
1918 1752 2087 1817 festa,
2124 1767 2187 1808 ac

593 1863 881 1922 corruptos
909 1868 1087 1907 mores
1119 1850 1275 1921 plane
1303 1850 1625 1920 penitusque
1654 1845 2109 1903 condemnabant.

665 1946 864 2000 Verum
902 1953 1101 2013 quanto
1145 1942 1443 1997 christiana
1488 1941 1669 2012 religio
1695 1982 1709 2006 ,
1760 1940 1836 1994 uti
1878 1937 1971 1993 ille
2010 1936 2186 1992 adhuc

596 2037 860 2107 loquitur,
890 2036 1054 2090 verior
1077 2077 1091 2099 ,
1127 2034 1413 2103 ofﬁciosior
1434 2074 1449 2099 ,
1482 2032 1736 2103 potentior
1757 2073 1773 2099 ,
1812 2032 2007 2101 iustior
2035 2039 2180 2095 erat,

597 2137 745 2183 tanto
792 2144 922 2184 sane
967 2126 1241 2183 difﬁcilius
1281 2127 1671 2196 operosiusque
1708 2135 1823 2180 erat
1864 2125 1970 2180 hoc
2008 2122 2187 2194 ipsum

594 2220 879 2292 gentilibus
906 2220 1251 2290 persuadere.
1283 2219 1508 2285 Quantae
1536 2219 1678 2272 enim
1697 2258 1713 2283 ,
1742 2217 1934 2273 amabo
1967 2226 2019 2271 te
2039 2258 2054 2281 ,
2085 2216 2186 2271 im-

596 2314 778 2385 peritis
802 2355 817 2380 ,
874 2314 1104 2368 indoctis
1132 2327 1197 2367 ac
1238 2310 1461 2367 rudibus
1486 2308 1688 2366 Christi
1721 2309 1999 2381 discipulis
2027 2310 2187 2364 molis

594 2416 650 2462 et
675 2421 853 2477 operte
880 2417 1001 2463 erat
1021 2403 1283 2470 ,eosdem
1315 2404 1548 2474 gentiles
1577 2416 1805 2457 avocare
1831 2401 1899 2455 ab
1928 2401 2189 2472 antiquis-

594 2498 730 2553 simo
759 2499 982 2553 deorum
1010 2537 1026 2564 ,
1078 2496 1448 2565 idolorumque
1479 2496 1623 2550 cultu
1646 2538 1661 2563 ,
1696 2493 1903 2582 et.aliis
1928 2495 2189 2564 supersti-

596 2592 828 2647 tionibus
851 2633 865 2656 ,
914 2605 1048 2662 quas
1072 2606 1101 2644 a
1127 2599 1205 2644 tot
1243 2589 1456 2643 sareulis
1485 2598 1738 2659 tauquam
1772 2587 1884 2657 pias
1912 2603 2033 2642 cum
2069 2603 2174 2642 nu-

597 2684 741 2739 tricis
780 2683 918 2739 lacte
964 2681 1268 2737 suxerant?
1309 2680 1506 2748 Quanti
1553 2679 1751 2735 laboris
1779 2688 1835 2734 et
1855 2677 2188 2735 difficultatis

595 2786 712 2831 erat
741 2776 1025 2832 innumera
1067 2774 1347 2829 hominum
1388 2772 1554 2827 millia
1596 2772 1662 2827 ad
1706 2770 2015 2826 christiana:
2060 2771 2189 2825 reli-

594 2870 789 2940 gionis,
821 2884 984 2940 quam
1011 2883 1205 2923 novam
1237 2876 1291 2923 et
1317 2867 1535 2937 impiam
1563 2865 1880 2934 credebant,
1914 2864 2187 2922 adducere

595 2960 1031 3029 professionem?
1058 2960 1263 3028 Quanta
1296 2960 1462 3014 animi
1489 2959 1840 3015 contentione
1865 2974 2003 3028 opus
2029 2968 2146 3014 erat
2164 3000 2182 3025 ,

595 3063 653 3108 ut
680 3055 800 3111 illos
826 3069 857 3108 a
901 3054 1086 3119 molli,
1130 3054 1363 3109 delicato
1404 3065 1457 3109 et
1499 3052 1788 3108 libidinoso
1836 3052 2050 3109 vivendi
2094 3070 2187 3124 ge-

594 3164 760 3217 nere,
806 3147 948 3219 quod
978 3147 1180 3203 licitum
1218 3147 1518 3220 putabant,
1560 3147 1628 3204 ad
1666 3146 1808 3203 aliud
1838 3147 2185 3203 traducerent

2284 1091 2669 1145 madvertimus
2710 1088 2884 1143 varias
2922 1088 3174 1159 regiones
3209 1084 3277 1140 ad
3313 1084 3577 1139 orientem
3620 1080 3890 1138 occiden-

2285 1191 2499 1253 temque
2527 1182 2695 1238 solem
2719 1182 2942 1253 positas,
2967 1162 3089 1251 qua:
3121 1178 3260 1232 hanc
3287 1177 3605 1247 religionem
3635 1184 3892 1229 nostram

2284 1277 2712 1349 proﬁtebantur,
2758 1275 2827 1330 ab
2858 1273 2952 1329 illo
2990 1282 3244 1330 accurate
3281 1281 3337 1328 et
3371 1269 3563 1327 sedulo
3604 1267 3893 1326 recenseri

2288 1371 2467 1445 (Sup.
2497 1372 2593 1426 hoc
2619 1387 2761 1441 cap.,
2791 1378 2894 1423 art.
2924 1368 2979 1423 1.
3010 1368 3053 1439 ).

2359 1468 2429 1519 At
2458 1462 2766 1533 quOmodo,
2795 1475 3014 1532 quaeso,
3050 1468 3129 1515 tot
3155 1458 3436 1525 homines,
3466 1464 3617 1512 tanto
3637 1456 3895 1512 locorum
3978 1482 3980 1509 i

2288 1555 2572 1612 intervallo
2622 1554 2909 1625 disjuncti,
2964 1551 3229 1624 singulari
3269 1549 3486 1621 ingenio
3529 1558 3585 1605 et
3637 1548 3897 1605 doctrina
3978 1564 3980 1587 =

2289 1656 2652 1717 praestantes,
2706 1646 2820 1702 suis
2868 1640 3218 1715 opinionibus
3263 1656 3330 1699 ac
3374 1639 3701 1712 prazjudieiis
3745 1639 3898 1696 chri-
3978 1676 3980 1681 -

2289 1741 2478 1795 stianae
2522 1738 2646 1795 ﬁdei
2686 1754 2716 1795 e
2768 1738 3034 1793 diametro
3075 1735 3338 1807 oppositis
3389 1745 3495 1788 tam
3540 1733 3899 1804 pertinaciter

2292 1925 2429 1980 hanc
2454 1940 2575 1994 quae
2604 1922 2740 1978 nihil
2767 1921 2886 1979 fere
2916 1932 3042 1978 tunc
3067 1920 3121 1977 in
3150 1919 3254 1977 hoc
3283 1920 3486 1976 mundo
3507 1961 3523 1988 ,
3551 1917 3655 1975 nisi
3680 1918 3901 1991 suppli-

2289 2018 2371 2074 cia
2397 2060 2411 2085 ,
2440 2027 2750 2087 certamque
2779 2022 3008 2070 mortem
3032 2029 3218 2070 secum
3251 2013 3537 2083 trahebat,
3571 2023 3767 2084 sponte
3798 2027 3902 2068 sua

2290 2124 2497 2178 suoque
2520 2106 2723 2179 judicio
2753 2105 3256 2176 amplecterentur?
3294 2102 3484 2160 Nonne
3513 2105 3615 2160 hoc
3653 2105 3902 2160 maximo

2292 2200 2487 2256 divina:
2517 2199 2869 2270 providentia:
2899 2197 3160 2255 miraculo
3189 2198 3388 2254 veritas
3415 2196 3729 2253 christiana:
3758 2196 3901 2253 reli-

2290 2292 2462 2365 gionis
2500 2308 2609 2347 non
2661 2290 2840 2347 minus
2884 2298 3079 2358 certo,
3132 2293 3418 2360 perspicue
3462 2298 3517 2345 et
3558 2287 3899 2356 efﬁcaciter,

2216 1832 2522 1906 Baddicti,
2571 1830 2663 1886 illa
2717 1830 3041 1886 brevissimo
3100 1835 3347 1898 tempore
3397 1825 3787 1897 deposuerint;
3843 1833 3903 1881 et
3978 1862 3980 1871 ι

2289 2403 2452 2459 quam
2494 2387 2599 2442 ulla
2641 2385 2863 2442 humani
2909 2383 3109 2456 ingenii
3148 2381 3369 2440 clariori
3413 2382 3901 2456 argumentatione
3978 2440 3980 2459 ζ

2291 2482 2690 2538 demonstratur
2709 2481 2733 2534 ?

2905 2615 3137 2674 CAPUT
3182 2616 3253 2673 ν.

2289 2758 2624 2814 Ethnicorum
2669 2757 2914 2812 adversus
2967 2756 3265 2812 christiana:
3308 2754 3577 2827 religionis
3620 2756 3901 2814 veritatem

2728 2859 3031 2922 argumenta
3068 2849 3450 2903 examinantur.

2807 2999 3106 3041 Διιτιευιυε
3154 2998 3368 3042 PBIIUS.

2289 3122 2443 3184 Quam
2467 3120 2676 3171 absurde
2702 3120 2895 3171 Ethnici
2919 3123 3200 3184 objecerint
3223 3122 3532 3187 christianam
3558 3123 3891 3187 religionem,

2348 3191 2519 3249 utpote
2543 3197 2658 3249 quae
2672 3197 2794 3234 nova
2813 3193 2938 3242 erat,
2959 3187 3291 3249 reﬁciendam,
3317 3186 3683 3249 servandosque
3706 3192 3901 3249 patrios

592 3242 751 3312 plane
778 3241 1011 3309 durum,
1045 3251 1320 3296 austerum
1348 3283 1363 3308 ,
1396 3255 1677 3304 severum,
1715 3239 2055 3310 naturalique
2085 3240 2179 3295 ho-
2207 3248 2252 3311 ρ
2347 3239 2578 3312 et'avitos
2620 3239 3029 3312 ritus,_qnos'illi
3045 3239 3470 3312 reommutaverant
3504 3239 3897 3312 aut'abrogave-

592 3334 796 3389 niinum
825 3332 1085 3405 appetitui
1112 3335 1329 3405 penitus
1368 3332 1711 3403 repugnans?
1752 3331 1924 3399 Quam
1952 3331 2183 3402 denique

594 3429 820 3481 arduum
857 3434 914 3481 et
959 3425 1285 3480 laboriosum
1311 3463 1328 3490 ,
1369 3423 1539 3477 fracta
1569 3423 1813 3494 victaque
1853 3423 2182 3493 ejusceuiodi

596 3521 873 3576 hominum
907 3535 1042 3590 pene
1066 3516 1366 3574 incredibili
1397 3517 1781 3579 obstinatione,
1815 3516 1921 3570 illis
1943 3516 2183 3572 animum

594 3615 850 3671 inducere
870 3655 885 3681 ,
930 3625 988 3669 ut
1022 3612 1306 3669 crederent
1335 3625 1466 3668 vera
1494 3626 1618 3667 esse
1646 3611 1714 3666 de
1740 3610 1941 3667 Christi
1968 3626 2180 3667 summa

594 3709 897 3773 divinitate,
924 3707 1163 3764 humano
1189 3715 1311 3762 ortu
1341 3716 1396 3762 et
1422 3706 1638 3761 interitu
1660 3746 1677 3774 ,
1708 3706 1942 3776 aliaque,
1968 3706 2038 3762 de
2059 3708 2183 3778 qui-

594 3800 695 3855 bus
724 3799 864 3854 infra
888 3812 1129 3870 agemus,
1162 3798 1473 3853 cbristianae
1504 3798 1627 3852 ﬁdei
1653 3796 1974 3855 documenta
1996 3799 2022 3852 ἲ

664 3893 1044 3950 Verumtamen
1076 3894 1128 3948 hi
1158 3891 1259 3965 ipsi
1289 3901 1584 3948 sectatores
1612 3889 1813 3948 Christi
1835 3932 1852 3961 ,
1896 3901 2184 3963 quantum-

594 3990 725 4045 libet
755 3989 914 4045 rudes
940 3998 996 4045 et
1020 3988 1222 4061 ignari,
1256 3989 1597 4059 quantumvis
1623 3987 1857 4043 humana
1883 4002 1985 4058 Ope
2014 3987 2185 4043 desti-

598 4082 733 4150 tuti,
776 4084 885 4138 imo
914 4096 1043 4139 vero
1085 4081 1335 4137 omnibus
1363 4080 1691 4152 quibuslibet
1729 4079 2039 4136 hominibus
2072 4081 2186 4151 ple-

594 4174 747 4232 beiis.
775 4173 1064 4242 nobilibus,
1096 4174 1441 4245 principibus,
1471 4174 1705 4245 regibus,
1738 4172 2179 4244 imperatoribus,

595 4268 965 4325 sacerdotibus
990 4311 1006 4336 ,
1034 4268 1307 4339 sacrisque
1333 4267 1675 4338 pontiﬁcibus
1704 4267 1852 4322 onmi
1881 4266 2066 4334 animi,
2098 4279 2185 4321 ar-

596 4364 681 4433 tis,
701 4362 934 4431 roboris,
956 4362 1281 4433 furorisque,
1312 4360 1365 4417 vi
1388 4371 1549 4434 atque
1570 4361 1773 4432 impetu
1801 4361 1902 4418 sibi
1930 4360 2186 4416 resisten—

596 4460 771 4526 tibus,
818 4456 955 4513 hanc
981 4458 1150 4527 ipsam
1172 4454 1488 4527 religionem
1525 4471 1620 4526 per
1647 4456 1955 4510 universum
1997 4453 2185 4509 orbem

594 4567 896 4624 terrarum,
943 4554 1057 4610 sola
1101 4569 1196 4610 sua
1237 4552 1651 4624 praedicatione,
1697 4567 1761 4605 ae
1801 4550 2185 4605 miraculorum

594 4755 736 4799 runt.
766 4742 847 4798 Ad
877 4757 994 4798 eam
1026 4750 1203 4796 autem
1234 4756 1341 4795 non
1375 4736 1635 4810 quasdam
1668 4747 1872 4792 tantum
1905 4734 2181 4801 mulieres,

594 4845 686 4891 aut
711 4836 924 4905 ignaros
952 4833 1294 4888 adduxerunt
1331 4831 1608 4899 homines,
1652 4830 1747 4886 sed
1777 4830 1984 4901 magnis
2020 4828 2186 4883 etiam

596 4926 825 4996 ingeniis
854 4925 1107 4996 prmditos
1136 4935 1380 4979 oratores
1403 4966 1417 4991 ,
1457 4921 1868 4994 grammaticos,
1899 4920 2149 4976 rhetores
2168 4964 2182 4988 ,

590 5018 1011 5091 jurisconsultos
1030 5059 1045 5085 ,
1070 5019 1308 5073 medicos
1328 5059 1343 5084 ,
1376 5032 1439 5073 ac
1462 5017 1830 5089 philosophos.
1867 5019 1936 5071 At
1965 5025 2187 5087 prazstat

595 5128 727 5169 sane
785 5121 1059 5166 auctorem
1113 5119 1359 5163 nostrum
1418 5108 1532 5163 haec
1586 5109 1896 5180 loquentem
1952 5109 2182 5164 audire:

604 5209 638 5256 ‹“
660 5203 872 5272 Nonne,
915 5222 934 5255 ι
970 5203 1172 5273 inquit,
1206 5218 1225 5252 ι
1262 5201 1341 5255 vel
1369 5199 1484 5255 hmc
1514 5201 1703 5255 saltem
1732 5201 1893 5257 ﬁdem
1928 5202 2077 5257 vobis
2104 5199 2187 5257 fa-

597 5301 745 5355 ciunt
774 5306 1088 5368 argumenta
1118 5290 1399 5359 credendi,
1424 5293 1566 5362 quod
1590 5293 1700 5362 jam
1730 5308 1825 5363 per
1852 5309 2042 5350 omnes
2074 5304 2184 5349 ter-

596 5406 705 5459 ras,
734 5392 787 5445 in
816 5398 923 5444 tam
952 5386 1101 5443 brevi
1128 5384 1388 5456 temporis
1415 5385 1589 5455 spatio
1611 5426 1625 5449 ,
1669 5384 1920 5439 immensi
1949 5385 2183 5441 nominis

599 5483 756 5554 hujus
787 5491 1124 5538 sarramenta
1153 5477 1346 5534 diffusa
1378 5477 1541 5533 sunt?
1583 5477 1739 5546 Quod
1769 5478 1915 5533 nulla
1943 5480 2054 5547 jam
2082 5495 2181 5535 na-

600 5574 672 5631 tio
710 5583 934 5631 esttam
975 5572 1194 5630 barbari
1242 5573 1444 5638 moris,
1487 5581 1542 5626 et
1578 5570 2045 5628 mansuetudinem
2088 5588 2185 5628 ne-

599 5667 807 5734 sciens,
838 5682 959 5739 quae
989 5681 1098 5723 non
1122 5667 1241 5738 ejus
1270 5680 1457 5722 amore
1482 5678 1671 5732 versa,
1704 5663 2000 5719 molliverit
2026 5679 2188 5735 aspe-

599 5764 814 5816 ritatem
848 5776 1022 5829 suam,
1045 5760 1179 5816 etin
1209 5758 1448 5831 placidos
1487 5771 1682 5816 sensus
1716 5756 2001 5828 adsumpta
2037 5766 2187 5813 tran-

605 5852 865 5925 quillitate
915 5850 1269 5925 migraverit?
1319 5852 1472 5921 Quod
1531 5863 1637 5909 tam
1694 5849 1905 5923 magnis
1960 5849 2191 5923 ingeniis

2350 3318 2460 3358 rant
2484 3311 2531 3357 in
2558 3308 2721 3371 pepuli
2745 3308 2983 3359 classibus
3000 3348 3013 3369 ,
3040 3311 3090 3358 in
3123 3313 3335 3360 servatis
3355 3309 3419 3360 de.
3446 3309 3570 3367 atrio
3587 3348 3600 3369 ,
3627 3311 3676 3359 in
3702 3308 3901 3362 obnun-

2348 3372 2655 3439 tiatiouibus,
2673 3372 2919 3439 comitiis,
2943 3374 3101 3439 signis
3126 3386 3198 3439 ex_
3216 3387 3351 3439 arce,
3374 3371 3650 3439 fecialibus,
3675 3374 3900 3439 clariga-

2348 3435 2503 3499 t_ionc,
2528 3434 2833 3499 acuminibus
2864 3437 3156 3499 auspicatis,
3186 3435 3383 3497 legibus
3415 3434 3647 3489 Annariis
3665 3470 3683 3499 ,

2349 3495 2613 3558 Censoriis,
2638 3503 2690 3546 et
2714 3495 3054 3560 penetralibus
3077 3495 3323 3562 coligitiis.

2366 3620 2623 3689 Quamvis
2649 3622 2715 3678 ad
2746 3625 3035 3681 evertenda
3076 3642 3196 3698 qua:
3225 3627 3483 3687 hactenus
3506 3629 3575 3685 ad
3596 3629 3893 3688 Stabilien-

2288 3713 2410 3769 dam
2450 3714 2759 3771 christiana:
2796 3717 3073 3788 religionis
3105 3719 3391 3777 veritatem
3430 3722 3754 3793 retulimus,
3802 3740 3896 3780 ar-

2286 3816 2541 3879 gumenta
2569 3808 2776 3865 nullum
2803 3809 3008 3867 ethnici
3040 3827 3149 3868 non
3180 3813 3449 3870 moverint
3475 3814 3734 3887 lapidem,
3768 3832 3899 3874 om-

2287 3915 2491 3971 nesque
2552 3902 2832 3959 machinas
2894 3901 3283 3972 adhibuerim;
3345 3905 3477 3961 nihil
3538 3916 3722 3963 tamen
3777 3908 3902 3965 fere

2287 3994 2429 4049 aliud
2458 3994 2824 4066 proferebant,
2852 3996 2955 4052 nisi
2975 3998 3271 4065 crambem,
3296 4008 3355 4053 ut
3372 3999 3544 4067 aiunt,
3567 4001 3894 4071 repetitam,

2287 4101 2349 4142 ac
2375 4087 2575 4159 saepius
2603 4087 2944 4145 decantatam
2969 4104 3292 4161 semperque
3312 4106 3559 4147 eversam
3583 4094 3899 4163 reprehen-

2287 4178 2515 4234 sionem.
2546 4177 2865 4235 Clamabant
2895 4180 3098 4236 etenim
3125 4196 3321 4236 novam
3351 4196 3494 4252 esse,
3523 4190 3579 4238 et
3604 4192 3736 4240 ante
3764 4200 3905 4256 pau-

2287 4286 2382 4327 cos
2410 4272 2800 4343 propemodum
2841 4273 2960 4330 dies
3003 4283 3177 4330 ortam
3221 4276 3640 4333 christianorum
3672 4279 3904 4352 religio-

2288 4381 2443 4430 nem;
2476 4383 2626 4423 suam
2655 4383 2785 4425 vero
2822 4370 2891 4423 ab
2918 4368 3109 4425 ultima
3138 4370 3461 4441 antiquitate
3496 4371 3599 4427 sibi
3632 4387 3661 4427 a
3692 4388 3902 4445 paren-

2290 4461 2431 4517 tibus
2473 4461 2720 4517 traditam
2760 4477 2868 4517 non
2896 4478 3059 4533 posse
3083 4463 3152 4517 ab
3177 4464 3307 4534 ipsis
3335 4465 3458 4535 jure
3484 4465 3680 4520 merito
3708 4465 3903 4523 deseri

2288 4566 2341 4609 et
2372 4554 2680 4624 repudiari:
2718 4573 2737 4607 ι
2758 4555 2945 4624 Nobis,
2987 4577 3006 4609 ι
3034 4557 3204 4629 inquit
3230 4558 3520 4627 Arnobius,
3553 4577 3573 4611 ι
3605 4559 3899 4631 objectare
3975 4556 3980 4579 ἲ

593 4651 854 4722 potentia,
884 4648 1204 4703 brevissimo
1236 4645 1494 4715 temporis
1522 4643 1830 4709 intervallo,
1861 4642 2181 4698 dissemina-
2208 4644 2264 4708 D
2288 4645 2588 4700 consuestis
2640 4646 2904 4702 novellam
2958 4663 3080 4704 esse
3132 4649 3446 4719 religionem
3499 4660 3739 4706 nostram
3765 4692 3783 4720 ,
3845 4665 3905 4709 et

2288 4746 2414 4793 ante
2439 4737 2556 4793 dies
2585 4747 2764 4793 natam
2789 4740 3177 4810 propemodum
3214 4756 3435 4811 paucos,
3469 4757 3644 4814 neque
3667 4758 3770 4798 vos
3800 4759 3906 4816 po-

2289 4830 2454 4885 tuisse
2475 4832 2748 4911 antiquam
2784 4843 2839 4887 et
2871 4835 3098 4904 patriam
3128 4833 3408 4904 linquere,
3447 4842 3502 4889 et
3537 4835 3590 4889 in
3625 4834 3902 4892 barbaros

2289 4922 2423 4977 ritus
2450 4938 2869 4995 peregrinosque
2896 4926 3134 4980 traduci»
3167 4926 3409 4997 (Arnob,
3435 4926 3523 4980 lib.
3543 4942 3601 4993 ιι,
3621 4944 3749 4999 pag.
3774 4928 3899 5003 90).

2290 5016 2397 5071 Nos
2420 5032 2549 5072 vero
2577 5018 2631 5072 in
2663 5020 2927 5089 superiori
2958 5019 3337 5076 dissertatione
3367 5021 3725 5088 ostendimus,
3760 5040 3905 5096 quo-

2291 5114 2450 5170 modo
2476 5114 2593 5169 haec
2612 5115 2768 5170 solita
2796 5117 3016 5187 jamque
3036 5115 3239 5171 dudum
3267 5117 3509 5172 obsoleta
3536 5129 3901 5189 argumenta-
3977 5114 3980 5143 θ

2290 5209 2363 5263 ιῑο
2404 5217 2659 5278 urgeatur
2715 5206 2784 5261 ab
2835 5207 3097 5276 ethnicis,
3152 5216 3208 5263 et
3256 5223 3287 5263 a
3338 5207 3574 5265 Minucio
3626 5209 3902 5269 refutetur

2288 5298 2552 5372 (Dissert.
2591 5303 2646 5356 in
2685 5300 2884 5356 Minue.
2931 5300 3098 5357 Felic.
3124 5344 3139 5369 ,
3182 5319 3300 5371 cap.
3335 5304 3444 5371 14,
3474 5302 3628 5357 ανι.1
3671 5314 3718 5357 et
3756 5302 3814 5361 2.
3852 5307 3897 5379 ).
3978 5298 3980 5303 ’

2291 5393 2396 5449 Sed
2422 5396 2545 5463 quia
2580 5393 2730 5450 varie
2764 5409 2797 5451 ιι
2833 5395 2997 5450 variis
3042 5396 3352 5452 auctoribus
3393 5397 3655 5452 evertitur
3692 5400 3900 5469 quibus
3978 5402 3980 5409 ’

2287 5486 2586 5544 rationibus
2626 5489 2695 5544 ab
2738 5488 2977 5544 Arnobio
3018 5487 3369 5556 destruatur,
3409 5505 3554 5547 nunc
3592 5490 3900 5562 exploran-

2290 5577 2417 5633 dum
2447 5588 2549 5633 est.

2363 5669 2588 5725 Planum
2622 5670 2802 5741 itaque
2827 5667 2955 5726 facit
2980 5679 3194 5741 quanta:
3218 5670 3519 5742 futilitatis,
3548 5687 3900 5747 summasque

2292 5762 2524 5818 levitatis
2554 5763 2705 5833 plena
2737 5763 2809 5818 sit
2851 5762 2968 5819 haec
3007 5767 3424 5836 argumentatio.
3457 5765 3713 5823 Omnium
3742 5770 3901 5826 enim

2294 5853 2486 5911 animis
2527 5854 2746 5912 insitum
2787 5864 2841 5911 et
2879 5854 3121 5913 innatum
3149 5863 3272 5927 est,
3322 5866 3381 5914 ut
3408 5856 3548 5917 bona
3587 5857 3788 5929 malis,
3835 5867 3903 5917 ct.
