3980 6320
80 381 172 440 421
1309 381 1376 439 ΙΝ
1414 376 1662 440 ARNOB]

1767 385 1795 451 l,
1836 380 1988 439 CAP.
2029 378 2095 439 ν.

3244 380 3349 441 tae.
3384 332 3387 335 λ

82 498 337 555 inutilibus
364 497 518 554 utilia
550 502 907 569 anteponant,
940 504 996 553 et
1020 503 1349 553 cornmutent
1385 498 1404 568 (
1434 498 1654 565 Arnob,
1687 498 1739 559 Α
1839 498 2060 553 Interim
2109 511 2397 569 sequantur
2431 497 2768 554 Arnobium:
2806 516 2827 552 ι
2863 494 3127 571 Numquid
3162 514 3349 555 serva-

84 595 159 647 iilt.
184 606 239 658 ιι,
268 609 389 663 pag.
419 592 490 646 90
514 592 556 660 ).
585 591 700 645 Non
735 592 846 659 ipsa
874 591 1034 660 igitur
1066 593 1293 645 mutatio
1314 634 1329 659 ,
1356 591 1450 647 scd
1480 603 1653 646 muta-

86 687 227 741 tionis
267 699 426 740 causa
469 685 704 754 expendi
739 684 920 739 debet.
980 685 1142 755 Atqui
1184 686 1413 755 gentiles
1455 701 1655 757 negare

88 792 178 833 non
210 784 453 847 poterant
479 792 507 829 a
538 777 901 831 remotissima
932 776 1212 830 hominum
1244 786 1404 832 aetate
1432 777 1599 833 factas
1623 793 1655 834 a

88 888 138 928 se
163 884 260 925 tam
294 871 348 924 in
374 872 629 924 humanis
654 871 844 935 rebus,
892 885 1051 941 quam
1082 871 1134 925 in
1164 869 1358 924 divinis
1398 871 1655 925 immuta-

90 966 245 1020 tiones
268 964 542 1035 plurimas.
591 960 723 1017 Nam
754 963 1021 1032 prioribus
1051 971 1107 1018 et
1140 962 1528 1032 antiquissimis
1555 978 1659 1019 sa:-

90 1058 236 1122 culis,
279 1055 353 1111 ait
376 1062 567 1111 auctor
601 1064 819 1121 noster,
851 1057 1097 1112 homines
1132 1057 1373 1127 frugibus
1402 1072 1467 1113 ac
1496 1060 1659 1114 vesti-

94 1154 177 1207 bus
215 1150 479 1213 inventis,
536 1156 698 1220 atque
749 1152 1049 1219 excogitata
1098 1149 1354 1205 domuum
1409 1160 1661 1207 constru-

94 1244 267 1309 ctione,
285 1243 536 1312 pristinos
559 1242 853 1313 glandium,
879 1243 1214 1311 arbutorum,
1242 1244 1482 1313 pellium,
1504 1259 1659 1300 casu-

94 1338 269 1402 larum,
294 1346 646 1392 cavernarum
689 1352 817 1392 usus
855 1339 1210 1409 reliquerunt.
1242 1339 1306 1393 Et
1334 1339 1405 1394 ibi
1437 1340 1659 1408 quidem

94 1428 172 1485 ille
216 1429 281 1485 ad
338 1428 644 1496 Iuvenalis,
706 1429 944 1485 Lucretii
989 1431 1327 1501 aliorumque
1378 1441 1661 1501 poetarum

95 1520 290 1577 videtur
328 1521 647 1577 collineasse
677 1522 915 1577 carmina
940 1563 955 1589 ,
1000 1537 1119 1593 qua:
1148 1523 1307 1578 facile
1345 1524 1399 1577 in
1441 1524 1661 1578 illorum

1760 592 1826 644 tis
1854 591 1921 646 de
1950 591 2088 647 coelo
2109 634 2122 657 ,
2156 591 2265 658 ait,
2294 603 2387 648 aut
2423 595 2622 649 otiosus
2652 592 2825 648 facitis
2854 594 3352 651 obnuntiationibus

1758 684 2038 739 actiones?
2074 703 2093 737 ι
2129 683 2358 741 Servare
2397 697 2575 742 autem
2610 699 2693 742 est
2721 687 2919 757 aliquid
2951 704 3017 743 ex
3054 690 3348 744 observato

1760 777 1901 831 coelo
1933 779 2190 833 nunciare
2219 797 2232 831 τ
2260 780 2592 836 obnunciure
2613 758 2750 836 ivero
2774 780 2900 852 quid
2932 780 2999 837 sit
3025 827 3039 849 ,
3070 783 3246 838 disces
3276 797 3345 839 ex

1762 883 1827 924 ex
1874 870 1956 924 his
2004 870 2192 925 Donati
2242 872 2292 925 in
2344 872 2657 927 Terentium
2686 874 2911 929 verbis:
2946 891 2967 925 ι
2995 876 3094 942 Qui
3146 875 3345 930 malum

1759 979 1873 1017 rem
1906 965 2142 1029 nunciat,
2163 964 2483 1031 obnuntiat;
2512 968 2605 1037 qui
2639 968 2854 1032 bonam,
2880 969 3180 1025 annuntiat.
3215 967 3352 1024 Nam

1760 1059 1978 1126 proprie
2025 1058 2347 1115 obnuntiare
2391 1058 2645 1115 dicuntur
2688 1077 2956 1133 augures,
3002 1063 3091 1134 qtti
3145 1061 3352 1129 aliquid

1760 1149 1885 1203 mali
1936 1150 2171 1219 ominis,
2223 1166 2567 1221 scarumque
2607 1152 2860 1209 viderint.
2906 1152 3048 1226 Ergo
3091 1153 3356 1210 obnuntio

1762 1240 1963 1294 malum
2012 1242 2337 1307 imminens,
2379 1245 2531 1314 quasi
2577 1259 2738 1301 omen
2782 1246 2992 1302 nuntio.
3041 1246 3169 1303 Inde
3210 1249 3354 1303 enim

1763 1333 2067 1409 ἕτυμολογία
2123 1334 2349 1405 hujusce
2402 1336 2553 1392 verbi
2605 1348 2688 1392 est
2726 1357 2746 1392 ι
2778 1338 2799 1410 (
2831 1337 3027 1394 Donat.
3056 1384 3071 1407 ,
3140 1338 3344 1395 Terent.

1764 1425 2010 1495 Adelph.,
2047 1427 2162 1484 Act.
2193 1429 2247 1493 4,
2273 1446 2410 1483 scen.
2445 1428 2551 1503 4.).
2581 1427 2825 1501 Utroque
2855 1432 3038 1500 verbo,
3071 1447 3134 1487 ac
3160 1433 3359 1503 saepius

1765 1520 1939 1589 primo
1962 1564 1976 1588 ,
2012 1522 2180 1575 utitur
2223 1522 2413 1578 Cicero
2439 1564 2453 1589 ,
2487 1532 2651 1592 atque
2679 1524 2731 1577 in
2766 1525 2956 1594 primis
2984 1523 3076 1579 ubi
3114 1523 3184 1579 ad
3218 1524 3359 1579 Atti-

98 1614 234 1670 libris
278 1614 498 1686 quilibet
549 1615 729 1686 legere
778 1616 973 1684 poterit
1021 1616 1307 1688 (Juvenal.
1336 1656 1351 1682 ,
1395 1616 1542 1670 satir.
1588 1616 1661 1685 6,
1766 1626 1886 1666 cum
1916 1612 2030 1667 hare
2055 1613 2243 1669 scribit
2284 1615 2335 1669 in
2374 1614 2575 1670 verba:
2604 1634 2623 1668 ‹
2661 1615 2989 1686 Proscripsit
3021 1632 3081 1672 se
3110 1631 3207 1688 per
3235 1632 3359 1672 om-

97 1710 238 1774 init.;
278 1707 482 1765 Lucret.
534 1709 622 1763 lib.
650 1725 718 1776 v,
765 1725 900 1764 vers.
948 1708 1056 1765 9'57
1094 1718 1139 1764 et
1178 1726 1312 1780 seqq.
1342 1751 1358 1774 ,
1391 1719 1439 1764 et
1484 1712 1589 1765 957
1616 1718 1662 1765 et

1767 1717 1865 1759 nes
1892 1704 2009 1758 dies
2028 1706 2331 1761 comitiales
2358 1707 2426 1762 de
2452 1708 2594 1762 cmlo
2630 1719 3087 1764 servaturum.....
3123 1708 3249 1764 Haec
3274 1718 3355 1763 ta-

102 1821 214 1874 m”,
328 1809 396 1859 Αι
425 1819 588 1860 nemo
618 1819 868 1875 umquam
904 1803 1042 1860 dixit
1076 1803 1173 1861 has
1216 1805 1665 1860 commutationes
1768 1810 1889 1849 men
1922 1811 2127 1851 summa
2174 1816 2187 1851 :
2230 1795 2343 1853 Nisi
2394 1798 2576 1853 Miloni
2618 1797 2681 1854 (ἶ.
2728 1800 2933 1871 Appius
2982 1799 3363 1857 obnuntiasset

102 1898 248 1953 maias
271 1910 389 1953 esse
413 1907 471 1952 et
500 1896 903 1967 improbandus.
1694 1900 1741 1960 Β
1768 1886 1982 1942 comitia
2030 1888 2207 1943 futura
2245 1908 2264 1941 ι
2300 1890 2321 1959 (
2348 1889 2458 1945 Cic.
2511 1890 2603 1944 lib.
2645 1905 2714 1945 tv.
2747 1890 2920 1962 Epist.
2944 1892 2981 1946 5
3004 1936 3019 1960 ,
3066 1892 3135 1945 ad
3163 1892 3319 1947 Attio.
3341 1934 3358 1960 ,

1770 1996 1891 2050 pag.
1915 1977 2046 2046 259,
2076 1982 2172 2035 lin.
2203 1981 2272 2036 42
2296 1980 2337 2053 ).
2372 1983 2513 2037 Alibi
2554 1997 2683 2038 vero
2706 1983 2793 2039 ubi
2822 1984 2893 2040 de
2917 1986 3157 2055 auspicio
3182 1985 3362 2056 loqui-

1769 2081 1894 2125 tur:
1952 2091 1971 2123 ι
2004 2071 2123 2127 Jum
2168 2088 2297 2128 vero
2326 2071 2396 2129 de
2423 2074 2564 2130 caelo
2592 2088 2810 2131 servare
2841 2089 2948 2131 non
2988 2076 3136 2147 ipsos
3161 2091 3357 2135 censes

1768 2165 1956 2219 solitos
1979 2206 1996 2232 ,
2023 2167 2113 2234 qui
2143 2167 2561 2236 auspicabantur
2579 2208 2594 2235 ,
2630 2184 2772 2224 nunc
2800 2168 3068 2239 imperant
3096 2172 3351 2242 pullario,

1767 2257 1862 2312 ille
1893 2260 2167 2313 renuntiat
2194 2279 2215 2312 ι
2247 2258 2420 2328 Idem,
2466 2261 2557 2315 lib.
2589 2276 2658 2327 ιι,
2697 2259 2762 2315 de
2789 2258 3045 2327 Dioinat.,
3077 2278 3197 2336 pag.
3229 2264 3357 2335 289,

1769 2350 1862 2404 lin.
1888 2350 1958 2405 44
1981 2350 2024 2421 ).
2057 2351 2128 2406 At
2153 2352 2222 2407 de
2252 2367 2475 2423 prorsus
2506 2355 2752 2425 neglecto
2771 2395 2788 2421 ,
2824 2357 2909 2410 vel
2936 2356 3048 2426 jam
3082 2360 3363 2429 antiquato

1768 2441 1861 2498 illo
1888 2442 2054 2511 priori
2077 2459 2229 2499 more
2252 2445 2335 2499 his
2362 2445 2615 2500 Lucanus
2637 2448 2884 2501 versibus
2907 2459 3035 2503 ante
3063 2450 3363 2507 Arnubium

1768 2547 2011 2589 nostrum
2029 2536 2726 2609 conquerebatur(Lucan.,
2747 2537 2787 2591 ι.
2806 2554 2882 2605 vi,
2900 2555 3031 2595 vers.
3044 2540 3154 2598 426
3168 2552 3217 2597 et
3228 2540 3361 2614 seq.)

1892 2626 2000 2694 15011
2021 2630 2258 2694 quaesisse
2283 2628 2407 2680 libet
2429 2632 2598 2692 primis
2617 2631 2732 2693 quid
2756 2630 2987 2694 frugibus
3011 2631 3160 2685 altrix

1894 2688 1993 2756 Qre
2018 2688 2151 2740 Iovis
2176 2694 2375 2740 Dodona
2398 2688 2558 2756 sonet,
2582 2688 2692 2756 quis
2712 2688 2917 2744 noscere
2942 2698 3060 2745 libra

1892 2748 2009 2820 [fata
2035 2748 2693 2820 queat,quisprodat'avcs,
2718 2758 2829 2819 quis
2852 2757 3045 2820 fulgura
3069 2758 3183 2809 caeli

1893 2816 2090 2876 Servet,
2119 2825 2172 2866 et
2194 2818 2392 2881 Assyria
2415 2826 2664 2869 scrutetur
2686 2816 2847 2869 sidera
2873 2816 3007 2871 cura.

1839 2900 2015 2971 Pergit
2046 2916 2176 2957 vero
2204 2903 2475 2958 Arnobius
2504 2920 2518 2958 :
2546 2901 2818 2971 Numquid
2838 2922 2955 2960 cum
2978 2908 3177 2977 paratis
3199 2906 3358 2975 bella,

1767 2991 1967 3060 signum
1995 2996 2290 3047 monstratis
2315 3010 2379 3048 ca:
2403 3011 2561 3060 arce;
2588 3007 2676 3049 aut
2705 2997 2913 3065 fecinlia
2927 2998 3057 3068 jura
3087 3001 3315 3054 tractatis
3336 3000 3363 3055 Ρ

116 3083 252 3181 iam
293 3137 455 3195 om,
518 3083 807 3197 ιεεοιηῐηηι
856 3083 1083 3181 censent
1129 3142 1219 3181 ,εκ
1261 3127 1449 3181 ειαεεε⁸
1480 3126 1662 3198 (ιω.⁹
1770 3083 2036 3198 Fataque
2062 3088 2576 3198 ’δεξειαηθαιιοηξιι
2603 3093 2938 3198 "rem?
2977 3093 3201 3198 νιξριαιθ
3237 3093 3363 3150 Tria

118 3216 183 3272 lib.
208 3233 243 3284 ι,
270 3218 296 3292 §
322 3181 396 3276 is
420 3181 467 3275 ξι
514 3181 603 3274 uti:
637 3234 713 3285 iv,
743 3218 769 3290 ς
800 3218 863 3282 t;
896 3204 1116 3289 ωοὴυε.
1155 3217 1429 3288 Halycar.,
1465 3181 1554 3271 tib.
1587 3181 1662 3286 ινξ

1770 3181 1838 3235 ibi
1866 3181 1956 3236 ille
1971 3182 2037 3237 ad
2073 3182 2270 3238 bellum
2300 3184 2621 3251 parandum,
2647 3199 2747 3239 seu
2776 3186 3123 3242 indicendum
3147 3202 3360 3243 memo-

117 3274 443 3382 Antia.
474 3328 601 3384 pag.
627 3274 769 3376 Ἠλῖ
779 3320 828 3365 et
852 3274 987 3382 seqq.
1018 3274 1224 3377 ἔσβη,
1258 3274 1347 3365 lib.
1384 3274 1469 3369 ιὸ.
1504 3274 1662 3368 Nocti
1693 3298 1738 3363 C
1770 3282 1871 3384 rat'
1905 3274 2087 3384 Primo
2107 3274 2462 3384 “€299”?
2486 3276 2739 3384 Yﬁxmum
2764 3291 2832 3384 εξ
2862 3292 2989 3384 are."
3015 3277 3359 3384 “amisi”

118 3353 241 3455 Attii:
602 3353 882 3475 pagi’573
990 3353 1097 3457 Sied
1145 3353 1360 3472 Lipsius
1412 3353 1662 3462 observat

1770 3377 1902 3435 tum,
1929 3368 1998 3423 de
2022 3385 2131 3439 quo
2163 3368 2412 3439 Virgilius
2441 3370 2460 3441 (
2493 3370 2583 3424 lib.
2609 3384 2730 3435 vin,
2756 3369 3002 3437 Δῐηοὶάη
3026 3387 3157 3429 vers.
3191 3373 3217 3429 1
3246 3370 3266 3444 )
3299 3390 3314 3427 :

118 3510 287 3553 senatu
333 3498 565 3554 classem
616 3498 745 3552 olim
798 3497 966 3550 fuisse
1032 3510 1254 3550 vacuam
1310 3504 1366 3551 et
1420 3497 1665 3553 feriatam
1892 3459 2320 3574 gifﬁi‘ffffmm
2342 3460 2577 3512 Laurea“
2608 3461 3016 3515 fwnus‘bm

120 3588 419 3661 (Lips.,tom.
445 3606 532 3657 ιιι,
554 3589 644 3644 lib.
665 3605 701 3656 ι,
724 3590 787 3643 de
811 3590 967 3644 Milit.
993 3586 1315 3654 Rom..dial.
1335 3587 1388 3655 2,
1403 3606 1518 3661 pag.
1548 3588 1660 3662 15).

1846 3627 1864 3660 ι
1900 3607 2195 3677 Quoniam,
2235 3628 2252 3662 ι
2290 3609 2362 3664 uti
2391 3607 2609 3665 Servius
2636 3609 2689 3664 in
2719 3608 2860 3667 hunc
2889 3609 3066 3667 locum
3098 3608 3359 3667 animad-

121 3681 275 3738 Utrum
303 3700 425 3741 vero
452 3684 510 3740 id
539 3683 606 3738 ad
642 3683 958 3737 solvendum
991 3680 1325 3736 difﬁcultatis
1364 3681 1525 3751 hujus
1562 3697 1664 3736 no-

1768 3704 1928 3758 vertit
1957 3720 1970 3760 :
1995 3722 2014 3754 ‹
2051 3703 2303 3759 vexillum
2334 3704 2542 3761 itLarce
2572 3706 2697 3776 poni
2730 3705 2943 3761 solebat
2966 3747 2983 3774 ,
3033 3704 3178 3778 quod
3209 3716 3356 3764 esset

121 3774 476 3845 dumsul'dciat,
508 3774 741 3831 aliorum
770 3784 889 3830 esto
930 3774 1227 3868 judicium.
1258 3774 1527 3845 Quidquid
1570 3789 1665 3829 au-
1767 3798 2041 3867 specimen
2080 3797 2324 3868 imperati
2363 3774 2654 3866 exercui”,
2700 3818 2718 3851 ,
2751 3798 2870 3868 Quo
2914 3774 3081 3855 eum,
3108 3798 3177 3856 de
3209 3816 3362 3857 more

124 3871 312 3943 tcmsit,
351 3873 481 3929 satis
518 3878 733 3926 constat
760 3869 859 3924 has
894 3869 1101 3924 classes
1136 3881 1167 3921 ι
1210 3867 1468 3923 Romanis
1500 3869 1666 3925 fuisse

1768 3890 1882 3945 haec
1908 3906 1936 3943 a
1966 3887 2124 3944 Festo
2153 3888 2349 3960 scripta
2378 3889 2397 3962 (
2423 3889 2547 3945 Fest
2568 3890 2637 3944 ad
2658 3888 2862 3945 verbum
2887 3889 3057 3963 Just.)
3080 3890 3310 3965 legimus
3340 3911 3356 3949 :

124 3972 307 4019 mutatas
317 4008 331 4021 .

1774 4006 1792 4039 ι
1826 3984 1961 4042 .lusti
1992 3985 2106 4042 dies
2137 3984 2452 4041 dicebantur
2479 3986 2720 4055 triginta,
2746 3999 2871 4040 cum
2898 3985 3169 4041 exercitus
3208 3993 3357 4041 esset

1768 4082 2063 4151 imperatus
2084 4122 2098 4145 ,
2127 4087 2181 4132 ct
2206 4071 2464 4133 vexillum
2501 4079 2553 4133 in
2583 4095 2707 4135 arce
2738 4080 2995 4150 positum.
3032 4097 3053 4131 ι
3096 4077 3262 4135 Plura
3290 4078 3360 4136 de

127 4183 193 4235 per
212 4174 445 4243 populum
475 4171 714 4228 creatis?
740 4168 987 4226 Militaria
1008 4213 1022 4236 ,
1066 4170 1269 4225 urbana
1288 4210 1301 4233 ,
1332 4168 1662 4236 communia,
1770 4172 1861 4227 illo
1884 4189 2032 4227 more
2054 4170 2259 4226 videbis
2284 4172 2425 4241 apud
2457 4171 2678 4226 Dionem
2705 4172 2974 4241 Cassium,
3001 4186 3053 4228 et
3082 4167 3352 4241 Lipsium.

129 4281 212 4333 qum
236 4268 333 4323 sint
357 4271 556 4324 comita
579 4269 765 4324 scitis?
787 4267 1029 4337 (Arnob,
1061 4264 1151 4319 lib.
1172 4280 1231 4330 ιι,
1264 4282 1382 4335 pug.
1404 4263 1522 4337 91.)
1553 4263 1664 4317 ῐῖο-
1771 4267 1790 4337 (
1818 4267 1932 4321 Dio.
1963 4264 2107 4322 Cass.
2137 4309 2150 4330 ,
2183 4264 2273 4319 lib.
2319 4281 2469 4320 xxvn
2490 4309 2504 4333 ,
2536 4282 2590 4336 p.
2620 4262 2727 4332 47;
2770 4263 2918 4335 Lips.
2944 4305 2960 4331 ,
2990 4262 3081 4331 lib,
3104 4279 3158 4332 ι,
3191 4263 3253 4319 de
3280 4262 3358 4320 Re

131 4361 259 4415 manis
280 4363 565 4432 exprobrat
595 4359 738 4431 quod
765 4360 879 4414 lucc
911 4360 978 4414 ab
1008 4358 1113 4413 illis
1146 4374 1251 4413 non
1286 4358 1445 4412 modo
1474 4359 1668 4412 immu-
1768 4359 1973 4426 rustic.,
2002 4374 2119 4427 cap.
2147 4357 2205 4426 2,
2240 4375 2289 4429 p.
2322 4358 2387 4413 18
2408 4367 2454 4411 et
2481 4372 2617 4428 seqq.
2640 4354 2683 4428 ).

131 4460 221 4519 lata,
242 4455 326 4509 sed
359 4472 491 4526 pene
520 4454 776 4510 oblivioni
811 4453 1001 4507 tradita
1031 4454 1154 4507 sint.
1192 4451 1336 4506 Varii
1361 4460 1542 4506 autem
1568 4466 1665 4521 ge-
1842 4451 2088 4508 Secundo
2119 4451 2385 4505 Arnobius
2412 4450 2616 4521 fecialia
2650 4450 2773 4517 iura
2811 4447 3076 4519 appellat;
3108 4448 3233 4519 quia
3276 4450 3356 4507 fe-

131 4548 235 4599 neris
259 4558 402 4603 erant
428 4548 679 4615 comitia,
722 4557 777 4601 et
806 4547 907 4599 alia
931 4547 1182 4615 quidem,
1216 4554 1271 4599 ut
1302 4542 1546 4614 perbibet
1577 4544 1667 4599 Li-
1769 4544 1929 4599 cialcs
1980 4545 2175 4599 bellum
2230 4545 2445 4599 nomine
2488 4530 2671 4613 populi
2725 4539 2953 4594 Romani
3006 4539 3347 4607 indicebant,

132 4635 232 4703 vius,
260 4644 450 4697 curiata
472 4684 487 4708 ,
526 4657 645 4713 qum
676 4656 786 4695 rem
817 4640 1100 4693 militarem
1142 4638 1526 4702 continebant;
1560 4637 1662 4691 alia
1691 4707 1735 4713 _
1769 4639 2216 4707 quemadmodum
2263 4653 2327 4693 ex
2376 4635 2554 4699 Livio,
2605 4633 2863 4704 Dionysio
2890 4631 3351 4703 Halycarnasseo,

133 4707 607 4806 centuriatu,quibns
629 4732 881 4788 consules
899 4731 1203 4801 tribunique
1226 4730 1486 4785 militares
1508 4744 1660 4785 rrea-
1689 4707 1963 4797 DGellio,
2006 4741 2057 4784 ct
2108 4727 2390 4784 Lactantio
2434 4724 2641 4780 discere
2688 4734 2771 4779 est
2816 4721 2978 4795 (Liv.,
3021 4721 3107 4777 lib.
3152 4738 3189 4790 ι,
3224 4720 3253 4794 §
3283 4721 3355 4780 24

134 4820 277 4882 bantur
304 4828 452 4904 (Liv.
479 4874 495 4899 ,
526 4831 614 4887 lib.
648 4847 695 4897 ι,
731 4830 760 4901 §
793 4828 862 4886 60
889 4839 936 4883 et
963 4830 1052 4883 lib.
1084 4846 1138 4895 v,
1170 4827 1349 4900 §52).
1380 4827 1666 4896 Quomodo
1770 4834 1814 4879 et
1841 4823 1939 4891 52;
1965 4821 2156 4893 Diony.
2185 4819 2401 4890 Halga.,
2428 4818 2515 4871 lib.
2545 4816 2601 4885 2,
2633 4832 2753 4888 pag.
2785 4817 2925 4881 £50;
2958 4813 3114 4882 θέει,
3146 4816 3237 4870 lib.
3265 4814 3352 4881 16,

135 4928 266 4976 aulum
295 4926 399 4981 lucc
426 4927 660 4998 primum
688 4924 949 4988 instituta,
971 4940 1033 4977 ac
1056 4922 1311 4992 deinceps
1342 4922 1443 4977 sub
1470 4937 1667 4977 consu-
1773 4916 1929 4972 Noct.
1978 4916 2156 4979 Attia,
2188 4928 2302 4979 ειιρο
2347 4913 2412 4977 ὥς
2444 4908 2687 4977 Lucum»
2732 4906 2822 4963 “b-
2856 4923 2943 4974 νις
2992 4906 3125 4962 Ῑηεῑ·
3172 4908 3355 4976 divino

138 5006 235 5067 libus
259 5014 381 5073 facta
408 5021 535 5085 sint,
571 5018 849 5089 perspicue
873 5027 1059 5071 narrat
1089 5016 1373 5088 Dionysius
1405 5015 1665 5088 Halycar-
1770 5028 1885 5081 cap.
1916 5010 1969 5075 9,
1999 5025 2115 5081 pag.
2148 5003 2297 5076 572)
2336 5004 2412 5059 De
2443 5003 2523 5058 his
2552 5018 2702 5071 V8”).
2726 5012 2781 5059 ει
2802 5001 3161 5073 θιατίθαείοηεν
3196 5015 3359 5073 quam

139 5114 311 5164 Dasseus
338 5112 356 5183 (
382 5111 593 5184 Dionys.
651 5110 837 5183 Halyc.
868 5154 884 5178 ,
931 5110 1021 5164 lib.
1064 5126 1135 5175 tv,
1168 5109 1418 5181 Antiquit.
1462 5106 1618 5163 Rom.
1648 5152 1663 5176 ,
1772 5108 1971 5160 Auctor
2013 5111 2197 5157 noster
2226 5098 2383 5154 tertio
2420 5098 2539 5154 loco
2577 5097 2853 5164 nominat,
2888 5095 3106 5152 Servius
3154 5095 3208 5149 in
3245 5094 3360 5166 jam

141 5209 226 5266 μσς.
247 5201 359 5270 224,
384 5215 429 5259 et
458 5205 549 5260 lib.
597 5220 671 5259 vn
696 5247 709 5270 ,
743 5221 861 5275 pag.
892 5200 999 5258 474
1028 5213 1075 5257 et
1110 5219 1246 5275 seqq.
1274 5200 1441 5275 )Quze
1483 5209 1662 5255 autem
1770 5195 1943 5252 citatis
1968 5196 2019 5249 in
2058 5190 2334 5262 Virgilium
2366 5193 2771 5248 commentariis
2798 5190 2914 5246 haec
2957 5189 3139 5244 habet.
3167 5204 3190 5239 ι
3223 5184 3359 5240 Cum

139 5280 288 5347 iuerint
325 5296 525 5351 curiata
567 5311 630 5352 ac
668 5292 967 5352 centuriata
996 5295 1249 5360 comitia,
1289 5309 1353 5349 ex
1386 5293 1567 5349 Felice
1611 5301 1667 5347 et
1770 5287 1997 5344 Romani
2019 5285 2271 5341 volebant
2296 5285 2499 5341 bellum
2521 5285 2782 5353 indicere,
2809 5284 3231 5353 Patcrpatratus,
3258 5280 3359 5335 hoc

141 5372 336 5441 Labeone
362 5390 592 5460 explicat
619 5388 686 5445 Α.
717 5386 944 5455 Gellius,
975 5401 1135 5458 atque
1165 5386 1453 5456 Manutius,
1488 5397 1541 5441 et
1570 5384 1664 5442 Ni-
1770 5395 1851 5439 est
1892 5381 2141 5453 princeps
2188 5379 2483 5446 fccialium,
2533 5378 2974 5450 proﬁciscebatur
3008 5374 3076 5429 ad
3120 5371 3358 5429 hostium

144 5475 281 5533 celans
304 5480 561 5541 Grucbins
586 5532 599 5555 ,
630 5485 719 5554 qui
750 5484 818 5538 de
853 5483 961 5537 illis
990 5483 1157 5538 libros
1184 5482 1400 5537 edidere
1432 5479 1451 5554 (
1484 5479 1620 5537 Gell.
1645 5523 1660 5549 ,
1770 5475 1927 5544 lines,
1968 5483 2022 5529 et
2054 5474 2303 5544 praelatus
2334 5474 2579 5545 quaedam
2608 5470 2901 5535 solemnia,
2933 5468 3079 5524 clara
3120 5481 3253 5522 voce
3274 5465 3360 5521 di-

145 5562 207 5619 lib.
227 5584 287 5623 iv.
308 5570 453 5629 Noct.
479 5577 607 5641 Att,
630 5592 748 5643 cap.
773 5572 879 5640 27;
913 5574 1116 5628 Manut.
1147 5585 1193 5628 et
1219 5572 1438 5639 Gruch.,
1464 5584 1588 5628 tam.
1611 5573 1666 5629 1.
1770 5569 1924 5623 cebat
1950 5581 2009 5622 se
2035 5565 2235 5622 bellum
2268 5564 2508 5621 indicere
2544 5572 2769 5633 propter
2797 5570 2979 5615 certas
3012 5572 3225 5627 causas,
3265 5568 3361 5616 aut

148 5652 321 5729 Antiqui!
359 5683 553 5723 roman.
585 5689 603 5721 ι
656 5668 816 5724 Plura
858 5682 1073 5737 quoque
1100 5666 1167 5721 de
1202 5665 1395 5722 iisdem
1434 5666 1669 5722 comitiis
1770 5663 1890 5735 quia
1942 5662 2118 5719 socios
2163 5661 2432 5728 lieserant,
2475 5669 2565 5713 aut
2604 5658 2730 5730 quia
2763 5669 2863 5712 nec
2889 5656 3111 5728 abrepta
3148 5657 3360 5713 anima-

150 5748 346 5812 Observat
384 5754 683 5818 Alexander
719 5760 787 5817 ab
814 5718 1122 5816 Aiexaitdro
1143 5801 1157 5827 ,
1204 5768 1258 5814 et
1285 5759 1628 5830 Tiraqnellus
1648 5802 1663 5825 ,
1769 5756 1861 5830 lia,
1892 5779 1911 5812 ι
1937 5760 2051 5816 sive
2078 5777 2158 5815 res
2183 5770 2380 5829 raptas,
2407 5765 2464 5812 ut
2486 5755 2561 5809 ait
2586 5753 2879 5820 Arnobius,
2919 5773 2938 5806 ι
2967 5767 3068 5810 nec
3084 5753 3359 5811 obnoxios

149 5850 248 5906 ιιιοε
304 5852 433 5908 sicut
480 5864 533 5910 et
578 5856 715 5911 alios
777 5855 1085 5925 complures
1129 5853 1415 5909 consulere
1463 5854 1667 5923 poteris
1770 5851 2077 5920 redderent,
2126 5862 2181 5908 et
2230 5849 2345 5907 huic
2394 5846 2671 5918 clarigatio
2716 5846 2996 5904 dicebatur
3035 5863 3067 5905 a
3117 5848 3359 5906 claritate

154 5928 375 6000 (.tlcmnd.
403 5957 446 6002 et
471 5946 643 6022 Tiraq.
677 5948 769 6006 lib.
794 5964 847 6006 tv
875 5947 1080 6005 Genial.
1114 5946 1269 6015 diem
1298 5963 1413 6019 cap.
1438 5946 1530 6018 3).
1772 5946 1936 6005 vocis.
1966 5945 2275 6018 Postquam
2300 5941 2725 6015 clarigationem,
2751 5940 2906 6001 basta
2932 5944 2991 6003 in
3010 5956 3207 6005 eorum
3223 5944 3358 6003 lines

162 2015 410 2071 Praeterea
453 2013 501 2070 si
535 2014 787 2084 qumlibet
823 2023 1065 2069 veterum
1100 2028 1309 2071 morum
1353 2016 1666 2086 rituumque

106 2110 299 2163 mutatio
319 2108 528 2163 crimen
562 2109 663 2175 sit,
700 2105 859 2177 hujus
898 2106 1141 2162 criminis
1171 2108 1556 2180 proculdubio
1584 2108 1665 2163 rei

107 2210 209 2255 sunt
250 2200 507 2267 Romani,
546 2198 999 2270 quemadmodum
1029 2198 1097 2253 ab
1128 2201 1367 2255 Arnobio
1408 2201 1667 2270 probatur

106 2292 230 2349 brevi
265 2292 475 2363 quidem
518 2291 965 2360 enumeratione,
1019 2292 1113 2347 sed
1158 2308 1279 2362 qua:
1324 2293 1509 2348 multis
1558 2309 1666 2351 non

108 2386 213 2441 satis
256 2386 393 2441 clara
441 2385 715 2441 videbitur
757 2386 775 2457 (
810 2385 1027 2452 Arnob.,
1078 2386 1169 2439 lib.
1219 2402 1297 2451 ιι,
1350 2404 1473 2459 pag.
1522 2385 1663 2460 91).

110 2479 427 2548 Quamobrem
476 2490 602 2551 quzc
652 2479 724 2534 ibi
774 2482 1045 2547 obscura,
1094 2479 1211 2535 huic
1252 2481 1437 2552 paucis
1482 2480 1667 2552 expla-

109 2575 253 2630 nanda
291 2582 429 2630 sunt.
465 2570 652 2628 Primo
677 2573 858 2644 itaque
888 2584 1068 2629 narrat
1098 2573 1352 2643 populum
1382 2588 1665 2629 romanum

110 2666 212 2721 olim
251 2668 483 2738 quinque
517 2665 865 2721 distributum
914 2664 1080 2720 fuisse
1126 2666 1179 2720 in
1225 2666 1447 2721 classes.
1492 2669 1666 2732 Quam

109 2777 212 2817 vero
232 2760 280 2816 id
303 2772 513 2839 cprlum
536 2760 636 2826 sit,
661 2768 715 2814 et
736 2775 856 2829 qua:
887 2757 1087 2813 fuerint
1115 2758 1217 2812 illa:
1249 2763 1458 2813 romani
1484 2761 1667 2829 populi

112 2854 309 2921 classes,
340 2869 369 2907 a
396 2850 595 2910 Servio
618 2849 797 2905 Tullio
823 2848 1094 2920 quondam
1128 2850 1385 2905 institutae
1405 2891 1420 2917 ,
1470 2851 1668 2906 docent

114 2958 189 2997 nos
212 2944 399 3006 Livius.
425 2943 720 3015 Dionysius
749 2941 1232 3013 ﬂalycarnasseus,
1263 2951 1318 2997 et
1344 2941 1410 2997 A.
1438 2941 1663 2999 Gellius.

114 3033 301 3101 Quidam
328 3044 511 3091 autem
545 3036 597 3087 in
623 3033 781 3103 hujus
802 3074 817 3099 ,
864 3032 1319 3104 quemadmodum
1352 3033 1406 3089 in
1437 3032 1666 3088 Arnobii

173 4076 288 4134 Tum
325 4076 519 4138 deinde
567 4079 838 4135 Arnobius
881 4097 894 4133 :
946 4097 965 4132 ι
1008 4074 1277 4148 Numquid
1319 4076 1664 4147 magistratus
