3980 6352
581 371 689 445 425

1825 363 2277 426 DlSSERTATIO
2316 363 2591 421 PRAEVIA

3762 365 3869 420 424

583 489 768 554 missa,
813 486 1142 542 indicabatur
1171 485 1282 556 jam
1321 498 1513 556 pugnte
1538 483 1860 556 principium
1910 486 2082 559 (Serv.
2114 487 2160 540 in

2272 488 2742 560 καταπεπηγμένων
2790 490 2938 563 παρά
2986 491 3102 547 ταῖς
3147 492 3360 548 σκηναῖς
3400 484 3574 540 ὑσσῶν
3608 499 3622 513 ⁸
3655 482 3767 540 ἔστι
3817 483 3872 540 δὲ

585 582 673 637 lib.
706 597 777 644 tv,
815 579 1055 645 zEneid.,
1088 595 1309 644 tx,vers.
1336 578 1452 648 55).
1489 599 1509 630 ι
1545 577 1706 633 Addit
1731 588 1908 634 tatnen
1949 580 1999 632 in
2033 578 2162 633 sub-

582 682 896 745 sequentem
931 671 1133 743 Virgilii
1162 671 1379 737 librum,
1415 671 1504 726 tibi
1535 671 1682 740 plura
1712 670 1796 725 his
1821 671 2014 726 similia
2046 686 2168 726 nar-

579 776 664 822 rat
695 784 708 820 :
748 787 766 817 ‹
799 764 1093 836 Clarigatio
1120 775 1211 820 aut
1235 783 1263 819 a
1291 766 1434 820 clara
1463 781 1596 820 voce
1625 765 1764 819 dicta
1792 776 1895 831 e5t,
1922 782 2022 836 qua
2053 774 2167 821 ute-

577 860 736 916 batur
757 861 1160 930 Paterpatratus
1179 901 1196 926 ,
1228 863 1330 917 ἀπὸ
1359 871 1449 922 τῆς
1484 862 1701 938 κλήρου,
1727 861 1831 917 hoc
1859 871 1970 925 est,
1997 870 2162 927 sorte,

578 969 700 1010 nam
730 969 823 1023 per
852 953 1102 1009 bellicam
1138 965 1337 1009 sortem
1371 971 1530 1026 agros
1574 954 1808 1009 hostium
1849 954 2170 1010 invadebant

579 1045 756 1118 (idem,
778 1045 832 1099 in
854 1045 942 1099 lib.
968 1061 1022 1106 x.
1041 1061 1168 1101 vers.
1201 1046 1311 1118 M).
1338 1045 1545 1101 Plinius
1571 1061 1700 1099 vero
1725 1045 1794 1100 de
1819 1045 2167 1114 clarigatione

577 1137 714 1205 haec,
738 1153 858 1210 qua:
894 1137 960 1193 ad
985 1153 1098 1193 rem
1131 1151 1368 1193 nostram
1399 1138 1620 1204 faciunt,
1659 1137 1852 1194 litteris
1877 1137 2166 1207 consigna-

576 1234 684 1288 vit:
708 1253 726 1286 ι
750 1233 977 1303 Semper
1007 1250 1038 1289 e
1065 1233 1252 1305 legatis
1281 1248 1402 1289 cum
1425 1233 1494 1288 ad
1519 1235 1724 1298 hostes,
1745 1233 2168 1302 clarigatumque

575 1328 940 1393 mitterentur,
965 1326 1017 1381 id
1039 1335 1142 1391 est,
1172 1340 1260 1381 res
1281 1335 1497 1396 ereptas
1524 1325 1674 1380 clare
1701 1327 2011 1393 repetitum,
2032 1338 2168 1378 unus

575 1424 762 1493 utique
810 1421 1171 1476 Verbenarius
1207 1420 1501 1474 vocabatur
1539 1418 1734 1490 (Plin.,
1765 1418 1851 1473 lib.
1888 1435 2018 1481 xxii,
2053 1417 2164 1471 Na-

577 1528 679 1572 tnr.
715 1514 860 1580 hist,
891 1530 1009 1586 cap.
1045 1513 1102 1582 2,
1137 1531 1255 1584 pag.
1293 1513 1440 1584 179).
1475 1531 1494 1564 ι
1527 1511 1689 1566 Plura
1720 1511 1788 1566 de
1821 1512 2170 1583 clarigatione

576 1620 629 1666 et
670 1609 947 1664 ferialibus
991 1606 1299 1663 observavit
1341 1605 1672 1672 Brissonius,
1711 1620 1831 1675 quae
1873 1613 1926 1660 te
1975 1605 2169 1674 legisse

576 1718 682 1756 non
731 1701 886 1771 plane
914 1698 1116 1754 inutilis
1144 1713 1324 1770 opera:
1365 1697 1527 1753 fuerit
1559 1696 1840 1769 (Brisson.,
1879 1697 1969 1752 lib.
2000 1712 2078 1765 iv,
2106 1701 2170 1752 de

575 1793 782 1861 Form.,
812 1811 930 1866 pag.
965 1794 1070 1849 585
1087 1803 1133 1848 et
1158 1790 1344 1865 seqq.).

2269 584 2437 635 ταῦτα
2461 579 2580 649 βέλη
2609 577 2883 652 Ῥωμαίων.
2919 577 2953 633 ἃ
2996 579 3254 639 συνιόντες
3287 579 3359 638 εἰς
3393 584 3582 653 χεῖρας·
3627 576 3876 639 ἐξακοντί-

2269 677 2530 736 ζουσι.....
2559 675 2614 727 ἐκ
2642 676 2837 728 τούτων
2864 671 2926 732 δὴ
2953 680 3054 728 τῶν
3082 672 3258 726 ὑσσῶν
3285 673 3405 747 περὶ
3430 677 3536 730 τοῖς
3567 665 3745 744 ἄκροις
3772 675 3874 722 τῶν

2269 767 2541 822 ὀϐελίσκων
2571 768 2746 842 φλόγες
2775 770 3082 828 ἀνήπτοντο,
3113 769 3199 821 καὶ
3226 764 3289 821 δι’
3320 763 3435 819 ὅλου
3462 770 3554 819 τοῦ
3594 762 3878 838 στρατοπέ-

2268 858 2359 915 dou
2388 861 2541 921 σέλας
2571 859 2627 919 ἧν
2654 903 2668 923 ,
2695 864 2870 939 ὥσπερ
2901 863 3004 917 ἀπὸ
3029 857 3313 932 λαμπάδων
3333 899 3347 916 .
3377 860 3463 912 καὶ
3509 857 3740 926 κατέσχε
3783 863 3876 914 τῆς

2269 956 2452 1014 κυκτὸς
2482 956 2568 1009 ἐπὶ
2612 955 2761 1010 πολύ.
2791 957 2846 1008 ἐκ
2887 957 3075 1009 τούτου
3115 952 3391 1028 κατέλαϐον
3446 957 3537 1004 τοῦ
3583 951 3873 1022 φάσματος,

2269 1048 2446 1121 ὥσπερ
2475 1048 2520 1100 οἱ
2545 1048 2922 1124 τερατοσκόποι
2953 1049 3245 1118 ἀπέφαινον,
3288 1047 3375 1100 καὶ
3419 1046 3550 1099 πασί
3596 1045 3877 1115 ἀνθρώποις

2271 1140 2575 1212 συμϐάλλειν
2606 1142 2665 1194 οὐ
2712 1139 2947 1212 χαλεπὸν
2986 1137 3076 1202 ἣν,
3106 1135 3184 1194 ὅτι
3226 1140 3364 1196 νίκην
3405 1137 3582 1196 αὐτοῖς
3631 1142 3876 1206 ταχεῖαν,

2269 1237 2354 1288 καὶ
2383 1234 2625 1308 λαμπρὰν
2669 1235 2906 1304 σημαίνει
2934 1234 2992 1287 τὸ
3029 1230 3306 1303 δαιμόνιον’
3337 1226 3612 1303 ἐπειδήπερ
3645 1225 3782 1280 ἅπαν
3807 1224 3876 1280 εῖ-

2269 1349 2345 1382 κει
2373 1331 2520 1404 πυρὶ,
2553 1332 2640 1382 καὶ
2661 1325 2809 1382 οὐδὲν
2835 1324 2862 1380 ὅ
2885 1349 2936 1382 τι
2967 1328 3072 1398 οὐχ
3098 1327 3200 1380 ὑπὸ
3226 1330 3320 1380 τοῦ
3349 1325 3514 1399 πυρὸς
3541 1319 3879 1396 διαφθείρεται

2269 1418 2514 1492 (Dionys.
2548 1419 2636 1473 lib.
2677 1434 2728 1485 ν,
2775 1419 3028 1489 Antiquii.
3060 1433 3218 1484 rom.,
3267 1432 3388 1486 pag.
3422 1412 3611 1484 5123).
3645 1410 3762 1467 Νοιι
3810 1412 3879 1466 ab

2269 1515 2416 1572 omni
2470 1514 2929 1570 versimilitudine
2970 1511 3233 1567 abhorret
3269 1506 3567 1565 Arnobium
3617 1505 3685 1560 ad
3732 1506 3879 1560 hunc

2267 1611 2577 1682 respexiSse
2623 1611 2902 1681 antiquum
2947 1622 3194 1674 morem,
3228 1604 3274 1659 si
3308 1603 3601 1675 Dionysius
3644 1599 3880 1656 dixisset

2269 1704 2422 1759 illum
2454 1704 2761 1761 solemnem
2793 1703 2998 1769 fuisse,
3033 1715 3099 1756 ac
3127 1710 3236 1755 tam
3280 1713 3427 1768 saepe
3453 1712 3615 1768 quam
3658 1692 3878 1766 publice

2269 1801 2549 1856 usitatum.

647 1889 996 1959 Prosequitur
1019 1885 1288 1943 Arnobius
1320 1905 1332 1940 :
1363 1905 1382 1938 ι
1415 1885 1682 1956 Numquid
1714 1887 1961 1941 martium
1983 1884 2167 1940 discri-
2197 1896 2243 1956 Β
2342 1893 2680 1949 probabilius
2718 1907 2850 1948 vero
2876 1887 3200 1961 quibusdam
3233 1887 3450 1944 videtur
3481 1885 3649 1941 fuisse
3677 1885 3871 1956 signo-

576 1998 701 2040 mcn
728 1983 1010 2048 obeuntes,
1032 1995 1184 2052 spem
1214 1981 1380 2051 ιιι-ωιίί
1405 1981 1636 2047 sumitis,
1666 1989 1722 2036 et
1741 1996 1805 2036 ex
1832 1980 2165 2036 acuminibus

575 2077 864 2149 auspieatis
907 2077 1144 2146 (Arnob.,
1185 2075 1274 2131 lib.
1307 2092 1374 2140 ιι,
1417 2092 1536 2147 pag.
1566 2075 1698 2146 9i)?
1735 2094 1754 2126 ι
1788 2073 1978 2132 Cicero
2005 2086 2162 2130 antea

576 2172 838 2228 Romanis
865 2187 969 2226 non
1000 2169 1169 2226 semel
1199 2169 1328 2222 vitio
1358 2177 1614 2235 verterat,
1646 2169 1788 2239 quod
1818 2169 1932 2224 haec
1964 2181 2164 2225 temere

575 2267 1022 2324 immutaverint:
1057 2285 1076 2316 ι
1111 2263 1368 2319 BelliCam
1401 2280 1513 2319 rem
1538 2263 1918 2328 administrari,
1955 2283 1972 2316 ι
2003 2263 2162 2318 verba

572 2361 722 2418 illius
750 2369 876 2415 sunt
907 2358 1200 2428 ipsissima,
1240 2377 1258 2408 ι
1296 2357 1527 2426 majores
1556 2357 1726 2410 nostri
1758 2357 1857 2411 nisi
1889 2357 2165 2426 auspicato

573 2455 896 2518 noluerunt;
942 2467 1102 2519 quam
1131 2451 1281 2505 multi
1323 2450 1447 2505 anni
1481 2460 1625 2517 sunt,
1653 2465 1774 2504 cum
1805 2450 1942 2505 bella
1984 2466 2013 2502 a
2041 2465 2164 2520 pro-

575 2549 898 2620 prmtoribus
925 2556 980 2604 et
1010 2545 1426 2618 proconsulibus
1453 2545 1920 2611 administrantur,
1949 2547 2038 2616 qui
2070 2561 2164 2600 au-

573 2643 738 2714 spicia
790 2656 895 2696 non
957 2641 1195 2695 habent?
1252 2639 1435 2710 Itaque
1490 2653 1590 2694 nec
1642 2653 1831 2694 omnes
1885 2647 2164 2694 transeunt

571 2739 868 2808 auspicato,
903 2749 1001 2791 nec
1037 2733 1266 2812 tripudip
1297 2733 1662 2802 auspicantur.
1695 2731 1826 2786 Nam
1858 2748 1924 2786 ex
1953 2732 2160 2787 acumi-

570 2831 730 2886 nibus
757 2829 1005 2902 quidem,
1053 2828 1194 2899 quod
1235 2837 1402 2882 totum
1450 2826 1750 2896 auspicium
1787 2825 2020 2880 militare
2043 2824 2155 2896 esti,

565 2926 675 2994 jam
703 2924 771 2980 Μ.
796 2923 1100 2989 Marcellus,
1121 2922 1212 2977 ille
1232 2920 1518 2992 quinquies
1537 2919 1748 2986 consul,
1769 2927 1937 2973 totum
1958 2919 2158 2987 omisit,

569 3018 711 3074 idem
754 3018 1062 3087 imperator,
1099 3015 1237 3070 idem
1265 3029 1435 3085 augur
1460 3012 1696 3082 optimus
1729 3011 1938 3081 (Cicer.,
1972 3013 2060 3066 lib.
2097 3029 2156 3078 ιι,

571 3112 909 3179 dc‘Divinat.,
944 3127 1062 3183 pag.
1096 3109 1223 3173 ‘290,
1253 3109 1346 3162 lin.
1380 3105 1491 3179 14).
1534 3126 1553 3159 ι
1585 3107 1707 3161 Alio
1737 3117 1914 3161 autem
1943 3107 1995 3161 in
2022 3106 2160 3162 libro

569 3206 620 3262 id
675 3207 998 3277 negligentia
1053 3203 1347 3259 nobilitatis
1405 3201 1662 3256 omissum
1718 3200 1882 3255 fuisse
1932 3208 2159 3254 testatur

568 3298 761 3371 (Idem,
795 3298 882 3352 lib.
906 3314 962 3364 ιι,
994 3297 1057 3351 de
1085 3294 1280 3350 Natur.
1310 3294 1479 3361 deor.,
1507 3309 1628 3365 pag.
1657 3292 1789 3360 ‘2l5,
1821 3292 1916 3346 lin.
1949 3290 2030 3362 5).

638 3393 770 3462 Qua:
815 3400 993 3446 autem
1042 3388 1244 3444 fuerint
1288 3387 1376 3442 illa
1401 3403 1469 3442 ex
1514 3385 1853 3440 acuminibus
1899 3385 2156 3453 auspicia,

567 3485 805 3543 nondum
835 3484 968 3539 satis
988 3483 1350 3550 exploratum,
1381 3489 1434 3535 et
1457 3481 1620 3534 variae
1641 3479 1708 3533 de
1735 3479 1799 3533 iis
1825 3489 1953 3534 sunt
1975 3491 2159 3534 aucto-

566 3597 685 3637 rum
713 3579 1020 3650 opiniones.
1051 3575 1282 3645 Quidam
1315 3577 1458 3630 enim
1488 3575 1541 3629 in
1574 3573 1852 3629 Ciceronis
1880 3585 2032 3628 textu
2063 3589 2158 3643 pro

568 3673 909 3740 acuminibus,
958 3670 1300 3741 suspicantur
1357 3668 1643 3741 legendum
1697 3667 2003 3739 agminibus.
2051 3666 2159 3722 Sed

568 3767 694 3822 huic
744 3767 1028 3821 levissimae
1081 3763 1408 3834 conjectura:
1449 3771 1747 3834 repugnant
1794 3776 1982 3817 omnes
2036 3777 2157 3816 cum

568 3857 867 3926 Ciceronis,
909 3867 1018 3914 tum
1060 3855 1285 3913 Arnobii
1322 3856 1492 3913 nostri
1530 3855 1746 3911 codices
1784 3855 2152 3924 manuscripti.

568 3950 931 4022 Quamobrem
960 3953 1206 4008 nonnulli
1226 3962 1414 4022 putant
1434 3953 1680 4007 acumina
1704 3951 1872 4007 fuisse
1895 3951 2155 4007 montium

569 4048 875 4113 cacumina,
904 4064 1022 4118 quae
1048 4049 1113 4102 ad
1137 4047 1396 4117 captanda
1417 4047 1634 4118 auguria
1655 4046 2021 4102 conscendere
2039 4061 2158 4102 mos

567 4156 704 4202 erat.
736 4146 865 4201 Aliis
892 4144 1102 4198 videtur
1145 4157 1268 4198 esse
1307 4141 1482 4195 avium
1527 4141 1770 4196 acumina
1803 4141 1914 4195 sive
1957 4148 2154 4205 rostra,

567 4255 686 4312 qua:
706 4255 774 4295 ex
796 4237 1028 4309 tripudio
1049 4237 1313 4292 solistimo
1339 4234 1781 4290 observabantur.
1799 4232 1996 4288 Verum
2021 4241 2159 4286 utra-

568 4348 673 4404 que
699 4331 882 4402 opinio
923 4329 1288 4401 superioribus
1317 4344 1613 4398 repugnare
1643 4327 1854 4382 videtur
1879 4324 2157 4380 Ciceronis

568 4425 770 4492 verbis,
799 4424 993 4496 quibus
1027 4423 1326 4495 auspicium
1355 4438 1422 4478 ex
1449 4421 1786 4478 acuminibus
1816 4430 1986 4475 totum
2016 4418 2157 4474 mili-

567 4533 682 4580 tare
715 4523 879 4580 fuisse
901 4530 1198 4578 asseverat.
1232 4519 1336 4574 Alii
1352 4520 1548 4590 itaque
1573 4518 1879 4574 existimant
1905 4516 2155 4588 pilorum,

564 4619 916 4692 spiculorum,
965 4617 1284 4679 ensiumque
1326 4615 1598 4684 designari
1643 4613 1914 4680 acumina,
1953 4628 2070 4683 quae
2113 4612 2159 4668 si

2266 2005 2384 2044 rum
2431 1988 2744 2043 militarium
2795 1986 3078 2052 acumina,
3127 1999 3249 2056 quae
3307 1981 3646 2053 longioribus
3697 1981 3879 2036 contis

2265 2081 2448 2148 insita,
2493 2080 2750 2136 ferratum
2800 2079 2853 2134 in
2897 2078 3177 2147 cuspidem
3226 2074 3571 2131 desinebant.
3603 2073 3736 2129 Nam
3779 2072 3876 2128 illa

2265 2179 2308 2231 si
2341 2177 2535 2233 castris
2569 2177 2688 2230 loco
2719 2174 2901 2240 motis,
2936 2171 3166 2244 signifer
3196 2186 3264 2226 ex
3298 2169 3485 2225 hostili
3514 2169 3680 2224 humo
3712 2167 3878 2224 facile

2265 2270 2549 2338 evellebat,
2586 2270 2713 2325 inde
2742 2269 2978 2324 faustum
3010 2284 3168 2324 omen
3198 2276 3458 2339 certaque
3488 2266 3711 2322 victoria
3737 2282 3752 2319 :
3782 2265 3873 2320 sin

2267 2379 2400 2419 vero
2429 2379 2574 2434 aegre
2609 2363 2933 2418 cxtrahebat
2953 2404 2970 2428 ,
3001 2362 3223 2416 sinistra
3254 2358 3586 2431 praesagitio,
3617 2357 3877 2428 haudque

2263 2456 2471 2512 incerta
2517 2455 2703 2512 clades
2741 2454 3286 2526 praemonstrabatur.
3317 2455 3389 2508 At
3415 2453 3460 2508 si
3488 2451 3611 2523 quis
3644 2453 3781 2506 hanc
3811 2451 3872 2507 in

2263 2551 2579 2620 Opinionem
2611 2549 2858 2616 inclinet,
2893 2550 3188 2605 observare
3215 2548 3403 2617 utique
3431 2546 3596 2602 debet
3617 2561 3646 2600 a
3675 2545 3874 2602 Servio

2262 2643 2316 2696 id
2339 2642 2623 2698 fecialibus
2650 2643 2730 2696 sic
2758 2641 2995 2696 adscribi
3027 2659 3040 2696 :
3081 2660 3099 2692 ι
3139 2640 3269 2696 Post
3312 2639 3528 2694 tertium
3555 2648 3609 2693 et
3653 2639 3874 2694 tricesi-

2262 2751 2409 2790 mum
2454 2735 2620 2802 diem,
2667 2749 2826 2805 quam
2863 2748 2952 2789 res
3001 2735 3329 2804 repetissent
3370 2731 3438 2788 ab
3481 2731 3746 2798 hostibus,
3786 2731 3870 2790 fe-

2261 2834 2428 2888 ciales
2459 2832 2667 2888 hastam
2702 2832 2990 2888 mittebant
3039 2831 3241 2903 (Seria,
3274 2832 3328 2885 in
3372 2831 3464 2885 lib.
3505 2846 3581 2895 tx,
3617 2829 3864 2900 Eneid.,

2259 2943 2371 2982 vers
2397 2926 2511 2999 55).
2551 2945 2572 2978 ι
2599 2927 2874 2982 Arnobius
2905 2935 3084 2981 tamen
3116 2926 3234 2981 haec
3262 2925 3331 2981 ab
3368 2925 3709 2981 acuminibus
3742 2943 3870 2996 per—

2260 3021 2449 3090 spicue
2474 3020 2782 3091 distinguit.
2826 3020 3169 3089 QuaprOpter
3207 3020 3251 3074 si
3283 3019 3440 3075 alicui
3471 3019 3657 3074 ultima
3688 3020 3870 3090 expli—

2257 3116 2400 3171 catio
2423 3117 2696 3182 arriserit,
2719 3115 2882 3170 debet
2906 3115 3148 3186 profecto
3173 3114 3360 3170 dicere
3383 3114 3680 3170 Arnobium
3710 3114 3868 3184 loqui

2260 3209 2329 3266 de
2369 3211 2599 3265 ducibus
2629 3209 2682 3263 in
2713 3224 2902 3280 agrum
2936 3207 3188 3262 hostilem
3233 3206 3613 3263 invadentibus
3633 3249 3646 3272 ,
3678 3222 3824 3276 quos
3844 3247 3860 3272 ,

2187 3304 2233 3367 Ο
2264 3310 2322 3356 ιιι
2352 3300 2551 3356 ibidem
2579 3310 2700 3370 post
2725 3301 3024 3356 Varronem
3049 3299 3303 3356 observat
3334 3300 3580 3367 Servius,
3613 3317 3633 3350 ι
3666 3299 3870 3354 ominis

2263 3408 2449 3460 causa,
2477 3394 2625 3462 prius
2653 3393 2704 3446 in
2738 3408 2863 3447 eum
2901 3409 3088 3465 agrum
3121 3393 3442 3459 mittebant,
3474 3401 3533 3446 ut
3562 3392 3755 3446 castris
3788 3393 3869 3447 lo-

2262 3503 2384 3543 cum
2407 3495 2690 3557 caperent.
2731 3504 2750 3538 ι
2785 3485 2977 3542 Utrum
3020 3494 3199 3541 autem
3233 3485 3349 3542 hazc
3390 3485 3602 3556 opinio,
3636 3493 3730 3538 ant
3760 3485 3868 3541 alia

2260 3581 2474 3636 caeteris
2508 3579 2846 3651 praeferenda
2876 3582 2981 3648 sit,
3013 3579 3125 3650 jam
3165 3579 3412 3650 expende
3452 3589 3508 3634 et
3549 3579 3866 3649 pronuntia.

2332 3675 2686 3746 Prosequitur
2713 3675 3018 3740 Arnobius,
3065 3677 3254 3746 sicque
3283 3674 3622 3730 ethnicorum
3666 3673 3867 3728 levita-

2261 3779 2367 3826 tem
2412 3780 2466 3826 et
2500 3771 2919 3826 inconstantiam
2958 3767 3240 3840 redarguit
3270 3788 3284 3824 :
3325 3787 3343 3821 ι
3377 3768 3644 3839 Numquid
3679 3769 3730 3822 in
3763 3785 3868 3840 po-

2261 3863 2550 3919 testatibus
2595 3863 2862 3918 obeundis
2909 3862 3056 3933 leges
3101 3861 3436 3918 conservatis
3467 3859 3776 3926 Annarias,
3811 3860 3868 3915 in
3977 3926 3980 3942 Ι

2260 3957 2438 4019 donis,
2467 3958 2519 4012 in
2546 3956 2864 4013 muneribus
2885 3954 3131 4020 Cincias,
3165 3955 3217 4009 in
3240 3954 3559 4010 eohibendis
3585 3956 3867 4010 censorias
3921 3971 3924 3975 ·
3977 3947 3980 3960 ¹

2261 4050 2569 4121 sumptibus
2600 4048 2857 4124 (Arnob,
2889 4048 2980 4103 lib.
3011 4063 3080 4114 ιι,
3129 4065 3250 4120 pag.
3284 4047 3416 4117 9i)?
3452 4067 3470 4099 ι
3503 4048 3739 4103 Annaria
3771 4064 3867 4103 au-
3968 4027 3974 4051 ε

2261 4154 2368 4200 tem
2417 4145 2506 4201 lex
2547 4146 2868 4210 vocabatur,
2901 4159 3007 4216 qua
3035 4153 3297 4199 Statutnm
3329 4143 3507 4200 fuerat
3547 4158 3717 4198 novos
3745 4161 3865 4200 ma-

2261 4238 2521 4309 gistratus
2553 4239 2781 4310 singulis
2807 4239 2966 4294 annis
2992 4238 3166 4294 creari
3196 4237 3394 4308 (Fest,
3424 4238 3493 4292 ad
3523 4239 3727 4293 verbum
3757 4239 3869 4295 ΛΝ·
3967 4313 3970 4316 _

2260 4331 2461 4402 manu).
2508 4331 2713 4388 Similis
2754 4343 2931 4387 autem
2971 4329 3250 4386 Ciceronis
3276 4331 3474 4402 legitur
3502 4330 3571 4386 de
3602 4329 3710 4385 hac
3739 4331 3864 4403 lege

2259 4425 2489 4491 sublata,
2539 4435 2698 4496 atque
2747 4424 2971 4480 Arnobii
3016 4425 3187 4481 nostri
3225 4425 3587 4493 expostulatio
3638 4423 3863 4497 (Cicer.,

2264 4515 2499 4587 Philipp.
2530 4533 2569 4581 ι,
2595 4535 2714 4589 pag.
2746 4514 2898 4590 565).
2918 4517 2989 4573 At
3013 4517 3154 4588 quis,
3177 4517 3279 4571 nisi
3303 4518 3355 4571 in
3384 4516 3609 4572 historia
3637 4533 3864 4573 romana

2262 4610 2486 4664 omnino
2517 4609 2717 4679 hOSpeS
2742 4618 2796 4664 et
2828 4612 3167 4680 peregrinus.
3198 4611 3446 4680 ignorare
3475 4618 3672 4680 potest,
3700 4625 3863 4681 quam

566 4713 822 4769 horrifico
862 4711 1094 4781 quodam
1145 4708 1355 4779 fulgore
1385 4709 1666 4773 micarent,
1712 4705 1922 4762 felicem
1966 4721 2154 4777 pugnae
2182 4711 2402 4774 Dsaape
2433 4703 2518 4758 hie
2557 4703 2704 4773 leges
2734 4713 2930 4773 spreta:
2972 4719 3036 4758 ac
3081 4701 3442 4773 pessumdata:
3489 4701 3729 4758 fuerint?
3773 4701 3864 4756 Vi-

567 4809 788 4874 exitum,
817 4821 974 4862 secus
999 4821 1151 4871 vero,
1181 4805 1227 4859 si
1257 4805 1447 4859 obtusa
1473 4813 1526 4858 et
1553 4801 1771 4858 sordida
1795 4801 1882 4858 vel
1911 4801 2157 4871 rubigine

567 4903 759 4972 obsita,
792 4901 1056 4956 infelicem
1091 4898 1503 4970 protendebant.
1533 4901 1708 4967 Atque
1745 4910 1811 4950 eo
1852 4894 2158 4964 respexisse

566 4994 860 5051 Arnobium
886 4992 1104 5065 probari
1128 5007 1285 5063 posse
1309 5000 1496 5062 putant
1519 4989 1604 5044 his
1629 4988 1863 5060 Dionysii
1899 4987 2156 5058 llalycar-

567 5088 745 5144 nassei
760 5086 828 5142 de
844 5086 1208 5142 Romanorum
1235 5102 1354 5141 cum
1373 5083 1586 5140 Sabinis
1606 5083 1793 5152 prndio
1815 5082 1990 5137 verbis
2011 5098 2054 5134 ε(
2078 5081 2153 5136 Ex

565 5183 688 5254 pilis
710 5181 902 5237 defixis
924 5191 1048 5238 ante
1069 5181 1318 5247 tentoria,
1339 5179 1445 5234 tela
1472 5188 1596 5233 sunt
1624 5179 1740 5232 haec
1765 5176 2153 5240 Romanorum,

566 5295 686 5349 quae
716 5278 891 5346 primo
919 5292 1213 5349 congressu
1242 5275 1675 5344 ejacnlantur....
1696 5287 1762 5328 ex
1785 5271 1889 5336 his,
1915 5271 2156 5340 inquam,

566 5371 688 5443 pilis
701 5375 844 5428 circa
856 5386 1062 5426 summa
1078 5368 1328 5425 verucula
1343 5365 1907 5429 emicabantllammze,
1924 5363 2157 5431 totisque

564 5465 756 5520 castris
784 5464 1067 5536 fulgorem,
1083 5461 1363 5518 nonaliter
1387 5474 1452 5514 ac
1478 5459 1686 5525 faculze,
1703 5459 1770 5514 ad
1791 5458 2011 5513 multam
2031 5471 2158 5512 noc-

567 5565 673 5613 tem
696 5558 1028 5625 reddebant;
1051 5573 1120 5612 ex
1137 5557 1240 5612 hoc
1259 5566 1439 5610 autem
1460 5555 1575 5609 viso
1591 5553 1975 5609 intellexerunt
2005 5548 2161 5623 (utet

570 5651 750 5705 talium
781 5660 1152 5723 portentorum
1182 5651 1509 5720 interpretes
1535 5647 1898 5711 aflirmabant,
1924 5653 1979 5699 et
2006 5644 2161 5700 facile

564 5743 738 5815 quivis
753 5744 1023 5816 conjicere
1040 5742 1273 5816 poterat)
1292 5743 1450 5799 citam
1470 5741 1572 5797 sibi
1587 5750 1643 5796 et
1657 5738 1990 5811 splendidam
2002 5752 2030 5790 a
2051 5736 2161 5793 Deo

567 5836 815 5906 portendi
841 5839 1122 5894 victoriam
1147 5836 1579 5909 quandoquidem
1608 5833 1716 5905 igni
1739 5831 1938 5888 cedunt
1955 5831 2157 5897 omnia,

567 5935 620 5988 tit
649 5927 782 5989 nihil
806 5939 890 5986 est
931 5930 1075 6004 quod
1103 5947 1210 5988 non
1250 5928 1390 6004 ignis
1425 5929 1476 5986 vi
1513 5929 1841 5990 ahsumatur.
1885 5944 1904 5980 ι
1936 5925 2014 5983 Ἐκ
2062 5934 2162 5982 τῶν

2258 4797 2401 4854 desis
2448 4797 2813 4853 Robertellum
2861 4796 2930 4851 de
2976 4794 3376 4867 Magistratibus
3419 4797 3551 4867 imp.
3595 4793 3861 4868 (Ruben,

2259 4903 2380 4947 (om.
2412 4909 2488 4956 in,
2518 4893 2774 4962 Antiquit.
2805 4891 2982 4954 Rom.,
3008 4909 3132 4963 pag.

2327 4988 2510 5044 Cincia
2535 5003 2668 5044 vero
2700 4987 2786 5044 lex
2827 5002 2857 5040 a
2904 4986 2973 5040 M.
3017 4985 3208 5042 Cincio
3265 4987 3477 5042 tribuno
3508 4984 3687 5057 plebis
3717 5001 3862 5042 anno

2256 5084 2404 5140 urbis
2435 5083 2563 5150 549,
2598 5084 2706 5139 lata
2736 5091 2840 5147 est,
2890 5097 3016 5153 qua,
3067 5090 3127 5135 ut
3171 5081 3247 5135 ait
3275 5081 3558 5138 Cornelius
3606 5079 3858 5146 Tacitus,

2257 5179 2548 5236 cavebatur
2594 5178 2909 5249 antiquitus,
2961 5192 3031 5232 ne
3070 5176 3190 5246 quis
3231 5177 3301 5231 ob
3346 5191 3565 5232 causam
3595 5176 3858 5230 orandam

2258 5275 2516 5344 pecunias
2565 5273 2838 5328 donumve
2882 5272 3154 5342 acciperet
3199 5270 3376 5344 (Corn.
3432 5269 3621 5336 Tacit.,
3673 5270 3763 5324 lib.
3817 5287 3856 5336 ι,

2261 5367 2451 5420 Annal.
2505 5367 2641 5421 circa
2681 5365 2846 5439 init.).
2888 5367 2963 5421 De
3013 5381 3078 5423 ea
3129 5366 3482 5436 proculdubio
3532 5365 3742 5420 Plinius
3789 5366 3858 5420 ad

2263 5461 2457 5516 Rufum
2499 5461 2614 5518 haec
2645 5462 2866 5534 scripsit
2906 5462 2960 5517 in
2988 5461 3148 5518 verba
3185 5480 3197 5516 :
3239 5480 3258 5513 ι
3296 5461 3525 5517 Suberat
3567 5461 3746 5515 edicto
3770 5476 3860 5515 se-

2262 5565 2422 5612 natus
2469 5557 2773 5612 consultum
2825 5556 2974 5611 hoc:
3016 5555 3217 5612 Omnes
3257 5555 3345 5626 qui
3389 5554 3532 5625 quod
3581 5553 3859 5625 negotium

2263 5647 2545 5714 haberent,
2597 5648 2802 5720 jnrarc,
2863 5649 3170 5720 priusquam
3228 5657 3470 5718 agerent,
3530 5645 3859 5716 jubebantur

2265 5743 2398 5800 nihil
2443 5759 2505 5799 se
2545 5743 2616 5800 ob
2654 5744 3064 5800 advocationem
3091 5743 3343 5814 cuiquam
3381 5740 3616 5803 dedisse,
3652 5739 3857 5810 promi-

2263 5837 2423 5902 sisse,
2465 5837 2696 5893 cavisse.
2731 5836 2822 5892 llis
2849 5837 2995 5892 enim
3025 5836 3204 5894 verbis
3229 5851 3294 5892 ac
3315 5835 3462 5891 mille
3491 5842 3770 5905 prieterea,
3802 5840 3862 5887 et

2268 5929 2456 5991 venire
2470 5928 2872 5998 advocationes,
2893 5937 2948 5988 et
2965 5930 3070 5988 emi
3097 5927 3397 5987 vetabatur.
3423 5924 3664 5983 Peractis
3680 5934 3864 5982 tamen
