4030 6286
207 362 307 416 423

1441 359 1506 414 IN
1545 357 1895 416 ARNOBIUM
1924 401 1938 426 ,
1980 358 2132 414 CAP.
2175 360 2238 413 V.

3374 359 3481 416 426

201 474 433 546 negotiis
464 471 805 543 permittebat
835 469 1116 540 pecuniam
1144 468 1422 528 dumtaxat
1448 472 1637 530 decem
1666 475 1787 530 mil-
1814 478 1866 538 Α
1890 473 2114 545 gentiles
2141 471 2508 529 aboleverant.
2539 470 2805 528 Secunda
2850 483 2980 528 vero
3023 471 3154 529 illud
3193 485 3479 546 repugnat,

203 568 329 622 lium
352 565 479 620 dare
506 583 524 614 ι
551 561 741 631 (Plin..
767 561 855 616 lib.
879 578 934 626 v,
960 563 1110 633 epist.
1137 563 1230 617 ult.
1255 564 1323 618 ad
1348 565 1584 636 Rufum).
1608 566 1790 622 Livius

202 675 332 715 vero
358 677 372 714 :
410 677 428 710 ‹
472 655 606 724 Quid
641 655 811 726 legem
840 653 1079 710 Cinciam
1112 656 1178 712 de
1202 656 1362 712 donis
1391 666 1445 714 et
1477 659 1788 714 muneribus

201 750 483 815 excitavit;
532 747 635 802 nisi
684 747 806 817 quia
854 748 1130 819 vectigalis
1181 749 1294 818 jam
1341 761 1396 805 et
1440 751 1787 820 stipendiaria

197 844 350 914 plebs
373 856 494 899 esse
517 838 730 895 senatui
757 841 1046 912 coeperit?»
1080 840 1240 914 (Liv.,
1271 843 1361 897 lib.
1395 843 1487 909 54,
1522 842 1658 916 μ.)

199 944 231 1006 if
269 935 544 995 Censoriis
575 935 806 1006 legibus,
858 951 978 1006 quae
1003 946 1058 992 et
1087 937 1434 1006 sumptuariae
1474 947 1528 994 et
1575 939 1789 996 cibariae

199 1031 550 1096 vocabantur,
579 1027 816 1100 majores
843 1044 1122 1086 coenarum
1149 1044 1212 1086 ac
1234 1030 1603 1086 conviviorum
1641 1047 1787 1087 sum-

196 1134 321 1195 ptus
347 1131 402 1179 et
427 1122 642 1178 luxuria
688 1122 1100 1178 coercebantur.
1132 1122 1246 1179 Una
1288 1132 1466 1180 autem
1504 1141 1571 1180 ex
1601 1125 1788 1182 illisea

193 1225 338 1282 erat,
370 1229 530 1287 quam
579 1213 764 1271 Livius
809 1231 934 1272 mox
975 1215 1223 1271 laudatus
1253 1215 1322 1271 ab
1349 1214 1522 1286 Oppio
1549 1216 1787 1273 Tribuno

193 1308 361 1381 plebis
386 1307 572 1364 datam
623 1318 891 1364 memorat
936 1307 1123 1380 (fbid.,
1157 1307 1184 1380 §
1215 1309 1290 1379 1).
1320 1310 1390 1363 At
1419 1317 1682 1379 praeterea
1721 1309 1788 1365 ab

196 1405 259 1459 Λ.
283 1401 478 1467 Gellio,
498 1409 557 1456 et
571 1415 602 1456 a
619 1400 890 1458 Macrobio
915 1409 1303 1456 enumerantur
1321 1399 1540 1468 Orchia,
1557 1400 1784 1469 Fannia,

196 1497 350 1554 Didia
367 1537 382 1565 ,
412 1494 621 1552 Licinia
639 1536 653 1561 ,
677 1494 925 1552 Cornelia
947 1537 964 1564 ,
987 1494 1226 1566 Syllana,
1255 1494 1528 1564 Lepidana
1545 1537 1560 1563 ,
1593 1495 1751 1550 Antia
1769 1537 1784 1564 ,

195 1589 364 1657 Julia,
402 1598 458 1645 et
488 1589 716 1661 Augusti
745 1589 1114 1658 imperatoris,
1145 1589 1258 1644 sive
1285 1587 1521 1656 Tiberii,
1551 1595 1612 1642 ut
1639 1596 1790 1644 notat

196 1683 431 1751 Gellius,
482 1682 718 1738 edictum
768 1681 953 1754 (Gell.,
988 1681 1075 1735 lib.
1107 1697 1143 1736 ιι
1185 1680 1344 1736 Nact.
1378 1680 1506 1748 Att.,
1545 1696 1662 1744 cap.
1710 1680 1785 1747 ἀς

197 1775 455 1844 Macrab.,
480 1775 570 1830 lib.
597 1791 655 1831 ιιι
688 1775 984 1840 Saturnal.,
1009 1791 1127 1845 cap.
1154 1774 1268 1846 l7).
1293 1774 1584 1830 Suetonius
1609 1783 1787 1828 tamen

1889 567 2034 638 quod
2065 575 2124 621 ut
2159 567 2273 638 ipse
2323 565 2538 634 fatetur,
2569 582 2767 623 nomen
2808 567 3015 638 caligna
3063 568 3202 638 apud
3231 567 3483 624 eumdem

1890 658 2213 724 Varronem,
2262 657 2480 714 Festum
2530 666 2586 714 et
2613 658 2822 714 Livium
2865 659 3044 729 potius
3082 658 3350 730 signiﬁcat
3388 675 3485 715 vas

1888 751 2180 820 potorium,
2203 765 2309 821 quo
2332 751 2513 806 vinum
2536 752 2590 806 in
2612 751 2889 807 sacriﬁciis
2909 750 3254 807 offerebatur.
3281 751 3488 808 Deinde

1888 859 2019 900 vero
2062 843 2188 914 quid
2234 844 2304 899 ibi
2338 844 2512 900 Vesta:
2558 845 2760 901 faceret
2803 846 3281 914 commemoratio,
3331 845 3488 917 cujus

1889 937 2092 991 nullum
2121 937 2174 991 in
2205 937 2432 993 Arnobii
2461 945 2609 992 textu
2636 938 2956 1009 vestigium?

1961 1030 2095 1086 Tota
2125 1045 2288 1101 porro
2318 1031 2638 1088 tenebricosi
2668 1031 2830 1103 hujus
2857 1033 3151 1089 Arnobiani
3180 1034 3310 1090 dicti
3339 1034 3483 1090 difﬁ-

1887 1120 2058 1176 cultas
2089 1121 2142 1177 in
2189 1121 2302 1178 sola
2347 1122 2686 1193 potissimum
2731 1139 2864 1180 voce
2893 1125 3126 1196 caliginis
3175 1125 3348 1195 posita
3378 1135 3485 1184 est.

1890 1213 2204 1271 Penetrales
2253 1217 2532 1273 enimvero
2583 1217 2732 1273 focos
2761 1217 2927 1274 fuisse
2955 1218 3213 1274 discimus
3260 1219 3344 1276 his
3378 1219 3490 1276 Ca-

1889 1309 2010 1364 tulli
2042 1309 2282 1381 (Catull.,
2313 1307 2500 1382 Epigr.
2529 1311 2598 1365 ad
2623 1308 2882 1382 Marcel.),
2915 1311 3006 1367 ubi
3035 1312 3103 1368 de
3131 1312 3313 1383 Troja,
3354 1329 3484 1370 ver-

1890 1403 2041 1460 sibus
2072 1421 2086 1458 :

1982 1492 2223 1564 Adhquam
2247 1505 2350 1548 tum
2373 1510 2640 1564 properans
2662 1498 2820 1549 fertur
2844 1498 2988 1564 simul
3012 1499 3231 1564 undique
3255 1500 3414 1563 pubes

2046 1557 2213 1609 Graeca
2236 1557 2524 1622 penetrales
2543 1561 2829 1613 deseruisse
2854 1562 3001 1612 focos.

1889 1662 2116 1720 Servius
2161 1681 2376 1737 quoque
2420 1667 2833 1736 animadvertit,
2885 1669 3168 1739 penetralia
3199 1685 3229 1724 a
3259 1667 3485 1742 Virgilio

1893 1752 2134 1827 (Virgil.,
2161 1757 2250 1812 lib.
2282 1773 2336 1811 vt
2363 1757 2605 1826 1Eneid.,
2634 1775 2765 1815 vers.
2795 1758 2888 1830 71)
2915 1759 3022 1816 dici
3049 1769 3240 1816 secreta
3267 1762 3487 1834 templo-

193 1869 382 1925 scribit
408 1866 801 1938 sumptuariam
836 1867 1013 1938 legem
1038 1866 1106 1921 ab
1133 1845 1378 1936 Augusto
1404 1866 1666 1921 sancitam
1697 1872 1788 1919 aut
1818 1877 1866 1937 Β
1888 1862 2026 1912 ταηῆ
2049 1845 2154 1901 δυο
2176 1848 2386 1905 “ilicet
2409 1864 2568 1905 Versu
2602 1869 2616 1906 ε

195 1971 560 2018 retractatam.
593 1961 808 2018 Videsis
835 1961 1055 2017 Manutii
1083 1971 1138 2017 et
1165 1961 1383 2016 Antonii
1408 1960 1692 2032 Augustini
1719 1961 1788 2016 de

188 2057 398 2129 legibus
422 2057 588 2113 libros
609 2055 874 2127 (Sueton.,
908 2056 998 2110 lib.
1025 2071 1086 2121 ιι,
1115 2055 1178 2109 de
1209 2055 1367 2127 Aug.,
1393 2071 1510 2126 cap.
1537 2056 1640 2120 54;
1666 2053 1786 2108 Ma-

196 2159 330 2217 nnt.,
363 2151 454 2204 lib.
485 2151 549 2204 tle
583 2149 761 2221 Legib.
794 2166 952 2216 rom.,
985 2167 1102 2220 cap.
1135 2149 1240 2216 i8;
1265 2149 1456 2204 Anton.
1486 2150 1786 2221 Augustin.,

196 2241 285 2296 lib.
318 2244 422 2297 ide
442 2244 620 2315 legib.,
651 2259 768 2314 cap.
804 2242 918 2313 18).
969 2244 1038 2297 At
1064 2241 1431 2298 Tertullianus
1457 2252 1582 2297 ante
1610 2243 1787 2297 Arno-

197 2341 342 2398 bium
375 2351 622 2398 nostrum
645 2341 921 2406 ethnicos,
946 2339 1252 2396 christiana:
1282 2338 1555 2410 religionis
1583 2339 1790 2394 novita-

197 2442 304 2488 tem
331 2434 744 2503 exprobrantes,
774 2433 858 2487 his
883 2434 1307 2502 interrogaverat
1333 2433 1510 2488 verbis
1545 2451 1558 2487 :
1596 2452 1614 2484 ι
1646 2432 1790 2500 Quo-

197 2543 321 2583 nam
369 2528 477 2584 illae
529 2530 674 2599 leges
711 2529 974 2594 abierunt,
1026 2539 1294 2599 sumptum
1339 2539 1394 2584 et
1441 2528 1790 2583 ambitionem

196 2620 606 2690 opprimentes?
635 2636 755 2691 qua:
785 2630 1000 2675 centum
1029 2635 1135 2674 aera
1157 2660 1172 2685 ,
1203 2635 1310 2676 non
1341 2619 1573 2691 amplius
1602 2620 1653 2674 in
1683 2635 1793 2676 cte-

199 2729 325 2767 nam
357 2713 626 2769 subscribi
667 2713 950 2783 jubebant,
1005 2727 1104 2767 nec
1151 2713 1382 2783 amplius
1429 2729 1589 2784 quam
1631 2729 1791 2768 uuam

195 2805 388 2862 inferri
411 2806 681 2877 gallinam,
701 2816 755 2862 et
775 2823 893 2862 eam
919 2823 1022 2864 non
1043 2808 1439 2878 saginatam?...
1462 2807 1629 2862 Video
1645 2808 1792 2864 enim

199 2909 256 2956 et
279 2901 622 2956 centenarias
660 2915 876 2967 coenas,
907 2911 962 2956 et
1000 2902 1244 2958 centenis
1270 2901 1378 2970 jam
1423 2901 1686 2956 sestertiis
1710 2899 1792 2954 di-

201 2992 426 3058 cendas,
456 3001 512 3047 et
553 2995 606 3047 in
634 2993 815 3050 lances
843 2994 1050 3066 (parum
1081 3004 1165 3050 est
1188 2994 1233 3050 si
1260 3002 1570 3050 senatorum
1607 3002 1663 3048 et
1687 3007 1794 3048 non

202 3085 580 3142 libertinorum
627 3087 711 3142 vel
756 3086 932 3142 adhuc
972 3088 1137 3158 ﬂagra
1186 3084 1571 3158 rumpentium)
1604 3101 1795 3156 argen-

203 3182 337 3237 taria
382 3181 600 3239 metalla
635 3181 893 3251 producta
927 3202 945 3235 ι
991 3181 1257 3254 (Tertull.,
1290 3181 1530 3253 Apalag.,
1564 3197 1683 3250 cap.
1713 3178 1794 3252 6).

1983 1961 2057 2012 Te
2079 1976 2276 2026 quoque
2300 1977 2475 2028 magna
2497 1973 2696 2016 manent
2719 1969 2891 2030 regnis
2914 1969 3191 2031 penetralia
3213 1973 3415 2023 nostris.

1893 2063 1949 2118 In
1981 2064 2049 2118 iis
2073 2075 2250 2122 autem
2298 2077 2588 2138 perpetuos
2619 2069 2785 2125 fuisse
2827 2071 2997 2139 focos,
3025 2073 3146 2144 quis
3191 2073 3292 2129 sibi
3334 2072 3491 2131 facile

1891 2171 1997 2213 non
2024 2159 2406 2229 persuadebit?

1962 2249 2150 2306 Solum
2193 2252 2353 2323 igitur
2381 2254 2727 2310 statuendum
2753 2266 3002 2327 superest
3030 2257 3074 2312 si
3104 2258 3230 2328 quid
3257 2259 3311 2314 in
3340 2261 3491 2317 vocis

1892 2345 2126 2418 caliginis
2167 2347 2343 2402 locum
2389 2349 2602 2404 restitui
2631 2350 2844 2406 debeat.
2889 2353 2979 2417 At,
3023 2352 3270 2422 inquies,
3303 2355 3497 2425 quidni

1894 2438 2100 2509 legatur
2125 2438 2178 2492 in
2209 2439 2444 2494 culinis?
2481 2440 2527 2496 A
2556 2441 2750 2498 Vossio
2790 2443 3053 2513 siquidem
3085 2454 3209 2515 post
3249 2446 3493 2518 Scalige-

1893 2543 2011 2582 rum
2059 2543 2127 2584 ex
2173 2531 2342 2586 veteri
2397 2532 2748 2603 inscriptione
2794 2535 3098 2591 osmnditur
3141 2538 3194 2592 in
3246 2537 3496 2596 Herculis

1895 2621 2139 2678 aediculis
2169 2621 2334 2680 fuisse
2362 2625 2592 2691 culinas,
2627 2627 2714 2682 ubi
2746 2643 2972 2700 peregre
3000 2628 3293 2699 profecturi
3325 2633 3496 2688 sacri-

1896 2714 2148 2772 ﬁcabant.
2179 2715 2296 2773 Non
2337 2718 2478 2775 male
2518 2719 2764 2786 forsitan,
2813 2723 2856 2778 si
2902 2722 2975 2777 ibi
3018 2735 3307 2795 perpetuos
3344 2726 3495 2784 focos

1894 2810 2022 2864 olim
2071 2819 2378 2866 asservatos
2427 2827 2550 2868 esse
2597 2814 2929 2883 probaveris.
2961 2815 3153 2873 Nonne
3204 2828 3382 2874 tamen
3437 2821 3495 2876 in

1897 2901 2056 2971 hujus
2102 2903 2428 2973 conjecturae
2461 2906 2925 2962 confirmationem
2976 2909 3212 2977 adjicere
3257 2912 3385 2968 licet
3427 2914 3496 2970 ab

1896 2995 2146 3064 ethnicis,
2195 2995 2647 3066 quemadmodum
2697 2999 2833 3053 infra
2889 3000 3154 3070 dicemus,
3213 3006 3498 3074 geniorum

1897 3087 2048 3143 focos
2075 3102 2172 3158 pro
2202 3087 2306 3144 diis
2335 3088 2547 3144 habitos
2577 3089 2767 3155 fuisse,
2799 3101 2960 3161 atque
2986 3091 3188 3148 idcirco
3219 3094 3272 3148 iu
3304 3111 3496 3153 eorum

1898 3178 2100 3234 cultum
2133 3189 2187 3235 et
2227 3180 2490 3236 honorem
2521 3181 2572 3235 in
2604 3181 2798 3236 culinis
2834 3191 2888 3238 et
2931 3183 3094 3250 locis,
3134 3185 3272 3239 sicut
3300 3187 3498 3244 citatus

202 3277 312 3332 Sed
343 3276 412 3332 de
438 3276 520 3332 his
543 3291 642 3331 nos
666 3290 764 3332 suo
782 3275 903 3332 loco
927 3274 1168 3346 (Disserl.
1197 3277 1250 3329 in
1273 3276 1407 3330 hunc
1428 3276 1542 3343 lib.,
1567 3291 1684 3345 cap.
1704 3273 1795 3342 19,
1826 3273 1872 3336 C
1901 3271 2074 3327 Varro
2101 3273 2378 3328 annotavit
2407 3273 2581 3344 ignem
2612 3273 2741 3328 olim
2772 3283 3042 3330 servatum
3079 3293 3091 3328 :
3126 3276 3218 3331 sed
3248 3292 3275 3330 a
3304 3288 3494 3348 poste-

203 3379 303 3424 art.
327 3368 410 3441 2).

278 3463 408 3519 Post
425 3463 542 3520 haec
571 3463 842 3519 Arnobius
877 3483 890 3518 :
921 3482 942 3516 ‹
974 3462 1243 3534 Numquid
1273 3463 1324 3518 in
1354 3461 1719 3532 penetralibus
1746 3469 1802 3516 et

201 3556 452 3626 eoliginis
497 3565 790 3627 perpetuos
845 3555 1037 3612 fovetis
1066 3556 1284 3612 focos?»
1317 3554 1558 3623 (Arnab.,
1601 3554 1689 3609 lib.
1739 3570 1797 3620 ιι,

204 3667 326 3722 pag.
360 3650 479 3722 91.)
532 3651 588 3705 lu
625 3651 944 3722 quihusdam
984 3651 1144 3706 editis
1174 3651 1408 3722 legitur:
1441 3650 1509 3704 In
1560 3659 1798 3720 penetra-

204 3745 338 3798 libus
381 3742 563 3798 Vestra.
598 3742 656 3798 In
686 3745 872 3799 ultima
902 3759 1030 3800 vero
1062 3743 1299 3800 editione
1326 3743 1533 3798 sublata
1563 3755 1647 3799 est
1673 3757 1797 3813 par-

205 3839 367 3894 ticula
409 3847 477 3894 et.
507 3838 612 3894 Sed
652 3854 756 3908 qua
785 3838 1105 3894 auctoritate
1147 3836 1260 3892 haec
1293 3837 1428 3893 facta
1459 3838 1600 3903 sint,
1641 3852 1800 3892 nemo

205 3930 366 3986 nobis
393 3929 666 3985 indicavit.
690 3929 903 4001 Lipsius
925 3944 1080 3994 vero,
1105 3943 1135 3983 a
1161 3927 1450 3983 Rosweido
1469 3927 1796 3994 admonitus,

207 4025 462 4081 observat
512 4025 562 4079 in
606 4023 836 4095 quodam
874 4021 1241 4091 manuscripto
1275 4020 1459 4077 codice
1489 4021 1745 4088 scriptum
1782 4037 1794 4072 :

211 4118 299 4173 «In
327 4131 467 4189 pene
491 4115 928 4186 impenetralibus
952 4123 1008 4170 et
1024 4113 1274 4183 colignisi
1303 4110 1495 4183 (Lips.,
1524 4111 1794 4182 Syntagm.

204 4211 267 4264 de
321 4209 461 4265 Vest.
503 4219 551 4264 et
593 4208 806 4275 Vestal.,
852 4217 976 4262 tant.
1025 4223 1102 4273 ιιι,
1150 4223 1268 4278 pag.
1325 4204 1477 4277 619).
1529 4203 1692 4261 Certe
1745 4205 1798 4260 in

199 4306 570 4375 manuscripto
606 4303 795 4359 codice
832 4302 981 4373 regio
1021 4300 1338 4369 simpliciter
1372 4299 1638 4355 habetur:
1685 4297 1798 4375 Im:

202 4371 546 4468 penetralibus
581 4406 629 4450 et
674 4371 917 4467 calignis:
947 4393 1063 4449 Non
1106 4393 1302 4448 mirum
1354 4391 1535 4463 itaque
1575 4391 1621 4446 si
1665 4371 1797 4446 eor:

205 4501 399 4563 ruptus
442 4489 537 4546 ille
585 4489 734 4545 locus
759 4487 948 4544 doctos
1001 4485 1246 4542 homines
1289 4483 1429 4540 haud
1457 4499 1645 4539 narum
1681 4492 1796 4538 tor-

207 4587 356 4642 serit.

1905 3363 1980 3419 ris
2023 3365 2324 3435 neglectum
2357 3367 2500 3421 hunc
2541 3381 2779 3435 morem,
2808 3369 2899 3438 qui
2931 3367 3038 3424 illis
3077 3370 3362 3429 molestior
3389 3373 3496 3429 im-

1900 3459 2290 3529 portuniorque
2319 3458 2492 3515 factus
2521 3469 2625 3516 est.

1970 3553 2086 3609 Non
2116 3553 2309 3609 desunt
2349 3569 2512 3625 porro
2557 3555 2647 3626 qui
2697 3557 2917 3612 retineri
2947 3562 3114 3613 velint
3143 3574 3327 3616 vocem
3364 3563 3496 3617 cali-

1901 3649 2034 3719 ginis
2061 3663 2220 3719 quam
2247 3664 2276 3702 a
2298 3649 2465 3705 verbo
2490 3650 2632 3711 calo.
2676 3650 2728 3705 id
2759 3661 2873 3717 est,
2903 3653 3162 3721 inhabito,
3199 3655 3498 3712 derivatam

1901 3741 2235 3798 arbitrantur
2251 3743 2528 3813 (Salmas.,
2556 3745 2609 3798 in
2636 3729 2919 3800 Exercitat.
2948 3745 3208 3816 Plinium,
3229 3767 3349 3821 pag.
3368 3750 3499 3819 270,

1902 3834 2008 3890 587
2035 3844 2084 3889 et
2117 3833 2268 3905 914).
2301 3835 2433 3890 Eam
2464 3837 2625 3908 igitur
2649 3852 2862 3903 vocem,
2913 3839 3102 3910 caligo,
3138 3841 3281 3896 idem
3309 3857 3371 3896 ac
3398 3841 3502 3898 do-

1903 3941 2068 3993 mum,
2097 3927 2448 3997 domicilium,
2494 3938 2549 3984 et
2592 3928 2983 3986 habitationem
3027 3931 3168 4001 apud
3218 3942 3501 3990 auctorem

1902 4027 2144 4075 nostrum
2173 4020 2480 4091 signiﬁcare
2510 4021 2596 4077 his
2624 4022 2801 4077 visum
2834 4031 2936 4078 est.
2978 4023 3084 4080 Sed
3116 4025 3169 4078 in
3201 4033 3351 4080 textu
3397 4029 3504 4081 Ar-

1903 4112 2047 4167 nobii
2075 4111 2341 4168 demenda
2369 4123 2486 4169 erat
2514 4114 2772 4183 particula
2802 4124 2873 4180 et,
2905 4124 3065 4186 atque
3090 4117 3268 4186 aliquo
3297 4118 3493 4174 saltem

1901 4205 2150 4275 exemplo
2207 4205 2561 4274 probandum,
2619 4221 2649 4260 a
2702 4205 2899 4276 quibus
2953 4221 3152 4262 nomen
3204 4209 3377 4279 caligo
3431 4225 3498 4265 eo

1901 4314 2065 4356 sensu
2087 4299 2381 4356 adhibitum
2399 4301 2751 4372 fuerit.Virgo
2768 4317 2895 4372 ergo
2912 4310 3086 4355 utrum
3104 4316 3296 4358 nomen
3313 4304 3501 4358 culinis

1902 4394 1968 4449 ad
1989 4393 2210 4450 Arnobii
2230 4395 2564 4465 propositum
2594 4395 2765 4464 magis
2792 4393 3052 4450 accedere
3075 4393 3503 4452 videatur.Nihil

1901 4487 2045 4542 enim
2087 4502 2186 4543 nos
2233 4487 2350 4543 sine
2397 4486 2744 4543 correctioris
2784 4487 3015 4556 alicujus
3055 4487 3261 4543 codicis
3300 4489 3502 4545 auxilio

1903 4578 2033 4634 certi
2057 4578 2258 4649 aliquid
2286 4593 2348 4634 ea
2379 4577 2447 4633 de
2473 4593 2534 4633 re
2559 4585 2794 4632 statuere
2820 4576 3099 4632 audemus.

278 4676 498 4734 Duobus
525 4684 702 4731 autem
747 4672 921 4730 modis
961 4672 1102 4728 idem
1135 4671 1350 4742 Lipsius
1375 4687 1498 4727 eum
1539 4669 1796 4742 explicari
1823 4673 1878 4734 D
1973 4671 2108 4726 Tum
2139 4669 2334 4725 deinde
2363 4669 2630 4724 Arnobius
2662 4687 2676 4723 :
2705 4686 2724 4718 c
2752 4667 2964 4731 Sacras,
2998 4687 3017 4719 ι
3044 4667 3238 4738 inquit,
3274 4687 3293 4720 ‹
3326 4669 3500 4728 facitis

209 4785 370 4840 posse
399 4770 710 4824 arbitratur.
754 4764 933 4820 Primo
961 4765 1200 4833 quidem,
1230 4763 1347 4820 hac
1377 4763 1601 4818 Arnobii
1631 4761 1797 4818 verba

211 4881 315 4920 non
343 4861 413 4918 ad
442 4862 654 4918 Vestam
683 4859 984 4924 referenda,
1014 4859 1109 4914 sed
1131 4858 1197 4913 ad
1220 4858 1485 4928 privatum
1513 4857 1798 4929 quemdam

213 4957 399 5025 ritum,
427 4972 532 5028 quo
553 4955 690 5026 ignis
713 4955 764 5009 in
792 4953 1047 5009 interiore
1067 4951 1348 5009 domorum
1373 4961 1524 5022 parte
1547 4959 1601 5005 et
1623 4950 1800 5006 culina

211 5050 506 5122 antiquitus
551 5047 865 5105 servabatur
908 5056 964 5103 et
1008 5046 1305 5103 fovebatur.
1361 5043 1419 5100 In
1471 5043 1628 5114 hujus
1671 5058 1804 5098 vero

215 5148 538 5219 conjectura:
563 5143 1024 5200 confirmationem
1053 5140 1144 5196 ille
1174 5139 1375 5212 profert
1403 5139 1522 5195 haec
1544 5137 1804 5194 Varronis

214 5245 374 5300 verba
401 5261 413 5297 :
448 5241 632 5298 Culina
658 5241 815 5305 dicta,
844 5239 978 5310 quod
1009 5238 1076 5292 ibi
1103 5237 1333 5291 colebant
1361 5236 1552 5307 ignem.

290 5334 490 5390 Deinde
516 5347 645 5388 vero
668 5333 743 5386 ait
760 5331 881 5388 haec
903 5330 1126 5400 intelligi
1157 5328 1331 5384 adhuc
1361 5342 1521 5398 posse
1546 5326 1615 5384 de
1641 5325 1803 5382 Vesta

217 5427 450 5497 publica,
505 5435 665 5494 atque
712 5424 787 5480 ibi
829 5422 1173 5480 scribendum
1222 5423 1276 5475 in
1320 5421 1575 5492 culignis;
1625 5419 1695 5474 ita
1747 5427 1806 5473 ut

217 5518 442 5574 Arnobii
474 5532 664 5574 sensus
710 5519 800 5586 sit,
846 5518 1021 5588 ignem
1062 5517 1190 5572 olim
1223 5515 1276 5570 in
1316 5513 1544 5585 culignis
1573 5523 1627 5568 et
1662 5511 1806 5566 vasis

219 5609 472 5667 ﬁctilibus
501 5609 918 5680 repositum,_uti
958 5610 1120 5664 etiam
1148 5622 1289 5663 nunc
1331 5606 1497 5663 foveri
1529 5604 1628 5660 sub
1655 5604 1806 5659 cine-

221 5703 370 5759 ribus
416 5701 574 5758 solet.
605 5700 711 5757 Scd
756 5700 942 5771 prima:
980 5699 1325 5772 explicationi
1373 5697 1430 5753 id
1467 5696 1804 5761 adversatur,

220 5795 363 5866 quod
408 5795 577 5850 Varro
600 5793 670 5850 de
704 5796 974 5850 communi
1004 5804 1059 5850 et
1089 5793 1396 5864 promiscuo
1431 5790 1570 5862 ignis
1594 5805 1694 5846 usu
1723 5789 1809 5844 lo-

221 5901 443 5961 quatur;
477 5887 745 5944 Arnobius
771 5897 864 5944 aut
891 5887 959 5945 de
982 5903 1158 5956 sacro,
1191 5893 1284 5945 aut
1312 5902 1378 5943 eo
1402 5883 1616 5952 saltem,
1649 5897 1808 5954 quem

464 5983 740 6045 ΡΑτιιοι..
787 5981 860 6042 V.

1904 4777 2138 4827 mensas,
2163 4762 2460 4816 salinorum
2485 4759 2764 4830 apposito,
2794 4769 2851 4815 et
2881 4759 3198 4827 simulacris,
3219 4760 3448 4817 deorum
3472 4782 3492 4814 ι

1903 4854 2140 4926 (Arnab.,
2189 4853 2278 4908 lib.
2324 4868 2381 4918 ιι,
2428 4869 2548 4924 pag.
2592 4850 2706 4922 9t).
2762 4851 3006 4906 Salinum
3053 4867 3184 4907 vero
3222 4855 3501 4910 vasculum

1905 4957 2041 5012 erat,
2071 4948 2123 5002 in
2147 4961 2253 5017 quo
2280 4946 2359 5000 sal
2399 4945 2466 4999 ad
2507 4959 2711 5000 mensa:
2737 4944 3094 5016 sacrificiique
3125 4962 3279 5001 usum
3311 4949 3501 5019 reponi

1906 5049 2286 5096 consueverat.
2331 5037 2670 5110 Porphyrion
2710 5040 2853 5094 enim
2896 5050 3050 5095 vetus
3082 5040 3284 5096 Horatii
3329 5043 3501 5098 inter-

1907 5149 2069 5205 pres:
2107 5153 2126 5187 ι
2161 5133 2405 5204 Proprie,
2439 5151 2458 5184 ι
2491 5132 2684 5204 inquit,
2719 5151 2738 5183 ‹
2776 5133 3016 5190 Salinum
3062 5143 3145 5188 est
3188 5134 3405 5203 patella,
3445 5133 3502 5190 in

1907 5241 2011 5298 qua
2041 5226 2146 5281 diis
2174 5225 2428 5298 primitiae
2454 5240 2576 5281 cum
2607 5225 2723 5282 sale
2753 5225 3146 5282 offerebantur)
3181 5225 3494 5298 (Parphyr.,

1907 5323 1961 5377 in
1989 5321 2176 5380 Horat.
2196 5323 2288 5378 lib.
2305 5339 2340 5378 ιι
2360 5321 2739 5394 ad.16).Vides
2760 5339 2890 5379 sane
2905 5339 3062 5394 quam
3080 5324 3149 5378 ob
3167 5339 3381 5379 causam
3395 5324 3499 5380 Ar—

1911 5417 2103 5474 nobius
2121 5431 2188 5472 ex
2209 5417 2366 5472 salini
2393 5416 2554 5487 hujus
2565 5417 2812 5486 apposita
2829 5431 3010 5472 sacras
3039 5431 3255 5472 mensas
3279 5416 3497 5473 dixerit.

1982 5511 2155 5578 Quam
2183 5526 2397 5567 sacrum
2427 5520 2604 5566 autem
2635 5509 2966 5578 charumqne
2991 5509 3043 5563 id
3065 5509 3297 5564 ethnicis
3318 5511 3503 5576 fuerit,

1910 5606 2086 5664 disces
2114 5606 2468 5676 proculdubio
2510 5621 2577 5660 ex
2617 5604 2765 5660 hisce
2791 5602 2928 5657 Livii
2968 5603 3184 5658 verbis:
3226 5621 3245 5654 ι
3292 5604 3502 5672 Quibus

1911 5715 2046 5755 uxor
2074 5699 2268 5756 ﬁliaeve
2314 5699 2440 5764 sint,
2481 5696 2718 5766 singulas
2759 5695 2945 5750 uncias
2983 5694 3283 5765 auripondo
3332 5695 3501 5751 relin-

1911 5805 2110 5863 quant;
2144 5792 2374 5863 argenti,
2401 5789 2492 5860 qui
2530 5788 2702 5844 curuli
2744 5786 2875 5842 sella
2918 5786 3210 5851 sederunt;
3245 5788 3368 5857 equi
3413 5803 3505 5844 or—

1914 5893 2188 5950 namenta,
2233 5892 2288 5940 ct
2327 5883 2491 5938 libras
2530 5879 2742 5951 pondo;
2770 5888 2828 5935 ut
2865 5879 3097 5936 salinum
3145 5879 3504 5952 patellamque

2869 5970 2940 6033 lli.
