4030 6280
261 321 370 385 ΗΟ

1550 328 1615 383 ΙΝ
1654 323 2026 394 ARNOBIUM,
2059 326 2209 384 CAP.
2255 328 2318 383 V.

3447 331 3555 390 «130

275 435 466 510 Mater,
491 445 622 497 hanc
650 449 854 509 vestem,
882 455 982 511 qua
1008 441 1218 495 indutus
1235 453 1364 506 sum,
1394 456 1626 496 sororum
1654 459 1752 495 non
1776 457 1859 494 so-
1887 440 1938 500 Α
1965 439 2147 494 Citatis
2177 449 2352 494 autem
2381 439 2518 495 Livii
2563 439 2739 493 verbis
2778 439 3042 510 intelliges
3067 454 3096 494 a
3125 440 3380 496 Romanis
3429 453 3552 499 exta

273 537 381 590 tum
407 537 596 589 donum
620 535 708 590 sed
748 536 900 588 etiam
923 550 1049 605 aptis
1079 534 1232 587 uides.
1266 532 1529 588 Arnobius
1553 548 1713 603 porro
1745 548 1861 587 ma-

276 627 626 684 tresfamilias
653 629 851 698 arguit,
882 639 1003 698 quae
1026 626 1224 681 nullam
1256 625 1482 695 amplius
1503 626 1554 680 in
1579 624 1862 679 domorum

274 720 427 776 atriis
448 733 664 790 operam
696 717 928 773 lanilicio
949 717 1158 775 darent.
1189 718 1260 771 De
1294 717 1375 772 his
1408 717 1556 786 plura
1583 715 1861 786 Tiraquel-

275 814 359 870 Ius
384 819 540 883 queiu
567 815 612 867 si
637 812 807 875 lubet,
847 811 998 867 ader
1029 811 1232 878 poteris
1257 807 1464 882 (Quint.
1497 808 1645 874 Cur.,
1682 808 1768 862 lib.
1807 823 1861 875 v,

272 908 422 980 lange
446 914 558 977 post
577 905 810 968 initium;
835 898 1121 976 Tiraqttcl.,
1151 905 1204 958 in
1226 905 1323 974 leg.
1346 902 1432 970 10,
1457 901 1708 967 Connub.,
1743 901 1770 972 §
1794 899 1862 956 58

271 1012 319 1057 et
345 1011 476 1069 sem,
510 1011 626 1070 pag.
658 997 765 1052 202
789 1007 835 1052 et
859 996 1050 1068 δείνῳ).

347 1093 620 1148 Testatum
646 1103 774 1146 vero
808 1089 1092 1162 Dionysius
1132 1089 1570 1144 Halicarnasseus
1599 1087 1727 1142 facit
1755 1086 1861 1140 vini

275 1196 372 1239 usu
404 1199 432 1238 a
458 1174 690 1240 Romqu
712 1182 1028 1238 mulieribus
1046 1181 1414 1238 interdictum.
1433 1180 1683 1251 Polybius
1711 1194 1859 1243 vero,

275 1275 612 1342 Plutarchus,
663 1274 900 1341 Plinius,
930 1289 996 1329 ac
1023 1273 1227 1328 Gellius
1266 1273 1554 1327 observant
1603 1271 1862 1341 probandi

279 1385 439 1426 causa
470 1378 648 1424 utrum
677 1368 859 1422 vinum
888 1366 1170 1432 bibissent,
1190 1367 1560 1433 statutum,uti
1579 1366 1654 1420 ait
1686 1366 1862 1420 Arno-

272 1462 389 1518 bius
422 1505 437 1529 ,
470 1462 654 1529 fuisse,
687 1471 744 1515 ut
763 1475 854 1515 eas
882 1461 1093 1529 cognati
1121 1460 1200 1513 sui
1229 1458 1623 1513 oscularentur.
1645 1455 1862 1510 Tertul-

274 1559 448 1614 llanus
477 1567 640 1627 porro
659 1597 673 1622 ,
704 1566 757 1610 ut
786 1570 884 1609 suo
914 1554 1033 1608 loco
1060 1552 1408 1608 ostendemus
1430 1597 1444 1618 .,
1475 1550 1606 1606 vitio
1634 1548 1863 1605 ethnicis

272 1653 461 1718 vertit,
495 1650 637 1722 quod
669 1648 811 1705 hunc
839 1647 1120 1703 mulierum
1164 1648 1289 1701 vino
1330 1644 1627 1700 abstinendi
1659 1657 1862 1697 morem

272 1745 604 1801 aboleverint
639 1729 881 1816 (Dionys.
940 1739 1142 1804 Halic.,
1188 1739 1276 1794 lib.
1326 1754 1363 1794 ιι
1409 1739 1584 1810 Antiq.
1639 1753 1862 1806 romam,

274 1857 325 1910 p.
357 1840 427 1895 95
456 1850 502 1893 et
528 1853 655 1909 seq.;
687 1834 870 1908 Polyb.
905 1836 1046 1904 apud
1088 1835 1402 1897 Athenteum,
1445 1833 1532 1886 lib.
1578 1849 1612 1887 χ
1648 1831 1860 1904 Deipn.,
1894 1837 1942 1900 Β

273 1931 511 2004 ραῃ.440
531 1941 578 1986 et
599 1945 760 2001 saqq.;
792 1928 1084 1993 Plutarch,
1112 1927 1306 1996 Quart.
1330 1943 1557 1993 romam,
1576 1942 1697 1998 pag.
1730 1924 1858 1990 265;

274 2021 444 2091 Plin.,
484 2023 570 2078 lib.
604 2038 692 2078 xw
721 2022 852 2078 Hist.
883 2033 1080 2081 natur..
1112 2037 1226 2087 cap.
1263 2020 1349 2084 i3,
1386 2035 1503 2091 pag.
1540 2020 1662 2086 M2;
1697 2018 1857 2084 Gell.,‘

267 2119 360 2173 lib.
386 2131 418 2174 χ
443 2116 599 2172 Noct.
640 2118 821 2177 Attia,
849 2129 966 2184 cap.
998 2115 1090 2178 25',
1121 2113 1361 2179 Tertull,
1391 2112 1590 2184 Apolog
1621 2155 1636 2178 ,
1659 2129 1774 2184 cap.
1803 2111 1858 2178 6,

216 2257 218 2259 .
270 2229 388 2285 pag.
417 2213 470 2277 τι
504 2211 722 2266 Dium.
751 2212 807 2265 in
851 2208 1179 2271 Tertullian.,
1205 2225 1319 2277 cap.
1354 2209 1440 2273 18,
1475 2216 1574 2261 art.
1603 2207 1681 2274 5).

340 2305 508 2375 Urget
547 2304 722 2359 adhuc
759 2304 1048 2364 Arnobius,
1081 2301 1419 2370 ethnicisque
1459 2300 1695 2369 objectat
1739 2313 1860 2353 cum

271 2398 562 2468 antiquitus
597 2397 854 2454 candidos
890 2405 1092 2452 tantum
1142 2406 1322 2450 tauros
1352 2394 1406 2448 in
1438 2403 1620 2447 monte
1655 2391 1864 2446 Albano

267 2491 550 2546 immolare
573 2491 654 2546 eis
679 2489 938 2554 licuisset,
963 2499 1182 2544 senatus
1217 2497 1399 2559 postea
1437 2487 1684 2542 consulto
1720 2500 1862 2554 prie-

270 2588 549 2656 scriptum,
565 2596 622 2640 ut
636 2584 890 2654 deinceps
903 2583 1064 2638 rul'uli
1089 2580 1666 2638 mactarenturﬁarrat
1685 2587 1863 2634 autem

267 2677 451 2733 Livius
475 2677 576 2732 sub
603 2673 780 2731 Tullio
806 2675 1168 2732 Romanarum
1199 2689 1325 2744 rege
1351 2676 1403 2728 in
1432 2681 1614 2727 monte
1648 2671 1858 2725 Albano

269 2769 538 2840 lapidibus
559 2769 777 2838 pluisse,
801 2781 864 2822 ac
883 2776 1029 2829 tunc,
1054 2765 1264 2837 inquit:
1302 2764 1447 2819 tVisi
1466 2763 1651 2819 audire
1677 2778 1864 2817 vocem
1905 2771 1907 2774 '

270 2865 546 2934 ingentem
574 2875 640 2917 ex
669 2860 863 2916 summi
908 2859 1202 2916 cacuminis
1241 2858 1395 2920 loco;
1441 2867 1497 2911 ut
1545 2857 1719 2926 patrio
1759 2856 1867 2910 ritu

271 2971 426 3014 sacra
456 2955 645 3011 Albani
675 2955 944 3019 facerent,
977 2967 1097 3022 quae
1140 2953 1288 3008 velut
1311 2951 1416 3007 diis
1455 2965 1667 3020 quoque
1707 2948 1866 3004 simul

271 3067 396 3107 cum
443 3049 609 3121 patria
655 3049 876 3116 relictis,
926 3047 1180 3102 oblivioni
1235 3045 1499 3100 dederunt
1537 3064 1554 3096 ι
1623 3042 1863 3116 (Arnob.,

273 3143 363 3197 lib.
399 3158 471 3206 ιι,
507 3159 623 3211 pag.
652 3141 740 3207 9|;
764 3139 914 3206 bis...
948 3141 1036 3195 lib.
1059 3155 1104 3205 I,
1139 3157 1253 3209 cap.
1284 3137 1397 3208 51).
1425 3137 1559 3191 Alibi
1581 3136 1867 3192 Camillum

269 3237 387 3293 haec
415 3235 478 3290 ad
509 3237 781 3292 Romanos
810 3235 967 3292 verba
1013 3235 1298 3291 facientem
1340 3233 1542 3289 inducit
1571 3251 1583 3286 :
1619 3253 1637 3286 ι
1671 3233 1860 3290 Videte
1891 3234 1936 3296 Β

265 3332 395 3402 quid
439 3317 578 3387 inter
608 3347 727 3396 nos,
761 3346 824 3384 ac
862 3330 1093 3400 majores
1117 3329 1342 3385 intersit.
1391 3329 1471 3384 Illi
1513 3344 1664 3385 sacra
1710 3344 1860 3401 quies

265 3423 391 3480 dam
422 3423 473 3478 in
507 3433 688 3480 monte
713 3423 926 3481 Albano
948 3423 1273 3493 Lavinioque
1303 3423 1458 3479 nobis
1504 3423 1746 3479 facienda
1775 3440 1860 3480 re-

267 3517 537 3588 liquerant
571 3533 590 3570 ι
647 3515 875 3590 (Idem,
909 3515 998 3572 lib.
1025 3533 1080 3584 v,
1109 3531 1222 3588 cap.
1259 3516 1370 3586 52).
1403 3515 1620 3572 Litteris
1651 3533 1862 3588 quoque

265 3626 300 3664 ιι
331 3609 588 3682 Dionysio
609 3608 1038 3680 Halycarnasseo
1065 3609 1333 3679 proditum
1356 3607 1585 3679 legimus
1608 3608 1858 3680 (Dionys.

272 3703 536 3768 Halicar.,
586 3702 672 3757 lib.
726 3718 810 3767 tv,
870 3719 988 3772 pag.
1017 3699 1170 3772 950),
1219 3709 1278 3756 ut
1318 3700 1480 3756 ictum
1512 3713 1540 3754 a
1571 3700 1863 3771 Tarquinio

269 3811 395 3852 cum
430 3794 633 3849 Volscis
653 3802 708 3849 et
730 3792 972 3849 Hernicis
1011 3793 1186 3850 ftedus
1216 3804 1532 3863 perpetuum
1563 3802 1725 3861 esset,
1756 3807 1863 3847 uno

267 3889 509 3946 omnium
529 3893 794 3942 consensu
819 3886 1091 3942 decretum
1113 3886 1274 3942 ferias
1295 3888 1580 3957 quotannis
1601 3888 1653 3940 in
1681 3896 1862 3941 monte

266 3981 399 4046 alto,
431 3979 581 4040 Alba:
623 3978 971 4044 imminente,
1002 3977 1382 4041 celebrandas,
1415 3978 1500 4033 ubi
1543 3991 1697 4034 sacra
1743 3977 1861 4032 Jovi

267 4074 468 4132 Latiari
500 4073 708 4134 tierent.
742 4082 797 4128 et
824 4073 1126 4127 communis
1171 4073 1408 4127 omnium
1437 4071 1649 4125 victima
1678 4078 1862 4125 taurus

266 4167 588 4226 traderetur.
608 4164 797 4221 Nonne
816 4177 995 4221 autem
1013 4165 1280 4220 Arnobius
1299 4173 1506 4219 taurum
1531 4163 1672 4218 hunc
1699 4163 1862 4220 fuisse

265 4261 449 4319 album
479 4258 670 4326 innuit,
697 4273 762 4314 ac
789 4257 857 4314 de
887 4257 1047 4329 hujus
1076 4258 1211 4313 ritus
1237 4257 1608 4312 immutatione
1632 4269 1864 4326 conque-

268 4355 445 4412 ritur?

344 4446 580 4502 Alterius
609 4441 916 4498 mutationis
944 4441 1036 4497 ille
1061 4440 1282 4497 eosdem
1305 4440 1551 4496 ethnicos
1579 4440 1664 4494 his
1683 4440 1861 4496 verbis

266 4550 526 4598 accusat:
566 4556 584 4590 ι
621 4535 752 4593 Cum
785 4535 1014 4590 Romilio
1062 4533 1432 4604 Pompilioque
1470 4533 1818 4603 regnantibus
1842 4575 1857 4598 ,

266 4643 516 4706 percocta
549 4631 702 4700 plane
731 4643 792 4684 ac
823 4627 1033 4682 madida
1063 4637 1539 4682 concremarentur
1565 4626 1669 4680 diis
1691 4636 1813 4682 exta
1839 4667 1853 4691 ,
1884 4630 1938 4692 Β

267 4746 448 4789 nonne
476 4741 600 4799 rege
623 4726 724 4783 sub
760 4725 957 4790 Tullio,
989 4723 1289 4779 semicruda
1321 4722 1565 4792 cepistis
1591 4732 1644 4777 et
1672 4723 1861 4777 leviter

267 4825 500 4879 animata
555 4819 862 4890 porricere?
899 4837 918 4871 ι
957 4818 1193 4887 (Arnob.,
1247 4816 1335 4870 lib.
1361 4832 1418 4878 it.
1463 4833 1560 4887 pag
1632 4815 1746 4887 91.)
1795 4816 1863 4871 At

268 4916 453 4974 Livius
479 4922 599 4984 post
642 4911 942 4980 descriptas
971 4909 1236 4978 Scipionis
1263 4919 1452 4977 preces
1501 4909 1839 4963 continenter

268 5009 466 5078 adjecit
497 5024 510 5061 ε
544 5025 564 5060 ι
617 5003 920 5062 Secundum
955 5017 1048 5057 eas
1071 5013 1258 5071 preces
1301 5000 1465 5056 cruda
1512 5009 1632 5054 exta
1655 5042 1670 5066 ,
1723 5014 1860 5055 caesa

263 5108 509 5169 victima,
539 5105 613 5160 nti
643 5117 759 5158 mos
779 5143 793 5165 ,
823 5101 876 5155 in
904 5114 1053 5156 mare
1077 5098 1301 5170 porricit
1334 5117 1353 5151 ι
1381 5095 1548 5168 (ἰάθη
1589 5096 1680 5152 lib.
1712 5112 1859 5163 xxix,

266 5218 384 5272 cap.
414 5195 532 5269 27).
583 5196 652 5252 Et
680 5193 932 5267 Virgilius
961 5210 978 5247 :

1261 5281 1491 5347 Extaque
1513 5283 1666 5334 salsos

363 5352 633 5402 Porriciam
659 5353 711 5401 in
733 5351 929 5401 ﬂuctus.

801 5425 1035 5496 (νέφει,
1059 5427 1145 5482 lib.
1171 5443 1217 5481 tv
1244 5429 1457 5490 ιΕηθὶά.,
1485 5441 1610 5480 vers.
1641 5423 1772 5492 155.)

277 5539 408 5611 Quae
432 5537 648 5609 quidem
683 5537 803 5593 ideo
828 5545 1072 5592 notamus
1093 5577 1108 5602 ,
1143 5545 1253 5590 tum
1283 5535 1402 5605 quia
1434 5533 1502 5590 de
1532 5534 1869 5589 victimarum

274 5633 414 5691 extis
433 5633 626 5703 agitur,
655 5639 709 5685 et
731 5639 954 5697 uterque
977 5629 1210 5698 scriptor
1237 5628 1404 5683 utitur
1427 5627 1593 5682 verbo
1623 5627 1876 5696 porricere

281 5743 378 5800 pro
404 5723 725 5783 sacriﬁcare.
758 5723 915 5779 Plura
945 5729 1124 5778 autem
1145 5721 1213 5778 de
1237 5720 1341 5776 hoc
1357 5721 1522 5777 verbo
1550 5719 1871 5783 Macrobius,

279 5837 438 5894 quem
461 5819 640 5894 legere
659 5817 861 5893 poteris
877 5816 1156 5888 (Macrob.,
1177 5814 1265 5874 lib.
1285 5832 1322 5872 ιι
1348 5815 1611 5872 Saturnat.
1625 5856 1640 5883 ,
1663 5831 1774 5884 cap.
1795 5813 1876 5885 9.).

1963 549 2069 588 non
2100 545 2342 603 percocta
2361 575 2375 598 ,
2410 534 2484 588 uti
2511 533 2608 587 sub
2635 532 2864 588 Rutnulo
2886 543 2938 586 et
2959 532 3240 602 Pompilio,
3269 549 3366 589 nec
3392 536 3553 590 semi-

1963 626 2125 682 cruda
2147 667 2163 693 ,
2193 635 2250 680 ut
2272 626 2368 681 sub
2399 624 2605 694 Tullio,
2632 624 2726 681 sed
2753 627 2916 680 cruda
2956 625 3114 696 plane
3153 639 3396 698 porrecta
3442 628 3556 685 sive

1964 720 2256 776 sacrificata
2287 719 2470 777 fuisse.
2527 703 2529 706 ’

2038 813 2274 884 Denique
2312 813 2618 869 Arnobius:
2669 833 2686 866 ι
2725 815 2862 870 Ante
2908 812 3194 868 adventum
3246 815 3298 868 in
3349 802 3555 873 italiam

1964 903 2241 971 Herculis,
2273 921 2392 961 cum
2419 921 2485 960 ex
2506 903 2784 973 Apollonis
2816 906 3017 960 monitu
3049 903 3182 974 patri
3218 904 3354 970 Diti,
3385 917 3439 962 et
3459 905 3556 962 Sa-

1966 1003 2122 1050 turno
2146 997 2391 1052 humanis
2418 993 2680 1066 capitibus
2706 996 3092 1066 supplicaretur
3111 1037 3127 1062 ,
3151 999 3204 1050 et
3233 997 3372 1051 hunc
3400 996 3555 1051 simi-

1967 1085 2083 1143 liter
2105 1104 2308 1143 morem
2333 1088 2518 1144 fraude
2537 1085 2805 1153 callidula,
2832 1097 2884 1142 et
2916 1087 3190 1142 nominum
3213 1088 3560 1158 ambiguitate

1966 1183 2210 1236 mutastis
2244 1203 2262 1234 ι
2296 1181 2531 1254 (Arnob.,
2563 1181 2649 1236 lib.
2685 1198 2720 1248 i,
2748 1198 2867 1253 pag.
2897 1180 3008 1253 91).
3034 1180 3220 1234 Totam
3252 1181 3386 1235 hanc
3416 1181 3558 1235 frau-

1966 1265 2086 1331 dein
2113 1277 2302 1347 retegit
2323 1279 2660 1346 explicatquc
2685 1275 2768 1330 his
2794 1275 3090 1331 Macrobius
3120 1277 3297 1330 verbis
3324 1295 3335 1329 :
3371 1296 3388 1326 ‹
3425 1278 3558 1333 Cum

1965 1369 2057 1425 diu
2111 1371 2356 1425 humanis
2399 1370 2660 1440 capitibus
2703 1369 2908 1433 Ditem,
2942 1377 2996 1424 et
3033 1369 3271 1423 virorum
3326 1368 3560 1424 Victimis

1967 1457 2252 1520 Saturnum
2281 1464 2492 1536 placare
2513 1480 2570 1520 se
2594 1462 2879 1520 crederent
2898 1505 2912 1531 ,
2941 1471 3164 1535 propter
3194 1463 3471 1519 oraculum
3503 1463 3562 1520 in

1967 1573 2071 1628 quo
2100 1569 2215 1613 erat
2249 1577 2262 1611 :

2092 1690 2163 1727 Καὶ
2180 1689 2338 1739 uoci-da;
2358 1684 2421 1739 ἴδῃ
2447 1676 2533 1740 (al.
2554 1676 2735 1741 Κρονὶδῃ)
2757 1690 2819 1727 καὶ
2840 1695 2891 1742 τῷ
2909 1689 3024 1740 πατρὶ
3040 1691 3197 1739 siprius
3218 1695 3330 1740 φῶτα.

1971 1779 2250 1835 Herculem
2280 1781 2456 1836 lerunt
2483 1791 2663 1857 postea
2703 1797 2824 1836 cum
2853 1784 3114 1854 Geryonis
3143 1796 3336 1852 pecore
3379 1781 3429 1836 in
3461 1779 3562 1837 lla-

1969 1872 2092 1927 liatn
2117 1882 2496 1940 revertentem,
2517 1875 2750 1929 suasisse
2769 1875 2982 1929 illorum
3019 1875 3269 1945 posteris,
3293 1885 3351 1929 ut
3371 1874 3562 1930 faustis

1964 1966 2241 2021 sacriliciis
2269 1965 2500 2021 infausta
2543 1975 2844 2033 mutarent,
2877 1967 3169 2022 inferentes
3197 1967 3298 2020 Diti
3327 1982 3430 2021 non
3466 1967 3563 2021 ho-

1964 2059 2168 2113 minum
2194 2059 2385 2129 capita,
2404 2059 2498 2114 sed
2520 2059 2672 2114 ocilla
2693 2058 2760 2112 ad
2784 2059 3074 2112 humanam
3096 2057 3328 2129 efﬁgiem
3351 2069 3465 2114 arte
3486 2061 3563 2114 si-

1965 2154 2193 2217 mutata;
2220 2162 2274 2207 et
2289 2167 2409 2206 aras
2434 2153 2714 2207 Saturnius
2735 2168 2842 2206 non
2865 2153 3148 2208 mactando
3167 2154 3334 2221 viros,
3352 2153 3445 2208 sed
3473 2167 3562 2208 ac-

1965 2246 2140 2298 censis
2168 2245 2459 2300 luminibus
2487 2244 2828 2309 excolentes;
2860 2245 2982 2314 quia
3013 2260 3120 2300 non
3148 2246 3321 2300 solum
3349 2247 3563 2313 virum,

1965 2339 2060 2394 sed
2091 2348 2144 2394 et
2166 2340 2364 2394 lumina
2395 2348 2535 2412 φῶτα
2570 2339 2870 2409 signiﬁcant
2907 2358 2924 2391 ι
2960 2338 3245 2411 (Macrob.,
3298 2339 3386 2394 lib.
3416 2357 3433 2395 ι
3462 2341 3564 2395 Sa-

1966 2435 2314 2504 turnal.,cap.
2333 2434 2389 2501 2,
2409 2433 2696 2506 pag.207).
2722 2434 2876 2500 Quod
2901 2433 2993 2488 ille
3023 2449 3130 2489 non
3161 2433 3331 2489 semel
3363 2434 3565 2492 dixisse

1966 2535 2248 2581 contentus
2268 2566 2283 2592 ,
2306 2525 2360 2580 in
2383 2526 2571 2582 eodem
2599 2525 2774 2581 adhuc
2796 2526 2934 2582 libro
2962 2528 3159 2597 repetit
3183 2525 3379 2598 (Idem,
3409 2527 3534 2582 ibid.
3544 2567 3564 2596 ,

1967 2635 2083 2688 cap.
2118 2619 2204 2684 11,
2230 2633 2352 2688 pag.
2378 2614 2529 2687 225).

2039 2708 2235 2765 Verum
2252 2709 2582 2776 Lactantius,
2598 2709 2689 2778 qui
2719 2709 3020 2780 ambiguam
3043 2710 3199 2781 hujus
3224 2713 3370 2767 vocis
3399 2713 3566 2783 signi-

1971 2803 2273 2858 licationetn
2303 2803 2507 2856 notavit
2534 2801 2820 2871 (Lactant.,
2851 2804 2940 2858 lib.
2969 2819 3022 2858 vt
3044 2805 3147 2858 diu.
3178 2803 3339 2869 Inst.,
3365 2822 3482 2876 cap.
3504 2807 3563 2873 ‘2,

1971 2911 2090 2965 pag.
2124 2895 2283 2964 546),
2315 2893 2454 2949 hanc
2483 2894 2756 2948 historiam
2805 2895 2962 2962 paulo
2983 2895 3176 2962 aliter,
3207 2897 3566 2966 quemadmoo

1969 2985 2095 3040 dum
2127 2986 2414 3057 Dionysius
2460 2985 2931 3055 Halicarnasseus,
2983 2998 3219 3044 enarrat.
3268 2987 3353 3043 liii
3382 2990 3565 3062 enim,

1969 3077 2108 3132 sicut
2134 3078 2202 3132 ab
2229 3077 2418 3133 eodem
2450 3078 2722 3132 Lactantio
2773 3080 2968 3134 citatus
2996 3080 3216 3135 Ovidius
3252 3082 3421 3137 solius
3443 3084 3566 3153 qui-

1977 3173 2097 3227 dem
2128 3170 2343 3228 Saturni
2374 3171 2699 3226 mentionem
2749 3172 2984 3238 taciunt;
3015 3173 3108 3228 sed
3134 3174 3321 3228 eadem
3351 3189 3568 3246 semper

1967 3273 2074 3319 stat
2104 3266 2419 3319 inconcussa
2446 3264 2667 3319 Arnobii
2698 3266 3089 3334 argumentatio
3108 3305 3121 3327 ,
3144 3264 3392 3336 illiusque
3411 3269 3490 3322 vis
3509 3277 3568 3324 et

1967 3356 2173 3427 pondus
2191 3355 2431 3427 (Dionys.
2452 3355 2499 3408 Η
2507 3357 2709 3420 alicar.,
2730 3356 2820 3410 lib.
2837 3372 2852 3410 I
2868 3356 3038 3427 Antig.
3065 3355 3308 3425 Romam,
3329 3361 3564 3429 pag.30;

1964 3449 2136 3516 Lact.,
2168 3452 2256 3506 lib.
2281 3439 2319 3517 ιζ
2345 3467 2460 3521 cap.
2489 3450 2581 3518 Si,
2599 3467 2717 3521 pag.
2736 3450 2860 3516 “4;
2885 3450 3060 3518 Ovid.,
3081 3451 3170 3507 lib.
3195 3469 3225 3507 v
3246 3451 3420 3521 le.,
3440 3471 3563 3524 pag.

1973 3545 2125 3617 eis).

2035 3639 2168 3704 Quis
2192 3647 2372 3694 autem
2397 3651 2464 3694 ex
2508 3637 2767 3694 hactenus
2793 3638 3074 3709 disputatis
3111 3655 3218 3696 non
3240 3640 3385 3697 videt
3405 3657 3566 3713 quam

1965 3732 2165 3787 insulse
2193 3732 2392 3788 ethnici
2424 3733 2711 3788 novitatem
2743 3733 3039 3804 religionis,
3085 3744 3139 3790 et
3185 3736 3420 3806 ntiqute
3449 3753 3567 3792 tnu-

1968 3827 2221 3881 tationem
2272 3826 2580 3881 christianis
2606 3827 3084 3896 exprobraverint;
3127 3829 3565 3900 quandoquidem

1966 3919 2041 3973 illi
2071 3920 2169 3988 ipsi
2195 3928 2272 3972 tot
2295 3927 2666 3988 tantarumque
2690 3919 2742 3973 in
2765 3919 2925 3974 rebus
2945 3928 3000 3974 et
3023 3919 3274 3975 humanis
3293 3932 3348 3976 et
3367 3921 3564 3977 divinis

1965 4013 2315 4066 tnutationum
2360 4013 2437 4068 rei
2467 4013 2824 4067 tenebantur?
2852 4011 2989 4080 Quin
3017 4013 3178 4067 etiam
3210 4023 3270 4068 ut
3299 4023 3446 4068 recte
3475 4030 3566 4067 ar-

1964 4112 2070 4180 guit
2096 4107 2478 4174 Tertullianus,
2504 4120 2706 4177 nosque
2727 4121 2826 4162 suo
2843 4105 2963 4161 loco
2984 4107 3393 4163 observabimus
3413 4107 3564 4178 (Ter-

1965 4203 2192 4268 tullian.,
2210 4202 2501 4273 Apologel.,
2526 4217 2642 4272 cap.
2668 4200 2721 4266 6,
2741 4199 2921 4272 pag.7;
2948 4197 3168 4254 Disserl.
3191 4201 3243 4254 in
3266 4201 3399 4255 hunc
3421 4200 3560 4267 libr.,

1964 4313 2079 4364 cap.
2102 4298 2186 4362 18,
2213 4305 2312 4349 art.
2332 4297 2356 4349 1
2377 4305 2424 4348 et
2453 4298 2637 4365 seqq),
2665 4293 3050 4361 habitu,victu,
3068 4294 3350 4360 instructu,
3375 4308 3560 4362 censu,

1965 4387 2190 4459 ipsoque
2217 4404 2468 4444 sermone
2499 4389 2739 4443 nuntium
2770 4390 2983 4458 proavis
3028 4390 3367 4454 remiserant,
3396 4389 3564 4444 mira-

1966 4499 2068 4554 que
2105 4483 2340 4550 levitate,
2381 4483 2665 4538 Iaudabant
2693 4483 2962 4552 majorum
3011 4493 3234 4539 suorum
3282 4485 3558 4552 instituta,

1963 4599 2081 4652 quae
2121 4581 2569 4651 aspernabantur,i
2600 4595 2701 4636 nec
2741 4581 2972 4650 amplius
3004 4581 3387 4636 observabant.
3439 4581 3564 4652 Pari

1962 4690 2172 4745 quoque
2200 4673 2356 4728 modo
2389 4675 2704 4728 Ambrosius
2728 4674 2999 4729 vibratum
3029 4691 3058 4729 a
3096 4675 3280 4741 gentili
3313 4676 3561 4747 Symma-

1963 4771 2064 4826 cho
2107 4770 2270 4823 telum
2303 4769 2354 4822 in
2387 4769 2558 4838 ipsum
2601 4769 2846 4837 aliosque
2871 4771 3101 4839 gentiles
3127 4770 3362 4825 retundit
3395 4769 3558 4841 (Am-
3631 4759 3634 4763 λ

1965 4862 2125 4926 bros.,
2145 4860 2390 4930 epistJS,
2417 4877 2533 4931 pag.
2565 4861 2667 4915 857
2699 4871 2744 4914 et
2776 4875 2937 4931 καφ,
2973 4871 3092 4915 ιοηι.
3127 4862 3217 4932 ιι).
3251 4861 3353 4918 Sed
3383 4863 3558 4917 Arno-

1964 4957 2080 5010 hius
2102 4966 2282 5010 noster
2303 4955 2620 5011 insolentem
2647 4956 2856 5011 illorum
2882 4958 3226 5026 pertinaciam
3246 4959 3366 5012 aliis
3385 4959 3560 5013 adhuc

1963 5047 2258 5101 rationibus
2287 5047 2590 5115 comprimit
2618 5062 2680 5101 ac
2709 5057 2941 5102 coercet.
2974 5049 3107 5104 Eum
3149 5048 3361 5120 itaque,
3393 5049 3439 5105 si
3471 5048 3556 5104 lu-

1961 5140 2083 5208 bet,
2116 5141 2394 5197 audiamus
2421 5157 2483 5197 ac
2513 5142 2922 5214 subsequamur.
