4030 6290
459 312 561 368 tsi
1653 303 2101 364 DlSSER'IATlO
2138 275 2420 360 prima
3652 297 3775 354 sats

1054 436 1346 478 ARTICULUS
1385 423 1484 476 11Ιῷ

457 538 648 590 Eadem
667 538 970 586 ethnicorum
989 536 1350 596 argumentatio
1367 547 1430 585 eo
1447 533 1603 583 adhuc
1617 535 1906 594 inﬁrmatur,
1924 534 2057 596 quod

526 603 657 649 sicut
677 599 940 647 christiana
976 595 1152 659 religio
1177 597 1442 646 novitatem
1463 631 1478 654 ,
1502 598 1570 646 ita
1595 595 1865 659 disciplina:
1884 636 1898 654 ,
1924 595 2058 646 artes

528 611 657 649 Sicut
677 611 940 647 enrisuana
976 611 1066 645 ren
1103 611 1152 645 ιο
1177 611 1478 654 novitatem,
1502 611 1570 646 ita
1595 611 1865 659 disciplina:
1884 636 1898 654 ,
1924 611 2056 646 artes

528 669 583 712 et
606 661 826 732 scicntia?
851 659 1043 732 initium
1067 611 1353 732 gabuerint,
1381 666 1530 732 atque
1555 661 1833 732 aruspicina
1855 659 2056 732 quidem

525 733 636 787 post
657 722 862 787 Tagem,
887 721 970 770 ubi
1003 720 1069 787 de
1102 721 1239 770 libris
1261 720 1630 787 Acherunticis,
1655 720 1916 787 astrologia
1941 733 2060 770 vero

523 779 636 860 ἓξοει
659 779 890 860 nam
907 791 971 860 et
994 781 1243 860 suam
1260 822 1280 860 ~,
1299 779 1698 860 ςφιίέξιῖέρξηεψ
1719 792 1762 860 ει
1785 779 2059 860 detinet?»

525 844 647 898 item
670 846 787 908 quia
809 845 876 908 d_ii
902 847 1064 906 geniti
1095 848 1376 908 suut,iquia
1412 848 1611 907 antiqua
1636 844 1753 894 olim
1787 858 1909 894 nova
1948 845 2058 894 fue-

521 918 655 971 runt,
685 905 800 971 quia
823 905 1152 971 Romanorum
1180 905 1362 969 religio
1401 921 1498 971 non
1535 905 1648 957 ante
1687 908 1784 957 duo
1823 919 2060 971 annorum

522 970 690 1030 millia,
703 968 844 1019 ’sicut
867 970 1136 1020 christiana
1158 983 1256 1020 non
1279 968 1393 1020 ante
1417 968 1509 1020 400
1532 983 1684 1018 annos
1721 971 1949 1028 exstitit,
1978 969 2062 1019 ubi

526 1034 591 1082 de
616 1034 784 1094 primis
808 1031 1089 1096 Latinorum
1111 1033 1335 1096 regibus,
1361 1033 1475 1096 quia
1500 1033 1718 1095 denique
1741 1031 1860 1081 nihil
1886 1045 2062 1082 novum

523 1092 780 1146 christiani
803 1092 987 1144 colunt.

536 1223 780 1278 Ethnicis
828 1220 1138 1278 christiana:
1182 1221 1460 1294 religionis
1489 1221 1778 1277 novitatem
1829 1219 2063 1291 objicere

370 1371 372 1374 .
457 1331 732 1388 nunquam
783 1315 1150 1380 cessantibus,
1184 1323 1244 1370 ut
1273 1330 1370 1382 os,
1418 1315 1462 1370 si
1492 1313 1607 1371 ﬁeri
1638 1313 1840 1384 possit,
1888 1315 2062 1368 Arno-

458 1412 585 1469 hius
613 1410 826 1482 penitus
855 1409 1161 1466 occluderet
1180 1450 1196 1475 ,
1227 1407 1443 1479 planum
1475 1408 1650 1462 adhuc
1673 1407 1824 1473 facit,
1854 1405 2063 1462 etiamsi

459 1503 519 1559 id
546 1518 730 1558 verum
759 1511 922 1567 esset,
956 1500 1090 1556 nihil
1131 1500 1256 1556 inde
1288 1515 1386 1572 pro
1413 1499 1526 1566 eis,
1575 1510 1628 1555 ct
1663 1508 1852 1554 contra
1894 1497 2066 1554 chris-

464 1597 663 1664 tianos,
695 1611 854 1667 posse
871 1610 1102 1665 unquam
1128 1593 1343 1651 conﬁci.
1371 1594 1507 1663 Quid
1539 1602 1624 1650 est
1655 1593 1823 1658 enim,
1851 1592 1924 1647 ait
1956 1591 2062 1658 ille,

456 1690 517 1746 iu
548 1690 795 1746 humanis
821 1689 1047 1762 negotiis
1066 1731 1081 1755 ,
1113 1688 1335 1754 artibus,
1364 1687 1683 1757 disciplinis,
1713 1695 1764 1742 et
1788 1685 2027 1741 scientiis
2046 1725 2062 1751 ,

457 1784 604 1854 quod
626 1783 909 1853 aliquando
936 1783 1145 1838 initium
1166 1792 1452 1852 ortumque
1477 1795 1582 1835 non
1613 1779 1902 1834 habuerit?
1925 1777 2064 1832 Ante

459 1878 661 1950 Tagem
688 1878 959 1933 Thuscum
989 1893 1179 1940 nemo,
1215 1875 1389 1945 inquit
1433 1872 1732 1940 Arnobius,
1761 1879 1853 1926 aut
1899 1885 2061 1925 nove—

459 1981 582 2036 rat,
609 1979 703 2026 aut
731 1985 894 2026 nosse
934 1970 1192 2033 curabat,
1227 1988 1244 2019 (
1279 1983 1344 2021 an
1377 1966 1657 2021 fulminum
1695 1964 1944 2029 casibus,
1973 1971 2064 2018 aut

461 2072 710 2119 extorum
763 2061 963 2131 aliquid
999 2061 1392 2131 signiﬁcaretur
1437 2059 1489 2112 in
1531 2059 1683 2113 venis
1720 2076 1739 2108 ι
1801 2054 2059 2126 (Arnob.,

460 2156 552 2211 lib.
581 2172 648 2221 ιι,
678 2171 798 2227 pag.
824 2154 942 2226 92).
966 2153 1140 2224 Tages
1161 2161 1365 2214 autem.
1387 2160 1544 2219 teste,
1575 2151 1736 2206 Festo
1765 2149 1966 2222 (Fest,
1995 2150 2063 2204 ad

457 2251 599 2305 verb.
629 2248 867 2318 Taces),
897 2246 1050 2303 Genii
1081 2246 1220 2300 ﬁlius
1263 2254 1319 2302 et
1367 2245 1514 2300 Jovis
1543 2258 1732 2314 nepos,
1763 2241 2059 2307 dicebatur,

462 2341 559 2412 qui
599 2340 777 2395 adhuc
819 2353 976 2409 puer,
1007 2336 1290 2393 duodecim
1346 2336 1576 2391 Etruriae
1603 2334 1816 2406 populis
1845 2333 2066 2389 dederat

461 2432 716 2502 aruspicii
765 2429 1124 2500 disciplinam.
1154 2429 1231 2484 De
1256 2428 1351 2482 illo
1388 2427 1653 2498 siquidem
1688 2426 1804 2482 hate
1832 2427 2064 2496 posteris

460 2526 681 2581 tradidit
707 2523 897 2581 Cicero
929 2542 943 2580 :
981 2543 1000 2575 ι
1036 2523 1205 2594 Tages
1229 2522 1444 2593 quidam
1477 2522 1673 2577 dicitur
1696 2522 1748 2576 in
1777 2535 1906 2592 agro
1931 2519 2063 2576 Tar-

463 2617 756 2689 quiniensi,
787 2632 910 2673 cum
941 2626 1080 2671 terra
1107 2625 1374 2681 araretur,
1420 2623 1474 2670 et
1522 2613 1703 2672 sulcus
1729 2612 1888 2668 altius
1922 2620 2066 2668 esset

462 2709 796 2780 impressus,
829 2707 1070 2764 extitisse
1117 2715 1376 2775 repente,
1420 2691 1476 2760 et
1513 2721 1635 2760 eum
1670 2703 1863 2759 affatus
1908 2719 2063 2771 esse,

459 2807 555 2878 qui
585 2806 788 2862 arabat.
823 2805 874 2861 Is
899 2814 1080 2861 autem
1107 2805 1297 2875 Tages.
1329 2815 1386 2861 ut
1413 2805 1465 2860 in
1498 2804 1646 2860 libris
1679 2815 1762 2861 est
1788 2805 2016 2860 Etrusco
2042 2833 2068 2844 -

461 2915 608 2965 rum,
655 2899 846 2970 puerili
895 2899 1076 2969 specie
1127 2897 1322 2954 dicitur
1365 2897 1660 2964 visus,sed
1690 2897 1846 2953 senili
1900 2896 2067 2951 fuisse

461 2991 772 3063 prudentia.
806 2990 936 3061 Ejus
973 2999 1195 3062 aspectu
1235 3005 1355 3046 cum
1389 2991 1752 3060 obstupuisset
1779 2991 2063 3055 bubulcus,

459 3083 869 3154 clamoremque
904 3082 1162 3154 majorem
1208 3098 1328 3139 cum
1372 3083 1725 3138 admiratione
1772 3081 2062 3149 edidisset,

461 3191 787 3233 concursum
820 3191 942 3232 esse
987 3175 1219 3244 factum,
1248 3185 1522 3245 totamque
1551 3175 1701 3230 brevi
1722 3183 1964 3244 tempore
2008 3173 2064 3227 in

461 3283 587 3326 eum
633 3269 811 3324 locum
857 3267 1123 3323 Etruriam
1150 3270 1496 3323 convenisse.
1527 3266 1661 3321 Tum
1701 3267 1852 3320 illum
1906 3266 2067 3336 plane

454 3359 697 3417 locutum
719 3402 734 3426 ,
765 3361 951 3416 multis
1000 3359 1375 3426 audientibus,
1406 3359 1496 3428 qui
1539 3359 1726 3430 omnia
1757 3361 1874 3430 ejus
1903 3359 2066 3415 verba

454 3453 817 3524 exceperint,
875 3452 1179 3522 litterisque
1228 3451 1601 3507 mandaverint
1643 3470 1655 3505 :
1712 3429 1923 3508 omnem
1969 3468 2067 3508 au-

455 3554 569 3601 tem
619 3544 926 3600 orationem
974 3541 1142 3600 fuisse
1181 3558 1332 3609 eam,
1375 3559 1480 3615 qua
1529 3545 1851 3612 aruspicinae
1894 3544 2063 3600 disci-

463 3639 612 3709 plina
638 3637 1042 3703 contineretur;
1064 3651 1184 3692 eam
1237 3646 1421 3706 postea
1452 3635 1685 3692 crevisse
1710 3636 1872 3692 rebus
1915 3637 2068 3692 novis

464 3726 874 3801 cognoscendis,
901 3736 956 3782 et
980 3726 1047 3782 ad
1089 3727 1278 3783 eadem
1299 3727 1386 3782 illa
1417 3727 1681 3798 principia
1707 3729 2006 3786 referendis
2041 3751 2060 3783 ι

469 3819 690 3891 (Cicer.,
710 3819 797 3872 lib.
814 3835 853 3874 ιι
873 3818 935 3873 de
954 3817 1155 3888 Diom,
1173 3837 1292 3892 pag.
1312 3819 1419 3875 285’
1440 3830 1486 3875 et
1509 3819 1694 3892 seqq.)
1709 3821 1839 3890 Qua:
1853 3822 2066 3895 quidem

461 3909 692 3967 Ovidius
721 3909 806 3965 his
830 3909 1030 3967 cecinit
1051 3911 1298 3968 versibus
1329 3931 1342 3967 :

1218 4026 1507 4090 Tyrrhenus
1527 4033 1687 4080 arator

568 4087 785 4153 [fatalem
809 4087 1008 4153 glebam
1031 4089 1219 4153 mediis
1230 4087 1428 4153 aspexit
1449 4093 1498 4140 in
1522 4093 1668 4153 arvis,

568 4151 756 4217 Sponte
779 4164 864 4200 sua
888 4152 1125 4217 primum,
1141 4151 1374 4214 nulloque
1399 4155 1634 4217 agitante,
1654 4151 1842 4207 moveri
1863 4172 1877 4217 ;

569 4213 782 4281 Sumere
806 4225 918 4262 mox
944 4213 1174 4281 hominis,
1202 4213 1454 4281 terraeque
1477 4213 1708 4281 amittere
1732 4213 1950 4281 formam,

571 4274 771 4337 Oraque
795 4277 1018 4326 venturis
1041 4283 1238 4334 aperire
1259 4274 1483 4327 recentia
1507 4278 1632 4329 fatis.

569 4335 824 4403 yidigente
843 4338 1022 4387 dixere
1044 4337 1231 4401 Tagen,
1257 4341 1340 4402 qui
1366 4342 1549 4403 primus
1567 4342 1820 4393 Etruscam

575 4398 781 4449 EdoCuit
801 4407 1005 4464 gentem
1028 4398 1169 4451 casus
1191 4398 1386 4465 aperire
1410 4402 1614 4454 futuros.

756 4482 940 4546 (Ovid,
965 4485 1047 4538 lib.
1072 4499 1137 4536 xv
1162 4486 1500 4553 Meumwrph.,
1524 4500 1646 4540 vers.
1671 4490 1765 4542 555
1785 4497 1832 4544 et
1848 4492 2006 4555 seqq.)

476 4590 724 4652 Lucanus
755 4606 886 4650 vero
915 4608 929 4646 :

1320 4705 1384 4761 Di
1405 4707 1508 4762 visa
1530 4711 1821 4774 secundent,

574 4773 635 4823 Et
658 4769 792 4823 ﬁbris
813 4773 879 4822 sit
897 4771 1031 4824 nulla
1052 4773 1193 4833 ﬁdes,
1219 4774 1309 4824 sed
1334 4775 1558 4824 conditor
1581 4774 1717 4824 artis.

573 4835 800 4898 Finxerit
823 4837 912 4885 ista
936 4835 1117 4898 Tages,
1142 4838 1272 4885 ﬂexa
1294 4837 1368 4886 sic
1389 4838 1550 4886 omnia
1572 4836 1811 4896 Thuscus,

571 4893 848 4957 Involvens,
867 4893 1118 4960 multaque
1143 4905 1328 4961 tegens
1351 4899 1560 4960 ambage
1584 4893 1810 4949 canebat.

1131 4985 1288 5048 (Luc,
1317 4978 1404 5036 lib.
1429 4999 1466 5044 ι,
1495 4998 1617 5036 vers.
1643 4985 1737 5038 635
1758 4992 1802 5037 et
1822 4989 1978 5055 seqq.)

479 5088 701 5158 Servius
746 5102 879 5152 vero
927 5083 1037 5149 Suis
1080 5087 1133 5147 in
1193 5089 1471 5162 Virgilium
1518 5092 2073 5153 animadversionibns

484 5193 683 5265 (Serm,
715 5190 770 5242 in
797 5189 887 5242 lib.
906 5203 943 5240 ιι
991 5180 1235 5251 [Eneidq
1280 5199 1400 5254 pag.
1429 5182 1557 5257 259)
1607 5185 1796 5256 probat
1839 5187 1924 5244 bis
1967 5187 2074 5242 Lu-

482 5283 637 5341 cretii
664 5278 908 5337 versibus
934 5276 1292 5346 aruspicinam
1320 5291 1350 5328 a
1377 5274 1521 5346 Tage
1556 5277 1608 5331 in
1649 5278 1858 5334 Etruria
1889 5295 2074 5349 reper-

480 5385 617 5432 tam.
649 5373 813 5430 Vides
841 5371 1019 5441 itaque
1047 5367 1242 5438 Tagem
1272 5367 1446 5435 illum,
1478 5385 1636 5439 quem
1668 5372 1910 5428 nonnulli
1945 5372 2072 5428 obs-

484 5483 674 5524 curum
718 5465 914 5531 virum,
961 5462 1051 5517 alii
1097 5471 1364 5518 aratorem
1422 5448 1586 5520 fuisse
1638 5465 1882 5530 tradunt,
1934 5464 2074 5520 haud

488 5557 760 5615 immerito
797 5555 902 5612 dici
945 5554 1285 5625 aruspicinae,
1319 5553 1386 5609 de
1413 5570 1516 5625 qua
1543 5571 1640 5611 nos
1682 5556 1806 5612 alibi
1839 5555 1856 5628 (
1887 5555 2034 5612 Tom.
2057 5573 2076 5611 1

493 5652 768 5722 Apparat.,
790 5649 962 5714 lib.m,
985 5648 1185 5704 dissert.
1207 5647 1264 5713 2,
1282 5663 1399 5718 cap.
1422 5648 1516 5715 2i,
1533 5657 1633 5704 art.
1663 5651 1716 5717 1,
1740 5667 1862 5721 pag.
1891 5648 2072 5717 M87),

492 5743 547 5797 in
578 5741 789 5797 Etruria
817 5741 1166 5797 inventorem.

2087 423 2138 481 Α
2162 436 2299 491 quos
2325 417 2518 474 Cicero
2546 415 2717 472 libros
2748 415 3102 471 Etruscorum
3137 420 3311 479 vocat,
3354 412 3410 469 hi
3439 413 3551 470 sint
3575 412 3668 482 qui
3689 413 3765 467 ab

2161 511 2399 568 Arnobio
2439 509 2559 565 libri
2605 507 2952 563 Acherontici
3009 506 3171 578 paulo
3211 514 3339 560 ante
3387 504 3765 575 appellantur,

2161 621 2282 661 cum
2315 603 2490 660 dixit:
2529 623 2548 655 (
2579 601 2795 658 Etruria
2830 601 2884 656 in
2928 601 3083 656 libris
3124 597 3505 656 Acherunticis
3534 598 3766 668 pollice-

2162 707 2252 752 tur
2288 715 2309 750 ι
2364 695 2618 768 (Arnob.,
2653 693 2743 748 lib.
2777 710 2838 760 ιι,
2883 710 3004 766 pag.
3036 690 3159 762 87).
3205 691 3427 747 Servius
3471 692 3673 747 etenim
3712 691 3768 746 in

2163 789 2276 845 suis
2312 789 2364 843 in
2405 787 2654 843 eumdem
2692 785 2980 857 Virgilium
3023 784 3431 842 commentariis
3477 784 3670 854 (Serv.
3719 783 3778 837 in

2164 883 2256 937 lib.
2303 897 2397 936 vm
2434 879 2680 946 Ειιεὶάη
2726 895 2849 951 pag.
2891 877 3066 950 5H),
3121 877 3374 933 observat
3417 877 3619 949 Tagem
3658 874 3774 932 dici

2171 993 2189 1026 ‹
2212 975 2499 1046 Aruspicin
2519 975 2685 1030 libros
2710 983 2767 1029 et
2795 987 2949 1028 sacra
2968 971 3301 1028 Acheruntia
3323 970 3720 1041 composuisse.
3748 989 3768 1023 ι

2163 1067 2370 1134 Quibus
2415 1083 2546 1123 sane
2572 1066 2755 1122 verbis
2785 1064 2884 1120 has
2921 1063 3082 1136 Tagis
3126 1063 3532 1120 lucubrationes
3575 1061 3774 1117 distin-

2165 1175 2332 1231 guere
2360 1160 2598 1216 videtur.
2635 1159 2706 1215 At
2733 1159 2847 1216 sive
2868 1158 3098 1225 eaedem,
3130 1157 3248 1213 sive
3276 1156 3514 1214 diverse
3546 1155 3773 1221 fuerint,

2168 1253 2271 1310 hac
2315 1254 2560 1326 profecto
2609 1253 3084 1310 animadversione
3127 1250 3312 1324 opinio
3360 1249 3589 1308 Arnobii
3635 1249 3775 1305 satis

2167 1349 2540 1406 conﬁrmatur.

2241 1441 2406 1498 Addit
2456 1442 2595 1498 ille:
2644 1462 2663 1494 (
2705 1442 2934 1512 Quando
2988 1441 3227 1498 siderum
3265 1448 3445 1496 motus
3491 1447 3586 1494 aut
3631 1438 3778 1495 ratio

2170 1544 2348 1605 ccepta
2365 1544 2450 1592 est
2482 1534 2818 1606 genethliaca
2839 1534 3009 1591 sciri?
3049 1532 3165 1590 Non
3192 1542 3315 1604 post
3333 1531 3568 1588 Theutin
3606 1530 3783 1603 [Egy-

2171 1629 2360 1700 ptium,
2392 1639 2486 1684 aut
2521 1638 2642 1700 post
2663 1629 2971 1697 Atlantem,
3004 1639 3062 1683 ut
3089 1627 3306 1700 quidam
3331 1626 3545 1692 ferunt,
3585 1637 3775 1699 gesta-

2174 1732 2368 1788 torem,
2392 1721 2652 1792 bajulum,
2680 1722 2952 1778 tibicinem
2973 1722 3148 1788 illum,
3181 1735 3246 1776 ac
3261 1719 3530 1776 destinam
3553 1719 3722 1776 caeli?
3750 1739 3772 1771 ι

2097 1818 2145 1878 Β
2174 1815 2414 1888 (Arnob.,
2433 1815 2524 1870 lib.
2549 1831 2608 1880 ιι,
2642 1833 2764 1888 pag.
2790 1815 2920 1887 92.)
2947 1816 3020 1871 De
3041 1823 3271 1885 utroque
3299 1813 3394 1870 illo
3415 1813 3681 1869 et'l‘lieuti
3715 1820 3780 1870 et

2169 1911 2388 1966 Atlante
2406 1909 2534 1966 alibi
2556 1910 2910 1967 disseruimus
2945 1910 3108 1981 (tom.
3137 1926 3154 1964 ι
3180 1909 3462 1979 Apparat.,
3493 1926 3613 1980 pag.
3639 1907 3775 1976 545,

2172 2003 2304 2058 1151
2343 2013 2399 2058 et
2443 2001 2644 2075 “88).
2697 2002 2773 2058 Ibi
2817 2013 2996 2058 autem
3045 2001 3525 2057 animadvertimus
3569 2000 3779 2071 prioris

2167 2095 2430 2163 scientiae,
2459 2110 2558 2151 seu
2599 2097 2831 2151 siderum
2856 2105 3045 2161 motus,
3076 2095 3448 2151 inventionem
3485 2109 3515 2148 a
3545 2093 3778 2164 quibus-

2169 2187 2292 2243 dam
2325 2189 2528 2244 Atlanti
2544 2231 2560 2254 ,
2588 2189 2943 2261 genethliacis:
2970 2205 3101 2245 vero
3122 2189 3372 2255 rationis,
3393 2203 3489 2245 seu
3511 2189 3774 2244 natalium

2169 2281 2400 2350 dierum,
2434 2282 2660 2353 primam
2688 2281 3124 2339 observationem
3155 2282 3276 2338 aliis
3301 2282 3522 2338 ascribi.

2243 2374 2585 2447 Quapropter
2630 2376 2683 2431 id
2729 2386 2935 2432 tantum
2979 2375 3357 2432 annotabimns
3407 2376 3490 2432 his
3534 2384 3770 2448 quatuor

2171 2468 2449 2538 epithetis,
2479 2479 2809 2540 gestatorem,
2834 2469 3086 2537 baiulum,
3121 2469 3398 2537 tibicinem,
3426 2485 3487 2524 ac
3517 2468 3776 2524 destinam

2171 2562 2322 2625 caeli,
2369 2576 2534 2617 unum
2580 2561 2740 2632 plane
2777 2571 2833 2618 et
2873 2562 3014 2618 idem
3048 2562 3114 2618 ab
3169 2560 3407 2617 Arnobio
3446 2561 3772 2632 signiﬁcari.

2172 2652 2394 2708 Tibicen
2428 2653 2633 2709 etenim
2654 2694 2668 2717 ,
2701 2663 2840 2710 teste
2865 2653 3035 2709 Paulo
3064 2653 3260 2726 (Apud
3296 2652 3439 2708 Fest.
3473 2655 3543 2708 ad
3568 2653 3781 2708 verbum

2172 2747 2443 2803 TIBICINES
2471 2747 2529 2818 ),
2576 2749 2807 2803 sumitur
2844 2748 3134 2819 aliquando
3175 2763 3271 2818 pro
3316 2746 3629 2812 columine,
3678 2755 3780 2802 aut

2170 2841 2560 2908 sustentaculo,
2590 2857 2700 2913 quo
2719 2841 3005 2897 aediﬁcium
3036 2841 3284 2911 aliquod,
3309 2848 3403 2896 aut
3425 2840 3650 2906 domus,
3682 2848 3782 2895 aut

2169 2935 2317 2991 aliud
2347 2935 2552 3008 aliquid
2597 2935 2836 2993 fulcitur.
2886 2936 2957 2992 Et
2995 2948 3147 2993 certe
3193 2951 3260 2993 eo
3297 2951 3463 2993 scnsu
3498 2935 3786 2994 Juvenalis

2172 3029 2308 3085 dixit
2332 3046 2345 3083 :

2265 3140 2365 3190 Nos
2385 3142 2563 3193 urbem
2585 3141 2811 3205 colimus,
2832 3144 2972 3194 tenui
2997 3142 3205 3193 tibicine
3227 3140 3416 3205 fultam.

3106 3203 3287 3270 (Satir.
3312 3208 3360 3267 3,
3389 3220 3517 3259 vers.
3543 3207 3680 3269 295.)

2173 3313 2396 3371 Ovidius
2422 3331 2638 3388 quoque
2683 3334 2696 3370 :

2264 3428 2381 3480 Haec
2403 3429 2545 3480 modo
2570 3430 2803 3481 verrebat
2823 3435 3036 3482 stantem
3059 3432 3264 3482 tibicine
3285 3430 3468 3482 villam.

2810 3491 2999 3556 (Ovid,
3027 3491 3111 3544 lib.
3140 3509 3206 3555 ιιι,
3229 3495 3385 3558 Fast.,
3409 3507 3521 3560 pag.
3546 3494 3684 3560 598.)

2173 3597 2378 3654 Eadem
2407 3597 2808 3670 signiﬁcatione
2837 3614 3038 3655 nomen
3064 3599 3266 3654 destina
3297 3615 3326 3654 a
3353 3598 3592 3671 Corippo
3619 3600 3774 3657 Afri-

2173 3709 2310 3750 cano
2341 3695 2603 3766 accipitur
2628 3695 2732 3752 hoc
2760 3696 2815 3752 in
2846 3696 3127 3753 carmine:

2264 3807 2328 3859 Et
2348 3808 2558 3859 Thomas
2579 3807 2776 3860 vaicae
2799 3811 3014 3859 nutantis
3036 3809 3224 3860 destina
3250 3816 3414 3860 terrae.

2637 3871 2825 3936 Corip.,
2852 3869 2937 3922 lib.
2964 3886 2981 3922 ι
3005 3871 3067 3923 de
3092 3869 3297 3924 Loudib.
3323 3877 3447 3924 nm.
3476 3873 3684 3938 ιηφεν.)

2173 3972 2429 4030 Nonnulli
2459 3990 2590 4032 vero
2618 3991 2739 4032 eam
2773 3975 2826 4030 in
2854 3991 2970 4031 rem
3001 3976 3173 4032 citant
3212 3977 3330 4032 haec
3359 3976 3548 4032 Isidori
3579 3975 3782 4050 Hispa-

2174 4066 2344 4122 lensis
2389 4067 2600 4123 verba:
2665 4087 2683 4119 ι
2723 4067 2898 4123 Ruina
2945 4068 3200 4124 adulterii
3249 4069 3517 4140 excipitur
3560 4068 3783 4127 destina

2175 4160 2508 4216 matrimonii
2555 4180 2574 4212 ι
2631 4159 2905 4231 (Isidor.,
2948 4160 3040 4216 lib.
3088 4178 3125 4216 ιι
3175 4162 3453 4229 Seutent.,
3510 4179 3628 4233 cap.
3675 4165 3790 4233 40,

2173 4270 2296 4324 pag.
2330 4253 2436 4309 449
2453 4251 2497 4325 ).
2531 4252 2639 4308 Sed
2663 4253 2717 4308 in
2741 4253 2905 4308 editis
2929 4253 3147 4326 legitur,
3175 4256 3551 4310 destinatione:
3586 4257 3641 4312 in
3662 4257 3791 4329 qni-

2176 4346 2404 4401 busdam
2446 4361 2575 4401 vero
2617 4347 3002 4418 manuscriptis
3044 4347 3323 4404 codicibus
3367 4350 3690 4418 conditione,
3725 4351 3788 4408 in

2175 4439 2297 4495 aliis
2327 4439 2562 4493 doctrina
2587 4440 2844 4509 scriptum
2871 4449 2973 4496 est.
3014 4440 3381 4508 Quamobrem
3412 4444 3555 4500 hunc
3582 4444 3781 4502 Isidori

2177 4534 2355 4590 locum
2385 4534 2548 4601 ultra,
2576 4548 2737 4605 quam
2764 4549 2864 4605 par
2882 4543 2988 4603 est,
3012 4536 3313 4608 urgendum
3333 4553 3439 4593 non
3471 4553 3783 4596 censemus.

2101 4620 2153 4680 D
2249 4630 2446 4686 Verum
2475 4629 2748 4685 Arnobius
2770 4629 2888 4686 haec
2916 4647 3078 4700 parva
3103 4648 3225 4690 esse
3246 4633 3467 4699 fatetur,
3500 4651 3564 4692 ac
3590 4648 3781 4693 contra

2176 4723 2426 4779 ethnicos
2454 4721 2613 4794 longe
2638 4722 2888 4794 graviora
2918 4734 3092 4796 urget.
3122 4725 3254 4781 Nam
3288 4743 3425 4798 quos
3447 4727 3784 4788 immortales

2175 4815 2308 4870 deos
2343 4811 2544 4869 ethnici
2594 4813 2963 4884 praedicabant
3009 4815 3266 4889 (Arnob.,
3319 4820 3409 4874 lib.
3442 4837 3512 4888 ιι,
3541 4838 3662 4894 pag.
3708 4822 3782 4879 92

2180 4917 2227 4962 et
2254 4905 2372 4976 95),
2391 4906 2580 4962 Jovem
2604 4908 2910 4980 fratresque
2931 4909 3070 4979 ejus,
3103 4926 3167 4966 ac
3187 4911 3478 4980 lunonem,
3500 4914 3778 4984 Liberum,

2115 4989 2122 4994 ’
2182 4998 2468 5065 Venerem,
2490 4999 2733 5063 Dianam,
2757 4999 3073 5068 Minervam,
3092 5003 3423 5075 Apollinem,
3443 5014 3604 5074 atque
3619 5004 3780 5074 alios,

2175 5091 2277 5148 hos
2305 5102 2484 5148 tamen
2513 5109 2702 5148 omnes
2730 5092 3020 5164 aliquando
3044 5097 3299 5165 coepisse,
3326 5107 3490 5168 atque
3525 5101 3594 5155 ab
3629 5100 3780 5170 aliis,

2178 5195 2238 5242 ut
2277 5187 2414 5241 infra
2443 5185 2655 5242 dicetur
2685 5185 2707 5258 (
2724 5185 2890 5257 Infr.,
2923 5205 3041 5259 cap.
3065 5190 3120 5254 9,
3149 5202 3250 5245 art.
3281 5191 3318 5246 5
3341 5203 3389 5246 et
3414 5209 3554 5265 seqq.
3579 5193 3622 5265 ),
3656 5210 3781 5263 pro-

2176 5289 2391 5333 creatos
2411 5275 2577 5333 fuisse
2600 5277 2928 5335 fatebantur.
2961 5280 3101 5349 Quid
3132 5297 3261 5355 ergo
3289 5289 3458 5356 magis
3480 5286 3778 5343 absurdum

2180 5379 2236 5426 et
2261 5369 2529 5440 iniquum,
2563 5386 2723 5441 quam
2753 5370 2808 5427 in
2834 5371 3146 5430 christianis
3179 5377 3469 5434 novitatem
3500 5379 3781 5451 religionis

2178 5461 2248 5516 ab
2275 5461 2339 5516 iis
2370 5461 2727 5532 reprehendi,
2771 5465 2861 5534 qui
2911 5465 3058 5521 illam
3102 5468 3434 5539 cogebantur
3474 5470 3529 5526 in
3577 5471 3779 5542 seipsis

2179 5570 2475 5626 agnoscere
2500 5570 2564 5611 ac
2592 5556 2886 5612 conﬁteri?

2250 5653 2320 5706 At
2346 5649 2612 5705 instabant
2636 5649 2837 5708 ethnici
2859 5653 3289 5724 antiquissimam
3313 5669 3434 5712 esse
3455 5655 3775 5728 religionem

2177 5755 2353 5809 suam,
2400 5741 2820 5800 christianorum
2852 5761 2982 5801 vero
3011 5761 3205 5803 novam
3240 5765 3302 5804 ac
3338 5757 3630 5806 recentem.
3668 5749 3777 5805 Sed

491 5895 505 5908 κ
564 5835 636 5891 At
672 5832 889 5905 quidam
935 5833 1165 5892 fortasse
1212 5850 1239 5890 a
1271 5835 1443 5908 'nobis
1487 5835 1852 5896 sciscitahitur
1897 5847 2073 5895 utrum
2174 5837 2288 5895 illis
2307 5837 2521 5908 reponit
2542 5835 2817 5900 Arnobius
2839 5837 2973 5901 nihil
2995 5838 3100 5902 hoc
3120 5851 3439 5914 argumento
3459 5857 3580 5902 esse
3596 5841 3779 5902 levius
