3980 6300
200 412 306 468 455

1452 406 1521 463 ΙΝ
1559 405 1929 478 ARNOBIUM,
1971 409 2122 467 CAP.
2165 410 2250 468 VI.

3385 416 3490 473 454

196 541 251 587 et
278 530 604 587 imbecillius
631 530 878 600 (Arnob.,
919 529 1010 600 tib.
1041 545 1100 595 ιι,
1134 544 1252 601 pag.
1300 528 1371 586 95
1396 539 1451 586 et
1479 528 1606 602 9L).
1636 529 1793 600 Quod
1821 531 1873 590 A
1896 530 2488 608 christianaereligionis
2503 535 2791 592 novitatem
2805 533 3286 606 possejurealiquo
3299 547 3496 606 expro-

198 627 342 684 enim
360 633 528 697 agunt
542 623 841 690 christiani,
867 624 912 679 si
937 639 1134 678 novum
1155 632 1260 689 est,
1287 631 1440 680 vetus
1462 623 1586 689 flet;
1610 639 1796 696 quem-
1897 624 2063 682 brari.

194 719 525 784 admodum,
575 717 720 789 quod
777 725 934 773 vetus
984 724 1069 772 est
1112 715 1376 783 ethnicis,
1423 731 1620 772 novum
1663 717 1793 774 olim

194 813 394 871 fuerat.
426 812 566 882 Quid
611 826 740 868 vero
763 854 778 878 ,
817 809 959 882 quod
989 810 1177 879 religio
1214 824 1320 864 non
1364 819 1642 880 tempore,
1689 825 1796 882 quo

189 907 386 976 cmpit,
413 905 510 960 sed
542 905 650 959 Deo
675 904 814 974 ipso,
843 917 1002 975 quem
1035 911 1342 970 veneratur,
1374 902 1688 959 aestimanda
1713 913 1798 960 est

196 997 403 1070 (Ibid.,
435 1014 559 1069 pag.
590 996 659 1053 94
677 997 740 1067 )?

272 1093 391 1148 Non
427 1091 676 1148 audiendi
707 1091 868 1162 igitur
898 1091 1131 1162 amplius
1155 1089 1357 1147 ethnici
1385 1105 1603 1146 rursum
1642 1090 1793 1146 voci-

199 1183 441 1240 ferantes
471 1194 597 1239 ante
644 1182 750 1238 400
798 1197 974 1238 annos
1005 1183 1205 1238 nullam
1251 1182 1416 1238 fuisse
1444 1183 1794 1238 christianam

201 1277 619 1350 professionem.
651 1277 768 1334 Jam
794 1278 936 1334 enim
963 1277 1091 1332 illud
1111 1292 1182 1332 ex
1208 1278 1366 1332 dictis
1386 1277 1626 1334 funditus
1644 1293 1796 1334 ever-

200 1387 323 1427 sum
345 1385 469 1426 esse
493 1371 612 1442 quis
641 1385 745 1425 non
767 1370 950 1426 videat
970 1371 993 1424 ?
1013 1370 1375 1438 Quamobrem
1402 1380 1589 1428 auctor
1612 1381 1797 1429 noster

201 1479 270 1519 ex
301 1463 596 1518 abundanti
626 1471 834 1517 tantum
869 1462 1162 1533 respondet
1186 1472 1312 1518 ante
1340 1463 1507 1518 millia
1545 1480 1797 1518 annorum

203 1558 326 1624 duo,
352 1557 427 1612 uti
449 1556 678 1626 probatu
702 1553 994 1611 facilimum
1017 1563 1152 1624 erat,
1184 1555 1360 1612 nullos
1380 1570 1604 1627 prorsus
1633 1556 1798 1612 fuisse

1969 720 2107 789 Quid
2148 737 2314 791 vero,
2361 725 2504 795 quod
2548 724 2780 778 maxima
2821 722 3158 779 ethnicorum
3206 723 3494 797 mysteria,

1901 813 2072 884 pergit
2108 815 2381 870 Arnobius
2409 815 2670 888 (Arnob.,
2700 815 2789 870 lib.
2825 831 2883 880 ιι,
2909 832 3032 886 pag.
3065 815 3134 871 95
3155 814 3197 887 ),
3244 816 3296 871 in
3327 816 3496 872 Sera-

1899 905 2062 976 pidis,
2094 907 2270 974 Isidis,
2302 907 2487 963 Matris
2515 908 2698 973 deum,
2742 908 3082 979 aliorumque
3118 909 3380 963 honorem
3408 923 3500 963 ce-

1903 997 2097 1053 lebrari
2134 999 2324 1067 solita,
2371 999 2440 1055 de
2483 1000 2680 1071 quibus
2727 1014 2825 1055 nos
2864 1001 2990 1056 alibi
3033 1003 3240 1071 egimus
3285 1000 3446 1071 (tam.
3477 1017 3501 1056 ι

1902 1092 2179 1162 Apparat.,
2199 1110 2318 1164 pag.
2347 1091 2451 1148 758
2475 1104 2524 1148 et
2547 1109 2677 1164 δαίμ,
2700 1091 2913 1149 Dissert.
2937 1095 2993 1148 in
3015 1092 3240 1158 Μίνωα,
3261 1109 3376 1162 cap.
3403 1093 3498 1160 17,

1902 1197 2002 1241 art.
2024 1188 2076 1254 1,
2099 1197 2146 1243 et
2174 1205 2289 1261 cap.
2312 1187 2404 1253 20,
2428 1198 2528 1241 art.
2551 1188 2576 1240 1
2608 1197 2653 1241 et
2671 1188 2753 1258 2),
2775 1196 2830 1243 et
2851 1187 2985 1242 infra
3008 1187 3184 1242 adhuc
3204 1185 3498 1258 agendum,

1901 1293 2087 1334 eorum
2127 1280 2230 1336 diis
2275 1281 2434 1351 longe
2462 1280 2764 1336 recentoria
2806 1288 2951 1334 sunt.
2996 1279 3079 1334 Ab
3125 1279 3318 1334 iisdem
3363 1292 3498 1348 ergo

1901 1371 2151 1441 ethnicis,
2176 1372 2221 1426 si
2251 1371 2360 1428 suis
2387 1372 2660 1442 principiis
2684 1381 2828 1426 stare
2854 1371 3172 1438 voluissent,
3218 1383 3495 1440 nunquam

1898 1463 2128 1532 admitti,
2161 1474 2216 1520 et
2241 1479 2455 1535 semper
2482 1465 2633 1534 rejici
2662 1463 2952 1520 debebant.

1970 1559 2041 1613 At
2063 1557 2255 1613 saltem
2275 1573 2344 1613 ex
2372 1557 2670 1624 concessis,
2705 1558 3022 1628 inquiebaut
3049 1557 3304 1628 gentiles,
3337 1571 3499 1627 aper-

202 1647 518 1705 corumdem
569 1648 845 1720 gentilium
887 1648 1288 1717 Romanorum,
1334 1663 1430 1705 seu
1481 1649 1794 1705 Latinorum
1897 1652 2102 1708 tissime
2131 1651 2398 1723 colligitur
2414 1651 2640 1707 deorum
2662 1662 2971 1708 nostrorum
3013 1651 3329 1720 religionem
3348 1650 3497 1706 chri—

201 1744 356 1799 deos.

1897 1748 2069 1802 stiana
2089 1761 2210 1802 esse
2232 1745 2388 1817 longe
2407 1745 2787 1816 antiquiorem,
2807 1754 2969 1814 atque
2984 1743 3187 1799 idcirco
3203 1743 3494 1799 veriorem.

273 1838 544 1894 Saturnus
573 1838 720 1893 enim
763 1835 900 1893 Caeli
923 1847 979 1893 et
1008 1836 1222 1893 Hecate
1266 1836 1436 1904 ﬁlius,
1468 1836 1656 1892 Jovem
1679 1878 1694 1902 ,
1733 1853 1798 1894 ac
1829 1864 1875 1924 B
1901 1838 2071 1910 Negat
2101 1840 2278 1909 primo
2304 1840 2745 1911 consequentiam
2773 1839 3064 1894 Arnobius.
3098 1835 3312 1893 Sufﬁcit
3344 1838 3496 1924 enim

204 1932 414 1998 Picum,
433 1930 592 1987 Picus
604 1930 869 1995 Faunum,
891 1930 1108 1987 Faunus
1129 1931 1376 1988 Latinum
1397 1932 1583 2002 genuit
1600 1931 1794 2003 (ibid.).

202 2027 375 2093 Quam
405 2035 585 2082 autem
615 2025 668 2079 id
697 2041 885 2080 verum
914 2025 985 2080 sit
1006 2041 1070 2080 ex
1097 2025 1258 2080 variis
1281 2024 1656 2094 scriptoribus,
1688 2026 1800 2083 his-

205 2133 309 2189 que
338 2119 677 2190 potissimum
710 2117 912 2189 Virgilii
939 2117 1265 2174 carminibus
1291 2117 1559 2189 colligitur
1592 2136 1606 2172 :

823 2255 930 2306 Rex
958 2267 1071 2306 arva
1095 2256 1316 2313 Latinus,
1343 2261 1396 2305 et
1416 2257 1570 2305 urbes
1618 2257 1620 2259 ’

303 2320 411 2369 Jam
435 2321 600 2370 senior
625 2319 768 2380 longa
795 2319 1006 2380 placidas
1023 2320 1070 2367 iu
1099 2333 1226 2382 pace
1242 2319 1471 2381 regebat.

296 2383 437 2432 Hunc
461 2382 628 2432 Fauno
643 2390 704 2445 et
726 2381 940 2445 Nympha
963 2381 1187 2444 genitum
1212 2381 1459 2431 Laurente
1484 2381 1662 2430 Marica

294 2447 591 2506 Accipimus,
619 2444 786 2495 Fauno
811 2445 956 2493 Picus
979 2453 1136 2506 pater,
1160 2445 1302 2506 isque
1329 2452 1582 2506 parentem

296 2510 390 2568 'l‘e,
417 2507 648 2569 Saturne,
666 2507 854 2558 refert:
878 2515 932 2557 tu
955 2508 1208 2570 sanguinis
1232 2507 1431 2556 ultimus
1453 2512 1640 2555 auctor.

605 2611 832 2682 (Virgil.,
856 2609 942 2663 lib.
960 2627 1039 2672 ιιι,
1064 2609 1280 2671 zEneid.,
1308 2623 1432 2660 vers.
1459 2609 1522 2660 45
1542 2615 1587 2660 et
1607 2608 1732 2675 seq.)

203 2747 369 2819 Atqui
391 2745 478 2801 his
511 2744 682 2800 tribus
706 2743 836 2798 viris
865 2743 1014 2808 Pico,
1054 2740 1242 2796 Fauno
1268 2747 1324 2794 et
1351 2738 1562 2805 Latino,
1596 2737 1675 2792 uti
1706 2751 1797 2792 ar-

200 2847 317 2917 guit
356 2843 660 2910 Arnobius,
715 2857 821 2897 non
869 2841 1109 2912 longius,
1155 2855 1312 2911 quam
1345 2838 1452 2893 560
1499 2852 1795 2904 annorum,

197 2941 437 3011 spatium
468 2936 730 3008 temporis
755 2946 810 2991 et
836 2936 960 2990 vita:
993 2934 1217 2990 concedi
1247 2940 1441 3003 potest.
1483 2930 1671 2985 Nullus
1696 2945 1796 2984 au-

201 3046 311 3089 tem
345 3031 624 3088 dubitandi
656 3030 804 3085 locus
843 3038 966 3093 est;
999 3028 1127 3096 quin
1167 3026 1256 3080 ille
1296 3025 1458 3087 ultra,
1508 3038 1668 3093 quam
1701 3038 1798 3078 ne-

200 3141 358 3182 cesse
385 3134 536 3188 erat,
587 3138 656 3178 ne
685 3121 813 3193 quid
856 3120 1058 3176 ethnici
1103 3119 1310 3174 hiscere
1357 3118 1650 3183 auderent,
1693 3115 1798 3170 hoc

200 3219 464 3290 temporis
509 3216 848 3272 intervallum
910 3212 1242 3282 produxerit.
1305 3210 1437 3266 Nam
1480 3211 1533 3264 in
1580 3206 1796 3264 Eusebii

199 3313 464 3370 chronico
494 3311 663 3366 multo
689 3310 860 3380 magis
881 3309 964 3364 his
992 3308 1171 3363 verbis
1198 3305 1538 3362 contrahitur
1556 3302 1795 3378 (Euseb,

199 3406 382 3460 chron.
404 3446 420 3472 ,
452 3404 540 3458 lib.
574 3419 588 3457 ι
634 3412 681 3457 et
713 3402 800 3457 lib.
829 3418 904 3470 ιι,
939 3402 1006 3454 ad
1034 3417 1159 3454 ann.
1193 3399 1379 3471 858):
1415 3416 1435 3450 ι
1472 3397 1682 3452 Primus
1704 3413 1801 3453 rex

200 3505 517 3560 Latinorum
556 3510 677 3572 post
723 3508 935 3569 captam
976 3497 1193 3567 Trojam
1230 3494 1452 3550 Encas.
1499 3494 1640 3549 Ante
1678 3507 1800 3548 eum

199 3599 372 3653 Janus
392 3639 406 3661 ,
453 3596 751 3663 Saturnus,
797 3594 984 3660 Picus,
1015 3592 1232 3648 Faunus
1256 3597 1620 3661 regnaverunt
1645 3588 1804 3643 annis

199 3697 422 3751 circiter
451 3694 588 3758 150;
627 3714 646 3746 ι
678 3693 932 3748 nimirum
973 3692 1128 3746 annis
1155 3699 1214 3744 ut
1245 3691 1422 3744 minus
1447 3689 1670 3745 totidem
1695 3688 1799 3744 150

203 3803 369 3858 quam
417 3786 690 3842 Arnobius
733 3783 1024 3856 gentilibus
1063 3784 1230 3853 gratis
1273 3783 1563 3837 concessit.
1613 3781 1687 3836 De
1717 3780 1801 3835 his

206 3879 399 3950 primis
444 3878 754 3933 Latinorum
801 3875 1018 3946 regibus
1062 3873 1262 3930 videsis
1304 3873 1618 3944 Dionysium
1653 3871 1800 3927 Hali-

202 3989 556 4030 carnasseum
577 4013 592 4037 ,
637 3973 926 4026 Auctorem
955 3967 1158 4039 Origin.
1202 3976 1351 4036 gent.
1380 3981 1542 4030 rom.,
1573 3965 1803 4020 Lactan-

206 4069 370 4131 tium,
406 4065 759 4135 Augustinum
779 4107 794 4130 ,
824 4073 877 4116 et
905 4061 1039 4114 alios
1067 4058 1347 4131 (Dionys.,
1381 4058 1469 4112 lib.
1501 4073 1518 4111 ι
1545 4056 1794 4125 Antiquit.

199 4178 339 4216 rom.
358 4201 373 4221 ,
403 4176 526 4230 pag.
557 4157 626 4213 24
653 4167 698 4210 ct
723 4157 823 4219 5d;
866 4154 1017 4207 Auct.
1055 4151 1198 4223 Orig.
1221 4193 1236 4216 ,
1281 4167 1403 4221 pag.
1433 4148 1575 4215 596;
1611 4146 1757 4202 Lact.
1781 4187 1800 4216 ,

202 4255 297 4307 lib.
331 4269 372 4317 ι,
404 4268 518 4321 cap.
549 4249 641 4316 22,
665 4266 784 4320 pag.
815 4247 918 4302 127
940 4265 954 4314 ;
980 4247 1218 4318 Angust.,
1251 4245 1338 4297 lib.
1368 4257 1496 4296 xvut
1538 4241 1600 4296 de
1622 4239 1794 4306 Civit.,

200 4363 324 4416 cap.
363 4345 451 4412 15,
482 4361 601 4415 pag.
636 4342 738 4398 499
767 4343 807 4410 ).

281 4459 432 4514 Albae
454 4467 652 4522 autem,
680 4457 854 4528 pergit
875 4457 1166 4522 Arnobius,
1189 4453 1449 4510 Ascanius
1469 4453 1666 4524 aliique
1686 4452 1800 4523 ejus

204 4565 559 4606 successores
587 4551 741 4604 annis
778 4563 945 4618 prape
983 4547 1089 4602 420
1129 4553 1492 4617 regnaverunt
1533 4542 1763 4617 (Arnob.
1785 4585 1800 4609 ,

205 4646 298 4698 lib.
332 4659 369 4698 ιι
390 4685 405 4708 ,
437 4658 558 4712 pag.
595 4642 694 4708 95;
734 4651 854 4694 tom.
889 4656 906 4694 ι
939 4641 1214 4709 Apparat.,
1246 4639 1298 4690 in
1327 4636 1470 4708 βω).
1496 4634 1553 4690 In
1582 4634 1800 4691 Eusebii

204 4748 389 4792 autem
425 4735 687 4791 chronico
729 4735 853 4788 anni
905 4733 1043 4796 152,
1091 4742 1146 4786 et
1181 4746 1210 4784 a
1253 4729 1531 4785 Clemente
1569 4729 1802 4783 Alexan-

208 4831 370 4884 drino
398 4827 536 4892 422,
565 4833 963 4896 computantur.
999 4823 1242 4892 Denique
1281 4835 1310 4873 a
1341 4819 1512 4875 Roma
1551 4819 1798 4886 condita,

209 4927 277 4980 ad
308 4941 462 4980 suam
493 4940 661 4994 usque
705 4931 916 4977 :etatem
956 4921 1163 4975 Auctor
1191 4926 1376 4974 noster
1412 4930 1582 4970 annos
1607 4928 1803 4984 prope-

208 5020 432 5076 modum
462 5016 624 5072 1050.
657 5013 948 5069 Eusebiaui
989 5026 1120 5067 vero
1159 5009 1398 5066 chronici
1437 5013 1624 5062 auctor
1659 5005 1801 5060 1146

209 5115 432 5169 [luxisse
461 5110 766 5178 perhibent.
798 5109 871 5163 De
902 5108 986 5163 his
1009 5107 1169 5162 etiam
1201 5103 1449 5160 omnibus
1477 5099 1676 5170 aliquid
1701 5115 1801 5154 no-

212 5207 444 5261 tavimus
492 5206 544 5259 in
576 5201 872 5258 Clementis
912 5197 1255 5256 Alexandrini
1282 5194 1653 5264 chronologia.
1695 5193 1803 5249 Sed

209 5302 327 5356 hazc
359 5300 576 5355 uberius
598 5298 873 5367 prosequi,
903 5310 966 5351 ac
993 5295 1176 5367 plures
1200 5292 1336 5348 alios
1360 5287 1801 5360 chronographos

207 5392 520 5448 nominibus
541 5392 652 5445 suis
677 5389 947 5459 appellare
974 5385 1110 5442 nihil
1130 5398 1353 5440 necesse
1381 5393 1482 5439 est.
1515 5381 1630 5438 Non
1657 5381 1800 5438 enim

211 5485 465 5540 omnibus
508 5482 744 5538 numeris
789 5479 1090 5536 absolutam
1119 5491 1383 5533 annorum
1409 5474 1801 5545 computando-

211 5597 328 5636 rum
353 5578 618 5635 rationem
643 5574 885 5645 sequitur
901 5573 1192 5637 Arnobius,
1215 5571 1312 5627 sed
1335 5572 1593 5638 ipsosmet
1614 5583 1802 5639 recep-

209 5685 293 5728 tos
317 5672 386 5729 ab
409 5670 640 5726 ethnicis
662 5669 931 5723 annalium
955 5667 1246 5736 scriptores
1264 5665 1460 5720 citasse
1491 5671 1798 5728 contentus,

206 5767 314 5820 illis
343 5767 500 5835 plura
533 5765 692 5818 etiam
723 5761 967 5833 largitur,
1001 5775 1162 5831 quam
1184 5759 1496 5814 desiderare
1527 5766 1798 5828 poterant.

213 5855 634 5913 Evidentissimc
661 5855 826 5926 igitur
847 5868 912 5908 ex
945 5852 1027 5907 his
1064 5852 1396 5907 demonstrat
1424 5850 1642 5906 illorum
1672 5849 1804 5905 deos

214 5966 315 6004 non
351 5961 478 6003 ante
519 5963 780 6002 annorum
828 5946 934 5999 duo
965 5945 1129 5999 millia
1160 5943 1431 6011 extitisse,
1463 5959 1562 5998 nec
1592 5944 1660 5999 ab
1697 5944 1806 6001 illis

1901 1945 2186 2003 utramque
2207 1931 2496 2002 aliquando
2516 1934 2768 2001 ccepisse,
2797 1941 2854 1986 ut
2883 1946 2978 2001 par
3006 1931 3076 1985 sit
3105 1918 3385 2002 utrobique
3405 1947 3498 1985 ra-

1904 2024 2000 2079 tio.
2021 2023 2159 2092 Quid
2180 2025 2325 2078 enim
2348 2023 2455 2078 duo
2480 2029 2750 2078 annorum
2775 2022 2963 2090 millia,
2991 2037 3113 2077 cum
3141 2022 3352 2078 caneris
3375 2037 3496 2076 om-

1904 2115 2060 2171 nibus
2085 2125 2243 2170 antea
2274 2115 2472 2186 elapsis
2491 2124 2828 2187 comparata,
2853 2130 2950 2186 pro
2971 2115 3198 2186 alicujus
3224 2114 3498 2186 religionis

1903 2210 2131 2264 veritate
2157 2207 2337 2264 facere
2367 2209 2639 2280 possunt?

1979 2302 2180 2358 Deinde
2207 2317 2338 2357 vero
2364 2302 2454 2357 ille
2483 2301 2660 2357 adhuc
2693 2312 2948 2373 pernegat
2984 2317 3016 2357 a
3046 2300 3359 2358 christianis
3387 2303 3499 2359 coli

1902 2395 2102 2466 aliquid
2167 2410 2365 2450 novum
2414 2404 2468 2450 et
2517 2396 2857 2452 ethnicorum
2905 2395 3165 2467 religione
3224 2397 3496 2452 recentius

1903 2489 2126 2557 (Arnob.
2151 2529 2166 2556 ,
2205 2488 2292 2542 lib.
2342 2504 2420 2556 ιι,
2463 2506 2581 2560 pag.
2622 2489 2751 2563 95').
2799 2489 2966 2545 Deum
3005 2490 3281 2545 enimvero
3308 2489 3498 2544 colunt

1903 2582 2352 2654 omnipotentem,
2377 2599 2482 2638 non
2506 2583 2667 2638 modo
2683 2583 3136 2654 antiquissimum,
3161 2582 3256 2638 sed
3282 2582 3495 2652 ingeni-

1905 2683 2014 2729 tum
2041 2675 2222 2738 etiam,
2255 2683 2309 2730 et
2328 2686 2613 2740 :eternum,
2646 2689 2710 2729 ac
2735 2691 2914 2730 rerum
2941 2675 3179 2729 omnium
3209 2674 3408 2729 fontem
3437 2683 3497 2730 et

1901 2765 2182 2836 originem.
2207 2765 2348 2820 Nihil
2378 2781 2508 2837 ergo
2535 2781 2731 2822 novum
2753 2767 3029 2821 christiani
3050 2766 3102 2821 in
3126 2765 3381 2820 mundum
3408 2766 3495 2820 in-

1903 2859 2280 2924 troduxerunt,
2313 2859 2408 2914 sed
2439 2859 2581 2930 quod
2609 2875 2730 2915 sero
2756 2859 3061 2914 didicerant
3089 2875 3119 2913 a
3139 2855 3375 2924 Christo,
3401 2859 3498 2929 qui

1901 2955 2154 3009 miseram
2185 2954 2461 3008 hominum
2489 2953 2656 3008 falsos
2684 2953 2818 3008 deos
2841 2952 3133 3008 colentium
3151 2993 3168 3018 ,
3199 2965 3496 3022 verumque

1902 3047 2072 3102 Deum
2104 3047 2466 3116 ignorantium
2495 3047 2794 3101 caecitatem
2824 3047 3098 3100 discussit.

1972 3140 2132 3196 Plura
2179 3139 2394 3210 quidem
2433 3139 2708 3194 Arnobius
2747 3139 2816 3194 de
2855 3138 2996 3192 alliis
3040 3137 3350 3193 Christianae
3396 3153 3490 3193 rc-

1903 3234 2114 3305 ligionis
2129 3233 2466 3304 dogmatibus
2484 3234 2555 3289 ibi
2571 3249 2677 3288 non
2697 3232 2937 3304 protulit,
2957 3240 3070 3286 tum
3087 3232 3211 3302 quia
3226 3230 3292 3285 ad
3310 3230 3494 3301 depcl-

1904 3331 2116 3386 lendam
2145 3344 2300 3384 novae
2328 3329 2606 3398 religionis
2633 3327 3081 3382 obtrectationem
3109 3341 3229 3396 quae
3259 3323 3492 3390 dixerat,

1905 3425 2063 3496 plane
2109 3423 2489 3479 sufficiebant:
2535 3433 2647 3477 tum
2689 3421 2814 3492 quia
2844 3420 2999 3492 paulo
3027 3429 3152 3474 ante
3185 3433 3496 3489 supremam

1905 3518 2105 3574 Christi
2134 3517 2489 3583 divinitatem,
2521 3516 2732 3586 aliaque
2769 3513 3014 3585 ejusdem
3055 3511 3362 3568 christiana:
3407 3526 3496 3566 re-

1907 3612 2119 3682 ligionis
2147 3611 2342 3682 placita
2379 3610 2507 3666 alibi
2533 3609 2897 3675 demonStrat,
2926 3607 3068 3663 sicut
3102 3615 3290 3678 postea
3315 3613 3497 3661 osten-

1903 3707 2112 3764 demus.

2519 3843 2746 3901 CAPUT
2786 3843 2875 3900 Vl.

1907 3965 2064 4021 Aliud
2090 3965 2356 4036 gentilium
2381 3965 2622 4018 adversus
2650 3963 2982 4018 christianum
3019 3963 3314 4033 religionem
3341 3976 3498 4032 argu-

1977 4070 2217 4125 mentum,
2243 4075 2306 4114 ea:
2321 4058 2535 4130 publicis
2554 4057 2924 4112 calamitatibus
2944 4057 3177 4129 petitum,
3191 4055 3423 4111 solvitur.

2432 4211 2722 4253 ARTICULUS
2759 4212 2918 4252 PRIHU
2925 4214 2950 4252 5
2959 4234 2974 4251 ο

1906 4335 2221 4387 Ethnicorum
2261 4335 2498 4386 adversus
2533 4334 2813 4386 christiante
2850 4330 3113 4387 religionis
3135 4332 3396 4381 veritatem
3420 4343 3503 4380 ar-

1970 4411 2282 4460 gumentum,
2308 4413 2370 4448 ex
2399 4399 2548 4460 variis
2569 4396 2789 4460 cladibus
2821 4402 2874 4444 et
2903 4394 3264 4460 calamitatibus
3281 4430 3294 4453 ,
3321 4394 3505 4460 quibus

1906 4469 1920 4478 ‘
1971 4457 2133 4522 genus
2152 4457 2416 4511 humanum
2440 4459 2552 4508 olim
2572 4457 2916 4522 divexabatur,
2942 4457 3168 4522 petitum,
3195 4457 3504 4522 praponitur,

1970 4515 2344 4584 iﬁtenditurque
2369 4535 2396 4570 a
2420 4523 2600 4584 quibus
2619 4515 3076 4583 scriptoribus’olim
3096 4515 3302 4566 dilutum
3336 4515 3505 4566 confu-

1972 4596 2224 4650 tatumque
2245 4585 2409 4635 fuerit.

1981 4736 2141 4811 Aliud
2177 4744 2363 4792 contra
2392 4733 2701 4789 christiana:
2747 4730 3022 4801 religionis
3057 4728 3346 4784 veritatem
3405 4741 3501 4782 ar-

1909 4839 2244 4904 gumentum,
2263 4828 2558 4898 saepissime
2569 4835 2623 4880 et
2641 4825 2705 4880 ad
2723 4838 2975 4879 nauseam
2993 4837 3163 4892 usque
3183 4820 3252 4876 ab
3272 4819 3503 4877 ethnicis

1908 4931 2263 4985 recantatum,
2313 4918 2536 4987 insignis
2563 4926 2616 4972 et
2646 4913 3029 4971 absurdissima
3070 4912 3172 4968 fuit
3206 4913 3500 4979 calumnia,

1907 5032 2010 5086 qua
2061 5013 2418 5078 christianos,
2471 5009 2626 5065 sicuti
2679 5009 2867 5064 scribit
2914 5007 3185 5062 Arnobius
3232 5003 3502 5077 (Arnob.,

1908 5109 1998 5165 lib.
2032 5124 2084 5172 ι,
2113 5122 2232 5177 pag.
2266 5106 2292 5159 1
2324 5114 2370 5158 et
2396 5120 2534 5174 seqq.
2559 5103 2604 5172 ),
2653 5103 2723 5158 ob
2750 5103 3011 5170 rejectum
3052 5098 3502 5168 repudiatumque

1907 5201 2130 5256 deorum
2168 5197 2394 5261 cultum,
2424 5195 2666 5252 omnium
2696 5194 3031 5265 publicarum
3058 5190 3289 5247 cladium
3319 5199 3376 5244 et
3401 5203 3498 5244 ca-

1907 5291 2226 5359 lamitatum,
2269 5290 2464 5362 quibus
2488 5304 2660 5361 genus
2685 5288 2977 5343 humanum
3011 5284 3326 5348 vexabatur,
3369 5295 3500 5336 cau-

1907 5401 2021 5442 sam
2070 5393 2329 5440 essetam
2378 5382 2547 5449 falso,
2594 5397 2754 5453 quam
2803 5379 3059 5435 audacter
3105 5374 3499 5446 praedicabant.

1909 5477 2185 5535 Summam
2225 5477 2502 5532 enimvero
2529 5483 2751 5545 propter
2793 5470 3208 5527 christianorum
3252 5468 3501 5538 impieta-

1909 5579 2040 5637 tem,
2058 5570 2134 5624 uti
2158 5569 2234 5624 illi
2255 5567 2594 5639 jactitabant,
2615 5565 2684 5620 ab
2708 5563 2812 5618 diis
2832 5563 3025 5618 merito
3054 5560 3204 5614 iratis
3233 5558 3500 5630 abiectam

1911 5680 2091 5720 rerum
2121 5671 2454 5719 terrenarum
2476 5673 2680 5723 curam,
2707 5665 2760 5712 et
2784 5656 2920 5710 mala
2942 5655 3142 5718 omnia,
3167 5653 3362 5724 quibus
3382 5651 3501 5706 ubi-

1910 5772 2014 5828 que
2045 5756 2290 5810 homines
2319 5753 2562 5808 solebant
2586 5747 2778 5805 conlici
2806 5757 2862 5802 et
2888 5745 3103 5816 oprimi,
3131 5745 3182 5800 in
3216 5755 3386 5800 totum
3417 5743 3500 5798 iu-

1910 5859 2062 5906 vecta
2091 5847 2257 5902 fuisse
2283 5855 2545 5900 terrarum
2578 5842 2784 5898 orbem.

1980 5941 2148 6006 Quam
2177 5945 2355 5991 autem
2389 5935 2641 6004 frequens
2681 5931 3007 6010 fueritghaec
3047 5933 3334 6006 gentilium
3371 5944 3512 6004 que-
