3980 6308
476 420 587 479 Αδῦ

1659 418 2108 479 DISSERTATIO
2148 418 2427 476 PIUEVIA

3662 422 3769 477 456

476 537 714 595 rimouia
760 545 816 592 et
850 536 1150 602 accusatio,
1192 536 1238 591 si
1279 536 1421 601 seire
1444 535 1606 603 velis,
1633 537 1789 604 audi,
1820 539 1866 594 si
1896 537 2073 603 lubet,
2103 537 2157 601 Α
2254 537 2447 595 Postea
2490 532 2666 592 adhuc
2691 534 3049 608 Symmachus
3090 535 3431 593 sterilitatem
3474 544 3659 604 terra,
3690 538 3770 593 ta-

480 627 920 684 Tertullianum:
972 644 991 678 ί
1030 626 1085 682 In
1140 626 1321 684 odium
1368 629 1629 684 bonorum
1673 638 1729 686 et
1776 630 2066 701 proborum

481 723 814 792 conspirant,
848 739 869 775 ι
898 720 1122 788 ethnici,
1161 741 1181 773 ι
1219 723 1309 793 qui
1339 723 1601 783 adversus
1630 725 1941 795 sanguinem
1981 724 2068 780 in-

481 822 769 870 nocentem
794 814 1157 876 conclamant,
1185 824 1545 885 praetexentes
1573 829 1704 879 sane
1739 816 1803 875 ad
1835 817 1945 873 odii
1971 816 2068 877 de-

480 905 782 963 fensionem
814 905 959 969 illam
989 920 1203 977 quoque
1233 907 1548 973 vanitatem,
1578 908 1722 977 quod
1764 908 2074 971 existituent

478 999 659 1056 omnis
701 998 928 1068 publicae
971 999 1171 1067 cladis,
1207 1001 1384 1065 omnis
1425 1000 1698 1070 Popularis
1744 999 2073 1063 incommodi

479 1089 807 1155 christianos
857 1104 980 1149 esse
1045 1105 1283 1153 causam.
1340 1091 1397 1155 Si
1444 1091 1655 1148 Tiberis
1721 1090 1964 1157 ascendit
2006 1091 2074 1153 ad

478 1182 717 1249 mmnia,
768 1182 814 1241 si
844 1182 994 1243 Nilus
1033 1200 1143 1241 non
1184 1184 1457 1241 descendit
1506 1184 1575 1239 ad
1609 1200 1767 1252 arva,
1800 1186 1844 1245 si
1880 1186 2075 1249 acetum

477 1276 662 1343 stetit,
696 1276 741 1332 si
774 1284 916 1333 terra
944 1278 1146 1345 movit,
1178 1278 1222 1335 si
1254 1277 1443 1344 fames,
1476 1279 1521 1339 si
1553 1279 1690 1344 lues.
1721 1280 1899 1339 statim
1935 1279 2079 1335 chri-

475 1370 686 1427 SIianos
715 1369 784 1429 ad
817 1369 1048 1433 leonem.
1090 1371 1292 1426 Tantos
1344 1372 1409 1437 ad
1438 1388 1602 1431 unum
1634 1391 1654 1427 ι
1692 1370 2073 1444 (Τενιυαὶαιι.,

479 1462 731 1533 Apolog.,
757 1478 875 1532 cap.
903 1462 998 1529 40,
1027 1479 1144 1535 pag.
1179 1464 1248 1519 56
1267 1463 1309 1537 ).
1348 1464 1550 1525 Eadem
1582 1465 1775 1535 repetit
1800 1466 1854 1520 in
1885 1481 1984 1527 suo
2010 1465 2078 1523 ad

477 1552 739 1613 Nationes
799 1553 941 1609 libro
986 1553 1208 1627 (Idem,
1242 1556 1332 1611 lib.
1388 1572 1406 1613 ι
1444 1556 1514 1615 ad
1555 1555 1804 1625 Notium,
1856 1574 1974 1627 cap.
2011 1557 2074 1624 9,

479 1664 603 1719 pag.
634 1646 704 1705 54
730 1646 774 1719 ).
821 1648 928 1711 Sed
948 1647 1020 1705 de
1047 1649 1139 1709 illo
1169 1651 1318 1719 plura
1339 1666 1369 1705 a
1398 1650 1554 1713 nobis
1578 1665 1679 1713 suo
1708 1652 1827 1708 loco
1855 1652 2079 1715 dicenda

477 1750 626 1794 sunt.

2174 644 2425 700 memque
2450 627 2719 699 publicam
2749 628 2957 699 negatis
2991 626 3291 687 Vestalium
3316 628 3775 699 "nudatumque

2172 721 2510 781 ethnicorum
2575 720 2868 791 privilegiis
2919 720 3194 778 aceriberc
3255 735 3365 783 non
3435 721 3700 787 dubitavit
3760 741 3775 778 :

2176 832 2200 869 ‹
2236 812 2410 873 Nemo
2439 828 2526 875 me
2558 821 2710 882 putet
2739 813 2914 871 solum
2958 828 3178 873 causam
3230 812 3551 885 religionum
3600 814 3777 871 tueri:

2174 920 2239 963 ex
2278 903 2585 974 huiusmodi
2624 901 2953 965 facinoribus
2994 913 3114 963 orta
3157 912 3285 961 sunt
3321 912 3521 963 cuncta
3553 904 3781 967 Romani

2175 998 2387 1068 generis
2426 995 2862 1051 incommoda....
2904 995 3101 1052 Secuta
3131 996 3348 1057 esthoc
3382 996 3580 1065 factum
3608 997 3779 1056 fames

2176 1091 2413 1162 publica,
2439 1102 2496 1153 et
2522 1106 2677 1162 spem
2706 1092 3108 1161 provinciarum
3146 1095 3387 1153 omnium
3417 1092 3610 1151 messis
3635 1107 3783 1163 aegra

2178 1182 2429 1253 decepit:
2459 1183 2577 1243 Non
2605 1193 2733 1245 sunt
2768 1184 2885 1247 btet:
2933 1185 3065 1243 vitis
3097 1193 3460 1244 terrarum...
3488 1186 3782 1257 sacrilegio

2178 1291 2351 1339 annus
2374 1275 2553 1342 aruit;
2583 1290 2807 1339 necesse
2825 1277 2970 1337 enim
3000 1275 3105 1337 fuit
3125 1276 3306 1346 perire
3325 1276 3602 1339 omnibus.
3630 1276 3780 1348 quod

2179 1368 2550 1439 religionibus.
2600 1368 2948 1439 negabatur;
3000 1367 3189 1442 (Apud
3227 1368 3492 1436 Aethrae,
3538 1376 3666 1431 tam.
3708 1385 3780 1437 ιι,

2181 1476 2302 1530 pag.
2333 1459 2431 1523 85!
2466 1468 2514 1523 et
2538 1475 2675 1530 «qq.
2694 1460 2739 1530 ).

2252 1553 2422 1621 Quam
2445 1555 2653 1619 crebra.
2691 1568 2755 1615 ac
2780 1567 2919 1624 pene
2933 1551 3271 1623 quotidiana,
3299 1560 3356 1613 et
3383 1551 3644 1615 diuturna
3665 1552 3783 1615 tue-

2182 1648 2254 1707 rit
2277 1647 2471 1713 stolida
2500 1647 2587 1709 illa
2615 1645 2900 1716 gentilium
2923 1644 3167 1716 querela,
3192 1644 3319 1707 inde
3338 1644 3516 1707 adhuc
3541 1644 3782 1715 cuttjice,

2184 1740 2325 1812 quod
2353 1739 2555 1795 ethnici
2580 1754 2700 1795 eam
2734 1753 2763 1790 a
2790 1737 3101 1792 chrisdanae
3143 1737 3423 1808 religionis
3459 1738 3686 1801 exordio
3711 1739 3779 1801 ad

551 1831 813 1905 Origenes
865 1848 993 1889 vero
1057 1842 1308 1891 testatum
1361 1834 1487 1903 facit
1518 1836 1748 1907 gentiles
1787 1837 1975 1903 eadem
2028 1849 2083 1897 et
2187 1833 2468 1905 Augustini
2492 1847 2660 1903 usthB
2709 1840 2948 1901 tempora
2999 1831 3051 1895 in
3083 1845 3179 1899 ore
3216 1846 3432 1902 semper
3470 1832 3781 1895 habuerint.

480 1922 611 1980 olim
633 1932 688 1981 et
712 1938 810 1980 suo
830 1924 1006 1993 adhuc
1028 1936 1270 1999 tempore
1291 1925 1428 1993 falsa
1447 1928 1536 1991 illa
1552 1930 1928 1997 criminatione
1947 1932 2071 1995 abu-
2100 1934 2147 1994 B
2174 1925 2343 1991 Audi,
2385 1939 2597 1995 quiest),
2632 1924 2920 1992 ipsummet
2962 1932 3208 1991 sanctum
3240 1922 3392 1989 illum
3442 1923 3726 1989 doctorem
3762 1943 3776 1978 ε

478 2030 573 2079 sos
594 2016 761 2077 fuisse
790 2037 803 2073 :
835 2037 855 2071 ι
888 2017 1020 2077 Cum
1045 2020 1159 2081 haec
1186 2042 1206 2073 ι
1237 2022 1427 2092 inquit,
1456 2042 1473 2089 ς
1503 2024 1826 2094 contigerint
1848 2027 2070 2092 mundo,

480 2124 851 2185 consequens,
884 2116 1037 2185 quasi
1078 2114 1580 2185 derelinquentibus
1609 2116 1915 2181 hominibus
1943 2117 2074 2179 deo-

478 2217 603 2257 rum
631 2202 832 2258 cultum
853 2246 868 2270 ,
904 2214 961 2259 ut
990 2213 1205 2275 propter
1235 2205 1627 2263 multitudinem
1655 2206 2071 2270 Christianorum

480 2294 664 2355 dicant
690 2294 808 2352 ﬁeri
843 2295 1016 2363 bella,
1045 2296 1235 2363 fames,
1277 2306 1332 2352 ct
1359 2299 1709 2368 pestilentias.
1743 2298 2074 2371 Frequenter

480 2385 627 2449 enim
657 2385 817 2449 famis
844 2401 1005 2445 causa
1048 2386 1373 2451 christianos
1410 2388 1695 2458 culparum
1731 2392 1986 2461 gentiles,
2021 2402 2074 2449 et

480 2479 807 2550 quicumque
877 2480 1156 2549 sapiebant
1199 2497 1318 2552 quae
1363 2481 1597 2552 gentium
1658 2494 1823 2553 sunt,
1874 2486 1971 2541 sed
2022 2493 2076 2540 et

482 2572 915 2643 pestilentiarum
935 2589 1126 2637 causas
1144 2574 1207 2629 ad
1224 2572 1424 2637 Christi
1442 2576 1733 2643 Ecclesiam
1752 2578 2071 2635 retulerunt.

480 2663 699 2723 Scimus
726 2676 905 2721 autem
935 2675 989 2722 ct
1016 2665 1157 2739 apud
1196 2682 1295 2729 nos
1340 2679 1499 2723 terrae
1528 2681 1731 2727 motum
1776 2671 1975 2737 factum
2019 2674 2072 2728 in

480 2756 618 2813 locis
639 2758 981 2831 quibusdam,
1011 2769 1067 2815 et
1092 2760 1256 2819 iactas
1282 2763 1447 2825 fuisse
1474 2764 1729 2834 quasdam
1756 2767 1972 2835 ruinas;
2001 2769 2074 2824 ita

483 2859 545 2909 ut
572 2850 665 2922 qui
706 2860 863 2915 erant
901 2850 1048 2923 impii
1077 2863 1228 2908 extra
1256 2853 1437 2921 ﬁdem,
1468 2870 1685 2913 causam
1718 2868 1875 2915 terrte
1899 2869 2076 2919 motus

484 2943 733 3003 dicerent
774 2944 1099 3001 christianos
1124 2964 1139 3014 ;
1171 2957 1389 3021 propter
1417 2950 1557 3019 quod
1587 2960 1643 3014 et
1674 2955 2076 3021 persecutiones

480 3052 656 3110 passae
669 3046 795 3092 sunt
810 3037 1145 3102 Ecclesim,et
1159 3040 1391 3104 iucensm
1409 3055 1554 3100 sunt.
1567 3043 1686 3103 Non
1703 3047 1873 3113 solum
1893 3060 2071 3113 autem

481 3133 584 3201 illi,
618 3132 711 3195 sed
740 3142 793 3186 et
814 3134 904 3203 qui
936 3133 1251 3200 videbantur
1279 3135 1594 3207 prudentes,
1626 3137 1752 3193 talia
1784 3140 1834 3194 in
1860 3141 2074 3210 publico

484 3226 763 3290 dicereut;
812 3228 936 3299 quia
983 3241 1201 3301 propter
1246 3230 1568 3289 christianos
1599 3231 1734 3297 fiunt
1772 3234 2071 3304 gravissimi

2180 2038 2200 2075 ί
2237 2017 2462 2085 Quando
2496 2015 2710 2079 auditis,
2742 2032 2762 2081 9
2794 2015 2867 2071 ait
2907 2012 3148 2089 (August.
3178 2015 3232 2070 ia
3270 2014 3406 2071 titul.
3440 2017 3575 2086 psal.
3609 2031 3779 2083 cru,

2178 2110 2206 2183 §
2237 2111 2289 2177 1,
2312 2126 2431 2180 pag.
2454 2107 2557 2165 857
2572 2108 2614 2179 ),
2653 2124 2672 2160 ι
2693 2107 2895 2179 garrire
2919 2106 3289 2177 blasphemus,
3315 2117 3373 2175 et
3397 2108 3579 2177 dicere
3606 2108 3786 2173 abun-

2174 2203 2303 2258 dare
2329 2214 2607 2271 pressuras
2642 2199 2975 2268 temporibus
3020 2199 3372 2265 christianis;
3423 2202 3575 2256 scitis
3618 2202 3774 2257 enim

2176 2296 2298 2367 quia
2331 2297 2432 2349 hoc
2455 2302 2640 2355 amant
2667 2293 2848 2354 dicere
2874 2311 2888 2347 :
2918 2301 2973 2346 et
2997 2301 3153 2359 vetus
3185 2294 3431 2369 quidem,
3458 2296 3554 2353 sed
3580 2310 3611 2355 a
3641 2306 3782 2363 tem-

2176 2388 2395 2457 poribus
2445 2384 2750 2440 cbristianis
2795 2384 2960 2454 erupit
3015 2385 3355 2454 proverbium
3411 2406 3425 2440 :
3480 2385 3602 2441 Non
3643 2387 3780 2461 pluit

2176 2479 2317 2534 Deus
2369 2495 2387 2533 :
2426 2479 2527 2543 duc
2571 2476 2639 2533 ad
2667 2478 2994 2543 christianos.
3042 2479 3375 2561 Quamquam
3423 2481 3631 2553 priores
3676 2483 3784 2537 ista

2177 2572 2447 2639 dixerunt,
2479 2572 2565 2626 isti
2597 2579 2777 2628 autem
2807 2571 2966 2635 modo
2990 2570 3204 2641 dicunt,
3229 2583 3275 2626 et
3302 2573 3420 2653 quia
3449 2574 3576 2642 pluit
3602 2571 3749 2628 Deus
3768 2616 3783 2639 ,

2177 2665 2277 2718 duc
2304 2666 2372 2718 ad
2399 2664 2775 2719 christianos.»
2826 2663 2955 2732 Qua:
2980 2663 3195 2735 quidem
3228 2665 3319 2721 ille
3351 2681 3458 2720 non
3495 2667 3670 2721 solum
3705 2666 3783 2724 ibi

2177 2756 2400 2813 uberius
2426 2757 2788 2827 prosequitur,
2823 2755 2917 2812 sed
2947 2758 3054 2812 alio
3080 2757 3259 2813 adhuc
3287 2759 3340 2812 in
3368 2758 3505 2814 libro
3526 2758 3668 2814 hunc
3693 2776 3788 2817 re—

2178 2853 2312 2922 petit
2332 2853 2383 2905 in
2425 2849 2643 2906 modum
2671 2868 2686 2905 :
2724 2868 2743 2902 (
2778 2850 3048 2907 Memento
3081 2861 3260 2907 autem
3289 2866 3377 2911 me
3412 2853 3513 2909 ista
3540 2867 3787 2909 comme-

2177 2953 2499 3011 morantem,
2530 2942 2706 2998 adhuc
2734 2952 2920 2999 contra
2952 2944 3232 3014 imperitos
3252 2960 3431 3016 agere,
3458 2960 3527 3001 ex
3548 2961 3785 3018 quorum

2181 3037 2448 3107 imperitia
2470 3038 2597 3092 illud
2620 3052 2834 3107 quoque
2852 3045 3030 3093 ortum
3053 3046 3135 3091 est
3156 3038 3378 3108 vulgare
3400 3040 3748 3108 proverbium
3774 3060 3789 3096 :

2198 3132 2371 3202 pluvia
2389 3131 2550 3194 desit,
2569 3147 2728 3187 causa
2752 3132 3050 3186 christiani.
3070 3133 3206 3188 Sunt
3218 3149 3471 3204 namque,
3488 3136 3577 3206 qui
3592 3152 3788 3193 eorum

2176 3225 2363 3280 studiis
2426 3224 2734 3280 liberalibus
2780 3224 3035 3289 instituti,
3087 3235 3270 3281 amant
3316 3228 3622 3296 historiam,
3674 3246 3790 3301 qua

484 3329 645 3387 terrae
665 3327 844 3383 motus
872 3339 889 3370 ι
927 3318 1192 3395 (θῆραι,
1227 3320 1401 3387 Τνατι.
1428 3323 1522 3390 ~28,
1550 3324 1602 3379 in
1627 3324 1841 3392 Matt/4.,
1866 3337 1990 3385 ιοιη,
2023 3345 2078 3395 ιι,
2112 3330 2156 3391 C
2188 3318 2447 3373 facillime
2492 3319 2591 3373 ista
2636 3329 2940 3373 noverunt:
2973 3318 3067 3374 sed
3102 3328 3158 3373 ut
3186 3320 3342 3377 nobis
3388 3321 3786 3382 ineruditornm

484 3428 607 3483 pag.
639 3409 708 3475 88
730 3410 772 3483 ).
804 3410 981 3469 Testis
1013 3413 1167 3481 nobis
1196 3412 1371 3469 adhuc
1398 3414 1808 3483 cstLactantins
1834 3420 2077 3485 ethnicos

484 3509 732 3579 eamdem
758 3522 859 3573 suo
883 3509 1045 3565 etiam
1069 3520 1313 3578 tempore
1335 3509 1599 3571 cecinisse
1621 3513 1963 3581 cantilenam,
1990 3516 2075 3579 ubi

482 3603 579 3661 ille
618 3603 953 3673 obiectarum
1006 3602 1340 3673 publicarunt
1380 3603 1611 3667 cladium
1654 3617 1710 3675 et
1737 3609 2074 3673 miseriarum

484 3700 884 3751 accusationem
934 3697 986 3750 in
1020 3698 1164 3765 ipsos
1212 3697 1288 3751 sic
1327 3696 1569 3752 refundit
1603 3717 1615 3751 :
1655 3718 1672 3749 ‹
1724 3699 1919 3757 Discite
1958 3701 2077 3769 ideq

483 3787 629 3841 mala
677 3786 856 3841 omnia
903 3786 1065 3842 rebus
1097 3786 1345 3841 humanis
1386 3788 1624 3858 quotidie
1664 3791 2073 3860 ingravescere,

485 3881 614 3950 quia
643 3879 784 3935 Deus
803 3923 818 3945 ,
865 3880 1021 3949 hujus
1048 3881 1229 3935 mundi
1263 3880 1485 3936 cﬂ‘ector
1513 3895 1565 3936 et
1594 3885 1952 3954 gubernatur,
1985 3887 2075 3943 de-

484 3973 709 4041 relictus
741 3982 861 4043 est;
905 3974 1029 4045 quia
1068 3985 1332 4044 susceptae
1365 3985 1523 4041 sunt,
1554 3989 1745 4033 contra
1793 3994 1953 4049 quam
1998 3982 2076 4038 fas

486 4075 593 4129 est,
626 4066 809 4137 impia:
830 4066 1117 4137 religiones
1139 4084 1156 4133 ;
1181 4078 1461 4136 postremo
1486 4069 1610 4138 quia
1634 4086 1703 4125 ne
1730 4073 1836 4128 coli
1857 4073 2075 4142 quidem

485 4159 574 4213 vel
604 4174 634 4213 a
659 4159 840 4228 paucis
882 4159 1053 4215 Deum
1094 4161 1269 4215 sinitis
1304 4181 1323 4213 ι
1358 4163 1375 4233 (
1398 4160 1638 4228 Laetam,
1668 4165 1755 4219 tib.
1785 4182 1840 4233 v,
1874 4184 1991 4238 cap.
2021 4169 2074 4236 8,

487 4268 610 4323 pag.
634 4252 740 4308 479
766 4262 811 4305 et
839 4269 978 4322 seqq.
1004 4252 1043 4323 ).
1078 4253 1133 4308 Si
1165 4255 1308 4309 enim
1339 4255 1430 4310 ille
1453 4256 1617 4323 solus,
1642 4260 1940 4316 observatis
1960 4264 2077 4334 ejus

484 4342 715 4414 legibus,
744 4343 903 4399 sicuti
932 4360 1029 4416 par
1054 4355 1159 4409 est,
1187 4346 1477 4419 coleretur,
1517 4364 1623 4405 non
1649 4362 1850 4419 essent,
1882 4354 2073 4426 inquit,

486 4434 870 4504 dissensiones,
915 4437 1075 4503 bella,
1109 4436 1347 4509 fraudes,
1379 4441 1600 4515 rapiare,
1633 4445 1914 4517 adulteria,
1942 4449 2077 4503 alia-

481 4543 590 4600 que
614 4530 785 4595 mala,
811 4531 1005 4599 quibus
1034 4531 1325 4587 huutanum
1360 4549 1531 4603 genus
1569 4538 1806 4609 seipsum
1836 4540 2073 4597 conﬁcit.

553 4619 665 4675 Nos
694 4636 823 4676 vero
848 4623 1227 4677 annotavimus
1253 4624 1381 4693 quid
1410 4624 1730 4683 Maximinus
1759 4627 2075 4699 Imperator,

2184 3412 2366 3466 turbas
2395 3411 2769 3467 inieStis-simas
2814 3411 3043 3466 reddant
3062 3454 3076 3477 ,
3107 3427 3167 3468 sc
3206 3428 3371 3469 nosse
3395 3414 3744 3473 dissimulant
3767 3460 3783 3485 ,

2177 3513 2337 3574 atque
2370 3502 2472 3557 hoc
2497 3503 2637 3571 apud
2681 3502 2872 3574 vulgus
2897 3504 3223 3561 conﬁrmare
3256 3506 3528 3573 nituntur,
3557 3509 3747 3565 clades
3766 3552 3783 3575 ,

2178 3597 2371 3666 quibus
2399 3611 2495 3665 per
2523 3606 2668 3651 certa
2698 3596 2980 3652 intervalla
3004 3597 3248 3655 locorum
3280 3609 3336 3655 et
3362 3608 3661 3670 temporum
3685 3618 3789 3673 ge-

2180 3705 2280 3749 nus
2308 3689 2601 3751 humanum
2625 3700 2837 3760 oportet
2862 3691 3048 3763 attligi,
3076 3709 3237 3749 causa
3260 3695 3509 3753 accidere
3541 3698 3789 3754 nominis

2179 3780 2493 3846 christiani,
2541 3783 2684 3849 quod
2729 3792 2916 3843 contra
2948 3783 3079 3840 deos
3109 3800 3239 3843 suos
3286 3785 3489 3857 ingenti
3518 3786 3692 3853 fama,
3720 3800 3789 3847 et

2180 3874 2592 3945 prmclarissima
2647 3876 2962 3935 celebritate
3011 3892 3107 3948 per
3157 3889 3348 3934 cuncta
3392 3879 3712 3939 diffunditur
3755 3904 3776 3940 ι

2179 3966 2197 4038 (
2226 3967 2394 4035 Ideni,
2428 3969 2512 4023 lib.
2544 3985 2581 4029 tt
2609 3968 2673 4029 de
2695 3970 2870 4036 Cirin,
2902 3987 3019 4041 cap.
3049 3972 3104 4035 5,
3139 3989 3258 4044 pag.
3292 3974 3363 4029 55
3388 3974 3429 4044 ).

2248 4060 2330 4117 Ad
2358 4061 2493 4119 hanc
2518 4070 2696 4121 autem
2726 4063 3089 4134 importunam
3121 4081 3186 4121 ac
3214 4066 3401 4125 falsam
3427 4068 3781 4133 criminatio-

2179 4171 2326 4224 nem,
2347 4157 2548 4215 tamdiu
2567 4157 2831 4228 toticsque
2842 4160 2911 4213 ab
2928 4159 3007 4214 eis
3031 4160 3335 4229 repetitam,
3354 4162 3781 4231 propulsandam

2179 4260 2233 4305 et
2284 4250 2499 4319 penitus
2547 4251 3009 4320 comprimendam
3038 4293 3054 4319 ,
3103 4254 3454 4311 eruditissimi
3499 4255 3786 4326 religionis

2179 4354 2377 4398 nostra:
2413 4344 2729 4399 defensores
2776 4356 2831 4399 et
2874 4355 3131 4401 tractatus
3175 4359 3229 4401 et
3268 4347 3434 4403 libros
3475 4348 3784 4406 identidem

2179 4436 2487 4499 ediderunt.
2514 4437 2649 4505 Cum
2673 4440 2816 4501 enim
2835 4438 3208 4495 Demetrianus
3228 4441 3555 4501 christianos
3591 4445 3780 4515 publi-

2180 4545 2365 4589 carum
2396 4530 2763 4597 calamitatum
2790 4545 3006 4593 causam
3040 4547 3161 4587 esse
3190 4533 3437 4602 latraret,
3468 4533 3783 4607 Cyprianus

2180 4618 2624 4691 Carthaginensis
2678 4622 3013 4695 episcopus,
3061 4623 3329 4681 clamosus
3379 4625 3524 4681 illius
3571 4642 3783 4701 voces,

484 4710 795 4779 christianis
838 4713 1264 4781 infensissimus,
1296 4717 1491 4788 iniquis
1516 4720 1790 4789 civitatum
1821 4722 2074 4780 adversus

2185 4714 2503 4787 ineptasqnc
2534 4713 2936 4787 obiurgationes
2963 4754 2978 4778 ,
3022 4716 3254 4785 primum
3286 4718 3625 4787 spernendus
3652 4735 3786 4787 esse

483 4819 581 4865 eos
598 4805 1045 4891 postulationibus
1059 4811 1400 4881 responderit
1416 4818 1431 4881 (
1446 4812 1656 4873 Dissert.
1675 4815 1726 4869 in
1745 4814 1875 4887 Luc.
1895 4816 2076 4893 Cea’L,

486 4913 603 4970 cap.
640 4900 728 4977 ιβ,
757 4910 858 4965 art.
889 4901 943 4966 5,
968 4918 1083 4973 pag.
1121 4903 1284 4975 546).
1326 4904 1395 4959 At
1427 4906 1480 4959 in
1521 4923 1617 4973 ea,
1647 4924 1805 4977 quam
1846 4909 1914 4967 ad
1957 4909 2078 4973 illas

485 4990 736 5061 civitates
779 4991 992 5062 scripsit
1023 4994 1287 5063 epistola,
1324 4996 1600 5066 audamer,
1640 5008 1775 5059 teste
1807 4999 2039 5071 Eusebio
2060 5044 2076 5069 ,

484 5083 765 5153 asserebat
788 5085 1094 5155 acerbiores
1128 5086 1460 5144 calamitates
1488 5091 1776 5162 contigisse
1815 5111 1827 5148 :
1858 5097 1949 5151 Διά
1990 5100 2078 5156 τήν

487 5176 704 5255 ὀλέθριον
730 5177 916 5247 πλάνην
937 5188 1029 5243 τῆς
1056 5180 1298 5237 ὐποκένου
1325 5183 1655 5255 ματαιότητος
1694 5194 1793 5241 τῶν
1835 5189 2079 5260 ἀθεμίτων

486 5272 758 5344 ἀνθρώπων
786 5274 980 5345 epam
1008 5275 1222 5353 ἐγένετο,
1250 5278 1395 5344 oriza
1420 5280 1553 5347 κατᾲ
1582 5282 1676 5345 τάς
1704 5279 1890 5353 ψυχάς
1916 5284 2079 5339 αὐτῶν

487 5363 799 5439 ἐπεπόλαζᾷ,
831 5367 913 5435 κᾳὶ
933 5365 1126 5443 σχεδὸν
1171 5371 1327 5425 εἰπεῖν
1360 5372 1426 5424 τὰ
1465 5378 1744 5443 πανταχοῦ
1789 5382 1879 5437 τῆς
1909 5377 2079 5437 οἰκον-

484 5456 641 5529 μὲνῖης
670 5459 953 5530 αἰσχυναις
984 5459 1165 5526 ἐπίεξε.
1199 5460 1275 5523 0b
1304 5461 1602 5533 pestilerum
1634 5472 1853 5525 errarent
1884 5466 2081 5537 inanis,

488 5547 632 5601 sima:
647 5549 880 5603 vanitatis
901 5549 1261 5619 sceleratorum
1280 5550 1487 5609 illorum
1506 5553 1769 5625 hominum
1787 5570 2075 5633 evenerunt,

489 5652 589 5707 quo
616 5651 838 5708 tempore
862 5656 1003 5694 error
1038 5641 1124 5697 ille
1164 5644 1217 5701 in
1238 5644 1425 5703 animis
1458 5645 1662 5713 illorum
1696 5646 2000 5717 pullulavit,
2033 5660 2078 5706 et

490 5728 780 5785 uniuersum
797 5733 1164 5802 propemodum
1193 5745 1445 5795 terrarum
1461 5739 1631 5791 orbem
1648 5738 1806 5807 probo
1827 5756 1885 5793 ac
1903 5742 2081 5799 decore

494 5818 715 5886 applevit
784 5820 1053 5892 (Euseb.,
1121 5824 1210 5879 tib.
1262 5842 1300 5891 tt
1341 5826 1540 5895 Eccles.
1590 5828 1808 5897 Itistor.,
1862 5848 1977 5905 cap.
2023 5833 2076 5904 7,

494 5932 617 5986 pag.
649 5917 756 5976 355
774 5921 815 5993 ).

2182 4808 2460 4877 censebat.
2500 4806 2699 4863 Verum
2736 4808 2843 4875 ille,
2869 4808 3321 4882 quemadmodum
3352 4817 3386 4865 Α
3399 4810 3623 4867 rnnbius
3653 4828 3795 4870 nos-

2184 4912 2266 4961 ter
2293 4900 2640 4975 (Arnob.,lib.
2672 4917 2711 4969 ι,
2742 4919 2860 4975 pag.
2881 4902 2956 4971 l),
2990 4917 3059 4963 ne
3086 4916 3146 4961 se
3174 4902 3430 4970 heminis,
3467 4905 3633 4974 impie
3663 4906 3785 4963 Deo

2181 4997 2541 5071 obstrepentis
2566 5037 2582 5063 ,
2612 4996 2939 5061 clamoribus
2969 4996 3112 5050 vinci
3135 5038 3177 5062 ,.
3205 5012 3269 5055 ac
3309 5012 3433 5063 cum
3463 4999 3788 5058 christianis

2183 5105 2344 5161 causa
2382 5090 2644 5159 cecidisse
2674 5090 2965 5159 diceretur,
3002 5090 3459 5155 dementissimam
3494 5093 3640 5150 illius
3691 5103 3786 5151 te-

2184 5186 2488 5255 meritatem
2513 5195 2741 5255 tractatu
2768 5184 3026 5251 adversus
3052 5200 3174 5257 eum
3197 5187 3344 5251 edito
3379 5187 3637 5247 coercuit.
3665 5188 3789 5245 Hu-

2180 5281 2334 5351 jusce
2369 5288 2550 5345 autem
2599 5278 2778 5348 operis
2840 5278 2991 5345 initio
3027 5279 3107 5337 sic
3150 5278 3236 5349 ille
3266 5279 3500 5351 loquitur
3544 5298 3557 5335 :
3615 5301 3632 5333 ι
3662 5282 3785 5349 Sed

2184 5372 2327 5441 enim
2356 5387 2478 5435 eum
2511 5373 2655 5439 dicas
2682 5371 2944 5443 plurimos
2960 5375 3219 5445 conqueri
3241 5415 3254 5439 ,
3301 5375 3443 5444 quod
3476 5374 3619 5441 bella
3647 5392 3785 5439 (ει-ετ

2186 5464 2335 5525 brius
2363 5472 2606 5535 surgant,
2629 5463 2771 5533 quod
2797 5463 2931 5531 lues,
2961 5465 3102 5535 quod
3132 5465 3303 5520 fames
3327 5466 3572 5531 saeviant,
3595 5468 3786 5540 quod,

2181 5569 2287 5625 que
2318 5552 2519 5617 imbres
2550 5562 2605 5617 et
2638 5552 2844 5623 pluvias
2876 5570 3066 5612 serena
3097 5556 3253 5627 longa
3284 5556 3645 5629 suspendant,
3670 5576 3787 5623 rio-.-

2181 5647 2264 5711 bis
2312 5646 2607 5721 imputari,
2666 5656 2843 5705 tacere
2878 5648 3016 5715 ultra
3065 5664 3170 5705 non
3221 5660 3475 5721 oportet;
3529 5668 3599 5709 ne
3653 5654 3786 5723 jam

2185 5756 2292 5798 non
2317 5740 2684 5811 verecundizc,
2738 5739 2830 5795 sed
2859 5739 3150 5805 dilideutia:
3179 5758 3302 5799 esse
3330 5744 3580 5815 incipiat,
3621 5749 3785 5816 quod

2184 5842 2428 5892 tacemus
2446 5874 2463 5902 ,
2511 5842 2567 5889 et
2605 5831 2732 5888 dum
2757 5831 3165 5899 criminationes
3192 5839 3587 5897 contemnimus
3614 5837 3785 5901 refu-

2196 5940 2313 5989 tare
2332 5970 2348 6001 ,
2380 5926 2658 5989 videamur
2683 5928 2888 5985 crimen
2918 5944 3234 6001 agnoscere.
3262 5931 3584 6002 Respondeo
3607 5935 3793 6005 igitur
