3980 6288
198 338 283 397 ιιι
1415 327 1483 386 lN
1511 325 1770 389 Διιιιοιι

1879 371 1895 397 .
1943 328 2099 389 CAP.
2146 328 2231 389 γι.
3376 327 3484 387 458

189 462 237 510 et
263 448 377 517 tibi,
400 447 765 515 Bactriana,
786 452 841 503 st
859 446 1101 514 caeteris,
1132 459 1268 515 quos
1290 451 1346 501 tu
1377 441 1601 501 forsitan
1629 458 1762 501 con-
1787 447 1843 509 Α
1867 445 2044 516 gionis
2066 446 2374 503 christiana
2401 446 2625 503 exordio
2642 446 2709 503 ad
2726 461 2881 504 suam
2903 461 3075 519 usque
3099 454 3318 504 aetatem
3338 445 3477 502 nihil

188 544 384 613 citasti,
426 552 485 600 et
518 544 778 599 adversus
800 556 919 609 nos,
948 541 1072 597 odia
1101 541 1210 599 tuis
1244 540 1525 596 maledicis
1551 540 1772 595 vocibus
1876 548 2070 597 contra
2093 548 2262 595 statas
2274 548 2481 617 naturae
2502 540 2670 611 leges,
2701 554 2878 610 neque
2900 540 2957 595 in
2972 539 3281 604 elementis,
3300 551 3479 610 neque

187 638 495 698 seminando
515 681 531 704 ,
571 638 799 695 comites
827 637 920 692 tibi
951 637 1158 709 plures,
1183 635 1384 691 radicis
1409 644 1571 705 atque
1599 633 1769 704 origi-

194 733 267 791 nis
306 741 411 788 tua
454 731 811 802 pullulatione
848 729 1057 795 fecisti,
1099 744 1234 796 quos
1278 736 1459 784 tamen
1504 727 1771 782 sermonis

190 825 345 882 nostri
379 823 668 879 admittere
717 821 882 878 credo
933 822 1221 877 rationem.
1254 840 1275 875 s
1322 819 1615 893 (Cypriae.
1648 862 1663 887 ,
1699 818 1769 874 ad

193 917 428 982 ιιοιιιιιτη
458 933 580 988 ρας.
610 914 762 988 iss).

255 1012 580 1084 Augustinus
604 1027 771 1078 vero,
815 1009 883 1065 de
922 1023 1031 1080 quo
1065 1023 1166 1065 nos
1207 1008 1368 1078 paulo
1398 1015 1524 1062 ante
1551 1006 1768 1062 diceba-

194 1120 334 1171 tlms,
374 1114 562 1175 aperte
600 1102 841 1159 declarat
865 1118 927 1158 se
952 1102 1200 1157 eamdem
1256 1101 1327 1156 ob
1370 1113 1590 1155 causam
1632 1115 1767 1154 con-

193 1198 455 1270 scripsisse
481 1211 610 1253 suos
637 1196 708 1251 de
734 1195 964 1251 Civitate
998 1194 1089 1250 Dei
1122 1194 1322 1259 libros,
1353 1207 1581 1263 quorum
1610 1193 1768 1262 quin-

193 1289 570 1362 queprioribus
615 1288 756 1343 hanc
797 1287 1093 1345 inﬁdelium
1136 1284 1411 1345 hominum
1438 1285 1766 1349 calumniam

194 1382 492 1453 expressius
521 1378 740 1437 refellit.
774 1378 901 1441 Haec
922 1388 1102 1439 autem
1126 1388 1251 1439 sunt
1281 1376 1501 1437 totidem
1532 1375 1675 1431 illius
1700 1391 1764 1432 ea

195 1480 258 1536 de
281 1477 514 1535 reverita
551 1496 565 1533 :
601 1477 852 1545 «interea
890 1477 1057 1531 Boma
1105 1474 1405 1539 Gothorum
1431 1473 1764 1541 irruptione,

195 1573 442 1645 agentium
466 1572 574 1628 sub
596 1586 724 1643 rege
754 1570 987 1637 Alarico,
1012 1568 1175 1641 alque
1205 1570 1405 1638 impetu
1429 1582 1633 1638 magna:
1658 1567 1771 1621 cla-

193 1668 269 1724 dis
294 1681 476 1723 eversa
507 1676 596 1723 est
626 1684 643 1721 :
682 1667 837 1737 cujus
874 1667 1213 1721 eversionem
1254 1664 1479 1719 deorum
1513 1664 1767 1718 lalsorum

195 1760 576 1829 multorumque
613 1759 891 1823 cultores,
935 1773 1070 1828 quos
1110 1756 1559 1821 usitato‘nomine
1602 1771 1770 1827 paga-

1876 636 1932 689 in
1962 636 2116 697 solis,
2153 635 2316 699 lunae,
2350 645 2401 690 et
2431 645 2704 693 astrorum
2731 648 2916 699 cursu,
2954 648 3132 705 neque
3156 633 3214 688 in
3244 643 3482 704 quatuor

1872 733 1999 785 anni
2029 733 2462 800 tempestatibus,
2508 746 2686 800 neque
2734 730 2788 784 in
2840 729 3005 785 solita
3055 737 3219 784 terra
3265 728 3480 783 anima-

1875 822 2115 893 liumque
2136 822 2505 889 fmcunditate,
2528 823 2768 893 nequeiu
2786 821 3018 892 publicis
3037 820 3290 877 humanis
3312 820 3478 879 rebus

1873 925 1930 969 et
1950 915 2253 985 disciplinis
2271 924 2535 971 mutatum
2559 916 2649 969 sit.
2674 914 2874 970 Verum
2895 914 3206 982 superiores
3235 912 3480 983 publicas

1873 1007 2211 1063 calamitates
2231 1051 2246 1073 ,
2278 1008 2548 1062 rhetorica
2580 1006 2748 1077 ﬁgura
2796 1006 2956 1076 paulo
2986 1006 3210 1062 nimium
3238 1005 3478 1074 ampliﬁ-

1874 1114 2029 1154 casse
2075 1101 2320 1168 pluribus
2365 1100 2595 1155 fortasse
2636 1098 2944 1164 videretur,
2993 1099 3097 1154 nisi
3149 1112 3474 1166 persuasum

1877 1194 2017 1247 haud
2048 1194 2210 1249 dubie
2242 1196 2317 1249 illi
2348 1193 2542 1250 fuisset
2569 1194 2752 1260 toties,
2789 1193 2870 1248 uti
2911 1192 3166 1257 diximus,
3193 1193 3477 1263 repetitam

1873 1288 1941 1349 ad
1970 1288 2201 1343 ethnicis
2222 1290 2668 1346 obtrectationem
2694 1298 2771 1343 tot
2791 1288 3054 1358 exemplis
3084 1302 3205 1342 esse
3225 1287 3479 1342 refellen-

1874 1382 2021 1445 dam,
2057 1391 2114 1436 ut
2149 1383 2215 1437 ad
2255 1384 2543 1448 silendum,
2572 1393 2665 1438 aut
2688 1383 2882 1437 saltem
2913 1381 2980 1436 ad
3006 1380 3319 1451 pudendum
3357 1380 3473 1436 adi-

1870 1488 2146 1548 gerentur.
2178 1477 2545 1547 Quamobrem
2595 1476 2966 1532 Tertullianus
3016 1477 3070 1530 in
3112 1475 3271 1544 longa
3312 1474 3475 1530 etiam

1875 1570 2224 1635 earumdem,
2277 1586 2397 1640 qua:
2447 1579 2573 1625 ante
2618 1567 2820 1624 Christi
2860 1576 3039 1621 ortum
3094 1566 3475 1636 contigerant,

1881 1660 2118 1717 cladium
2159 1663 2571 1717 enumeratione
2617 1660 2709 1714 diu
2749 1669 3029 1725 versatur,
3072 1673 3174 1713 nec
3212 1669 3372 1713 secus
3415 1671 3481 1712 ac

1877 1768 2063 1811 noster
2087 1767 2275 1811 auctor
2307 1767 2490 1827 postea
2517 1748 2796 1811 concludit
2830 1773 2844 1808 :
2872 1771 2893 1806 ι
2927 1754 2983 1808 Si
3013 1754 3268 1824 pristinas
3297 1751 3481 1806 clades

194 1868 282 1915 nos
304 1868 577 1917 vocamus,
611 1854 664 1907 in
690 1854 1038 1907 cbristiaaam
1072 1853 1388 1922 religionem
1430 1850 1637 1907 relerre
1673 1864 1766 1907 co-
1800 1830 1849 1892 B
1875 1865 2271 1921 comparemus,
2315 1851 2516 1907 leviora
2560 1865 2702 1919 nunc
2732 1849 3016 1917 accidunt,
3064 1864 3128 1909 ex
3165 1863 3273 1921 quo
3297 1846 3477 1903 chris-

197 1956 407 2014 nantes,
465 1948 628 2003 solito
675 1948 925 2002 acerbius
971 1956 1028 2003 et
1076 1948 1312 2001 amarius
1360 1945 1524 2005 Deum
1578 1959 1768 1999 verum

195 2039 553 2110 blasphemus
578 2050 879 2110 coeperunt.
933 2038 1083 2095 Unde
1131 2054 1232 2108 ego
1258 2038 1618 2099 crudescens
1651 2037 1771 2093 zelo

199 2134 374 2190 domus
395 2134 512 2202 Dei,
543 2136 805 2191 adversus
826 2147 1012 2187 eorum
1038 2132 1403 2203 blasphemias
1423 2132 1505 2186 vel
1531 2146 1768 2199 errores,

196 2225 343 2282 libros
382 2226 452 2282 de
498 2224 736 2283 Civitate
766 2224 858 2279 Dei
886 2223 1125 2279 scribere
1156 2223 1478 2279 institui.....
1528 2221 1771 2289 Quorum

196 2319 408 2390 quinque
435 2320 595 2390 primi
622 2333 718 2375 eos
775 2317 1072 2382 refellunt,
1123 2316 1216 2387 qui
1266 2331 1355 2371 res
1401 2315 1666 2370 humanas
1693 2315 1769 2371 ita

196 2412 483 2481 prosperari
521 2411 728 2477 volunt,
760 2421 817 2465 ut
841 2409 909 2464 ad
941 2409 1045 2464 hoc
1075 2409 1367 2464 multorum
1395 2407 1619 2465 deorum
1649 2409 1772 2465 cul-

196 2510 325 2571 tum,
367 2518 503 2575 quos
552 2503 741 2574 pagani
768 2502 951 2557 colere
986 2509 1353 2566 consuerunt,
1405 2500 1769 2556 necessarium

194 2610 301 2652 esse
333 2597 688 2664 arbitrentur,
736 2606 792 2659 et
817 2594 939 2664 quis
969 2593 1309 2663 prohibetur,
1341 2592 1479 2649 mala
1510 2592 1613 2649 ista
1635 2607 1769 2647 exo-

198 2691 297 2757 riri,
330 2700 490 2762 atque
540 2690 820 2746 abundare
844 2687 1179 2744 contendunt
1218 2705 1238 2743 ι
1283 2684 1559 2756 (August,
1591 2685 1678 2741 lib.
1707 2701 1767 2753 ιι,

197 2780 427 2850 Retract.,
459 2800 584 2854 cap.
614 2780 730 2856 45).

253 2874 425 2946 Neque
454 2874 755 2946 Augustino
783 2873 884 2931 hos
907 2915 922 2940 ,
964 2871 1210 2943 quamvis
1230 2870 1457 2929 eximios
1484 2869 1769 2929 excellen-

197 2977 366 3040 tesque
408 2968 580 3027 libros
625 2965 926 3025 confecisse
953 2974 1084 3023 satis
1109 2964 1246 3021 fuit:
1290 2963 1386 3021 sed
1425 2962 1674 3021 Orosium
1701 2962 1771 3018 ad

190 3061 479 3135 scribendas
516 3062 743 3119 annales
790 3058 1048 3129 impulit,
1089 3046 1285 3130 quibus
1340 3056 1517 3126 palam
1566 3054 1774 3113 iaceret

1878 1946 2055 1998 tianos
2085 1960 2112 1999 a
2158 1944 2270 1998 Deo
2299 1944 2448 1999 orbis
2492 1946 2719 2014 accepit.
2767 1944 2846 1998 Ex
2884 1959 2951 1998 eo
2981 1943 3127 2000 enim
3168 1940 3482 1997 innocentia

1877 2037 2062 2091 saeculi
2094 2037 2405 2107 iniquitates
2445 2036 2804 2115 temperavit,
2851 2045 2906 2093 et
2958 2034 3343 2105 deprecatores
3387 2033 3483 2087 Dei

1879 2144 2001 2201 esse
2034 2139 2316 2199 creperum
2352 2149 2371 2193 ι
2408 2128 2767 2195 {Tertullian.,
2796 2129 3043 2201 Apolog.,
3075 2145 3192 2198 cap.
3226 2127 3342 2199 40).
3373 2125 3485 2184 Sed

1880 2222 1995 2277 haec
2025 2223 2132 2285 ille.
2179 2224 2246 2277 de
2274 2239 2381 2294 quo
2412 2239 2511 2278 nos
2554 2238 2652 2279 suo
2694 2224 2848 2289 loco,
2900 2224 3071 2278 iusius
3103 2222 3211 2279 alio
3252 2224 3306 2278 in
3343 2222 3484 2278 libro

1874 2320 2221 2390 prosequitur
2246 2317 2439 2393 (Idem,
2473 2319 2564 2374 lib.
2595 2320 2659 2373 de
2684 2318 2878 2387 Pallio,
2907 2335 3023 2392 cap.
3053 2319 3172 2388 27).

1950 2408 2152 2467 Contra
2186 2423 2365 2467 tamen
2395 2412 2720 2482 ohjiciebanl
2751 2412 2995 2470 ethnici:
3022 2429 3043 2464 ο
3074 2410 3472 2467 ΡΘειίΙειιιίιιε.»

1880 2503 2106 2559 Arnobii
2149 2503 2311 2558 verba
2358 2513 2514 2570 sunt,
2555 2523 2574 2555 ‹
2624 2515 2674 2559 et
2714 2504 3017 2565 siccitates,
3064 2501 3224 2570 bella,
3264 2500 3480 2574 frugum

1879 2597 2141 2666 inepiam,
2169 2595 2427 2662 locuslas,
2462 2610 2666 2661 mures,
2701 2603 2757 2649 et
2779 2594 3091 2665 grandines,
3124 2609 3323 2665 resque
3348 2594 3481 2648 alias

1880 2691 2093 2754 noxias,
2122 2688 2317 2759 quibus
2351 2689 2563 2759 negotia
2610 2688 2959 2743 incursantur
2986 2687 3243 2754 humana,
3270 2685 3344 2741 dii
3374 2686 3478 2741 im-

1877 2793 2116 2853 portant,
2161 2784 2372 2851 injuriis
2413 2783 2836 2838 christianorum
2879 2792 3042 2854 atque
3081 2777 3479 2837 on‘ensionibus

1876 2880 2180 2950 exasticrati
2207 2898 2224 2931 ι
2273 2878 2513 2949 (Arnob.,
2552 2878 2641 2932 lib.
2672 2894 2711 2946 ι,
2748 2895 2869 2951 pag.
2896 2878 2973 2947 5).
3034 2875 3141 2932 Sed
3184 2875 3299 2931 haec
3338 2874 3479 2930 ratio

1877 2980 1985 3025 tam
2037 2971 2184 3039 parvi
2238 2970 2480 3041 levisque
2519 2970 2781 3024 momenti
2828 2968 3069 3024 Arnobio
3111 2968 3225 3023 visa
3262 2975 3379 3036 est,
3411 2975 3474 3023 ut

1876 3070 2075 3136 seipsa,
2111 3065 2314 3136 absque
2334 3064 2438 3120 ulla
2468 3064 2859 3130 confutatione,
2883 3076 3139 3118 corruere
3158 3075 3479 3134 persuasum

195 3153 429 3213 mundum
493 3153 749 3225 omnibus
791 3152 1113 3211 surculorum
1191 3151 1440 3209 tetatibus
1466 3192 1481 3216 ,
1542 3159 1598 3211 et
1645 3159 1769 3207 ante
1799 3174 1845 3238 ρ
1878 3159 2103 3214 omnino
2133 3157 2398 3212 habuerit.
2432 3155 2719 3224 Quomodo
2750 3156 2917 3219 enim,
2945 3155 3139 3224 inquit,
3177 3153 3294 3209 haec
3329 3153 3475 3207 cala-

196 3255 349 3306 ortsm
387 3247 744 3309 christisnsm
792 3246 1108 3315 religionem
1133 3287 1148 3312 ,
1209 3245 1449 3315 publicas
1492 3244 1770 3313 accepisse

194 3340 532 3408 calamitates,
563 3339 920 3407 hominesque
955 3338 1334 3403 communibus
1368 3336 1615 3397 cladibus
1661 3338 1768 3399 mi-

191 3432 328 3489 seriis
352 3441 517 3498 atuue
543 3432 797 3495 aerumnis
827 3431 989 3493 [uisae
1018 3431 1269 3495 afﬂictos.
1308 3431 1433 3489 Haec
1485 3429 1601 3500 ipso
1628 3429 1768 3493 Oro-

192 3522 287 3581 sius
313 3526 362 3583 in
388 3525 741 3585 historiarum
793 3538 1009 3589 suarum
1048 3523 1272 3587 exordio
1300 3521 1558 3593 puniatur
1582 3563 1598 3588 ,
1649 3536 1771 3593 quae

192 3617 384 3686 quidem
410 3623 620 3690 integra
653 3618 738 3681 hic
758 3616 1065 3675 describere
1095 3616 1217 3685 quia
1245 3615 1457 3685 longius
1485 3614 1623 3673 foret
1646 3654 1662 3680 ,
1700 3613 1771 3669 ad

194 3709 295 3780 ejus
320 3712 480 3771 libros
510 3755 526 3778 ,
578 3713 871 3783 quemlibet
917 3712 1191 3775 curiosum
1242 3709 1565 3771 mittendum
1597 3710 1769 3769 satius

196 3803 442 3865 duximus.
501 3808 646 3864 Ante
690 3807 937 3863 Drosium
993 3814 1174 3860 autem
1237 3811 1293 3858 et
1357 3804 1716 3873 Augustinum
1748 3843 1766 3869 ,

197 3897 444 3961 Arnobius
464 3912 652 3965 noster
678 3901 733 3957 in
765 3900 929 3965 hisce,
959 3900 1028 3959 dc
1048 3898 1242 3970 quibus
1264 3898 1493 3968 agimus.
1523 3897 1677 3959 libris
1702 3896 1770 3951 ad

199 3994 420 4053 eamdem
445 3995 733 4067 gentilium
765 3994 1211 4051 obtrectationem
1256 3992 1412 4062 plane
1452 3992 1771 4061 penitusque

196 4084 601 4156 reprimendam,
646 4087 719 4143 uti
759 4086 1006 4157 superius
1051 4084 1448 4159 annotavimus,
1480 4096 1769 4153 aggressus

196 4187 285 4233 est.
313 4180 439 4247 Quae
467 4182 651 4251 itaque
688 4188 742 4235 et
767 4195 927 4250 quam
956 4177 1131 4234 valida
1160 4177 1269 4237 sint
1294 4176 1413 4247 ejus
1452 4185 1769 4247 argumenta

194 4269 311 4338 iam,
333 4274 376 4327 si
400 4273 620 4339 suubet,
652 4272 913 4335 videmus.

786 4421 1079 4463 ARTICULUS
1119 4423 1174 4461 ιι.

1875 3254 2121 3307 milatum
2137 3251 2351 3305 nomina
2370 3261 2491 3322 post
2506 3249 2812 3303 christiana:
2826 3246 3099 3318 religionis
3118 3245 3478 3316 primordium

1875 3346 2107 3403 ethnicis
2132 3346 2347 3416 cognita
2392 3358 2514 3398 esse
2547 3349 2859 3414 potuerunt,
2903 3341 3003 3394 nisi
3034 3350 3189 3395 antea
3225 3340 3473 3410 contige-

1875 3441 2023 3496 rint?
2050 3439 2116 3494 Et
2147 3447 2296 3499 certe
2323 3454 2416 3494 eas
2438 3452 2626 3493 omnes
2660 3437 2810 3513 prius
2841 3436 3104 3491 accidisse
3130 3452 3197 3491 ex
3226 3436 3475 3505 ipsismet
3558 3455 3571 3461 ί

1874 3533 2189 3591 eorumdem
2221 3532 2564 3588 ethnicorum
2596 3530 2882 3585 annalibus
2912 3528 3317 3584 evidentissima
3347 3540 3474 3597 pro-

1877 3624 2054 3679 batur.
2088 3624 2241 3693 Quod
2273 3625 2492 3695 quidem
2523 3624 2635 3690 ille,
2675 3621 3124 3695 quemadmodum
3153 3610 3479 3690 posteaAu-

1873 3720 2144 3790 gustinus,
2185 3719 2323 3772 facta
2369 3716 2607 3773 cladium
2657 3716 2872 3771 illarum
2904 3715 3351 3779 enumeratione,
3380 3725 3475 3767 os-

1873 3796 2046 3865 tendit
2078 3811 2348 3883 (Angust.,
2379 3810 2468 3863 lib.
2504 3825 2558 3863 ιιι
2588 3808 2651 3863 de
2689 3807 2866 3875 Civit.,
2890 3822 3006 3876 cap.
3042 3806 3130 3873 l7,
3162 3822 3282 3877 pag.
3316 3805 3385 3861 75
3426 3812 3477 3885 et

1872 3903 2035 3977 seqq).
2080 3904 2161 3959 Ab
2200 3903 2395 3958 Oresio
2424 3912 2626 3968 autem,
2662 3912 2720 3957 ιιι
2749 3902 2802 3956 id
2845 3900 3188 3956 manifestum
3218 3900 3476 3955 omnibus

1877 3997 2047 4062 ﬁeret,
2094 4006 2299 4067 septem
2343 3997 2691 4050 historiarum
2736 3995 2924 4060 libros,
2972 3994 3229 4050 hortante
3281 3992 3477 4049 eodem

1876 4082 2174 4160 Augustino
2199 4089 2375 4145 editos
2407 4087 2571 4143 fuisse
2606 4088 2715 4158 jam
2760 4087 3264 4143 animadvertimus.
3301 4085 3476 4154 Quam

1875 4192 2022 4239 recte
2050 4199 2211 4255 porro
2240 4184 2309 4249 id
2340 4184 2588 4253 Orosius,
2621 4182 2929 4252 probaverit
2966 4196 2993 4249 τι
3025 4181 3213 4246 nobis,
3258 4179 3369 4251 Deo
3397 4176 3475 4233 fa-

1770 4340 1777 4350 .
1874 4286 2052 4345 vente,
2089 4285 2273 4348 postea
2316 4292 2415 4347 suo
2443 4277 2564 4331 loco
2594 4276 3008 4331 examinabitur.
3037 4273 3257 4329 Interim
3285 4286 3417 4347 vero
3442 4286 3479 4329 a

1875 4370 2031 4443 nobis
2061 4384 2124 4425 ea
2163 4371 2364 4425 clarius
2411 4367 2743 4437 enucleanda
2782 4375 2928 4432 sunt,
2972 4379 3093 4435 qua:
3136 4364 3205 4418 ab
3233 4362 3477 4449 Arnobio

1875 4479 1982 4520 non
2012 4464 2145 4520 satis
2169 4464 2316 4519 clare
2338 4461 2698 4532 explicantur.

195 4540 534 4625 lix‘peudnntur
557 4543 1289 4625 singulaA‘rnobiiLat-gumenta
1308 4585 1322 4609 ,
1348 4547 1530 4625 quibus
1568 4547 1770 4625 insolitas

1951 4558 2142 4623 Narrat
2167 4566 2345 4610 autem
2391 4555 2563 4624 primo
2592 4559 2779 4625 gentes
2821 4549 2964 4605 fame
3002 4564 3149 4619 saepe
3174 4547 3470 4605 confectas.

252 4607 569 4675 ethnicorum,
599 4609 891 4658 christianos
915 4608 1216 4675 publicarum
1243 4607 1457 4657 omnium
1484 4607 1693 4675 cladium
1721 4620 1773 4661 et

248 4668 563 4734 calamitatum
599 4683 792 4734 causam
834 4668 946 4718 esse
972 4683 1214 4734 nunquam
1240 4683 1334 4719 non
1375 4668 1773 4734 proclamantium

251 4733 604 4797 criminationes
624 4732 842 4783 funditus
856 4732 1147 4797 revertitaac
1169 4732 1408 4797 quomodo
1431 4743 1482 4785 et
1502 4748 1646 4796 quam
1671 4736 1775 4785 evi-

249 4794 416 4853 drpter
439 4796 745 4845 demonstret
768 4799 829 4843 ab
854 4796 960 4856 ipso
982 4794 1535 4856 christiana:religionis
1560 4797 1767 4847 exordio

254 4857 305 4903 ad
327 4869 457 4906 suam
482 4871 639 4921 usque
662 4865 857 4905 aetatem
873 4854 891 4909 ζ
918 4854 1037 4921 nihil
1060 4862 1225 4904 contra
1249 4854 1398 4905 statas
1422 4866 1607 4921 natura:
1632 4859 1775 4921 leges

252 4931 337 4984 nec
361 4922 409 4984 in
432 4920 576 4984 coelo.
602 4933 695 4970 nec
719 4921 766 4968 iu
792 4921 941 4979 terris
966 4920 1264 4984 inumttatum
1282 4933 1296 4977 ;
1314 4920 1493 4984 Saepius
1519 4935 1635 4970 vero
1657 4920 1773 4971 ante

254 4978 612 5051 cbrjglianbrum
640 4978 853 5051 tempora
872 4979 1217 5051 gentesfuis‘e
1238 4983 1360 5051 tanta
1380 4978 1640 5051 fonticulus,
1657 4997 1773 5051 per-

255 5046 553 5107 niciososque
577 5041 809 5094 accidisse
834 5041 1085 5107 grandinis
1120 5054 1260 5092 casus
1278 5080 1288 5097 ,
1315 5044 1502 5093 imbres
1541 5041 1771 5105 lapillum,

253 5107 419 5167 siccata
442 5106 660 5169 Mutina,
687 5114 857 5169 pestes
883 5106 1251 5169 l'unestissitnas,
1284 5114 1592 5169 consumptas
1614 5120 1641 5161 ει
1665 5121 1773 5159 mu-

254 5122 419 5167 stocata
442 5122 660 5169 nqunua,
704 5122 857 5168 teSLcs
883 5122 1251 5165 tunesttsstntas,
1284 5122 1592 5168 consumptas
1614 5122 1641 5161 ει
1665 5122 1771 5159 mu-

254 5170 381 5241 ribus
398 5182 452 5229 et
468 5171 667 5220 locustis
686 5122 874 5230 iroges,
898 5168 1133 5233 maximos
1173 5164 1319 5217 terra:
1342 5160 1503 5237 hiatus
1523 5178 1573 5219 et
1597 5179 1771 5241 motus.

265 5294 476 5357 Fatetur
502 5300 730 5370 ingenue
757 5297 1029 5359 Arnobius
1047 5296 1325 5367 gentilium
1354 5297 1777 5368 argumentatio-

206 5403 314 5447 nem
338 5395 512 5464 gravis
550 5394 707 5464 plane
738 5401 793 5451 et
816 5392 1032 5455 maximi
1060 5406 1182 5451 esse
1208 5391 1466 5449 momenti
1506 5406 1569 5447 ac
1597 5392 1774 5449 chris—

210 5479 364 5541 tianos
396 5487 537 5561 omni
567 5485 695 5544 odio
736 5483 1036 5549 habendos,
1070 5496 1231 5553 atque
1256 5484 1394 5540 adeo
1424 5485 1770 5554 rejicieodam

212 5577 731 5645 “exterminandum
773 5590 959 5637 eorum
1005 5575 1343 5646 religionem,
1372 5578 1418 5631 si
1461 5578 1560 5647 ipsi
1601 5578 1773 5647 publi-

213 5675 378 5731 corum
398 5672 679 5733 malorum,
708 5670 1180 5739 calamitatumqne
1205 5671 1443 5731 ominum
1472 5684 1632 5729 causa
1656 5670 1773 5727 fue~

214 5755 325 5819 rint.
353 5762 453 5817 Sed
476 5764 579 5820 hoc
598 5762 951 5831 [alsissimnm
973 5776 1095 5825 esse
1124 5762 1247 5819 inde
1262 5763 1497 5832 primum
1520 5763 1770 5820 demons-

222 5854 313 5909 trat
341 5852 572 5925 (Amat,
603 5856 693 5912 lib.
732 5872 772 5925 t,
816 5871 935 5924 pag.
966 5853 1002 5909 2
1035 5863 1083 5910 ct
1121 5852 1198 5923 5),
1229 5854 1371 5925 quod
1400 5856 1471 5919 ab
1500 5856 1616 5927 ipso
1641 5856 1770 5914 reli-

1875 4650 1946 4711 At
2001 4663 2164 4704 nemo
2214 4657 2334 4719 est,
2385 4647 2474 4715 qui
2526 4642 2736 4698 nesciat
2788 4650 2918 4714 quot
2969 4652 3276 4712 quantaque
3326 4640 3474 4698 illius

1876 4743 2121 4813 exempla
2150 4741 2203 4795 in
2234 4740 2514 4815 gentilium
2547 4736 2787 4790 historiis
2828 4745 3136 4791 occurrant.
3188 4735 3364 4792 Pauca
3402 4751 3473 4793 ex

1876 4835 2122 4906 pluribus
2145 4833 2187 4887 si
2216 4830 2307 4885 tibi
2341 4828 2566 4899 proferri
2593 4828 2747 4890 velis,
2774 4842 2835 4882 ea
2861 4843 2980 4898 quae
3006 4826 3225 4899 Josephi
3249 4828 3477 4899 patriar-

1876 4916 1993 4983 chze
2031 4938 2276 4992 tempore
2315 4922 2435 4985 fuit,
2481 4923 2845 4991 praetermissa
2891 4920 3125 4993 (Genes.,
3173 4939 3288 4991 cap.
3327 4923 3390 4979 4|
3425 4930 3474 4978 et

1874 5018 2032 5089 δρψ),
2064 5031 2127 5072 ex
2160 5015 2311 5070 Livio
2339 5014 2519 5070 disces
2545 5024 2746 5069 tantam
2768 5006 2956 5080 fuisSe,
2981 5016 3209 5073 Proculo
3233 5016 3473 5088 Geganio

1878 5109 2168 5172 Macerino,
2200 5116 2255 5165 et
2283 5106 2348 5165 L.
2382 5107 2630 5173 Menenio
2658 5106 2865 5171 Lanato
2909 5109 3242 5175 consulibus,
3274 5109 3470 5163 famem

1875 5203 2190 5275 frugumque
2223 5205 2459 5275 inopiam
2482 5248 2496 5273 ,
2527 5217 2583 5260 ut
2614 5223 2633 5257 ι
2662 5205 2820 5259 multi
2844 5221 2909 5260 ex
2932 5205 3093 5275 plebe
3123 5219 3219 5275 spe
3243 5204 3465 5272 amissa,

1876 5298 2051 5367 potius
2096 5312 2254 5368 quam
2287 5309 2345 5353 ut
2379 5300 2750 5354 cruciarentur
2791 5297 3051 5355 trahendo
3080 5298 3333 5365 animam,
3378 5311 3470 5354 ca-

1878 5391 2076 5461 pitibus
2132 5391 2434 5458 obvolutis.
2479 5408 2540 5450 se
2595 5392 2648 5451 in
2714 5391 2951 5451 Tiberim
3013 5389 3469 5461 praecipitaverint

1876 5484 2038 5557 (ιιι,
2067 5486 2157 5543 lib.
2176 5502 2254 5556 tv,
2283 5505 2403 5560 cap.
2434 5488 2545 5557 η).
2570 5486 2930 5555 Quamobrem
2959 5487 3181 5558 pulchre
3205 5488 3465 5559 Augusti-

1877 5597 1979 5641 nus
2004 5582 2071 5639 ab
2099 5582 2331 5639 ethnicis
2360 5583 2495 5653 petit
2529 5582 2618 5638 ubi
2647 5591 2773 5637 tunc
2814 5591 2998 5637 essent
3032 5581 3129 5649 dii,
3161 5582 3251 5651 qui
3284 5581 3465 5638 homi-

1874 5676 2031 5733 nibus
2066 5676 2234 5733 cultui
2260 5690 2361 5733 suo
2390 5672 2745 5733 addictis-simi
2772 5688 2932 5742 opem
2975 5673 3178 5730 nullam
3225 5674 3467 5733 tulerunt

1875 5768 2140 5841 (August.,
2172 5768 2260 5823 lib.
2293 5783 2350 5822 ιιι
2389 5767 2452 5821 de
2481 5768 2657 5833 Civit.,
2691 5782 2809 5838 cap.
2838 5767 2928 5834 l7,
2957 5785 3075 5841 pag.
3118 5766 3233 5841 76).
3265 5768 3467 5825 Scribit

1874 5875 2092 5934 quoque
2150 5860 2437 5929 Dionysius
2484 5858 2933 5920 Halicarnasseus
2982 5861 3208 5920 alteram
3258 5869 3468 5933 partem
