4030 6306
197 363 301 419 HI

1406 359 1470 416 IN
1509 357 1882 428 ARNOBIUM,
1922 357 2074 414 CAP.
2116 358 2204 416 VI.

3370 357 3474 414 442

188 478 381 550 legere
408 479 632 550 poteris,
681 477 955 535 memoria:
991 476 1264 533 mandavit
1317 475 1510 547 (Idem.
1542 477 1630 531 lib.
1670 475 1784 540 cit.,
1815 480 1868 538 Α
1891 476 2136 546 exempla
2158 475 2289 532 satis
2303 487 2570 546 superque
2597 473 2970 532 demonstrant
2992 475 3127 532 nihil
3141 474 3381 546 potuisse
3405 476 3474 532 ab

195 588 318 642 cap.
346 572 438 638 84,
462 589 582 644 pag.
615 569 765 641 251).
799 571 871 626 At
903 571 1190 626 maximum
1220 578 1341 638 post
1370 569 1646 624 hominum
1678 584 1793 625 me-

204 665 435 721 moriam
471 675 629 720 terra:
655 673 882 728 motum,
910 663 1208 733 imperante
1239 661 1475 727 Tiberio,
1499 662 1790 733 contigisse

201 758 431 822 asserit,
473 757 671 828 quippe
695 771 802 826 quo
829 755 1114 811 duodecim
1156 757 1298 809 Asiae
1329 755 1489 810 nrbes
1515 756 1788 809 subversa:

201 850 428 907 fuerim.
461 849 770 904 Memimere
800 849 964 904 etiam
989 847 1146 917 hujus
1170 858 1328 904 terra:
1361 856 1560 914 motus,
1593 845 1789 902 Strabo

198 956 259 1001 et
283 945 602 1012 Suetonius,
653 953 816 1015 atque
855 943 903 998 ei
937 942 1242 1012 adjunctum
1277 952 1434 997 terrm
1463 941 1665 996 hiatum
1707 939 1789 995 his

197 1036 421 1092 Tacitus
451 1045 633 1091 narrat
660 1036 838 1091 verbis
867 1054 880 1091 :
911 1054 928 1088 ι
970 1034 1172 1090 Eodem
1203 1050 1344 1089 anno
1374 1032 1658 1089 duodecim
1695 1047 1789 1088 ce-

193 1130 378 1186 lebres
408 1130 550 1185 Asia:
581 1129 742 1185 urbes
777 1129 1068 1199 conlapsae,
1118 1137 1384 1182 nocturno
1431 1139 1588 1182 terra:
1617 1136 1784 1191 motu,

203 1239 315 1294 quo
344 1223 693 1292 improvisior
721 1222 1045 1292 graviorque
1083 1220 1251 1292 pestis
1288 1219 1406 1274 fuit.
1437 1218 1622 1290 Neque
1651 1219 1784 1274 soli-

197 1327 314 1373 tum
346 1317 399 1372 in
430 1317 518 1371 tali
542 1331 670 1371 casu
696 1315 950 1387 eﬂ‘ugium
981 1315 1332 1370 subveniebat
1359 1315 1411 1369 in
1449 1324 1630 1385 aperta
1664 1329 1788 1384 pro-

190 1409 515 1480 rumpendi;
546 1410 669 1480 quia
687 1409 919 1464 diductis
947 1409 1107 1464 terris
1135 1407 1542 1462 hauriebantur.
1571 1406 1786 1463 Sedisse

191 1503 490 1558 immensos
515 1511 748 1570 montes,
779 1502 892 1558 visa
918 1503 974 1556 in
1003 1501 1195 1564 arduo,
1227 1515 1347 1571 quae
1376 1498 1529 1569 plana
1551 1501 1782 1567 inerant,

193 1594 470 1651 cﬂ‘ulsisse
501 1595 641 1649 inter
689 1594 898 1648 ruinam
930 1594 1083 1665 ignes
1128 1601 1432 1648 memorant
1478 1611 1497 1643 ›
1547 1590 1780 1664 (Strabo,

192 1691 287 1744 lib.
314 1705 392 1744 xu
423 1688 634 1760 Geogr.,
660 1707 713 1760 p.
743 1689 882 1754 578;
911 1687 1154 1754 Suelon.,
1181 1688 1234 1741 in
1263 1687 1368 1740 vita
1397 1685 1606 1753 Tiberii,
1634 1685 1778 1755 §49;

1891 568 2120 623 ethnicis
2145 568 2270 639 ﬁngi
2301 567 2608 632 absurdius,
2659 583 2820 639 quam
2862 568 2927 623 iis
2957 565 3214 624 mundum
3247 567 3297 623 in
3328 565 3476 625 chri-

1891 661 2186 716 stianorum
2218 675 2432 730 poenam
2476 661 2683 716 vexari.
2715 659 2914 716 Verum
2938 659 3207 715 Arnobius
3236 669 3294 715 ut
3320 658 3475 715 indo-

1891 753 2075 806 mitam
2101 750 2481 807 insanientium
2505 752 2783 806 hominum
2817 752 3166 822 petulantiam
3189 751 3477 808 vehemen-

1889 846 1999 898 tius
2017 855 2314 911 coerceret,
2335 845 2456 900 aliis
2485 844 2660 899 adhuc
2685 844 2946 914 exemplis
2975 844 3103 899 illud
3128 845 3338 900 censuit
3356 858 3476 900 esse

1890 936 2226 1006 probandum
2259 936 2500 1007 (Arnob.,
2533 937 2622 991 lib.
2654 952 2694 1003 ι,
2720 954 2838 1008 pag.
2874 937 2907 992 4
2932 947 2979 990 et
3000 934 3078 1007 5).
3104 937 3272 992 Instat
3299 936 3476 1007 itaque
3529 928 3531 930 ’

1889 1040 2014 1085 ante
2035 1029 2454 1085 christianorum
2481 1039 2724 1100 tempora
2757 1028 3014 1084 mundum
3075 1027 3322 1084 incendio
3347 1042 3476 1084 con-

1888 1123 2163 1196 ﬂagrasse,
2188 1127 2350 1180 urbes
2378 1127 2541 1180 maris
2571 1125 2818 1180 ﬂuctibus
2843 1134 3157 1195 coopertas,
3186 1139 3357 1194 genus
3377 1124 3476 1180 bu-

1889 1235 2109 1282 manum
2137 1219 2354 1276 diluviis
2387 1220 2726 1290 absorptum.
2759 1230 2939 1292 atque,
2969 1230 3026 1274 nt
3049 1219 3202 1276 Plato
3231 1218 3476 1291 perhibet

1887 1324 2004 1368 ante
2031 1330 2286 1369 annorum
2331 1315 2495 1369 millia
2534 1315 2726 1382 decem,
2762 1314 2831 1370 ab
2860 1313 3128 1369 Atlantica
3162 1313 3335 1369 insula
3363 1327 3474 1368 ma-

1885 1423 2044 1479 gnam
2075 1409 2320 1479 erupisse
2365 1408 2644 1464 hominum
2698 1408 3118 1471 multitudinem,
3169 1423 3288 1477 qua:
3320 1407 3476 1462 innu-

1889 1517 2069 1558 meras
2097 1504 2342 1558 nationes
2368 1501 2611 1558 funditus
2627 1501 2828 1558 delevit
2855 1510 2909 1557 et
2931 1502 3207 1556 exstinxit.
3227 1500 3276 1556 Is
3295 1511 3473 1556 autem

1886 1594 2126 1650 Platonis
2155 1595 2307 1650 locus
2356 1593 2408 1649 in
2460 1594 2577 1665 ejus
2628 1593 2834 1649 Timaeo
2863 1594 3121 1660 occurrit,
3155 1592 3244 1648 ubi
3276 1593 3366 1648 ille
3407 1607 3473 1649 ex

1886 1687 2122 1758 antiquis
2161 1687 2518 1758 scriptoribus
2549 1697 2730 1743 narrat
2770 1703 2837 1743 ex
2874 1703 2936 1741 ea
2979 1687 3246 1742 Atlantica
3275 1686 3469 1754 insula,

191 1781 396 1848 Tacit.,
428 1782 516 1836 lib.
547 1798 584 1836 ιι
613 1782 828 1848 Annal.,
860 1781 980 1851 §7).
1008 1780 1065 1834 In
1083 1778 1297 1835 Eusebii
1326 1788 1504 1834 autem
1526 1777 1784 1834 cbronico
1813 1801 1860 1860 Β
1886 1797 2044 1852 quam
2069 1781 2238 1849 Lyhia
2267 1791 2323 1837 et
2349 1783 2476 1838 Asia
2502 1781 2760 1852 majorem
2811 1782 2974 1837 fuisse
3021 1782 3114 1848 ait,
3166 1781 3358 1836 factam
3389 1779 3475 1835 in-

193 1875 314 1930 hate
340 1874 408 1928 ad
440 1875 726 1944 septimum
755 1873 958 1929 Tiberii
991 1887 1189 1928 annum
1214 1870 1543 1937 referuntur,
1584 1886 1648 1926 ac
1687 1879 1786 1927 tre-

191 1968 372 2022 decim
399 1968 653 2038 collapsa:
678 1967 840 2023 urbes
866 1967 980 2021 suis
1009 1966 1080 2020 ibi
1101 1966 1436 2037 appellantur
1457 1965 1782 2021 nominibus.

193 2059 438 2116 Plurium
467 2068 646 2115 autem
678 2068 836 2114 terra:
866 2067 1128 2125 motuum,
1152 2057 1243 2129 qni
1263 2058 1628 2126 superioribus
1654 2065 1784 2110 aeta-

195 2155 341 2210 tibus
370 2154 680 2210 acciderant
709 2155 768 2209 lit
791 2154 987 2209 ibidem
1010 2154 1233 2209 mentio.
1265 2153 1502 2223 Denique
1529 2161 1588 2206 ut
1616 2151 1783 2206 multa

189 2258 489 2314 taceamus,
517 2247 726 2314 Cicero,
749 2245 919 2302 Caelio
949 2256 1084 2302 teste
1113 2247 1296 2309 citato,
1321 2255 1506 2300 narrat
1532 2263 1550 2295 ι
1585 2244 1784 2315 eoipso

192 2348 462 2411 tempore,
503 2359 522 2392 ι
580 2354 687 2410 quo
716 2339 1016 2395 Flaminius
1055 2349 1241 2394 contra
1285 2338 1640 2394 Hannibalem
1685 2353 1786 2408 pu-

191 2432 420 2504 gnabat,
455 2451 474 2484 ι
509 2443 686 2487 tantos
715 2441 875 2488 terrae
913 2443 1090 2488 motus
1135 2433 1188 2486 in
1231 2430 1549 2502 Liguribus,
1586 2429 1780 2496 Gallia,

188 2526 670 2598 compluribusque
697 2526 902 2592 insulis,
932 2537 1149 2597 totaque
1170 2526 1321 2582 Italia
1342 2527 1511 2581 iactos
1537 2539 1692 2589 esse,
1724 2532 1785 2578 ut

192 2621 366 2676 multa
396 2620 588 2691 oppida
619 2621 944 2688 corruerint,
977 2619 1158 2675 multis
1184 2621 1318 2676 locis
1344 2621 1492 2676 labes
1523 2620 1660 2674 facta
1689 2619 1780 2685 sit,

191 2712 528 2784 ﬂuminaque
560 2714 610 2768 in
652 2717 948 2769 contrarias
988 2722 1169 2784 partes
1216 2714 1493 2779 ﬂuxerint,
1528 2724 1688 2785 atque
1728 2714 1779 2768 in

187 2821 386 2863 omnes
409 2821 556 2862 mare
583 2805 896 2862 inﬂuxerit:
939 2808 1098 2877 (Cia,
1131 2807 1220 2861 lib.
1247 2825 1259 2861 I
1284 2809 1348 2862 de
1374 2808 1628 2873 Divinat.,
1663 2824 1783 2880 pag.

187 2903 324 2969 268,
350 2903 444 2958 lin.
482 2902 553 2958 40
577 2915 624 2958 et
651 2902 835 2976 seqq).
877 2902 983 2960 Sed
1017 2904 1152 2959 alias
1182 2918 1281 2959 nec
1309 2905 1545 2959 minores
1573 2903 1786 2975 quidem

191 2995 533 3051 calamitates
565 2995 654 3050 ille
679 3005 860 3066 postea
890 3005 1138 3052 recenset
1165 2995 1354 3068 (Ibid.,
1380 3014 1499 3068 pag.
1530 2997 1659 3058 271,
1690 2998 1785 3050 lin.

1886 1875 2126 1946 gentium
2157 1875 2434 1944 copiarum
2469 1875 2845 1946 irrnptionem,
2877 1889 2980 1945 qua
3019 1874 3184 1929 varia:
3229 1873 3476 1928 nationes

1888 1965 1941 2020 in
1973 1967 2290 2021 servitutem
2320 1967 2551 2023 redacta:
2580 1977 2704 2021 sunt
2737 1966 2937 2040 (Plato,
2971 1976 3094 2020 tom.
3138 1982 3216 2032 III,
3265 1963 3470 2032 Timcc.,

1889 2076 2009 2130 pag.
2033 2059 2104 2114 21
2128 2070 2174 2114 et
2202 2058 2322 2132 25).
2348 2059 2452 2116 Sed
2480 2070 2662 2130 postea
2685 2060 3030 2125 diluviorum,
3069 2069 3336 2130 terrasque
3361 2072 3477 2113 mo-

1888 2163 2038 2209 tuum
2081 2163 2217 2210 aastu
2266 2169 2484 2210 omnem
2534 2155 2849 2211 bellicosam
2879 2154 3025 2210 illam
3053 2165 3287 2226 gentem,
3317 2163 3478 2225 atque

1885 2248 2054 2318 ipsam
2092 2247 2321 2303 insulam
2356 2263 2450 2317 per
2478 2249 2635 2304 unius
2674 2257 2880 2304 tantum
2911 2249 3088 2304 noctis
3116 2257 3171 2304 et
3211 2247 3321 2303 diei
3350 2263 3476 2318 spa-

1886 2342 2016 2397 tium
2043 2342 2298 2398 ﬂuctibus
2347 2343 2514 2398 maris
2558 2342 2894 2413 absorptam,
2943 2353 2998 2399 et
3050 2341 3182 2397 nihil
3227 2342 3383 2412 plane
3411 2357 3477 2398 ex

1889 2434 2016 2499 illis,
2045 2436 2147 2490 nisi
2177 2437 2270 2490 luti
2303 2433 2562 2506 reliquias
2619 2436 2990 2506 comparuisse
3035 2435 3288 2506 amplius.
3332 2433 3476 2490 Idem

1887 2543 2052 2599 porro
2080 2529 2322 2586 Platonis
2351 2531 2501 2586 locus
2528 2545 2637 2584 non
2665 2531 2839 2586 solum
2869 2546 2898 2584 a
2931 2530 3106 2586 Plinio
3136 2539 3190 2585 et
3213 2529 3478 2586 Strabone

1887 2623 2106 2684 citatnr.
2137 2639 2324 2678 verum
2363 2623 2524 2678 etiam
2553 2639 2583 2678 a
2609 2623 2968 2691 Tertulliano,
3002 2625 3090 2695 qui
3115 2623 3240 2679 inde
3289 2623 3477 2679 absur-

1887 2715 2010 2772 dam
2041 2717 2384 2773 ethnicorum
2433 2719 2977 2788 argumentationem,
3025 2717 3476 2788 quemadmodum

1890 2808 2182 2871 Arnobius.
2215 2809 2416 2864 refellit
2465 2819 2520 2864 et
2563 2811 2778 2864 evertit.
2825 2809 3043 2866 Scimus
3091 2810 3310 2881 quidem
3362 2811 3478 2867 haec

1889 2901 2164 2956 nonnullis
2208 2902 2386 2956 minus
2436 2902 2671 2968 veritati,
2719 2917 2880 2972 quam
2923 2902 3120 2958 fabulis
3159 2900 3330 2957 videri
3357 2916 3480 2971 pro-

1888 2993 2039 3065 piora
2072 2993 2265 3066 (Plin.,
2312 2995 2401 3049 lib.
2429 3011 2466 3050 tt
2510 2994 2650 3050 Hist.
2678 3004 2875 3062 natur.,
2918 3011 3036 3065 cap.
3075 2997 3164 3060 90,
3195 3012 3316 3067 pag.
3339 2994 3474 3061 258;

188 3087 263 3144 27
303 3097 349 3143 et
388 3088 578 3159 ηιμ).
616 3088 978 3157 Quamobrem
1024 3089 1278 3160 Apuleius
1306 3106 1319 3144 :
1347 3108 1366 3141 ι
1398 3089 1724 3155 lmmodicis,
1755 3105 1775 3141 ι
1807 3115 1852 3178 C
1891 3086 2093 3153 Strab.,
2120 3087 2210 3142 lib.
2228 3103 2265 3141 ιι
2300 3086 2511 3157 Geogr.,
2542 3104 2664 3158 pag.
2697 3087 2788 3143 l0l
2816 3105 2831 3153 ;
2863 3085 3198 3155 Tertullian.,
3231 3087 3474 3159 Apolog.,

185 3182 284 3250 ait,
318 3200 338 3232 ‹
374 3181 698 3238 tremoribus
728 3190 992 3237 terrarum
1019 3181 1323 3238 dissiluisse
1346 3181 1589 3247 humum,
1613 3192 1669 3237 et
1697 3181 1782 3236 in-

189 3283 466 3345 terceptas
515 3274 676 3331 urbes
717 3289 840 3330 cum
888 3276 1100 3347 populis
1145 3291 1290 3346 saepe
1333 3277 1704 3347 cognovimus.
1758 3294 1777 3328 ι

189 3368 560 3424 Tertullianus
581 3377 783 3435 autem,
803 3368 993 3424 eodem
1017 3369 1176 3440 plane
1195 3379 1513 3439 argumento
1539 3367 1783 3423 ethnicos

189 3461 519 3528 refellendo,
548 3461 632 3516 bis
661 3461 894 3533 objectat
919 3461 1253 3516 Corinthium
1281 3476 1428 3516 mare
1449 3469 1595 3516 motu
1629 3469 1784 3516 terra:

190 3555 512 3611 exhaustum
541 3553 750 3628 (Apul.,
801 3555 890 3609 lib.
915 3555 978 3608 de
999 3553 1219 3620 Mundo,
1245 3570 1367 3626 pag.
1401 3557 1536 3621 408;
1579 3553 1784 3609 Tertul-

190 3649 345 3714 liau.,
381 3648 622 3717 Apolog.,
647 3664 764 3718 cap.
793 3647 908 3718 ιο).

263 3740 497 3795 Tantum
526 3753 689 3809 porro
709 3739 884 3805 abest,
913 3748 970 3794 ut
992 3740 1076 3794 his
1101 3750 1157 3795 et
1207 3741 1475 3796 similibus
1505 3739 1784 3796 inordina-

191 3835 264 3889 tis
313 3832 526 3887 casibus
585 3842 772 3887 contra
833 3833 1113 3902 religionis
1154 3833 1467 3888 christiana:
1506 3835 1784 3890 veritatem

191 3925 400 3996 aliquid
455 3923 650 3979 conﬂci
698 3924 901 3994 possit;
953 3927 1082 3995 quin
1113 3927 1293 3995 potius
1329 3926 1620 3981 Cleanthes
1645 3927 1786 3996 apud

189 4019 516 4074 Ciceronem
546 4033 610 4072 ex
641 4017 751 4071 illis
775 4016 1052 4072 concludit
1081 4017 1133 4071 in
1160 4018 1349 4072 animis
1393 4017 1666 4073 hominum
1698 4018 1782 4072 in-

191 4111 456 4166 formatas
479 4123 600 4164 esse
627 4109 875 4173 deorum,
905 4119 960 4163 et
1003 4109 1082 4163 vis
1125 4109 1404 4180 cujusdam
1459 4112 1696 4166 caelestis
1722 4126 1786 4166 ac

189 4204 392 4259 divina:
433 4208 683 4260 notiones
729 4200 941 4275 (Cicer.,
975 4203 1064 4256 lib.
1109 4219 1143 4256 ιι
1185 4203 1249 4256 de
1285 4201 1412 4256 Nat.
1467 4204 1630 4270 deor.,
1665 4221 1782 4275 pag.

186 4298 344 4368 215).
379 4296 566 4351 Melius
597 4294 954 4366 proculdubio
983 4296 1139 4349 unius
1176 4295 1468 4365 aequissimi
1517 4307 1572 4350 ct
1601 4297 1780 4351 omni-

189 4389 432 4461 potentis
462 4388 558 4444 Dei
585 4387 833 4442 notiones
859 4385 1107 4442 dixisset.
1141 4387 1246 4442 Sed
1269 4388 1319 4442 in
1340 4390 1484 4443 hunc
1507 4387 1780 4444 Ciceronis

187 4484 372 4539 locum
413 4484 636 4538 consule
689 4484 1056 4554 Lescalopieri
1115 4485 1553 4549 observationes,
1603 4501 1667 4540 ac
1714 4486 1782 4542 de

191 4585 358 4630 terra:
404 4576 639 4630 motibus
689 4586 744 4631 et
795 4576 1046 4643 hiatibus,
1095 4592 1389 4649 eorumque
1429 4579 1707 4634 eﬂectibus
1731 4589 1786 4636 et

192 4672 375 4724 causis
405 4670 627 4725 Seneca:
676 4669 866 4736 libros,
909 4680 1069 4742 atque
1125 4673 1286 4726 etiam
1336 4671 1656 4728 Strabonem
1691 4673 1784 4745 qui

189 4761 421 4832 plurima
469 4775 680 4827 eorum,
729 4777 850 4832 qua:
892 4761 1035 4817 dicta
1085 4773 1212 4817 sunt
1263 4765 1510 4834 exempla
1565 4767 1786 4835 protulit

195 4853 437 4926 (Senem,
467 4854 558 4914 lib.
591 4871 647 4910 γι
685 4854 877 4908 Natur.
919 4866 1124 4924 autem,
1166 4872 1285 4926 pag.
1328 4857 1438 4912 454
1482 4867 1528 4910 et
1571 4874 1703 4926 seq.,
1733 4868 1783 4912 et

192 4962 310 5017 cap.
349 4945 414 5002 21
448 4958 496 5002 et
531 4964 696 5018 seqq.,
744 4964 863 5018 pag.
907 4947 1008 5002 451
1044 4957 1091 5000 et
1147 4963 1326 5018 seqq.;
1379 4946 1588 5014 Strabo,
1629 4948 1721 5003 lib.
1764 4965 1782 5003 ι

201 5037 414 5110 Geogr.,
443 5055 562 5112 pag.
591 5041 681 5108 58,
703 5051 752 5096 et
776 5057 940 5110 seqq.,
965 5051 1012 5095 el
1037 5039 1204 5109 alibi).

783 5194 1074 5234 ARTICULUS
1111 5194 1191 5234 III.

195 5315 513 5387 Quibusaliis
535 5317 776 5379 exemplis
808 5321 1052 5387 Arnobius
1091 5321 1470 5387 ostendatante
1505 5321 1778 5387 christiante

257 5377 510 5446 religionis
531 5377 751 5446 exortum
781 5383 948 5438 plures
993 5386 1225 5434 accidisse
1268 5383 1486 5446 publicas
1529 5383 1778 5434 calamita-

259 5448 352 5512 tes,
380 5441 617 5512 incendia,
639 5441 838 5512 diluvia.
866 5446 948 5494 ubi
972 5449 1035 5512 de
1054 5447 1208 5512 insula
1235 5441 1491 5512 Atlantica,
1515 5456 1565 5496 et
1588 5460 1779 5512 compu-

261 5504 375 5570 tatis
397 5516 434 5570 a_
449 5504 613 5570 mundi
648 5508 852 5555 exordio
885 5511 1050 5560 annis:
1077 5510 1194 5558 item
1219 5523 1328 5558 cum
1378 5510 1554 5559 belluis
1595 5504 1776 5570 praelia,

258 5579 314 5632 ac,
341 5563 465 5612 bella
491 5568 695 5632 matrima
735 5569 861 5617 inter
886 5571 1108 5632 Assyrios
1149 5579 1201 5620 ct
1243 5572 1538 5626 Bactrianos.
1576 5563 1701 5622 Nino
1727 5563 1778 5622 et

258 5626 515 5696 Zoroastre
555 5626 776 5687 ducibus,
819 5626 1032 5696 aliaque
1059 5633 1342 5694 Alexandri,
1370 5643 1514 5696 atque
1543 5635 1778 5684 Romano-

259 5703 377 5762 rum.
403 5688 548 5743 bella.
585 5703 642 5738 ac
671 5704 777 5750 post
800 5688 963 5743 uatum
1002 5695 1244 5746 Christum
1290 5688 1374 5745 rés
1404 5688 1606 5747 ﬂuxisse
1633 5696 1777 5762 longe

257 5764 408 5813 magis
430 5763 704 5815 prosperas.

268 5881 679 5946 Qumbactenus
706 5883 984 5940 retulimus
1039 5885 1371 5958 publicarum
1414 5889 1778 5946 calamitatum

1887 3195 2002 3249 cap.
2037 3180 2127 3245 40,
2155 3190 2202 3233 et
2228 3179 2317 3233 lib.
2348 3180 2455 3234 ιιιά
2498 3177 2652 3245 Nat.,
2683 3195 2800 3251 cap.
2837 3181 2892 3247 9,
2921 3197 3040 3250 pag.
3081 3179 3172 3244 54,
3213 3190 3258 3234 et
3297 3181 3384 3236 lib.
3415 3182 3480 3235 de

1888 3269 2087 3335 Pallio,
2121 3288 2238 3341 cap.
2264 3271 2342 3342 2).
2361 3271 2467 3328 Sed
2495 3271 2670 3327 valere
2687 3287 2902 3341 semper
2925 3272 3154 3329 debebat
3181 3272 3318 3342 apud
3345 3288 3477 3344 gen-

1889 3365 2010 3420 tiles
2040 3365 2274 3421 Platonis
2291 3369 2601 3432 auctoritas,
2650 3381 2749 3421 nec
2773 3368 2932 3438 plane
2963 3368 3234 3423 immerito
3275 3369 3354 3423 eis
3375 3383 3475 3437 op-

1889 3458 2124 3528 ponitur.
2171 3458 2375 3514 Deinde
2428 3474 2559 3514 vero
2607 3458 2982 3531 Thencydides
3011 3476 3040 3514 a
3069 3461 3275 3517 Seneca
3325 3461 3475 3516 testis

1887 3550 2181 3605 submersm
2223 3551 2469 3622 ejusdem
2501 3551 2688 3607 insulae
2732 3553 3032 3624 appellatur
3064 3554 3179 3608 lucc
3208 3555 3260 3608 in
3289 3553 3469 3609 verba.

1891 3663 1910 3694 ι
1946 3641 2321 3714 Theucydides
2378 3647 2452 3698 ait
2514 3644 2656 3699 circa
2683 3643 3088 3715 Pel0ponesiaci
3109 3645 3233 3701 belli
3266 3657 3476 3718 tempus

1886 3736 2190 3790 Atalantam
2227 3735 2455 3791 insulam
2483 3745 2576 3790 aut
2604 3746 2792 3804 totam,
2842 3744 2936 3791 aut
2979 3746 3125 3793 certe
3150 3739 3380 3793 maxima
3409 3753 3474 3794 ex

1890 3838 2042 3901 parte
2063 3829 2342 3884 sull‘usam.
2381 3851 2400 3882 ι
2446 3830 2585 3898 Quin
2633 3831 2796 3886 etiam
2841 3831 2967 3886 huic
2993 3829 3315 3902 suﬂragatur
3343 3833 3476 3886 Am-

1891 3923 2097 3977 mianus
2118 3923 2458 3978 Marcellinus
2478 3923 2708 3995 (Scaea,
2731 3925 2819 3979 lib.
2846 3939 2899 3979 Vl
2921 3923 3112 3980 Natur.
3130 3935 3334 3994 autem,
3353 3943 3471 3998 cap.

1886 4014 1977 4080 ‘24,
2007 4031 2128 4085 pag.
2171 4014 2308 4079 894;
2351 4015 2468 4068 Am.
2512 4015 2774 4082 Marcell.,
2809 4015 2895 4069 lib.
2935 4032 3068 4082 xvn,
3096 4033 3210 4087 cap.
3247 4019 3298 4084 7,
3351 4035 3469 4090 pag.

1891 4106 2042 4178 I69).
2074 4105 2177 4162 Sed
2209 4107 2254 4162 si
2277 4108 2490 4180 utrique
2515 4109 2676 4166 tidem
2707 4111 2910 4166 habere
2937 4111 3112 4166 adhuc
3140 4112 3302 4179 nolis,
3323 4113 3471 4180 audi,

1890 4202 1934 4256 si
1967 4201 2134 4268 lubet,
2170 4203 2430 4284 Senecam
2462 4203 2599 4259 alios
2629 4205 2835 4260 similes
2885 4220 3042 4261 casus
3079 4196 3421 4262 enarrantem
3456 4227 3469 4262 :

1892 4314 1910 4346 ι
1953 4295 2093 4350 Idem
2148 4295 2356 4361 Sidoni,
2404 4317 2422 4349 ι
2461 4299 2536 4352 uti
2593 4298 2889 4369 inquiebat,
2925 4318 2943 4349 ι
2977 4299 3239 4356 accidisse
3287 4301 3470 4358 crede.

1884 4388 1995 4446 Nec
2025 4390 2089 4444 ad
2123 4391 2223 4444 hoc
2255 4390 2482 4446 testibus
2503 4407 2637 4462 opus
2658 4402 2760 4447 est.
2818 4391 3158 4447 Meminimus
3181 4394 3325 4447 enim
3356 4404 3468 4449 ter-

1886 4483 1961 4538 ris
1990 4482 2208 4538 interno
2233 4493 2380 4539 motu
2413 4484 2657 4546 divulsis,
2705 4484 2820 4538 loca
2876 4483 3103 4553 disjecta
3148 4494 3203 4539 et
3252 4501 3474 4557 campos

1887 4576 2160 4632 interiisse
2191 4597 2210 4630 ι
2249 4577 2482 4650 (Scaea,
2516 4577 2604 4630 lib.
2646 4592 2696 4630 tv
2737 4574 2933 4630 Natnr.
2986 4588 3190 4647 qumt.,
3224 4594 3341 4646 cap.
3378 4581 3468 4646 52,

1888 4688 2009 4742 pag.
2040 4670 2182 4736 299;
2223 4672 2339 4725 Am.
2373 4669 2636 4736 Marcell.,
2661 4669 2750 4723 lib.
2779 4685 2905 4732 xvtt,
2936 4686 3052 4738 cap.
3098 4671 3149 4734 7,
3179 4687 3296 4741 pag.
3319 4670 3468 4743 269).

1888 4766 1986 4834 Qui
2009 4765 2163 4838 plura
2183 4765 2433 4830 voluerit,
2454 4763 2602 4818 illum
2625 4762 2802 4818 adhuc
2819 4763 2944 4817 alibi
2968 4763 3234 4819 dicentem
3255 4765 3468 4821 audiat:

1889 4878 1910 4911 ι
1946 4860 2207 4924 Helicem,
2234 4857 2528 4926 Burinque,
2566 4875 2584 4907 ι
2619 4855 2702 4911 vel
2735 4867 2791 4910 ut
2817 4857 2890 4910 ait
2919 4856 3280 4928 Marcellinus,
3317 4877 3336 4908 ‹
3367 4858 3470 4914 Ile-

1883 4952 1989 5008 lice
2017 4963 2072 5007 et
2101 4952 2263 5015 Bura,
2316 4959 2456 5005 totas
2510 4963 2660 5005 mare
2710 4951 3032 5021 accepit.....
3079 4948 3250 5022 Supra
3278 4954 3469 5024 oppida

1883 5043 1991 5098 duo
2017 5043 2297 5113 navigatur
2339 5041 2488 5096 :duo
2522 5052 2722 5108 autem,
2769 5059 2889 5112 qua:
2925 5043 3194 5107 novimus,
3240 5061 3359 5116 quae
3401 5045 3466 5100 ad

1887 5137 2129 5193 notitiam
2162 5144 2402 5192 nostram
2435 5138 2694 5192 memoria
2722 5137 2917 5192 litteris
2959 5147 3168 5194 servata
3200 5139 3465 5209 perduxit.

1883 5229 2054 5296 Quam
2083 5229 2247 5283 multa
2279 5229 2381 5283 alia
2400 5229 2524 5283 aliis
2545 5228 2678 5283 locis
2709 5245 2885 5285 mersa
2931 5233 3092 5286 sunt!
3133 5231 3276 5297 Quot
3298 5245 3468 5301 popu—

1881 5323 1964 5378 los
1987 5333 2078 5376 aut
2105 5331 2244 5376 terra
2277 5325 2328 5377 in
2358 5337 2439 5389 se,
2469 5333 2562 5377 aut
2587 5338 2736 5378 mare
2776 5323 3022 5378 inclusit!
3062 5343 3080 5375 ι
3111 5323 3342 5396 (Scaea,
3373 5323 3442 5378 ibi

1883 5417 2018 5479 clem,
2043 5431 2160 5478 cap.
2193 5415 2285 5482 9.5,
2319 5433 2437 5487 pag.
2472 5415 2627 5488 894.)
2671 5416 2827 5472 Prius
2855 5431 2984 5470 vero
3013 5426 3284 5470 auctorem
3311 5431 3466 5472 suum

1881 5510 2139 5565 citavcrat
2169 5508 2576 5564 Callisthenem.
2612 5508 2810 5563 Eadem
2829 5509 2897 5563 de
2919 5508 3144 5572 Sidone,
3164 5517 3322 5578 atque
3347 5509 3468 5566 aliis

1883 5604 2322 5659 inundationibus
2368 5602 2562 5660 Strabo
2587 5611 2871 5668 memorat,
2904 5618 3060 5672 quem
3089 5602 3225 5657 sicut
3255 5613 3308 5656 et
3337 5602 3466 5658 Ovi-

1883 5701 2052 5766 dium,
2085 5715 2376 5769 rursusque
2402 5698 2663 5754 Senecam
2696 5708 2749 5750 et
2781 5696 3010 5751 Plinium
3057 5695 3206 5752 adire
3235 5696 3466 5767 quilibet

1886 5794 2024 5850 haud
2055 5809 2198 5864 tegre
2244 5793 2440 5863 poterit
2489 5789 2714 5862 (Strab.,
2759 5789 2848 5843 lib.
2883 5805 2896 5842 ι
2940 5788 3152 5861 Geogr.,
3194 5807 3314 5861 pag.
3360 5792 3464 5859 58;

1887 5887 2065 5956 0vid.,
2093 5887 2182 5942 lib.
2217 5902 2282 5941 xv
2317 5883 2635 5952 Metamorph
2667 5924 2681 5950 ,
2710 5897 2882 5936 versus
2901 5881 3002 5939 261
3033 5892 3079 5937 et
3098 5899 3229 5948 δαημς
3257 5883 3464 5954 Scaea,
