3980 6338
606 362 715 420 MS

1873 359 2328 425 BISSIIBTM’ID
2365 361 2647 421 PRAEVIA

3771 374 3860 433 414

605 480 698 537 lib.
730 481 846 550 sit,
869 497 983 554 cap.
1027 481 1119 545 29,
1149 496 1270 554 pag.
1299 479 1440 548 89d;
1467 477 1638 550 Blim,
1671 478 1761 539 lib.
1803 495 1863 545 ιι,
1902 495 2021 551 cap.
2045 480 2118 537 95
2143 490 2190 536 et
2219 483 2272 544 Α
2297 481 2349 536 in
2380 482 2529 537 circo
2556 470 2749 545 leones
2777 482 2991 539 solutos
3032 482 3206 548 dedit,
3257 497 3382 539 eum
3427 484 3652 556 alioquin
3677 486 3856 561 alligati

606 576 697 643 94,
724 594 843 650 pag.
872 575 978 632 $58
1007 585 1054 631 et
1078 576 1235 646 καφ).

680 670 875 727 Verum
903 684 1158 741 quanam,
1190 669 1401 742 rogabit
1444 670 1657 740 aliquis,
1691 672 1904 727 ratione
1932 670 2202 728 Arnobius

605 763 788 821 dicere
836 766 1029 835 potuit,
1064 764 1182 818 haec
1201 780 1322 836 qua:
1360 764 1428 820 de
1470 764 1739 820 Atlantica
1781 764 1955 820 insula
1995 773 2199 832 narrat,

604 868 730 916 ante
778 859 968 916 decem
1016 858 1312 931 contigisse
1364 874 1626 915 annorum
1673 859 1879 914 millia?
1933 857 2202 930 Numquid

608 952 897 1026 ignorabat
922 966 953 1007 a
981 936 1296 1008 christianis
1327 953 1499 1008 multo
1539 952 1755 1007 brevius
1781 967 1810 1005 a
1841 953 2022 1007 mundi
2048 966 2203 1006 crea-

607 1038 757 1102 tione
785 1061 1050 1102 annorum
1080 1048 1313 1118 spatium
1343 1047 1667 1119 computari.
1711 1046 1819 1102 Sed
1853 1046 2012 1102 facile
2041 1045 2205 1101 solvi—

603 1147 692 1196 tur
721 1138 881 1211 hujus
907 1139 1243 1196 difﬁcultatis
1271 1126 1606 1196 nodusINon
1638 1140 1782 1193 enim
1815 1155 1966 1194 suam
1995 1139 2066 1195 ibi
2098 1140 2203 1195 Ar-

606 1233 826 1298 nobius,
853 1232 948 1288 sed
983 1233 1241 1301 Platonis,
1272 1234 1471 1290 ibidem
1493 1248 1523 1289 a
1549 1249 1609 1289 se
1634 1235 1805 1295 citati,
1834 1234 2055 1303 protulit
2082 1234 2205 1303 opi-

605 1325 851 1389 nionem,
881 1326 971 1393 qui
1001 1326 1341 1382 Sacerdotem
1367 1326 1560 1383 Soloni
1604 1328 1684 1381 sic
1716 1327 2021 1397 loquentem
2048 1327 2202 1381 indu-

600 1418 678 1473 cit
702 1416 904 1485 (Plato,
933 1419 987 1472 in
1016 1417 1193 1481 Timor,
1226 1428 1348 1474 tom.
1379 1434 1457 1484 ιιι,
1506 1435 1627 1489 pag.
1654 1417 1748 1487 $5)
1791 1439 1803 1474 :
1845 1428 1946 1480 τῆς
1986 1423 2070 1474 καὶ
2121 1421 2202 1475 ἕν-

599 1511 713 1568 θάδε
743 1510 1135 1585 διακοσμήσεως
1181 1514 1304 1590 παρ’
1331 1515 1447 1586 ἡμῖν
1487 1514 1535 1567 ἐν
1581 1521 1688 1574 τοῖς
1712 1513 1864 1589 ἱεροῖς
1899 1516 2197 1588 γράμμασιν

600 1605 993 1679 οκτακισχιλίων
1013 1608 1134 1662 ἐτῶν
1155 1608 1360 1683 ἀριθμὸς
1378 1608 1685 1683 γέγραπται.
1702 1611 1823 1682 περὶ
1856 1604 1911 1662 δὲ
1931 1615 2029 1661 τῶν
2053 1628 2196 1662 mat-

600 1698 835 1770 κισχῦιια
848 1696 934 1758 ἔτη
957 1699 1232 1774 γεγονότων
1252 1699 1468 1755 πολιτῶν
1485 1720 1569 1755 σοι
1583 1697 1796 1758 δηλώσω
1825 1697 1909 1755 διὰ
1929 1698 2191 1774 βραχέων.

2301 578 2578 642 darentur,
2611 577 2677 633 ad
2725 578 3092 635 conficiendos
3115 593 3213 634 eos
3251 579 3431 635 missis
3458 594 3489 635 a
3517 595 3645 652 rege
3666 580 3858 638 Boccho

2298 669 2725 739 iaculatoribus?
2768 670 2902 726 Nam
2951 679 3006 726 et
3035 670 3348 743 Pompeium
3400 671 3622 741 primum
3653 672 3704 728 in
3731 674 3860 731 circo

2301 763 2715 833 elephantorum
2761 766 3130 836 duodeviginti
3183 782 3414 836 pugnam
3457 767 3704 831 edidisse,
3730 784 3861 825 cem-

2304 857 2485 912 ntissis
2515 872 2666 913 more
2696 859 2865 928 prurlii
2896 858 3070 914 noxiis
3103 858 3433 926 hominibus,
3462 859 3528 914 ad
3576 859 3732 915 ullam
3762 878 3860 918 rem

2305 948 2499 1004 bonam
2532 951 2799 1021 pertinet?
2828 951 3086 1021 Princeps
3108 951 3361 1017 civitatis,
3390 961 3446 1007 et
3473 952 3613 1008 inter
3636 955 3863 1024 antiquos

2306 1041 2595 1112 principes.
2628 1053 2686 1098 ut
2708 1043 2847 1098 fama
2871 1044 3109 1109 tradidit,
3138 1045 3395 1100 bonitatis
3419 1044 3653 1109 eximite,
3683 1061 3866 1103 metuo-

2305 1132 2473 1188 rabile
2504 1138 2708 1205 putavit
2749 1136 3048 1207 spectaculi
3091 1152 3285 1207 genus,
3319 1152 3460 1191 novo
3486 1153 3636 1194 more
3665 1139 3868 1209 perdere

2304 1226 2571 1284 homines.
2635 1230 2973 1301 Depugnant,
3020 1246 3208 1300 parum
3238 1240 3357 1297 est;
3405 1230 3759 1295 lsncinantnr.
3789 1249 3869 1303 pa-

2304 1335 2422 1383 rum
2445 1331 2550 1378 est.
2578 1322 2784 1394 lugenti
2816 1322 2964 1378 mole
2985 1322 3297 1385 animalium
3345 1323 3690 1380 obteruntur.
3711 1327 3871 1381 Satius

2303 1425 2423 1469 erat
2469 1416 2569 1470 ista
2602 1420 2654 1469 in
2683 1415 3014 1472 oblivionem
3048 1417 3160 1479 ire;
3194 1431 3262 1471 ne
3303 1417 3428 1487 quis
3475 1430 3661 1488 poetea
3703 1430 3874 1489 potens

2301 1505 2556 1571 disceret,
2591 1509 2964 1581 invideretqne
2996 1511 3075 1566 rei
3106 1511 3328 1567 minime
3357 1512 3629 1567 humanae.
3662 1514 3705 1568 0
3724 1530 3875 1584 quan-

2303 1608 2414 1654 tum
2442 1600 2691 1671 caliginis
2722 1603 2994 1657 mentibus
3022 1604 3274 1667 humanis
3300 1604 3492 1673 objicit
3520 1621 3708 1677 magna
3731 1608 3878 1663 fclici-

2302 1694 2419 1748 tasl
2464 1691 2561 1751 ltle
2586 1708 2647 1747 se
2676 1708 2837 1764 supra
2868 1710 3050 1752 rerum
3082 1704 3329 1753 naturam
3360 1711 3486 1753 esse
3512 1705 3623 1755 tum
3652 1699 3875 1767 credidit,

598 1793 723 1848 lam
751 1809 866 1850 vero
896 1806 1189 1849 nostrarum
1236 1809 1406 1847 rerum
1434 1803 1598 1849 status
1626 1793 1740 1861 quis
1765 1791 1890 1845 aliut
1920 1793 2074 1863 fuerit
2099 1809 2183 1847 an-

2297 1800 2419 1839 cum
2446 1795 2522 1839 tot
2551 1786 2869 1842 miserorum
2897 1788 3175 1847 hominum
3204 1801 3456 1851 catervas
3501 1793 3605 1847 sub
3626 1793 3734 1848 alio
3756 1794 3879 1848 coelo

604 1901 790 1940 norum
830 1896 943 1940 octo
989 1886 1208 1941 millium
1239 1886 1393 1941 series
1422 1886 1474 1942 in
1511 1886 1699 1939 nostris
1744 1885 1903 1938 sacris
1946 1884 2087 1939 libris
2115 1899 2196 1939 rs-

602 1987 870 2033 censentar
888 1994 907 2033 :
930 1994 1109 2035 novem
1133 1989 1303 2033 autem
1328 1978 1497 2033 millia
1516 1995 1771 2033 annorum
1791 1979 1992 2045 seriem,
2013 1978 2195 2049 quibus

605 2071 686 2126 illi
711 2071 931 2142 majores
961 2072 1260 2126 exstiterunt
1289 2071 1378 2124 tibi
1405 2070 1615 2124 breuiter
1641 2070 2017 2127 demonstrabo.

675 2163 758 2218 Es
798 2162 983 2221 mundi
1022 2178 1173 2229 vero,
1221 2177 1287 2218 ac
1329 2162 1669 2234 potissimum
1716 2160 1969 2217 Sodomae
2006 2170 2062 2215 et
2088 2159 2198 2216 Go-

600 2256 841 2314 morrha:
886 2257 1152 2315 incendiis
1197 2257 1559 2313 Tertulliauus
1606 2255 1851 2312 ethnicos
1901 2254 2194 2326 redarguit,

597 2352 1057 2423 quemadmodum
1083 2366 1184 2409 suo
1222 2351 1344 2407 loco
1385 2350 1753 2406 ostendemus.
1786 2349 1898 2406 Nec
1928 2350 2085 2419 hujus
2114 2350 2195 2404 in-

596 2446 775 2501 cendii
804 2446 1073 2519 losephus
1102 2454 1309 2503 tantum
1357 2445 1688 2501 mentionem
1738 2444 1887 2511 fecit,
1933 2444 2026 2499 sed
2072 2443 2190 2512 ipse

596 2539 759 2593 etiam
807 2539 915 2605 bis,
963 2547 1024 2594 ut
1067 2538 1304 2605 videtnr,
1356 2537 1536 2593 verbis
1583 2535 1865 2592 Cornelius
1914 2536 2134 2593 Tacitus
2172 2551 2188 2590 :

602 2648 621 2682 ι
651 2631 766 2702 Ego
785 2630 1039 2689 Judaicas
1059 2631 1333 2702 quondam
1362 2629 1527 2687 urbes
1557 2631 1678 2702 igne
1704 2631 1910 2687 caelesti
1935 2630 2191 2702 ﬂagrasse

594 2724 957 2778 concesserim
997 2742 1017 2779 ι
1053 2721 1410 2796 (Tertulliau.,
1468 2722 1715 2795 Apolog.,
1755 2739 1871 2793 cap.
1902 2722 1994 2791 b0,
2026 2733 2072 2777 et
2099 2723 2189 2778 lib.

594 2814 658 2869 dc
687 2813 856 2883 Pall.,
880 2832 999 2887 cap.
1026 2815 1097 2883 ἃς
1130 2815 1372 2886 Josepb.,
1404 2814 1493 2869 lib.
1523 2831 1540 2870 ι
1568 2815 1817 2877 Antiquit.
1840 2814 2047 2881 Judai.,
2069 2832 2187 2885 cap.

591 2907 684 2965 22.
729 2919 775 2963 et
820 2910 911 2965 lib.
963 2926 995 2965 ν
1041 2911 1104 2965 de
1130 2908 1265 2966 Bell.
1291 2908 1528 2976 Judaic.,
1555 2925 1671 2979 cap.
1698 2909 1733 2965 ὅ
1759 2926 1775 2975 ;
1809 2907 2003 2977 Tacit.,
2035 2908 2124 2964 lib.
2155 2926 2191 2966 η

592 2998 817 3068 Histor.,
845 3011 959 3075 post
979 3002 1144 3072 inil.).

2300 1878 2442 1932 natis
2474 1878 2666 1935 belluis
2690 1880 2975 1948 objiceret,
3004 1897 3127 1938 cum
3170 1882 3369 1938 bellum
3404 1885 3551 1941 inter
3579 1894 3686 1941 tam
3714 1886 3877 1957 dispa-

2298 1972 2376 2024 ria
2406 1971 2657 2026 animalia
2686 1974 3074 2041 committeret,
3123 1989 3246 2029 cum
3296 1977 3349 2030 in
3380 1988 3682 2047 conspectu
3712 1979 3875 2049 populi

2298 2062 2525 2118 Romani
2548 2065 2775 2121 multum
2801 2068 3076 2139 sanguinis
3103 2067 3375 2137 funderet,
3410 2087 3538 2127 mox
3572 2073 3692 2141 plus
3719 2075 3874 2143 ipsum

2296 2155 2524 2212 {undere
2549 2167 2854 2215 coacturus.
2889 2177 2909 2212 ι
2947 2160 3001 2216 Si
3024 2161 3147 2229 quis
3186 2171 3364 2217 tamen
3397 2166 3701 2219 contendat
3725 2166 3880 2220 Arno-

2298 2248 2446 2309 bium
2495 2266 2600 2304 non
2647 2250 2717 2306 de
2767 2252 2890 2317 hoc,
2920 2252 3018 2308 sed
3059 2253 3128 2308 de
3163 2254 3434 2325 superiori
3472 2257 3753 2313 hominum
3771 2272 3879 2312 cum

2300 2341 2495 2396 belluis
2511 2345 2811 2400 certamine
2839 2361 2962 2401 esse
2992 2347 3430 2419 intelligendum,
3461 2349 3595 2406 huic
3624 2366 3732 2408 non
3756 2351 3881 2407 mul-

2297 2444 2406 2489 tum
2429 2438 2866 2507 repugnabimus.

2366 2528 2624 2586 Ultimum
2655 2548 2821 2600 porro
2845 2536 3131 2606 gentilium
3173 2548 3589 2609 argumentum,
3639 2556 3707 2597 ex
3730 2540 3885 2596 bello-

2293 2636 2411 2676 rum
2436 2622 2740 2695 frequentia
2774 2628 3023 2696 petitum,
3057 2629 3184 2693 inde
3211 2629 3389 2700 primo
3436 2632 3536 2688 ille
3587 2633 3748 2703 diluit
3777 2633 3881 2701 (Ar-

2292 2716 2437 2779 nob.,
2467 2718 2557 2772 lib.
2582 2734 2622 2785 t,
2653 2735 2770 2791 pag.
2804 2720 2883 2792 li),
2933 2721 3076 2791 quod
3123 2722 3372 2794 ingentes
3418 2727 3709 2785 hominum
3737 2730 3887 2798 copia:

2293 2822 2364 2867 es
2397 2809 2662 2869 Atlantica
2692 2813 2867 2869 insula
2888 2827 3251 2886 emergentes,
3304 2819 3634 2876 innumeras
3661 2823 3886 2877 nationes

2290 2901 2717 2978 proﬂigaverint,
2764 2922 2828 2964 ac
2872 2907 3195 2969 deleverint.
3228 2909 3339 2969 Sed
3370 2912 3446 2969 de
3480 2913 3571 2973 his
3595 2915 3756 2987 paulo
3780 2924 3889 2971 ante

2289 2996 2547 3059 diximus.

664 3094 845 3167 Pergit
891 3096 1181 3166 Arnobius,
1221 3098 1407 3169 aitque
1450 3106 1578 3153 ante
1623 3095 1972 3163 christianos,
2006 3119 2030 3150 s
2058 3112 2184 3154 cum
2210 3120 2254 3185 Ε
2292 3182 2302 3185 Α
2357 3089 2605 3149 Secundo
2625 3093 2807 3165 itaque
2836 3096 3107 3155 Arnobius
3146 3098 3449 3169 gentilibus
3477 3098 3877 3175 objicitUbid.)

590 3186 723 3244 leris
771 3187 933 3251 bella,
981 3200 1036 3265 et
1084 3190 1268 3260 prmlia
1317 3206 1439 3245 cum
1490 3189 1737 3245 leonibus
1773 3197 1926 3259 gesta
1971 3201 2118 3246 sunt.
2158 3210 2180 3244 ι
2216 3182 2221 3185 ’
2287 3182 2433 3240 inter
2464 3188 2720 3258 Assyrios
2748 3197 2803 3244 et
2827 3188 3162 3257 Bactrianos,
3211 3191 3357 3250 Nino
3401 3204 3461 3249 et
3492 3194 3789 3251 Zoroastre
3807 3195 3889 3250 du-

589 3279 831 3353 (Arnob.,
856 3281 948 3336 lib.
970 3299 1010 3350 ι,
1041 3299 1161 3354 pag.
1193 3283 1271 3354 ὅ).
1303 3287 1373 3337 At
1402 3282 1547 3338 ibi—si
1579 3282 1646 3337 de
1697 3284 1919 3349 manliis,
1958 3300 2077 3355 quae
2108 3286 2187 3339 in-

589 3382 796 3431 structo
816 3373 1094 3429 hominum
1125 3377 1393 3441 exercitu,
1424 3390 1548 3430 cum
1578 3373 1710 3430 ieris
1730 3386 1787 3432 et
1813 3375 2011 3431 belluis
2035 3390 2188 3432 com-

589 3467 753 3523 missa
782 3467 1021 3534 fuerunt,
1050 3475 1244 3522 testem
1295 3466 1594 3534 desideres,
1628 3466 1722 3521 tibi
1746 3467 1812 3522 Α.
1844 3466 2051 3524 Gellius
2071 3468 2180 3529 cito

587 3557 736 3613 dabit
762 3555 1128 3624 Tuberonem,
1157 3559 1248 3628 qui
1278 3561 1557 3615 memoriae
1590 3560 1867 3615 mandavit
1914 3559 2178 3630 Regulum

586 3650 727 3722 apud
777 3650 1075 3722 Bagradam
1126 3651 1349 3707 ﬂuvium
1401 3651 1479 3721 in,
1511 3651 1693 3707 Africa
1727 3652 1918 3723 positis
1938 3653 2130 3708 castris
2162 3671 2178 3708 :

592 3759 613 3794 t
647 3742 902 3799 Prtelium
924 3744 1132 3815 grande
1155 3757 1319 3817 atque
1343 3760 1472 3801 acre
1509 3746 1700 3801 fecisse
1730 3745 1992 3801 adversus
2014 3762 2177 3802 unmn

586 3845 894 3905 serpentem
944 3837 1057 3893 illic
1088 3838 1470 3906 stabulantem,
1514 3840 2178 3905 inusitataeimmanitatis,

585 3941 818 3997 eumque
846 3944 1036 4002 magna
1068 3932 1231 3987 totius
1257 3934 1531 3989 exercitus
1561 3932 1922 3998 conﬂictione,
1953 3933 2179 3991 ballistis

583 4032 747 4092 atque
776 4024 1064 4093 catapultis
1089 4024 1179 4080 diu
1210 4038 1600 4098 oppugnatum,
1632 4027 1857 4099 ejusque
1907 4026 2177 4084 interfecti

583 4115 814 4183 corium,
864 4118 1083 4186 longum
1134 4120 1300 4190 pedes
1341 4130 1558 4177 centum
1612 4132 1668 4182 et
1711 4121 1901 4191 viginti
1951 4122 2177 4180 [lernam

584 4210 800 4267 misisse
837 4230 858 4265 ι
893 4210 1075 4283 (Gell.,
1131 4213 1220 4269 lib.
1251 4230 1305 4269 v1
1346 4213 1502 4268 Noct.
1560 4215 1740 4283 Attia,
1785 4233 1901 4290 cap.
1952 4218 2008 4284 5,
2053 4235 2175 4289 pag.

581 4302 737 4375 368).
796 4304 995 4362 Eadem
1042 4321 1106 4362 ex
1156 4306 1309 4363 Livio
1357 4318 1542 4364 narrat
1586 4309 1832 4366 Valerius
1888 4309 2172 4382 Maximus,

582 4406 745 4468 atque
790 4399 952 4453 etiam
987 4399 1212 4467 Plinius,
1254 4401 1346 4471 qui
1392 4417 1505 4463 rem
1554 4412 1734 4457 natam
1782 4419 1907 4459 esse
1957 4407 2155 4460 asserit

583 4443 744 4468 --.ιη
793 4443 952 4453 --......
1255 4443 1346 4471 Ψ..
1393 4443 1505 4463 ......
1783 4443 1907 4459 που
1957 4443 2173 4473 ww",

581 4488 708 4555 item
738 4490 966 4558 Seneca,
999 4491 1244 4559 Orosius,
1275 4493 1490 4561 Florus,
1544 4506 1599 4551 et
1639 4497 1729 4551 alii
1759 4495 1965 4569 (ναίετ’.
1999 4497 2175 4567 Μαῖα,
2202 4443 2257 4509 D

579 4580 671 4638 lib.
699 4599 739 4650 ι,
794 4601 912 4655 cap.
945 4584 1000 4645 8,
1048 4585 1079 4655 §
1114 4587 1201 4653 19,
1235 4604 1356 4658 pag.
1412 4589 1509 4652 77;
1559 4587 1731 4655 Plin.,
1766 4589 1855 4647 lib.
1900 4606 1992 4647 vui
2031 4590 2167 4648 Hist.

576 4687 776 4744 natur”
818 4695 935 4746 cap.
978 4680 1063 4742 14,
1115 4695 1234 4751 pag.
1269 4679 1413 4746 155;
1465 4680 1674 4747 Senec.,
1717 4683 1867 4753 epist.
1913 4684 2004 4753 82,
2050 4702 2168 4756 pag.

579 4770 717 4835 156;
751 4769 929 4839 οισι,
959 4771 1047 4825 lib.
1078 4786 1154 4839 tv,
1183 4788 1300 4842 cap.
1332 4773 1406 4838 8;
1440 4771 1616 4842 Flora,
1646 4774 1736 4830 lib.
1770 4791 1827 4841 ιι,
1856 4793 1974 4845 cap.
2004 4776 2085 4851 2).

652 4863 727 4918 At
753 4864 797 4923 si
829 4864 1102 4919 Arnobius
1124 4864 1192 4919 de
1230 4866 1616 4922 certaminibus
1643 4877 1787 4939 agat,
1830 4869 2026 4940 quibus
2063 4870 2177 4940 gla-

579 4956 819 5021 diatores
847 4967 904 5015 et
947 4958 1173 5014 athleta:
1200 4974 1322 5014 cum
1340 4960 1588 5016 leonibus
1626 4974 1680 5017 et
1707 4960 1829 5017 aliis
1854 4962 2048 5019 belluis
2080 4980 2175 5032 pu-

581 5051 818 5122 gnaturi,
845 5051 900 5106 in
930 5064 1151 5106 arenam
1180 5051 1606 5116 descendebant,
1634 5054 1704 5110 de
1739 5056 1804 5109 iis
1834 5054 2060 5121 forsitan
2090 5056 2175 5111 in-

580 5142 908 5217 telligendus
943 5154 1049 5211 est,
1099 5160 1332 5217 quorum
1378 5149 1686 5216 spectacula
1742 5149 1891 5221 Sylla
1932 5159 1988 5205 et
2014 5149 2175 5204 Pom-

579 5240 735 5310 peius
763 5238 964 5309 aliique
990 5238 1278 5294 dederunt.
1335 5241 1405 5292 At
1450 5248 1652 5310 praeter
1689 5255 1774 5306 ea,
1823 5255 1944 5311 quae
1983 5239 2052 5297 de
2091 5241 2176 5296 his

577 5332 907 5403 Sputaculis
934 5332 1063 5387 alibi
1111 5333 1404 5402 attigimus,
1433 5332 1632 5387 vidcsis
1658 5333 1915 5402 Plinitnn,
1950 5335 2174 5390 Dionem

577 5423 850 5491 Cassium,
871 5435 1034 5498 atque
1064 5426 1119 5480 in
1143 5425 1337 5495 primis
1359 5422 1882 5495 Senecamwisscrt.
1899 5427 1956 5487 in
1977 5427 2173 5482 Minus.

581 5518 789 5584 Oetam,
819 5535 939 5589 cap.
970 5518 1026 5585 9,
1059 5531 1159 5573 art.
1192 5519 1261 5582 Ως
1297 5516 1468 5585 Plin.,
1513 5518 1601 5573 lib.
1634 5534 1727 5574 vui
1778 5520 1971 5576 Nalar.
2024 5524 2173 5589 bist"

578 5628 697 5684 cap.
728 5614 819 5679 16,
848 5630 967 5685 pag.
1005 5612 1142 5677 160;
1173 5611 1277 5667 Ilio
1305 5609 1474 5671 Cass.,
1507 5611 1596 5666 lib.
1627 5628 1786 5668 usus
1819 5612 1959 5668 Hist.
1990 5613 2174 5681 Hann;

580 5706 790 5773 Senam,
818 5708 904 5762 lib.
938 5708 1002 5762 de
1025 5706 1218 5763 Brevil.
1245 5709 1384 5773 uiue,
1419 5724 1538 5770 cap.
1567 5708 1636 5763 to
1667 5717 1715 5762 et
1746 5709 1837 5773 ﬂ,
1867 5725 1984 5779 pag.
2016 5707 2167 5782 ἴυῗ),

580 5797 674 5867 qui
714 5796 854 5859 hanc
882 5799 1258 5861 crudelitatem
1302 5802 1382 5857 sic
1430 5803 1709 5873 exagitat:
1742 5820 1761 5855 ι
1793 5800 1932 5858 Num
1983 5810 2039 5858 et
2066 5802 2172 5859 hoc

590 5904 914 5959 quemquam
957 5907 1151 5950 curare
1195 5895 1496 5964 permittas,
1528 5894 1671 5967 quod
1700 5895 1909 5967 primus
1930 5894 1993 5955 ι.
2026 5896 2181 5969 Sylla

2285 3275 2462 3343 cibus,
2495 3293 2601 3337 non
2629 3278 2775 3339 lerro
2805 3284 3180 3341 tantummodo
3198 3293 3253 3340 et
3274 3283 3519 3354 siribus,
3551 3287 3654 3342 sed
3688 3283 3892 3357 magicis

2286 3370 2449 3429 etiam
2485 3374 2694 3433 artibus
2717 3374 2907 3443 praelia
2931 3376 3061 3433 olim
3090 3376 3463 3437 decertatum.
3504 3384 3577 3435 At
3609 3381 3767 3437 testis
3809 3390 3890 3437 no-

2287 3463 2371 3521 bis
2392 3474 2476 3521 est
2494 3465 2758 3524 Eusebius
2782 3466 3125 3525 Zoroastren)
3151 3486 3366 3545 magum
3431 3484 3570 3531 tunc
3615 3469 3894 3533 Bactrianis

2282 3557 2605 3627 imperasse.
2650 3574 2770 3617 cutn
2793 3561 2937 3629 apud
2982 3560 3237 3633 Assyrios
3267 3562 3443 3625 Ninus
3476 3575 3748 3637 regnaret
3773 3563 3893 3638 (Eu-

2281 3647 2409 3713 seb.,
2440 3648 2527 3703 lib.
2548 3667 2583 3704 x
2603 3649 3017 3724 Prtepar.ettang
3045 3693 3061 3721 ,
3090 3671 3205 3726 cap.
3236 3655 3292 3719 9,
3324 3674 3459 3728 pag.
3490 3661 3655 3731 484).
3684 3659 3741 3714 In
3768 3657 3893 3717 illius

2278 3748 2460 3801 autem
2492 3740 2755 3801 chronica
2806 3743 2942 3810 haec,
2978 3762 3098 3816 quae
3126 3747 3194 3805 ad
3245 3763 3363 3805 rem
3398 3764 3666 3813 nosu'am
3712 3751 3893 3813 condu-

2214 3852 2227 3865 ι
2280 3846 2409 3893 cere
2435 3834 2710 3902 videntur,
2739 3838 2901 3897 verba
2926 3838 3155 3908 legimus
3187 3857 3202 3893 :
3232 3858 3252 3892 ι
3294 3840 3649 3905 Zoroastres
3703 3861 3893 3915 magus.

2280 3939 2374 3987 res
2421 3924 2856 3995 Bactrianorum,
2898 3931 3077 3997 clarus
3128 3932 3383 4001 habetur,
3432 3938 3723 3999 adversus
3752 3952 3889 4007 quem

2278 4015 2447 4079 Ninus
2474 4018 2767 4079 dimicavit.
2808 4040 2830 4075 ι
2869 4022 3024 4089 Quod
3052 4024 3269 4093 quidem
3298 4024 3479 4098 ΤωΒὶ
3513 4030 3771 4101 Pompei,
3801 4030 3893 4085 Διι-

2279 4110 2499 4180 gustini,
2529 4111 2864 4185 "lel'OItyﬂli,
2898 4126 2951 4172 et
2978 4115 3155 4179 Orosii
3203 4122 3564 4183 auctoritate
3613 4126 3892 4181 conﬁrma-

2281 4213 2367 4267 tur
2396 4203 2488 4277 (In
2514 4207 2744 4267 chronic.
2772 4208 2842 4264 ad
2867 4208 3091 4267 Annum.
3125 4211 3189 4273 7;
3220 4210 3417 4285 Trog.,
3450 4216 3556 4273 lib.
3584 4235 3639 4285 ις
3668 4218 3896 4290 Augusta

2279 4300 2371 4357 lib.
2414 4317 2505 4356 xxi
2544 4302 2607 4358 de
2634 4302 2811 4370 Cicit.,
2842 4321 2959 4375 cap.
3012 4306 3102 4373 11,
3153 4323 3273 4378 pag.
3315 4306 3474 4379 654;
3508 4311 3827 4384 Hieronym.
3855 4309 3899 4367 t'tt

2279 4410 2399 4466 cap.
2431 4412 2469 4452 ιι
2491 4394 2655 4465 Osee,
2687 4413 2860 4454 versus
2886 4398 2945 4468 2,
2973 4417 3095 4472 pag.
3125 4400 3286 4468 1251,
3325 4418 3464 4462 non.
3517 4408 3657 4465 edit.
3676 4426 3701 4476 ;
3740 4407 3899 4469 Oros"

2281 4487 2370 4545 lib.
2402 4504 2440 4554 ι,
2468 4505 2587 4558 cap.
2620 4489 2701 4563 ι).
3542 4510 3549 4511 ⁷

2350 4581 2737 4657 Verumtamen
2756 4582 2842 4640 his
2866 4585 3025 4654 plane
3062 4584 3342 4645 adversari
3374 4591 3623 4653 videtur
3651 4594 3903 4655 Diodorus

2278 4673 2514 4749 Siculus.
2547 4677 2640 4748 qui
2667 4678 2753 4737 ubi
2783 4678 2909 4737 Nini
2935 4679 3194 4741 adversus
3225 4682 3575 4748 Bactrianos
3607 4688 3899 4761 expeditio-

2278 4784 2402 4824 nem
2434 4769 2717 4837 describit,
2748 4772 2939 4829 borum
2986 4773 3179 4829 ducem
3234 4790 3345 4830 non
3394 4778 3797 4843 Zoroastren),
3819 4774 3902 4835 sed

2278 4862 2574 4935 Oxyartem
2602 4866 2837 4937 appellat
2890 4867 3131 4939 (Disdor.
3165 4868 3366 4938 Sicul.,
3418 4874 3525 4931 lib.
3558 4894 3601 4934 ιι
3637 4876 3898 4936 Bibliotlt.,

2278 4972 2399 5028 pag.
2432 4956 2499 5013 66
2522 4970 2567 5013 et
2611 4958 2799 5031 ηιμ).
2855 4959 3063 5017 Deinde
3090 4976 3224 5017 vero
3267 4963 3417 5029 nihil
3472 4971 3653 5040 plane
3702 4967 3900 5040 magici,

2279 5064 2455 5120 neque
2488 5051 2686 5107 insoliti
2715 5067 2781 5107 eo
2805 5055 2857 5108 in
2884 5055 3072 5121 prelis
3117 5057 3556 5133 animadvertit,
3582 5066 3692 5123 sed
3716 5064 3907 5135 Oxyar'

2278 5144 2348 5199 tis
2371 5155 2576 5200 tantum
2601 5155 2772 5201 artem
2800 5156 2857 5202 et
2880 5149 3179 5229 solertiam,
3211 5168 3315 5221 qna
3342 5170 3488 5212 cum
3523 5173 3749 5227 partem
3771 5173 3908 5216 exer-

2276 5236 2414 5291 citus
2442 5236 2564 5292 Nini
2589 5238 2640 5291 in
2671 5239 2928 5308 quasdam
2953 5242 3195 5299 locorum
3248 5254 3567 5317 angustias
3611 5253 3901 5324 pertraxis-

2275 5340 2380 5407 set,
2410 5333 2545 5388 inito
2573 5335 2888 5411 certamine,
2918 5336 3120 5408 iugavit
3154 5338 3368 5404 hostes,
3409 5360 3772 5422 centumque
3801 5346 3907 5403 inil-

2280 5423 2345 5501 lia
2378 5438 2442 5481 ex
2471 5426 2537 5481 iis
2570 5426 2786 5497 occidit.
2824 5426 2930 5489 Sed
2976 5429 3069 5487 ille
3124 5442 3308 5502 postea
3344 5448 3382 5489 a
3420 5436 3583 5495 Nino
3610 5444 3789 5501 victus
3812 5445 3903 5494 est-

2276 5517 2394 5575 Huc
2419 5520 2648 5587 accedit,
2682 5522 2822 5591 quod
2855 5522 3035 5592 plures
3065 5524 3268 5581 fuerint
3294 5529 3380 5583 uti
3409 5530 3671 5604 Plinius,
3707 5537 3903 5595 Suidas.

2276 5622 2330 5669 et
2358 5611 2448 5667 alii
2475 5614 2784 5684 observant,
2814 5614 3117 5672 Zoroastris
3149 5620 3378 5677 nomine
3411 5631 3761 5701 nuncnpati.
3794 5628 3905 5685 Sca-

2277 5704 2417 5775 liger
2445 5715 2627 5762 autem
2647 5705 2846 5762 Laertii
2872 5710 3183 5764 testimonio
3206 5709 3463 5781 probare
3492 5732 3743 5777 conatur
3771 5720 3904 5791 (Sca—

2280 5799 2394 5871 lig.,
2420 5801 2472 5855 in
2493 5797 2685 5857 Chron.
2717 5801 2930 5870 Enseb.,
2955 5822 3077 5876 pag.
3106 5804 3220 5876 15),
3252 5818 3421 5876 eum,
3457 5816 3563 5884 qui
3592 5832 3787 5882 magns
3810 5813 3907 5874 luit,

2281 5888 2483 5959 Xerse,
2512 5902 2677 5965 atque
2706 5895 2913 5959 idcirco
2940 5895 3080 5961 Nino
3102 5896 3265 5955 etiam
3314 5903 3538 5962 multis
3564 5910 3793 5967 sarculis
3810 5916 3913 5963 esse
