4030 6284
592 358 699 414 447

593 568 773 623 omnia
815 567 1125 626 christianis
1155 567 1478 639 attribuunt,
1527 570 1716 628 falsam
1761 573 2036 644 depulisse
2078 576 2177 632 ob-

595 659 990 716 trectationem.
1023 661 1162 728 Quid
1199 672 1414 732 autem,
1454 665 1500 720 si
1542 680 1608 722 ex
1643 667 2036 724 elementorum
2068 671 2178 742 agi-

591 753 830 819 tatione,
883 753 1124 810 siderum
1178 758 1413 814 motibus
1456 799 1474 824 ,
1525 768 1688 829 atque
1731 761 1974 818 materiae
2023 763 2176 828 feee,

590 850 1008 906 nocentissimos
1037 853 1428 924 pestiferosque
1458 871 1721 924 vapores,
1766 867 1824 912 ut
1866 857 2028 914 docet
2063 857 2177 914 Sc—

589 957 720 998 neca
742 983 758 1007 ,
787 942 1074 1000 exhalante
1093 989 1107 1014 ,
1160 945 1438 1002 oriantur?
1468 946 1675 1020 (Senec.
1695 990 1711 1016 ,
1741 948 1829 1004 tib.
1879 965 1950 1004 vn
1982 948 2172 1005 Natur.

585 1047 791 1107 quaest,
824 1054 945 1111 pag.
979 1037 1135 1110 465.)

661 1129 929 1186 Praeterea
980 1147 1100 1203 quae
1155 1132 1504 1199 hominibus,
1563 1134 1742 1191 omnia
1791 1139 2176 1196 commoditate

587 1237 684 1279 sua
725 1225 1103 1295 metientibusf,
1155 1229 1293 1283 mala
1324 1229 1592 1292 videntur.
1620 1246 1811 1301 reapse
1843 1232 1942 1302 ipsi
1977 1233 2176 1288 mundo

587 1316 728 1372 bona
775 1328 899 1374 sunt
930 1317 1148 1390 (Arnob.
1173 1363 1189 1390 ,
1219 1320 1394 1395 ibid.).
1430 1322 1638 1378 Diluvia
1664 1325 1930 1397 siquidem
1957 1326 2174 1381 mundi-

585 1424 694 1480 que
722 1409 1178 1482 conllagrationes
1205 1429 1234 1467 a
1269 1413 1496 1470 Platone
1523 1431 1630 1470 non
1660 1417 1847 1472 mundi
1877 1418 2171 1490 pernicies.

585 1502 681 1557 sed
704 1543 720 1566 ,
749 1503 888 1559 sicut
917 1504 986 1560 ab
1010 1504 1243 1578 Origene
1264 1548 1278 1572 ,
1309 1517 1362 1562 et
1386 1523 1415 1561 a
1442 1508 1597 1564 nobis
1625 1509 1753 1565 alibi
1785 1510 2135 1567 observatum
2156 1555 2170 1579 ,

585 1595 826 1666 ejusdem
854 1599 1038 1654 mundi
1059 1600 1303 1672 purgatio
1324 1611 1618 1658 censentur
1649 1601 1924 1674 (Plato,in
1955 1604 2168 1671 Timaeo,

585 1699 704 1744 tam.
731 1705 820 1757 ιιι,
853 1708 908 1761 p.
939 1690 1097 1757 22,0
1127 1693 1218 1747 lib.
1244 1709 1299 1748 ιιι
1326 1695 1390 1748 de
1407 1694 1560 1766 Leg.,
1584 1705 1705 1751 tom.
1737 1713 1794 1763 ιι,
1829 1714 1948 1770 pag.
1980 1698 2106 1767 676,
2124 1710 2174 1755 et

583 1796 760 1852 squ.;
812 1780 996 1853 0rig.,
1053 1783 1144 1838 lib.
1190 1799 1244 1839 tv
1283 1795 1447 1841 contr.
1493 1784 1666 1853 Cels.,
1715 1807 1834 1862 pag.
1868 1790 2010 1858 173;
2070 1791 2173 1848 Su-

582 1890 674 1945 per
718 1873 976 1931 dissertet.
1018 1877 1072 1931 in
1117 1876 1530 1948 Minuc.0ctav.,
1563 1898 1678 1952 cap.
1710 1899 1764 1950 ι,
1795 1894 1894 1938 art.
1922 1885 2000 1956 ll).
2033 1884 2171 1950 Quid
2204 1881 2251 1939 B

583 1978 738 2034 vero,
765 1966 908 2038 quod
939 1975 1269 2039 temperatus
1295 1972 1429 2026 solis
1454 1973 1636 2040 ardor,
1665 1985 1722 2030 ut
1753 1977 1827 2031 ait
1864 1977 2166 2047 Arnobius,

585 2057 772 2114 multis
828 2061 1083 2131 prodest,
1129 2079 1288 2134 quem
1315 2065 1514 2137 aliquis
1540 2077 1720 2125 tamen
1763 2071 2166 2141 voluptuarius,
2191 2060 2217 2078 ’

581 2165 648 2206 eo
675 2155 870 2209 torreri
895 2155 1122 2225 solitus,
1156 2159 1317 2213 nimis
1349 2160 1720 2230 moderatum,
1765 2174 1855 2219 aut
1883 2166 1984 2221 sibi
2017 2169 2168 2239 peni-

582 2253 668 2300 tus
720 2247 960 2304 ablatum
1006 2251 1376 2320 conqueritur.
1430 2252 1504 2308 lbi
1534 2265 1713 2312 autem
1763 2257 1832 2312 od
1878 2259 2029 2315 illum
2067 2254 2170 2316 Ar-

581 2339 774 2395 nobius
831 2340 1021 2398 alludit
1076 2358 1320 2412 morem,
1383 2360 1491 2417 quo
1541 2347 1667 2404 olim
1728 2350 1920 2406 molles
1963 2351 2166 2408 ethnici

578 2440 704 2488 ante
732 2432 911 2489 cibum
938 2435 1183 2492 exerceri
1207 2482 1221 2506 ,
1254 2452 1316 2492 ac
1340 2448 1525 2509 postea
1551 2438 1617 2495 ad
1650 2441 1821 2498 solem
1843 2443 1928 2498 vel
1960 2444 2163 2516 ignem,

577 2525 665 2582 vel
694 2526 948 2584 balneum
993 2531 1117 2602 ungi
1142 2541 1552 2588 consueverant.
1589 2534 1739 2593 Unde
1764 2535 1981 2593 Persius
2015 2556 2029 2592 :

855 2643 1063 2696 Assidue
1085 2651 1252 2697 curata
1274 2646 1482 2701 cuticula
1504 2647 1626 2700 sole.

645 2747 713 2806 Et
745 2750 905 2820 paulo
938 2760 1060 2822 post
1093 2772 1108 2810 :

665 2862 730 2913 At
749 2865 793 2914 si
816 2871 996 2917 unctus
1015 2879 1186 2932 cesses
1210 2875 1264 2919 et
1285 2868 1408 2932 ﬁgas
1424 2873 1481 2932 in
1503 2877 1619 2923 cute
1642 2873 1818 2924 solem.

1131 2930 1482 2995 (Persa—satin
1509 2936 1557 2999 4,
1585 2949 1708 2988 vers.
1736 2938 1853 2988 18et
1872 2939 1977 3003 55.)

643 3001 917 3090 Juvenalis
948 3050 1081 3092 vero
1112 3053 1127 3090 :

661 3144 836 3220 ﬁgura
856 3148 995 3220 bibat
1016 3163 1220 3220 vernum
1243 3156 1492 3220 contracta
1515 3156 1724 3220 cuticula
1745 3157 1920 3220 solem,

658 3207 971 3321 Eﬂ'ugiatque
991 3220 1172 3275 togam,
1185 3216 1284 3278 jam
1303 3219 1505 3266 nuncin
1523 3218 1719 3280 balnea,
1747 3207 1881 3271 salva

663 3269 865 3321 Fronte.
903 3281 1005 3321 reet
1028 3275 1188 3321 vadas.

663 3269 865 3336 Fronte,
882 3269 1005 3324 licet
1028 3269 1189 3330 v'adas'.

1255 3338 1476 3401 (Jovem,
1495 3343 1634 3393 satir.
1661 3345 1739 3404 12,
1765 3343 1817 3395 in
1861 3345 1975 3410 ﬁn.)

565 3437 665 3494 Bis
694 3438 878 3510 itaque
906 3441 1041 3496 solis
1064 3442 1230 3498 ardor
1251 3453 1414 3500 tantae
1440 3449 1703 3518 voluptati
1729 3459 1880 3517 erat,
1900 3459 2159 3521 quantum

564 3531 654 3586 alii
683 3546 807 3586 cum
833 3531 937 3587 sibi
964 3533 1260 3591 obnoxium
1289 3539 1693 3595 existimabant.

637 3625 818 3697 Pergit
846 3627 1122 3684 Arnobius
1153 3631 1309 3686 nobis
1329 3647 1437 3688 non
1463 3649 1587 3690 esse
1615 3646 1952 3707 compertum
1977 3649 2154 3696 utrum

563 3717 911 3787 pestilentiae.
941 3719 1150 3786 morbi,
1187 3721 1383 3789 fames,
1417 3736 1472 3780 et
1498 3727 1618 3781 alia:
1641 3728 1908 3798 ejusmodi
1934 3733 2156 3790 calami-

565 3821 706 3868 tates
729 3828 834 3870 non
864 3814 988 3871 ideo
1027 3817 1425 3888 intervenient;
1473 3831 1532 3876 ut
1585 3839 1706 3893 quae
1753 3825 1805 3880 in
1846 3827 2047 3884 mundo
2076 3830 2155 3885 vi-

564 3904 766 3962 dentur
810 3907 1148 3976 redundare,
1179 3929 1245 3967 ex
1287 3927 1355 3968 eo
1385 3913 1642 3970 tollantur
1670 3917 1919 3988 (Arnob.,
1952 3921 2041 3975 lib.
2099 3940 2150 3990 ι,

561 4017 684 4072 pag.
716 4001 794 4071 8).
835 4001 1200 4061 Tertullianus
1221 4007 1484 4077 siquidem
1513 4008 1655 4065 haud
1682 4009 1994 4070 dubitanter
2018 4017 2154 4072 scri-

562 4091 641 4146 bit
692 4109 706 4146 :
771 4112 790 4144 ‹
856 4093 1063 4150 Revera
1104 4096 1257 4163 lues,
1289 4107 1345 4154 et
1384 4097 1556 4155 fames
1583 4141 1596 4166 ,
1637 4109 1692 4156 et
1727 4101 1903 4172 bella,
1953 4114 2011 4160 et
2051 4121 2150 4162 vo-

560 4184 777 4255 ragines
816 4185 1089 4242 civitatum
1115 4229 1130 4253 ,
1173 4203 1271 4258 pro
1323 4192 1568 4246 remedio
1617 4193 1962 4264 deputanda,
2009 4207 2150 4253 tam-

561 4292 722 4347 quam
765 4286 987 4334 tonsura
1023 4280 1371 4337 inolescentis
1405 4285 1623 4354 generis
1664 4285 1883 4342 humani
1917 4307 1938 4340 »
1990 4289 2146 4362 (Ter-

559 4369 790 4437 tullian.,
823 4373 913 4428 lib.
943 4373 1006 4428 de
1042 4375 1244 4445 Anim.,
1275 4392 1392 4447 cap.
1424 4377 1537 4450 50).

631 4463 794 4519 Addit
818 4474 1009 4522 auctor
1036 4476 1221 4523 noster
1249 4469 1519 4525 immerito
1559 4473 1806 4528 concludi
1853 4487 2142 4545 veratrum,

557 4557 611 4614 id
634 4569 747 4628 est,
781 4562 934 4615 utait
970 4561 1212 4630 Plinius,
1245 4563 1545 4620 elleborum
1578 4566 1701 4623 ideo
1735 4572 1881 4625 nasci
1912 4587 2019 4626 non
2050 4573 2144 4628 de.

557 4649 742 4707 huisse
761 4653 886 4720 quia
919 4653 1227 4710 hominibus
1252 4671 1580 4712 venenosum
1601 4670 1682 4714 est
1698 4661 1911 4731 (Arnob.
1936 4705 1952 4730 ,
1975 4663 2064 4718 lib.
2090 4679 2139 4730 ι,

557 4763 613 4817 p.
633 4747 696 4811 8;
735 4745 879 4802 Plin.
904 4790 918 4812 ,
953 4747 1042 4804 lib.
1074 4765 1176 4804 xxv
1212 4749 1352 4806 Hist.
1377 4765 1550 4810 natur.
1575 4800 1587 4821 ,
1625 4772 1740 4825 cap.
1764 4756 1816 4824 5,
1845 4773 1964 4827 pag.
1985 4755 2135 4827 591).

559 4840 775 4896 llomini
799 4843 998 4913 quippe
1014 4843 1060 4898 si
1091 4845 1388 4901 veneficum
1421 4849 1525 4914 sit,
1549 4851 1729 4921 capris
1754 4861 1809 4907 et
1848 4852 2145 4908 coturnici-

559 4934 658 4989 bus
677 4977 693 5000 ,
729 4944 786 4990 ut
815 4937 963 4991 canit
987 4937 1269 4996 Lucretius
1291 4984 1306 5009 ,
1334 4943 1555 5012 prodest
1585 4963 1598 4997 :

649 5049 903 5101 Praeterea
926 5054 1065 5104 nobis
1084 5064 1331 5107 veratrum
1355 5064 1433 5107 est
1454 5072 1568 5109 acre
1594 5074 1842 5112 venenum
1869 5079 1878 5112 :

649 5113 713 5163 At
735 5117 893 5178 capris
914 5116 1086 5179 adipes
1111 5126 1163 5168 et
1185 5123 1518 5171 coturnicibus
1540 5130 1708 5185 auget.

1175 5201 1412 5266 (Lucret,
1433 5201 1516 5255 lib.
1544 5220 1608 5266 iv,
1632 5206 1764 5258 circa
1803 5207 1960 5270 med.)

554 5324 836 5380 Rationem
874 5327 920 5381 si
959 5343 1200 5400 qureras,
1237 5331 1376 5388 hanc
1417 5333 1605 5389 reddet
1633 5335 1725 5390 tibi
1772 5338 2092 5395 Ambrosius
2123 5360 2138 5397 :

559 5439 576 5469 ι
620 5419 964 5476 l-lelleborum
1010 5424 1167 5493 periti
1203 5425 1495 5495 loquuntur
1534 5442 1710 5484 escam
1752 5445 1907 5498 esse,
1949 5442 2003 5487 et
2040 5433 2143 5488 ali-

551 5514 785 5566 moniam
848 5517 1219 5582 coturnicum,
1279 5532 1346 5572 eo
1402 5518 1543 5588 quod
1618 5523 1849 5576 naturali
1902 5525 2136 5594 quodam

554 5612 981 5673 temperamento
1033 5612 1113 5662 sui
1157 5611 1400 5680 corporis
1443 5611 1550 5666 vim
1584 5614 1760 5684 pabuli
1813 5617 1984 5670 noctis
2021 5619 2135 5672 evi-

553 5706 667 5752 tent
716 5716 734 5750 ι
803 5701 1099 5773 (Ambros,
1161 5705 1252 5758 lib.
1315 5720 1371 5759 ιιι
1455 5705 1628 5772 Hem,
1689 5709 1908 5779 cap.9,
1958 5709 1985 5781 §
2029 5712 2134 5776 59,

552 5806 670 5860 pag.
698 5789 811 5862 68).
850 5793 1190 5850 Dioscorides
1216 5812 1346 5852 vero
1367 5839 1382 5865 ,
1433 5798 1685 5871 illiusque
1730 5801 1998 5873 interpres
2030 5801 2137 5859 Ma-

551 5880 750 5938 thiolns
791 5884 988 5941 docent
1016 5887 1314 5946 elleborum
1351 5892 1530 5949 album
1562 5895 1745 5953 multis
1781 5896 1985 5954 morbis
2015 5911 2138 5955 esse

1877 359 2331 420 DISSERTATIO
2371 360 2652 419 PRAEVIA

593 484 641 528 et
682 472 760 545 7).
793 471 957 530 Nobis
995 474 1274 530 enimvero
1323 476 1528 534 suilicit
1567 479 1783 536 illorum
1807 525 1822 548 ,
1880 479 1973 550 qui
2037 478 2175 534 mala
2207 481 2252 538 A
2280 475 2674 531 medicamento
2701 474 3047 550 (Dioscorid.,
3092 479 3183 534 tib.
3210 495 3284 548 Iv,
3313 496 3432 554 cap.
3458 482 3586 549 M6,
3619 492 3668 538 et
3697 484 3796 540 lib.
3821 501 3898 550 γι,

2289 587 2406 641 cap.
2437 569 2551 641 55).
2582 568 2690 626 Cur
2717 579 2893 627 autem
2930 574 3410 645 venenatafcreata
3443 577 3585 644 sint,
3632 576 3768 632 alibi
3808 579 3897 632 vi-

2249 4411 2396 4468 Bello
2423 4414 2660 4486 Jugurt.,
2689 4415 2840 4486 longe
2884 4429 2995 4486 post
3023 4419 3138 4472 init.
3164 4435 3179 4483 ;
3211 4419 3448 4474 Ambros.
3477 4463 3490 4485 ,

2249 4505 2277 4575 §
2307 4505 2374 4561 l9
2403 4515 2450 4558 et
2475 4523 2612 4578 seqq.
2637 4549 2652 4573 ,
2683 4524 2802 4579 pag.
2850 4508 3011 4580 858).
3075 4529 3097 4546 υ

2279 663 2553 718 debimus.

2352 757 2590 828 Denique
2616 757 2822 812 nullum
2839 799 2854 823 ,
2878 758 2954 812 ait
2981 758 3250 815 Arnobius
3267 801 3283 828 ,
3308 770 3514 816 naturae
3537 761 3732 818 vitium
3767 773 3881 830 est,

2277 853 2321 908 si
2369 852 2597 907 ovilibus
2646 860 2700 906 et
2734 852 2938 907 laniciis
2969 852 3252 908 insidietur
3303 853 3495 926 lupus,
3528 864 3586 912 et
3628 870 3876 928 serpens

2277 962 2464 1003 morsu
2517 947 2791 1003 hominem
2838 945 3050 1002 occidat
3101 947 3358 1019 (Arnob.,
3407 948 3493 1004 tib.
3529 965 3586 1016 ι,
3640 967 3774 1022 pag.
3806 951 3888 1022 8).

2278 1040 2413 1096 Vide
2441 1048 2617 1096 autem
2647 1049 2825 1096 utrum
2867 1039 2939 1096 ibi
2986 1039 3077 1096 ille
3115 1039 3183 1096 ad
3225 1041 3323 1097 hos
3350 1055 3459 1097 non
3485 1041 3889 1099 collineaverit

2283 1133 2482 1205 Virgilii
2515 1149 2703 1190 versus
2737 1154 2750 1190 :

2371 1251 2441 1299 Ac
2466 1253 2617 1302 veluti
2641 1252 2786 1316 pleno
2809 1253 2951 1317 lupus
2966 1254 3223 1304 insidiatus
3245 1255 3383 1306 ovili.

2769 1334 2997 1403 (Virgil.,
3023 1336 3108 1390 lib.
3131 1353 3180 1388 γι
3199 1337 3408 1401 aeneia”
3432 1351 3542 1390 vers
3579 1339 3690 1404 59).

2277 1439 2347 1494 Et
2368 1439 2474 1496 alio
2503 1442 2556 1496 in
2586 1439 2724 1497 libro
2755 1461 2767 1496 :

2995 1557 3050 1607 Si
3075 1559 3162 1608 tibi
3187 1557 3416 1608 lanicium
3438 1571 3589 1609 cura).

2925 1619 3050 1684 (Lib.
3075 1635 3126 1671 ιιι
3151 1621 3346 1687 Georg.,
3375 1634 3500 1672 vers.
3524 1621 3665 1684 584.)

2276 1723 2516 1795 Simplici
2539 1725 2802 1798 siquidem
2824 1727 3005 1782 Ianicii
3022 1728 3240 1784 nomine
3258 1739 3484 1801 uterque
3498 1745 3656 1799 oves,
3674 1745 3880 1803 agnos,

2277 1831 2636 1889 vervecesque
2657 1820 3092 1888 comprehendit.
3122 1821 3353 1893 Superbi
3373 1837 3536 1893 porro
3557 1832 3614 1879 et
3638 1824 3875 1880 nimium

2277 1911 2576 1980 arrogantis
2634 1910 2867 1968 hominis
2914 1913 3187 1970 Arnobius
3249 1929 3370 1970 esse
3420 1928 3704 1973 asseverat
3761 1919 3880 1974 Deo

2272 2017 2389 2058 eam
2421 2001 2562 2058 ferre
2592 2005 2989 2073 conditionem,
3022 2017 3082 2062 ut
3125 2007 3268 2080 quod
3322 2009 3611 2082 unicuique
3655 2012 3877 2084 placet,

2280 2095 2332 2150 id
2361 2097 2616 2150 continuo
2641 2098 2819 2154 facere
2845 2099 3064 2157 debeat.

2343 2186 2449 2242 Sed
2489 2197 2836 2245 contumaces
2859 2189 3089 2256 ethnici,
3123 2192 3257 2249 nihil
3285 2194 3460 2251 adhuc
3487 2196 3870 2264 remittentes,

2273 2276 2545 2334 instabant
2589 2294 2693 2335 non
2735 2281 2908 2338 solum
2953 2292 3107 2352 ante,
3139 2285 3236 2342 sed
3287 2297 3408 2357 post
3458 2287 3874 2347 disseminatam

2269 2371 2616 2429 christianam
2671 2375 3018 2448 religionem,
3081 2393 3145 2434 ac
3208 2390 3431 2452 propter
3495 2381 3870 2450 christianos.

2269 2479 2392 2519 cum
2431 2465 2552 2520 aliis
2599 2468 2888 2537 permistos
2913 2511 2929 2535 ,
2973 2468 3111 2524 bella
3145 2469 3436 2527 infeliciter
3480 2481 3666 2544 gesta,
3704 2489 3871 2542 agros

2269 2558 2553 2614 sterilitate
2595 2560 2869 2627 incultos,
2925 2569 3088 2630 atque
3141 2573 3360 2620 enectos
3401 2563 3542 2620 fame
3591 2566 3873 2623 homines.

2266 2648 2466 2705 Verum
2517 2660 2622 2706 tam
2679 2652 2802 2707 leve
2854 2653 3078 2709 rationis
3137 2665 3468 2712 momentum
3508 2655 3579 2712 ab
3624 2659 3870 2715 Arnobio

2267 2740 2428 2798 facile
2447 2742 2910 2800 destruitur.Nam
2930 2755 2985 2799 ut
3005 2746 3140 2801 scite
3162 2746 3253 2801 ille
3274 2749 3470 2816 arguit,
3492 2749 3537 2803 si
3553 2748 3874 2817 Alemanni,

2267 2831 2336 2888 de
2367 2835 2562 2905 quibus
2589 2835 2856 2891 Eusebius
2886 2845 2941 2893 et
2986 2838 3110 2903 alii,
3167 2847 3388 2910 propter
3426 2839 3739 2897 habitantes
3782 2858 3873 2898 se-

2265 2941 2385 2981 cum
2434 2927 2795 2996 christianos,
2843 2945 2872 2985 a
2929 2931 3186 2986 Romanis
3233 2933 3362 2990 victi
3400 2945 3561 3002 sunt,
3613 2938 3871 2994 eamdem

2263 3017 2508 3088 profecto
2528 3020 2598 3075 ob
2630 3022 2894 3076 rationem
2917 3021 3130 3092 ipsimet
3149 3023 3376 3080 Romani
3402 3040 3524 3082 cum
3547 3027 3872 3085 christianis

2265 3112 2542 3181 permisti,
2574 3113 2713 3168 vinci
2758 3113 3065 3170 debuerunt
3113 3115 3370 3185 (Arnob.,
3401 3118 3491 3172 lib.
3541 3134 3596 3183 ι,
3651 3137 3782 3192 pag.
3836 3122 3871 3178 9

2262 3213 2308 3257 et
2351 3221 2529 3276 seqq.;
2563 3205 2750 3259 Euseb.
2774 3247 2789 3267 ,
2818 3207 2872 3260 in
2903 3206 3095 3261 Chron.
3115 3248 3131 3271 ,
3161 3210 3229 3262 ad
3255 3225 3380 3264 ann.
3411 3211 3551 3266 1277
3584 3222 3631 3266 et
3673 3214 3869 3279 1516).

2208 3329 2232 3349 η
2265 3293 2321 3349 Si
2353 3311 2532 3350 mures
2582 3305 2636 3352 et
2681 3297 2937 3362 locustte,
2987 3298 3170 3354 Asiam
3210 3315 3272 3354 ac
3310 3301 3523 3373 Syriam
3569 3304 3870 3374 aliquando

2219 3372 2232 3389 ⁴
2264 3388 2619 3454 infestarunt,
2649 3404 2743 3443 cur
2779 3404 2886 3444 non
2917 3389 3230 3460 Hispaniam
3257 3407 3474 3463 quoque
3505 3410 3569 3449 ac
3599 3395 3868 3460 Galliam,

2263 3479 2351 3534 ubi
2385 3479 2633 3534 similiter
2664 3481 2845 3551 plures
2868 3481 3135 3553 degebant
3159 3484 3473 3540 christiani?
3502 3486 3558 3542 Si
3588 3488 3779 3545 Getuli
3811 3506 3866 3548 et

2266 3573 2572 3644 Tangitani,
2607 3575 2696 3645 qui
2728 3577 2801 3630 uti
2833 3576 2991 3642 lllela,
3027 3577 3238 3645 Strabo,
3274 3579 3511 3646 Plinius,
3545 3580 3869 3650 Sallustius,

2260 3667 2459 3737 aliique
2483 3669 2806 3737 perhibent,
2839 3668 3034 3727 Africa:
3059 3673 3241 3744 populi
3269 3684 3458 3741 erant,
3491 3677 3745 3736 siccitate
3769 3723 3785 3746 ,
3814 3693 3867 3736 ct

2258 3761 2508 3817 ariditate
2529 3803 2543 3826 ,
2575 3763 2658 3818 vel
2685 3763 2826 3820 fame
2847 3765 2936 3819 alii
2959 3768 3276 3836 gravissime
3303 3768 3545 3824 afﬂictati
3571 3784 3734 3840 sunt,
3767 3792 3866 3831 cur

2256 3853 2459 3921 Mauri,
2484 3864 2538 3909 et
2561 3855 2847 3919 Nomades,
2881 3867 2935 3913 et
2961 3859 3052 3914 alii
3079 3874 3420 3916 communem
3451 3876 3576 3918 cum
3601 3866 3864 3923 christia-

2259 3945 2342 4000 nis
2369 3946 2528 4000 vitam
2555 3957 2798 4017 agentes,
2830 3961 3174 4005 messuerunt
3197 3960 3412 4022 segetes
3443 3955 3824 4026 amplissimas
3840 3961 3860 4012 ’ἓ

2256 4037 2463 4093 Eodem
2488 4041 2804 4095 Ambrosius
2833 4052 3150 4112 argumento
3178 4045 3429 4114 gentilem
3461 4046 3858 4120 Symmachum

2255 4130 2441 4186 eadem
2492 4132 2849 4202 objectantem
2902 4134 3101 4190 refellit
3143 4135 3337 4206 (illela,
3385 4138 3474 4194 lib.
3525 4157 3572 4206 ις
3625 4143 3859 4212 Strab.,

2258 4225 2348 4280 lib.
2397 4243 2510 4281 xvu
2566 4227 2790 4298 Gcogr.,
2845 4245 2965 4301 pag.
2997 4229 3131 4296 8'29;
3193 4228 3366 4296 Plin.,
3410 4233 3499 4286 lib.
3543 4251 3609 4300 ιι,
3645 4254 3770 4308 cap.
3801 4241 3858 4304 Ξ,

2252 4337 2374 4392 pag.
2406 4321 2544 4387 627,
2577 4331 2622 4375 et
2653 4323 2741 4376 lib.
2777 4338 2902 4392 xxi,
2933 4340 3052 4394 cap.
3088 4325 3184 4388 15,
3227 4342 3350 4396 pag.
3385 4326 3484 4392 15;
3531 4325 3742 4385 Salust.
3794 4335 3859 4385 de

3532 4423 3686 4493 epist.
3745 4426 3818 4482 i8
3841 4469 3855 4489 ,

2320 4596 2463 4653 Nihil
2511 4598 2694 4670 itaque
2732 4601 2943 4656 veritati
2986 4604 3158 4674 magis
3216 4606 3548 4660 contrarium
3580 4621 3645 4662 ac
3676 4624 3858 4681 repu-

2173 4726 2227 4785 D
2251 4705 2424 4762 gnans
2451 4691 2576 4762 tingi
2624 4703 2834 4763 poterat
2861 4695 3096 4751 absurda
3129 4695 3217 4752 illa
3265 4698 3615 4754 ethnicorum
3661 4703 3857 4760 crimi-

2252 4783 2508 4848 natione,
2558 4800 2657 4852 qna
2714 4785 2809 4838 has
2849 4786 3190 4842 calamitates
3237 4804 3267 4842 a
3318 4789 3422 4844 diis
3470 4790 3547 4845 ira
3591 4792 3645 4846 in
3701 4793 3860 4850 chri-

2250 4877 2453 4930 stianos
2493 4877 2726 4932 incensis
2753 4878 2926 4933 illatas
2951 4896 3220 4951 nunquam
3251 4897 3356 4936 non
3382 4882 3851 4944 vociferabantur.

2250 4967 2447 5023 Verum
2489 4971 2602 5025 hare
2629 4971 2865 5025 Arnohio
2903 4973 3034 5027 satis
3083 4989 3187 5028 non
3237 4973 3488 5040 fuertmt,
3537 4993 3602 5033 ac
3633 4980 3850 5050 duplici

2251 5061 2427 5118 adhuc
2467 5075 2785 5136 argumento
2850 5067 3105 5120 insulsam
3154 5067 3292 5121 hanc
3337 5069 3706 5139 opinationem
3753 5091 3851 5130 re-

2248 5157 2382 5211 fellit
2424 5157 2672 5228 (Arnob.,
2709 5157 2796 5210 lib.
2832 5173 2880 5223 1,
2913 5177 3031 5230 pag.
3068 5157 3150 5230 9).
3181 5160 3310 5212 Nam
3361 5164 3607 5231 quamvis
3653 5181 3848 5222 verum

2249 5261 2424 5313 esset,
2475 5249 2617 5320 quod
2675 5261 2883 5318 tamen,
2941 5254 3012 5306 uti
3064 5267 3186 5307 mox
3243 5253 3582 5320 videbimus,
3639 5257 3848 5316 falsum

2247 5357 2369 5398 esse
2397 5344 2672 5399 contendit
2693 5387 2706 5407 ,
2741 5344 2873 5400 deos
2915 5357 3137 5418 propter
3163 5362 3412 5417 acceptas
3443 5366 3473 5404 a
3523 5353 3849 5412 christianis

2247 5433 2469 5504 injurias
2523 5435 2600 5488 ira
2657 5435 3012 5503 inﬂammari,
3070 5440 3388 5510 iniquissimi
3439 5456 3588 5498 certe
3631 5446 3846 5513 forent,

2247 5526 2292 5581 si
2356 5526 2406 5579 in
2460 5541 2642 5582 earum
2684 5528 2941 5584 ultionem
2974 5545 3078 5586 non
3111 5534 3282 5587 solum
3332 5535 3694 5603 christianos,
3742 5541 3846 5595 sed

2244 5620 2404 5674 etiam
2436 5622 2716 5689 ethnicos,
2751 5623 2855 5678 hoc
2880 5636 2996 5688 est,
3046 5637 3102 5680 ut
3137 5628 3207 5681 illi
3237 5628 3617 5699 opinabantur,
3649 5643 3847 5689 sontes

2243 5723 2295 5766 et
2324 5711 2565 5768 insontes
2592 5713 2700 5768 ullo
2727 5715 2931 5785 absque
2961 5717 3272 5774 discrimine
3299 5721 3543 5790 puniant.
3583 5723 3638 5777 Si
3687 5727 3841 5782 enim

2244 5804 2353 5858 vcri
2385 5815 2537 5860 erant
2564 5805 2675 5874 dii,
2714 5817 2964 5877 poterant
3006 5811 3188 5881 utique
3213 5812 3453 5866 cultores
3474 5826 3602 5867 suos
3644 5818 3840 5872 omni-

2245 5896 2342 5952 bus
2368 5900 2642 5954 cumulare
2675 5900 2866 5967 bonis,
2893 5917 2957 5956 ac
2997 5902 3142 5956 solos
3194 5902 3545 5964 christianos.
3589 5905 3692 5960 sibi
3751 5909 3838 5962 in-

3794 368 3902 425 448

4001 1150 4008 1348 ι

4002 1769 4022 1814 ‘4,

4002 1823 4012 1854 Γ

4001 3683 4024 4348 l

4001 4359 4027 4936 ἱ

4002 4951 4024 5532 l
