4030 6328
158 379 264 438 ιω

1429 374 1493 430 IN
1531 367 1908 438 AliNOBlUM,
1949 369 2101 428 CAP.
2139 369 2222 428 Vl.

3329 372 3432 428 450

159 496 376 559 fensos,
427 490 678 553 omnibus
721 487 1116 545 calamitatibus
1162 497 1217 545 et
1255 490 1488 546 miseriis
1517 507 1614 562 pro
1641 507 1749 546 me-
1779 495 1829 556 Α
1854 489 1962 543 lum
2017 489 2240 558 publicis
2276 485 2707 552 calamitatibus,
2751 485 2847 541 sed
2897 484 2966 540 ab
3003 485 3237 542 ethnicis
3275 486 3436 543 etiam

165 584 266 639 rito
313 585 536 656 punire,
566 598 794 650 vexare,
828 596 1044 637 necare.
1076 579 1189 636 Non
1228 597 1358 652 ergo
1399 581 1466 636 ad
1502 598 1598 638 eos
1637 582 1752 652 ple-

165 675 391 732 ctendos
436 683 720 745 expectare
746 672 1012 728 debebant
1060 673 1230 726 multo
1285 673 1454 728 levius
1495 683 1548 729 et
1603 674 1753 728 infir-

162 770 304 824 mius
333 769 646 826 eorutndem
699 767 978 838 gentilium
1028 765 1290 821 auxilium
1322 784 1335 820 :
1375 787 1394 818 ‹
1423 767 1691 838 Numquid
1727 787 1746 820 ι

164 863 311 917 enim
347 881 366 915 ι
388 863 443 917 in
466 875 562 917 vos
591 881 609 914 ι
636 858 884 931 gentiles,
906 858 1470 930 aitArnobius(lbid.,
1497 877 1616 930 pag.
1634 861 1749 930 ll),

170 973 190 1004 ι
238 955 506 1023 saeviunt,
552 963 609 1009 ut
657 952 924 1010 intestinis
981 951 1293 1008 vulneribus
1359 952 1643 1019 concitati,
1696 951 1751 1006 in

161 1049 417 1106 ultionem
447 1047 784 1118 eonsurgatis
815 1045 1049 1101 illorum.
1077 1045 1219 1115 Ergo
1246 1045 1477 1100 humana
1521 1043 1752 1116 patroci-

157 1142 247 1197 nia
272 1137 345 1198 dii
384 1151 656 1213 quaerunt,
712 1150 766 1198 et
817 1139 920 1194 nisi
973 1146 1152 1195 vestra
1200 1137 1402 1194 fuerint
1450 1140 1752 1195 assertione

158 1235 420 1305 protecti,
470 1235 646 1291 idonei
711 1249 819 1289 non
871 1242 998 1288 sunt
1052 1231 1191 1302 ipsi,
1243 1232 1334 1302 qui
1381 1232 1739 1302 propulsare,

157 1328 454 1388 defendere
484 1344 611 1386 suas
658 1328 876 1384 valeant
912 1325 1289 1383 contumelias.
1341 1325 1480 1392 Quin
1507 1327 1672 1382 immo
1706 1325 1752 1382 si

160 1439 350 1481 verum
391 1435 476 1481 est
521 1422 711 1479 ardere
751 1422 875 1478 illos
902 1423 1016 1489 ira,
1044 1421 1336 1491 permittite
1362 1420 1468 1476 illis
1514 1428 1750 1490 potesta-

158 1523 268 1572 tem
312 1518 428 1583 sui,
459 1514 751 1572 defendant
777 1530 840 1571 se
877 1515 1014 1585 ipsi,
1047 1523 1207 1586 atque
1246 1514 1298 1569 in
1330 1513 1589 1569 ultionem
1634 1529 1752 1568 ma-

152 1609 372 1680 jestatis
424 1609 645 1666 offensae
699 1609 982 1664 intestinas
1023 1615 1248 1664 exerant
1298 1605 1754 1678 experiamurque

157 1702 407 1757 virtutes.
445 1720 464 1753 ι

234 1796 436 1853 Verum
492 1794 756 1852 Heraldus
792 1795 931 1851 hanc
979 1794 1498 1867 argumentationem
1542 1793 1753 1849 levissi-

1854 583 2176 648 excruciari,
2223 594 2277 637 et
2327 579 2554 636 interfici
2607 578 2921 648 patiebatur.
2978 577 3094 634 Non
3151 579 3292 636 enim
3344 595 3439 634 ea-

1856 676 1976 731 dem
2004 685 2122 731 erat
2164 675 2578 730 christianorum
2619 685 2777 744 atque
2805 672 3086 744 gentilium
3126 672 3195 728 de
3239 672 3316 727 ira
3345 673 3441 728 Dei

1855 768 2058 838 opinio.
2113 767 2314 824 Deinde
2356 783 2486 823 vero
2514 765 2744 822 ethnicis
2793 766 2948 836 longe
2992 765 3238 837 dispares
3285 773 3442 821 erant

1854 859 2168 927 christiani,
2198 860 2288 930 qui
2319 858 2623 914 fatebantur
2649 857 2783 913 nihil
2821 857 2924 914 sibi
2971 857 3038 913 ad
3095 858 3234 913 hanc
3275 858 3440 913 vitam

1857 953 2174 1024 promissum
2203 969 2216 1008 :
2252 973 2270 1003 ι
2298 951 2440 1007 Nihil
2461 952 2606 1007 enim
2626 994 2641 1018 ,
2666 971 2685 1003 ι
2727 951 2898 1022 inquit
2923 951 3194 1007 Arnobius
3225 949 3339 1023 (lib.
3369 967 3440 1016 ll,

1855 1061 1975 1116 pag.
2010 1043 2135 1117 98),
2186 1063 2205 1095 ‹
2245 1055 2329 1100 est
2358 1044 2513 1100 nobis
2553 1044 2877 1115 promissum
2915 1043 2982 1098 ad
3011 1043 3151 1100 hanc
3179 1045 3380 1112 vitam,
3418 1063 3438 1096 ι

1853 1139 1947 1195 sed
1975 1138 2043 1193 ad
2082 1139 2350 1205 futuram,
2397 1154 2558 1210 quam
2597 1139 2810 1195 beatam
2851 1147 3222 1209 expectamus.
3266 1137 3443 1210 Atque

1851 1232 1977 1289 inde
2001 1233 2273 1290 concludit
2304 1250 2318 1287 :
2354 1252 2373 1284 ι
2409 1231 2591 1304 itaque
2629 1233 2758 1299 ista,
2786 1247 2944 1302 quam
2975 1231 3154 1290 dicitis
3178 1275 3194 1300 ,
3244 1247 3432 1303 perse-

1853 1326 2086 1384 eutionis
2107 1327 2403 1397 asperitas,
2447 1326 2696 1382 liberatio
2740 1335 2926 1382 nostra
2959 1334 3074 1392 est,
3119 1342 3227 1382 non
3261 1339 3451 1398 perser'

1852 1421 2033 1478 cutio:
2084 1437 2185 1477 nec
2230 1435 2442 1490 poenam
2496 1420 2710 1477 vexatio
2753 1419 2978 1487 inferet,
3021 1418 3118 1476 sed
3163 1417 3229 1474 ad
3272 1417 3444 1475 lucem

1853 1513 2114 1569 libertatis
2156 1511 2364 1569 educet.
2421 1531 2440 1564 ι
2490 1512 2690 1569 Eadem
2737 1528 2954 1584 quoque
3001 1522 3085 1569 est
3129 1510 3446 1568 Tertulliani

1853 1609 2173 1678 responsio,
2223 1615 2278 1661 ut
2343 1622 2442 1662 suo
2508 1606 2628 1662 loco
2691 1605 3038 1662 ostendemus
3092 1604 3343 1679 (Dissert.
3392 1604 3446 1658 in

1854 1698 2195 1767 Tertullian.,
2244 1716 2360 1770 cap.
2417 1698 2518 1766 16,
2568 1710 2670 1754 art.
2713 1699 2792 1770 5).
2824 1699 2967 1756 Nihil
3007 1715 3136 1770 ergo
3183 1698 3447 1754 adversus

1853 1793 2175 1850 christianos
2217 1792 2427 1864 objecta
2476 1792 2544 1848 ab
2584 1791 2814 1849 ethnicis
2866 1793 2942 1847 ira
2993 1791 3216 1848 deorum
3269 1791 3446 1847 facere

156 1903 301 1944 niam
328 1898 383 1944 et
411 1887 610 1944 nullius
642 1887 900 1942 momenti
926 1902 1050 1944 esse
1076 1894 1296 1954 censet,
1317 1887 1646 1958 omninoque
1673 1902 1751 1943 as-
1784 1897 1829 1957 Β
1856 1896 2088 1956 poterat.

156 1988 434 2050 pet'natur.
479 1979 587 2036 Sed
613 1988 971 2051 qua,.putas,
1015 1979 1260 2035 ratione?
1305 1979 1437 2047 Quia
1479 1980 1622 2035 Deus
1663 1995 1750 2036 re-

154 2085 372 2130 servata
391 2115 407 2142 ,
436 2074 642 2145 inquit,
675 2073 778 2130 sibi
807 2073 1024 2144 perjttrii
1057 2087 1206 2143 ptena
1231 2115 1248 2141 ,
1280 2072 1395 2128 vult
1421 2073 1749 2142 impietatem

156 2167 436 2223 hominum
463 2168 530 2224 ab
558 2168 800 2238 ipsismet
838 2165 1143 2221 hominibus
1185 2167 1382 2237 puniri.
1414 2165 1485 2221 At
1511 2167 1556 2222 si
1596 2166 1752 2237 plane

163 2254 421 2326 infirma.
451 2261 760 2332 nulliusque
787 2261 1041 2332 ponderis
1069 2261 1140 2316 sit
1169 2260 1286 2316 haec
1315 2261 1711 2331 argumentatio
1732 2303 1746 2328 ,

155 2355 568 2428 redargueudus
597 2366 680 2411 est
710 2356 1045 2428 Cyprianus,
1093 2357 1185 2427 qui
1231 2354 1423 2411 eodem
1488 2356 1644 2426 plane
1697 2365 1752 2411 et

153 2447 360 2502 acriori
399 2448 562 2504 modo
588 2448 989 2504 Demetrianum
1021 2448 1265 2518 aliosque
1312 2448 1541 2519 gentiles
1571 2448 1751 2504 insee-

170 2551 316 2597 tatur
345 2559 359 2593 :
393 2559 412 2592 ι
435 2541 490 2597 Si
517 2540 673 2612 quid,
714 2559 734 2592 ι
761 2541 835 2594 ait
857 2541 945 2595 ille
964 2583 979 2604 ,
1000 2558 1018 2591 ι
1049 2539 1151 2595 diis
1183 2539 1288 2595 tuis
1317 2540 1551 2596 numinis
1580 2547 1752 2611 etpo-

155 2635 371 2690 testatis
406 2645 522 2698 est,
547 2634 647 2705 ipsi
690 2636 745 2688 in
789 2634 1047 2689 ultionem
1077 2649 1228 2688 suam
1261 2645 1515 2705 surgant,
1565 2635 1664 2705 ipsi
1693 2649 1753 2689 se

151 2748 254 2788 sua
274 2730 553 2800 majestate
573 2727 882 2785 defendant.
903 2730 1010 2783 Aut
1030 2728 1158 2798 quid
1178 2737 1435 2799 praestare
1448 2727 1750 2783 colentibus

158 2833 419 2894 possunt,
467 2822 557 2894 qui
608 2839 669 2879 se
718 2823 786 2878 de
832 2837 938 2878 non
986 2822 1294 2878 colentibus
1345 2823 1613 2878 vindicare
1645 2837 1752 2878 non

157 2915 424 2985 possunt?
452 2914 588 2970 Nam
617 2915 664 2970 si
695 2930 792 2982 eo,
837 2915 926 2984 qtti
954 2915 1275 2977 vindicatur,
1308 2915 1474 2985 pluris
1513 2927 1596 2970 est
1623 2915 1712 2970 ille
1732 2955 1747 2981 ,

154 3008 251 3078 qui
281 3006 546 3076 vindicat,
580 3018 635 3062 tu
667 3007 769 3062 diis
801 3007 904 3062 tuis
933 3008 1105 3077 major
1126 3022 1208 3090 es:
1234 3005 1290 3062 Si
1319 3015 1495 3061 autem
1527 3005 1591 3062 iis
1618 3022 1752 3076 quos

151 3101 332 3168 colis,
383 3101 556 3170 major
582 3116 672 3167 es,
705 3116 812 3156 non
843 3108 900 3154 tu
942 3101 1066 3155 illos
1115 3099 1330 3168 colere,
1363 3100 1456 3155 sed
1504 3101 1573 3156 ab
1620 3101 1752 3170 ipsis

153 3195 340 3266 potius
363 3193 467 3251 coli
494 3194 662 3251 debes
679 3204 736 3250 et
765 3194 978 3262 timeri,
1002 3205 1060 3250 ut
1088 3194 1360 3250 dominus.
1378 3194 1434 3250 Si
1455 3194 1578 3250 illos
1593 3195 1752 3250 laesos

1924 2001 2159 2073 Denique
2184 2011 2375 2058 auctor
2403 2010 2590 2060 noster
2625 2001 2799 2072 palam
2828 2011 3126 2072 aperteque
3154 2005 3437 2056 asseverat

1849 2095 1996 2151 dictu
2034 2095 2255 2150 omnino
2283 2111 2408 2152 esse
2436 2095 2732 2152 absurdum
2779 2097 2912 2152 deos
2937 2139 2953 2164 ,
3003 2097 3078 2152 uti
3119 2095 3284 2152 iidem
3327 2094 3447 2150 eth-

1849 2189 1954 2244 nici
1984 2188 2293 2259 garriebant
2314 2231 2329 2254 ,
2358 2204 2552 2246 revera
2577 2189 2735 2245 irasci
2760 2189 2975 2264 (Arnob.
3002 2231 3016 2256 ,
3045 2189 3135 2245 lib.
3168 2205 3219 2255 ι,
3249 2207 3304 2257 p.
3328 2187 3444 2258 ll).

1851 2281 2138 2338 lndecoros
2166 2284 2445 2340 enimvero
2476 2284 2816 2350 tribuebant,
2853 2285 2956 2341 diis
2998 2286 3110 2340 suis
3153 2285 3447 2341 iracundia:

1853 2385 2068 2442 motus,
2103 2376 2318 2448 iniquos
2344 2392 2408 2433 ae
2455 2377 2707 2434 belluinis
2738 2379 2897 2450 plane
2938 2379 3166 2435 similes.
3197 2379 3357 2450 Atqui
3399 2377 3448 2436 si

1851 2467 1923 2523 dii
1956 2468 2182 2524 fuissent
2221 2470 2362 2526 beati
2412 2479 2468 2526 et
2510 2471 2844 2528 immortales
2866 2515 2881 2539 ,
2925 2488 3032 2527 non
3063 2482 3313 2544 poterant
3337 2474 3448 2528 uti-

1853 2577 1958 2630 que
1985 2561 2069 2616 his
2096 2577 2317 2632 prorsus
2361 2563 2642 2635 culpandis
2685 2568 2781 2620 ira:
2822 2565 3058 2621 motibus
3097 2565 3446 2622 inflammari.

1851 2655 1954 2723 Qui
1977 2657 2119 2712 enim
2153 2656 2460 2727 hujusmodi
2489 2658 2770 2714 affectibus
2796 2660 3086 2730 agitantur,
3119 2661 3264 2716 leves
3290 2670 3445 2728 sunt,

1853 2763 1917 2803 ac
1953 2748 2113 2804 modo
2159 2751 2361 2820 quieti,
2413 2749 2572 2806 modo
2622 2751 2780 2816 irati,
2824 2753 3022 2821 saepius
3080 2767 3210 2807 vero
3261 2753 3447 2824 injusli

1854 2840 2066 2910 quando
2109 2840 2245 2895 alios
2299 2842 2542 2896 insontes
2585 2843 2817 2911 laedunt,
2869 2851 3109 2914 tuncque
3151 2844 3274 2899 aliis
3313 2859 3445 2900 son-

1855 2933 1996 2988 tibus
2040 2935 2201 2988 etiam
2252 2935 2581 2990 irascuntur.
2633 2936 2828 2992 Totum
2873 2952 3034 3006 porro
3081 2937 3239 3010 hujus
3285 2954 3445 3010 argu-

1857 3027 2200 3082 mentationis
2226 3029 2391 3083 robur
2417 3038 2473 3084 et
2501 3029 2710 3098 pondus
2735 3044 2846 3084 non
2888 3031 2940 3084 in
2970 3045 3039 3086 eo
3086 3032 3318 3100 positum
3365 3043 3450 3089 est

1855 3118 1998 3190 quod
2044 3119 2160 3190 ipse
2205 3119 2274 3175 de
2323 3119 2418 3175 Dei
2462 3121 2610 3186 veri,
2647 3121 2716 3176 de
2763 3137 2871 3192 quo
2923 3121 3060 3176 infra
3106 3122 3246 3195 (cap.
3303 3142 3445 3198 seq..

1856 3221 1955 3266 art.
1998 3211 2053 3282 5)
2081 3252 2096 3276 ,
2141 3211 2238 3267 sed
2265 3213 2407 3284 quod
2437 3213 2638 3269 ethnici
2686 3211 2756 3268 de
2811 3213 3034 3270 deorum
3092 3230 3314 3272 suorum
3366 3219 3446 3274 ira

159 3289 300 3344 ultio
329 3297 502 3346 vestra
532 3287 811 3356 defendit,
863 3288 1135 3360 quomodo
1181 3297 1236 3344 et
1271 3287 1506 3356 clausos,
1536 3303 1604 3344 ne
1657 3302 1751 3358 pe-
1783 3283 1829 3348 C
1862 3283 2309 3375 pradicabamur,

155 3391 347 3448 reant,
401 3380 564 3437 tutela
611 3381 868 3436 custodit.
918 3379 1122 3436 Pudeat
1189 3381 1333 3450 ipsos
1381 3381 1561 3436 colere
1622 3396 1758 3452 quos

163 3475 453 3542 defendis;
498 3475 694 3546 pudeat
742 3475 962 3532 tutelam
1008 3475 1074 3530 de
1121 3475 1186 3530 iis
1233 3490 1491 3545 sperare,
1541 3489 1676 3545 quos
1701 3484 1756 3530 tu

149 3571 280 3640 ipse
309 3571 479 3625 tueris
529 3589 548 3621 ›
579 3569 846 3641 (Cyprian.
889 3569 957 3623 ad
996 3568 1246 3635 Demctr.,
1277 3586 1398 3640 pag.
1441 3565 1590 3638 191).

256 3659 706 3717 Condemuandus
753 3669 838 3717 est
889 3677 1100 3732 quoque
1141 3660 1483 3728 Lactantius,
1533 3661 1756 3716 Arnobii

152 3753 459 3823 discipulus
482 3795 497 3818 ,
529 3753 622 3825 qui
646 3754 837 3810 eodem
864 3754 1026 3810 modo
1067 3755 1329 3825 arguebat
1354 3755 1550 3810 frustra
1581 3756 1755 3811 ethni-

150 3865 254 3904 cos
293 3863 324 3902 a
361 3846 602 3918 diiszsuis
642 3856 932 3916 expectare
956 3849 1210 3914 tutelam,
1239 3849 1330 3919 qui
1360 3849 1571 3920 seipsos
1613 3851 1752 3906 tueri

150 3955 268 3996 non
298 3939 499 3994 valent.
553 3939 620 3993 Et
663 3939 821 4008 paulo
869 3947 992 4010 post
1021 3957 1034 3991 :
1063 3941 1197 3995 Cum
1239 3940 1481 4006 ethnici,
1536 3941 1746 4013 inquit,

139 4054 179 4094 ι
225 4032 453 4102 puniunt
492 4029 861 4100 deprehensos
890 4031 944 4085 in
999 4031 1317 4103 sacrilegio,
1359 4032 1461 4102 ipsi
1502 4033 1570 4088 de
1622 4033 1753 4089 deo-

145 4142 283 4185 rum
343 4141 560 4182 suorum
631 4133 899 4196 potestate
952 4124 1220 4180 diftidunt.
1288 4123 1396 4180 Cur
1447 4127 1590 4181 enim
1646 4126 1751 4181 illis

153 4219 498 4293 potissimum
553 4233 659 4273 non
705 4219 1017 4288 relinquunt
1077 4218 1368 4274 ulciscendi
1397 4219 1476 4273 sui
1523 4219 1700 4275 locum
1729 4260 1745 4287 ,

150 4317 200 4374 si
241 4330 336 4370 eos
381 4328 540 4384 posse
579 4312 778 4384 aliquid
816 4312 1186 4367 arbitrantur?
1223 4332 1242 4363 ›
1279 4309 1484 4383 (Lact.,
1537 4313 1626 4367 lib.
1680 4314 1746 4377 tt,

154 4426 283 4479 pag.
321 4407 421 4462 154
444 4417 490 4461 et
519 4406 664 4475 158.)
706 4404 972 4476 Numquid
1000 4421 1128 4476 ergo
1155 4404 1416 4461 Heraldus
1449 4404 1548 4460 hos
1587 4406 1750 4462 alios-

152 4518 267 4574 que
302 4500 646 4557 doetissimos
689 4499 944 4555 Ecclesiae
983 4498 1170 4553 Patres
1194 4541 1209 4565 ,
1257 4507 1417 4552 tanta:
1468 4498 1748 4570 imperitia:

155 4607 254 4652 aut
279 4596 531 4652 caecitatis
575 4593 874 4660 incusabit,
923 4603 982 4649 ut
1035 4593 1216 4664 quanti
1261 4592 1378 4649 haec
1406 4605 1748 4665 argumenta-

157 4691 238 4745 tio
269 4689 338 4744 sit
391 4687 680 4760 ponderis,
715 4703 821 4742 non
849 4686 1120 4742 viderint?
1161 4685 1426 4756 Numquid
1474 4703 1602 4742 vero
1651 4687 1751 4743 He~
1776 4681 1830 4742 D

156 4782 344 4838 raldus
369 4782 486 4853 ipse
516 4797 620 4837 non
663 4781 798 4836 vidit
850 4780 970 4836 illos
1020 4780 1418 4850 argumentari,
1459 4790 1516 4834 ut
1563 4782 1748 4845 aiunt,

155 4877 228 4934 ad
289 4877 596 4944 hominem,
643 4886 805 4948 atque
850 4891 912 4930 ex
964 4875 1078 4945 ipsa
1129 4873 1408 4944 gentilium
1459 4874 1748 4944 opinione,

154 4986 267 5041 qua
313 4971 581 5026 docebant
615 4971 746 5026 deos
783 4983 912 5025 suos
943 4968 1053 5031 ira,
1101 4982 1220 5037 qua:
1255 4981 1315 5021 se
1355 4965 1646 5022 ulciscendi
1689 4968 1751 5022 li-

158 5065 291 5121 bido
338 5075 454 5131 est,
480 5065 531 5119 in
562 5063 887 5119 christianos
927 5061 1006 5116 sic
1047 5075 1234 5115 revera
1263 5058 1517 5123 accendi,
1552 5071 1608 5114 ut
1657 5075 1750 5115 eo-

156 5173 282 5212 rum
315 5170 478 5211 causa
529 5156 775 5212 maximis
824 5153 1216 5210 calamitatibus
1258 5162 1313 5208 et
1347 5168 1472 5220 eos,
1504 5162 1557 5207 et
1584 5155 1750 5223 ipsosv

159 5260 276 5306 met
315 5246 544 5319 gentiles
593 5249 749 5303 simul
804 5245 1144 5318 afﬂigerent?
1194 5245 1382 5300 Nonne
1435 5245 1560 5300 inde
1604 5253 1750 5299 recte

158 5340 439 5398 concludit
485 5340 750 5395 Arnobius
789 5339 953 5404 deos,
988 5339 1031 5394 si
1059 5339 1128 5393 ita
1165 5338 1284 5394 irati
1317 5338 1457 5403 sint,
1498 5336 1752 5393 debuisse

166 5435 277 5491 hoc
301 5433 548 5488 maxima:
587 5431 877 5488 iracundia:
917 5433 1114 5502 impetu
1142 5445 1330 5502 ptenas
1355 5430 1422 5485 de
1448 5431 1575 5486 solis
1611 5429 1754 5484 chri-

161 5526 391 5594 stianis,
435 5539 529 5581 eos
558 5525 1000 5594 aspernantibus,
1030 5525 1208 5580 divina
1253 5540 1348 5580 sua
1390 5523 1621 5595 potentia
1660 5539 1751 5578 su-

160 5634 337 5685 mere,
371 5633 546 5689 neque
577 5632 697 5674 sese
739 5617 1029 5674 ulciscendi
1067 5616 1210 5673 vices
1242 5617 1466 5672 infirmis
1509 5615 1754 5672 commit-

163 5724 284 5769 tere
335 5710 678 5767 hominibus?

240 5807 347 5864 Nec
374 5806 622 5879 estquod
668 5806 787 5877 quis
829 5805 1046 5877 objiciat
1091 5807 1191 5862 hoc
1239 5813 1612 5877 argumentum
1658 5818 1752 5874 po-

158 5902 334 5960 tuisse
381 5899 678 5973 retorqueri
708 5900 762 5958 in
801 5899 1126 5957 christianos
1151 5941 1165 5968 ,
1197 5915 1331 5972 quos
1359 5899 1498 5958 Deus
1527 5913 1632 5956 non
1661 5912 1749 5953 so-

1927 3423 2266 3493 Quapropter
2284 3422 2372 3476 vix
2393 3439 2421 3476 a
2452 3437 2512 3478 se
2540 3423 2833 3493 impetrare
2876 3438 3036 3494 posse
3062 3423 3356 3497 signiﬁcat,
3387 3435 3443 3484 ut

1858 3515 2046 3572 credat
2073 3514 2214 3570 hanc
2240 3515 2408 3571 fuisse
2458 3515 2864 3585 prudentiorum
2905 3516 3242 3573 ethnicorum
3274 3518 3450 3574 homi-

1858 3626 1985 3666 num
2015 3611 2323 3681 opinionem
2354 3608 2502 3681 (ibid.
2536 3628 2589 3680 ρ.
2622 3610 2736 3682 15).
2761 3610 3010 3667 Putidum
3059 3612 3240 3685 itaque
3272 3616 3451 3686 potius

1856 3702 2128 3758 existimat
2149 3717 2273 3759 esse
2301 3701 2642 3758 mendacium
2669 3702 2740 3757 ab
2767 3701 3160 3774 haruspicibus,
3195 3706 3449 3776 fatidicis,

1857 3795 2060 3860 ariolis,
2093 3795 2304 3849 vatibus
2337 3805 2391 3850 et
2439 3794 2687 3850 fanaticis
2717 3794 2840 3851 ideo
2867 3797 3185 3864 eonfictum,
3217 3815 3284 3855 ne
3312 3808 3452 3855 tem-

1856 3892 1961 3962 plis
1987 3890 2099 3946 suis
2119 3892 2401 3960 sacrisque
2428 3889 2677 3954 desertis,
2712 3891 2880 3960 stipes
2903 3892 3234 3958 amitterent,
3265 3909 3398 3962 quas
3422 3909 3453 3948 a

1855 3983 2253 4039 consultoribus
2283 3984 2394 4038 suis
2422 3982 2507 4038 vel
2537 3982 2659 4038 aliis
2679 3997 2876 4053 cogere
2924 3985 3173 4040 solebant
3203 3984 3450 4058 (Arnob.,

1855 4076 1943 4131 lib.
1969 4092 2006 4140 ι,
2036 4092 2155 4146 pag.
2189 4074 2300 4146 15).
2325 4075 2488 4129 Minui
2522 4075 2665 4129 enim
2695 4085 2998 4145 coeperant,
3026 4084 3082 4132 et
3126 4094 3157 4132 a
3205 4078 3456 4147 paucissi-

1856 4169 1957 4223 mis
1983 4167 2272 4238 gentilibus
2301 4167 2684 4239 erogabantur,
2717 4175 3001 4238 postquam
3049 4168 3101 4223 iu
3131 4169 3453 4226 immensum

1852 4263 2026 4319 crevit
2049 4262 2472 4318 Christianorum
2490 4275 2766 4316 numerus.
2791 4261 2867 4316 De
2887 4260 2992 4315 hoc
3022 4273 3202 4317 autem
3220 4263 3456 4319 maximo

1852 4372 1952 4413 suo
1979 4355 2178 4410 damno
2206 4353 2681 4426 conquerebantur
2715 4355 2767 4408 in
2807 4353 2997 4425 primis
3024 4353 3271 4421 lenones,
3299 4354 3454 4410 sicuti

1853 4451 1928 4506 ait
1947 4449 2314 4506 Tertulliauus
2337 4448 2605 4519 (Tertull.,
2636 4447 2854 4518 Apolog.
2877 4462 2996 4516 cap.
3019 4444 3134 4517 45),
3163 4447 3452 4517 aquarioli,

1854 4541 2227 4613 perductores,
2283 4541 2484 4608 sicarii,
2541 4538 2840 4606 venenarii,
2893 4539 3055 4609 magi,
3115 4537 3451 4608 haruspices,

1854 4634 2029 4700 arioli,
2065 4632 2454 4697 mathematici,
2483 4631 2552 4686 de
2594 4629 2790 4702 quibus
2840 4645 2940 4684 suo
2988 4629 3110 4685 loco
3149 4629 3454 4700 disputabi-

1856 4744 1994 4784 mus.
2022 4728 2190 4784 Nemo
2216 4739 2395 4782 autem
2437 4724 2753 4780 diffltebitur
2777 4722 3027 4778 ethnicos
3077 4725 3337 4792 majorem
3369 4723 3453 4780 his

1855 4821 2242 4892 posterioribus
2270 4819 2524 4876 habuisse
2573 4817 2756 4880 fidem,
2788 4815 2876 4886 qui
2925 4815 3221 4886 praedicare
3250 4817 3449 4882 futura,

1855 4929 1945 4974 aut
1973 4931 2231 4988 reSponsa
2254 4914 2478 4969 deorum
2504 4927 2566 4969 se
2587 4912 2715 4966 dare
2731 4909 3073 4981 jactitabant.
3088 4909 3451 4978 Quamobrem

1852 5012 1958 5066 illis
2007 5011 2160 5066 lacile
2214 5006 2510 5063 credebant
2583 5004 2970 5062 mentientibus
3012 5004 3270 5060 mundum
3330 5003 3452 5062 ideo

1852 5103 2098 5158 maximis
2123 5099 2353 5171 opprimi
2379 5099 2792 5163 calamitatibus,
2820 5097 2943 5169 quia
2972 5096 3252 5154 christiani
3274 5101 3446 5163 novis,

1851 5193 2007 5250 sicuti
2064 5192 2433 5258 venditabant,
2485 5206 2595 5246 sua:
2646 5190 2925 5262 religionis
2978 5191 3450 5262 superstitionibus

1853 5289 1986 5343 iram
2008 5287 2418 5344 concitaverunt
2437 5284 2685 5341 deorum.

1927 5404 2094 5460 Porro
2115 5411 2297 5458 autem
2324 5402 2478 5469 satis,
2498 5403 2572 5457 uti
2604 5410 2878 5473 putamus,
2907 5414 2974 5455 ex
3005 5398 3266 5455 hactenus
3293 5394 3451 5452 dictis

1853 5495 2072 5551 cuilibet
2094 5493 2433 5549 manifestum
2463 5507 2584 5549 esse
2605 5493 2767 5547 debet
2797 5491 3081 5561 impudens
3107 5489 3241 5544 illud
3273 5488 3451 5544 ethni-

1855 5603 2041 5643 corum
2073 5586 2435 5653 mendacium,
2469 5593 2523 5640 et
2544 5583 2646 5638 alia
2676 5583 2745 5637 ab
2793 5582 2859 5636 iis
2902 5581 3160 5636 adversus
3195 5579 3450 5634 christia-

1856 5697 1978 5737 nam
2011 5681 2327 5751 religionem
2358 5677 2592 5747 objecta,
2623 5675 2690 5730 ab
2714 5671 2956 5728 Arnobio
2986 5671 3226 5728 funditus
3255 5672 3448 5739 everti,

1858 5787 1915 5832 et
1942 5775 2310 5832 invictissimis
2338 5772 2606 5828 rationum
2635 5767 2924 5823 momentis
2943 5764 3326 5834 ,demonstrari
3357 5780 3452 5820 so-

1861 5871 1964 5926 iatn
1998 5869 2134 5927 hanc
2159 5866 2574 5926 cltristianorum
2604 5860 2921 5934 religionem
2955 5874 3078 5917 esse
3097 5872 3301 5916 veram.
3320 5858 3452 5926 Quae
