4030 6278
668 277 768 356 ist

1955 290 2410 361 DlSSERTATiO
2447 262 2724 362 ramis

3865 305 3962 363 ‘52

669 417 847 470 autem
874 413 1016 471 illius
1040 414 1384 479 documenta,
1409 421 1465 469 et
1486 415 1754 484 quomodo
1776 415 1843 472 ab
1863 426 1929 473 eo
1960 416 2174 486 tradita,
2198 429 2260 474 ac
2288 433 2339 492 Α
2364 435 2502 486 rum,
2541 429 2594 476 et
2635 419 2789 492 quasi
2837 429 2937 475 nos
2985 425 3208 490 cernat,
3256 421 3446 478 faciem
3492 421 3856 479 subleVamus
3901 424 3963 478 ad

669 515 998 580 propdgua‘ta
1015 507 1231 574 iuerint,
1256 505 1366 577 jam
1389 507 1685 563 Videamus.

1266 661 1493 719 CAPUT
1537 662 1646 719 VII.

666 796 1044 855 Examinanlur
1079 797 1275 854 tissert'a'
1310 801 1372 854 ab
1411 795 1632 854 Arnobio
1658 800 1951 855 christiani:
1995 796 2256 871 religionis

1019 887 1322 949 documenta
1350 910 1410 948 ac
1436 895 1655 965 primum
1677 893 1740 950 de
1769 877 1895 952 beo.

1192 1042 1489 1084 Αιιτιευιυε
1512 1043 1721 1084 νωιιυε.

662 1168 850 1227 Quibus
871 1168 1116 1217 rationum
1149 1167 1411 1216 momentis
1435 1166 1685 1217 Arnobius
1715 1165 1877 1215 Deum
1903 1165 2150 1217 exsistere
2168 1163 2260 1214 de-

721 1238 979 1287 monstret.
1006 1231 1184 1293 quidve
1205 1231 1429 1280 statuerit
1453 1231 1518 1279 de
1537 1229 1669 1279 illius
1692 1237 1884 1293 natura,
1903 1236 1954 1278 et
1975 1241 2119 1290 quam
2143 1241 2259 1291 per-

721 1293 894 1356 Spicue
937 1283 1046 1342 eam
1091 1283 1232 1356 plane
1259 1293 1620 1356 riucorpoream
1667 1305 1782 1356 esse
1824 1283 2158 1356 demonstret;
2204 1301 2260 1339 ac

719 1353 968 1466 guttaerito
982 1355 1206 1419 quaedam
1221 1355 1330 1416 ejus
1346 1353 1604 1418 responsio
1621 1368 1648 1403 a
1671 1353 1959 1418 quibusdam
1985 1353 2261 1415 reprehen-

753 1431 779 1466 a
804 1431 882 1466 ur.

753 1426 882 1468 atur.

730 1546 967 1601 Primum
1001 1545 1352 1615 proculdubio
1384 1560 1448 1601 ac
1478 1546 1833 1616 praecipuum,
1867 1559 1974 1615 quo
2005 1543 2259 1598 fundatur

659 1645 766 1694 tota
795 1639 1239 1707 citristianorutn,
1289 1637 1346 1695 et
1389 1639 1668 1711 gentilium
1699 1638 1890 1707 religio
1928 1637 2252 1704 destrultur,

656 1731 1034 1789 documentum
1084 1741 1205 1802 est,
1266 1747 1429 1788 unum
1490 1734 1764 1788 dumtaxat
1826 1730 2254 1801 omnipotentem

2358 513 2551 568 coelum
2583 527 2601 565 ι
2639 512 2879 582 (Arnob.,
2923 512 3014 568 lib.
3064 527 3124 576 tt,
3173 529 3294 586 pug.
3322 515 3438 587 45).
3489 517 3663 584 Quam
3702 529 3870 587 porro
3915 519 3962 573 id

2357 623 2543 662 verum
2570 607 2659 671 sit,
2693 617 2744 662 te
2773 606 2990 662 docebit
3011 607 3122 676 jam
3146 609 3344 663 citatus
3373 625 3400 662 a
3433 609 3590 665 nobis
3612 609 3842 679 Cicero,
3875 614 3963 683 qui

2356 701 2548 755 alicubi
2599 701 2816 771 scripsit
2848 717 2861 754 ε
2897 715 2917 752 ‹
2949 700 3151 757 Omnes
3195 711 3315 758 esse
3356 704 3465 758 vim
3496 713 3552 760 et
3580 709 3844 760 naturam
3885 707 3962 760 di-

2357 797 2536 850 vinam
2568 798 2920 851 arbitrantur.
2950 795 3060 852 Nec
3087 811 3219 852 vero
3245 797 3297 852 id
3323 799 3622 854 collbcutio
3653 799 3959 867 hominum,

2357 900 2448 943 aut
2491 901 2792 944 consensus
2819 888 3002 954 ellicit,
3036 903 3142 943 non
3179 887 3437 946 institutis
3481 891 3670 961 opinio
3717 897 3808 946 est
3842 901 3965 947 con-

2359 981 2597 1047 iirinata,
2652 995 2756 1035 non
2799 981 3030 1050 legibus.
3061 981 3221 1037 Omni
3244 993 3424 1038 autem
3457 985 3510 1038 in
3558 997 3622 1040 re
3661 986 3958 1040 consensio

2325 1075 2599 1150 omnium
2652 1075 2890 1144 gentium
2921 1075 3002 1130 lex
3039 1079 3244 1130 natura:
3284 1075 3517 1147 putanda
3563 1086 3650 1132 est
3688 1085 3711 1132 δ
3755 1075 3961 1151 (Ciam,

2361 1166 2489 1222 ωλι
2529 1165 2767 1235 Turrim,
2803 1174 2921 1240 p‘ag.
2957 1167 3079 1235 H9,
3117 1169 3209 1222 lin.
3244 1170 3437 1237 penult.
3467 1180 3515 1226 et
3541 1185 3710 1242 seqq,
3763 1180 3812 1226 et
3859 1173 3966 1238 lita,

2361 1275 2395 1316 tt
2421 1261 2485 1315 de
2505 1259 2707 1330 Legib.,
2738 1265 2857 1332 pag.
2887 1261 3014 1327 525,
3047 1260 3139 1316 ιιη.
3173 1261 3290 1333 22).
3335 1261 3521 1333 Neque
3566 1263 3619 1318 id
3649 1265 3722 1319 ab
3766 1279 3839 1319 eo
3871 1265 3962 1319 im-

2359 1355 2656 1426 prudenter
2691 1355 2894 1410 dictum
2940 1354 3238 1422 arbitreris,
3271 1356 3416 1426 quod
3447 1349 3515 1410 ab
3555 1356 3677 1426 ipso
3703 1357 3843 1412 alibi
3881 1373 3961 1412 re-

2360 1449 2586 1520 petitum
2609 1450 2873 1504 invenies.
2905 1447 3271 1517 Quamobrem
3297 1449 3568 1505 Arnobius
3587 1451 3805 1506 alicubi
3832 1451 3962 1506 haud

2359 1543 2669 1599 dubitanter
2697 1549 2975 1615 asseverat
3006 1557 3130 1598 eum
3161 1553 3284 1598 esse
3333 1554 3601 1600 amentem
3625 1583 3643 1612 ,
3688 1553 3761 1599 ae
3807 1547 3962 1600 stulte

2359 1637 2726 1709 desperatum,
2753 1636 2844 1707 qui
2872 1636 3040 1691 Deum
3066 1636 3329 1692 exsistere
3353 1637 3587 1707 ambigat
3618 1652 3634 1691 :
3669 1636 3818 1692 satis
3845 1653 3962 1692 vero

2359 1743 2483 1788 esse
2525 1731 2749 1794 homini,
2783 1735 2837 1786 et
2863 1731 2906 1784 si
2937 1730 3041 1785 alia
3090 1731 3299 1801 ignbret
3339 1731 3492 1786 illum
3542 1743 3890 1802 agnoscere,
3918 1743 3965 1788 et

661 1826 832 1880 Deum
885 1828 1168 1882 exsistere.
1215 1827 1485 1882 Arnobius
1514 1836 1694 1881 autem
1749 1825 1800 1880 id
1851 1825 2256 1881 evidentissima
2286 1833 2333 1897 Β
2362 1827 2500 1883 hanc
2543 1839 2808 1882 summam
2859 1835 2981 1882 Esse
3007 1826 3286 1882 scientiam
3321 1845 3335 1879 :
3373 1845 3394 1879 ι
3435 1826 3618 1883 Rebus
3644 1870 3661 1894 ,
3707 1847 3728 1880 ι
3772 1829 3962 1899 inquit,

657 1919 992 1974 demonstrat
1026 1936 1092 1976 ex
1123 1922 1290 1990 ipsius
1315 1921 1597 1976 eﬂbctibus
1626 1921 1870 1989 (Arnob.,
1904 1921 1995 1977 lib.
2022 1937 2059 1984 ι,
2083 1937 2138 1991 ρ.
2166 1920 2254 1986 l6,

659 2011 820 2064 etiib.
853 2028 912 2077 ιι,
968 2029 1092 2084 pag.
1138 2013 1252 2084 43),
1307 2015 1487 2068 innata
1535 2014 1744 2068 cunctis
1787 2013 2097 2068 hominibus
2141 2013 2258 2083 ejits

657 2105 799 2168 idea,
831 2115 887 2161 et
919 2107 1216 2177 agnitione,
1265 2109 1330 2162 ac
1379 2106 1562 2161 intima
1613 2105 1852 2161 omnium
1901 2107 2254 2162 conscientia.

654 2196 1000 2269 Singulorum
1027 2199 1172 2254 enim
1203 2200 1400 2254 animis
1438 2199 1576 2254 adeo
1605 2198 1785 2262 insita,
1819 2199 1904 2254 vel
1963 2199 2142 2269 potius
2170 2198 2256 2252 ins

654 2299 778 2345 nata
803 2297 889 2347 est
915 2306 978 2346 ea
1008 2294 1178 2357 notio,
1211 2301 1267 2348 ut
1295 2292 1453 2346 facile
1484 2303 1783 2363 agnoscant
1807 2305 1868 2346 se
1912 2305 1942 2346 a
1984 2292 2093 2346 Deo
2126 2305 2257 2347 vero

653 2385 930 2454 accepisse
977 2400 1085 2440 non
1133 2386 1306 2440 solum
1347 2384 1492 2455 quod
1541 2383 1650 2439 sint
1689 2383 1956 2450 homines,
2013 2382 2158 2454 quod
2189 2383 2259 2438 vi-

659 2491 824 2544 vant,
881 2481 1130 2551 spirent,
1185 2489 1525 2545 moveantur,
1574 2479 1670 2534 sed
1719 2479 1860 2549 quod
1909 2487 2050 2534 totus
2093 2477 2255 2535 etiam

655 2576 910 2642 mundus,
937 2577 1043 2643 sol,
1078 2576 1229 2641 luna,
1271 2576 1563 2640 elementa,
1599 2581 1764 2639 terra,
1795 2583 2100 2644 carteraque
2143 2581 2260 2628 om-

657 2674 744 2727 nia
771 2671 838 2728 ιιι
867 2673 958 2727 illo
982 2682 1165 2728 creata
1195 2673 1322 2737 sint,
1364 2672 1589 2742 ejusque
1623 2670 1959 2741 providentia
2005 2675 2258 2741 regantur

653 2766 1192 2821 etadministrentur.
1243 2766 1299 2821 In
1351 2767 1509 2835 hujus
1554 2777 1683 2820 vero
1713 2765 2013 2835 argumenti
2055 2763 2258 2819 contir-

654 2860 948 2915 tnationem
975 2860 1112 2916 scite
1139 2860 1433 2931 subjungit,
1471 2859 1576 2915 hoc
1617 2859 1748 2914 nulli
1775 2873 1843 2915 ex
1871 2857 2257 2915 eommeutitiis

651 2953 929 3021 gentilium
954 2953 1058 3008 diis
1085 2966 1243 3021 posse
1285 2953 1526 3008 attribui.
1551 2951 1686 3007 Nam
1727 2953 1904 3007 cuncti
1946 2951 2045 3007 bos
2065 2965 2254 3007 omnes

656 3046 811 3109 deos,
843 3046 998 3102 sicuti
1026 3053 1084 3101 et
1103 3046 1362 3101 mundum
1385 3055 1537 3102 certe
1563 3044 1798 3116 quodam
1827 3049 2074 3117 tempore
2103 3052 2254 3099 ortos

650 3153 773 3194 esse
794 3138 1207 3210 profitebantur.

2359 2014 2609 2080 scuritas,
2650 2013 2824 2069 solum
2863 2014 3030 2068 Deul'n
3058 2025 3178 2069 esse
3218 2012 3567 2070 indubitalem
3593 2058 3607 2081 ,
3643 2015 3835 2069 solum
3876 2030 3962 2070 ve-

2359 2119 2502 2173 rum,
2533 2113 2587 2162 et
2616 2107 2683 2162 de
2703 2111 2810 2177 quo
2841 2109 3020 2164 utilius
3053 2109 3328 2180 ambigere
3358 2109 3461 2165 nisi
3489 2119 3681 2164 amens
3712 2110 3892 2182 possit
3916 2118 3964 2163 et

2359 2198 2752 2270 desperatimtis
2799 2201 3020 2268 insanas,
3066 2207 3223 2273 quem
3264 2204 3396 2258 satis
3433 2203 3502 2259 sit
3531 2204 3714 2269 scire,
3744 2211 3809 2258 ut
3838 2203 3963 2259 nihil

2359 2294 2502 2348 aliud
2535 2293 2771 2360 noveris,
2804 2296 2987 2367 sisque
3028 2305 3209 2352 veram
3252 2305 3306 2352 et
3335 2299 3622 2354 maximam
3671 2299 3956 2354 scientia

2360 2391 2701 2452 subsecutus,
2715 2389 2768 2443 in
2787 2389 2895 2445 Deo
2910 2397 3091 2446 rerum
3106 2391 3281 2461 eapite
3294 2395 3346 2446 et
3363 2391 3673 2462 cognitione
3705 2391 3921 2450 dell'xus
3939 2411 3956 2445 ι

2359 2479 2463 2536 Sed
2492 2477 2608 2534 haec
2634 2481 2886 2549 superius
2914 2496 2941 2534 a
2975 2481 3134 2537 nobis
3163 2479 3384 2552 probata
3404 2525 3420 2551 ,
3457 2487 3598 2539 nunc
3633 2483 3816 2540 fusius
3840 2499 3961 2556 pro-

2358 2571 2509 2642 sequi
2538 2581 2759 2628 necesse
2788 2579 2893 2627 non
2937 2572 3152 2628 Videtur
3191 2573 3432 2644 (Ανιιοῢδ,
3481 2573 3569 2628 lib.
3603 2589 3662 2640 ιι,
3712 2587 3844 2647 pag.
3875 2577 3957 2641 86,

2359 2671 2481 2720 tom;
2517 2680 2531 2718 ι
2576 2663 2855 2736 Αρριιται.,
2900 2679 3019 2737 pag.
3049 2666 3189 2734 688,
3233 2677 3282 2722 et
3323 2667 3685 2735 dissertat.,ir‘t
3733 2669 3957 2738 litim,

2356 2769 2474 2829 sap.
2508 2759 2563 2824 3,
2587 2769 2688 2813 art.
2719 2760 2799 2828 5).

2426 2847 2497 2907 At
2526 2851 2676 2909 vides
2700 2860 2846 2909 certe
2867 2861 3026 2925 quam
3056 2855 3333 2926 perspicue
3356 2856 3495 2912 Deus
3517 2856 3589 2912 ibi
3618 2855 3692 2911 ab
3715 2856 3960 2914 Arnobio

2354 2945 2564 3003 dicatur
2604 2955 2784 3004 rerum
2813 2949 3051 3016 omnium
3079 2953 3258 3019 caput,
3288 2949 3439 3005 solus
3468 2957 3628 3005 verus
3655 2948 3807 3005 Deus
3844 2951 3960 3024 (Ar-

2355 3040 2499 3107 uob.,
2543 3039 2634 3097 lib.
2668 3057 2706 3109 l,
2749 3051 2870 3114 pag.
2905 3042 3019 3114 15).
3053 3042 3195 3098 Alibi
3231 3047 3362 3099 vero
3408 3055 3515 3099 non
3546 3044 3729 3098 minus
3758 3045 3960 3100 diserte

2285 3155 2293 3163 ε
2353 3134 2422 3190 ab
2461 3133 2555 3190 illo
2594 3136 2896 3206 appellatur
2936 3137 3236 3209 ingenitus,
3283 3138 3637 3205 immortalis,
3692 3145 3957 3207 manus,

2366 1837 2500 1883 hanc
2543 1839 2808 1882 summam
2859 1837 2981 1882 esse
3007 1837 3286 1882 scientiam
3321 1845 3335 1879 :
3373 1845 3394 1879 ι
3437 1837 3618 1883 ltebus
3644 1870 3661 1894 ,
3707 1847 3728 1880 ι
3772 1837 3962 1899 lnqmi,

2366 1937 2385 1972 ι
2423 1935 2489 1976 ex
2510 1919 2783 1985 omnibus,
2817 1923 2937 1990 qua:
2981 1925 3220 1990 augusta;
3261 1919 3501 1975 continet
3525 1919 3840 1975 divinitatis
3872 1921 3964 1975 ob-

2366 2014 2609 2080 scuritas,
2650 2013 2824 2069 solum
2863 2014 3030 2068 Deul'n
3058 2025 3178 2069 esse
3218 2012 3567 2070 indubitalem
3593 2058 3607 2081 ,
3643 2015 3835 2069 solum
3876 2030 3962 2070 ve-

2366 2119 2502 2173 rum,
2533 2113 2587 2162 et
2616 2107 2683 2162 de
2703 2111 2810 2177 quo
2841 2109 3020 2164 utilius
3053 2109 3328 2180 ambigere
3358 2109 3461 2165 nisi
3489 2119 3681 2164 amens
3712 2110 3892 2182 possit
3916 2118 3964 2163 et

2366 2198 2752 2270 desperatimtis
2799 2201 3020 2268 insanas,
3066 2207 3223 2273 quem
3264 2204 3396 2258 satis
3433 2203 3502 2259 sit
3531 2204 3714 2269 scire,
3744 2211 3809 2258 ut
3838 2203 3963 2259 nihil

2366 2294 2502 2348 aliud
2535 2293 2771 2360 noveris,
2804 2296 2987 2367 sisque
3028 2305 3209 2352 veram
3252 2305 3306 2352 et
3335 2299 3622 2354 maximam
3671 2299 3956 2354 scientia

723 3231 952 3286 Tantum
977 3241 1158 3286 autem
1189 3231 1241 3286 in
1271 3231 1372 3286 hac
1393 3230 1861 3302 argumentatione
1885 3229 2118 3295 roboris,
2141 3230 2248 3285 cvi-
2277 3233 2325 3295 C
2357 3227 2726 3300 incorporeus,
2775 3230 3050 3301 qualitatis
3095 3235 3150 3286 et
3177 3231 3490 3302 quantitatis
3532 3243 3761 3303 expers,
3794 3235 3955 3289 incir-

649 3324 869 3390 dentize,
901 3333 958 3380 et
986 3324 1390 3396 perspicuitatis
1415 3339 1539 3380 esse
1563 3334 1782 3388 censet;
1842 3332 1899 3378 nt
1947 3323 2192 3394 quamvis
2217 3339 2247 3377 a

649 3420 862 3476 cunctis
882 3418 1191 3473 hominibus
1221 3419 1501 3487 ignoretur
1530 3419 1671 3488 quis,
1692 3416 1888 3486 qualis,
1909 3425 2249 3487 quantusque

647 3513 720 3566 sit
750 3512 926 3578 Deus;
970 3508 1030 3567 in
1076 3509 1298 3564 dubium
1346 3520 1550 3576 tamen,
1583 3524 1650 3563 an
1698 3508 1792 3564 ille
1835 3509 1928 3576 sit,
1970 3524 1999 3562 a
2035 3509 2249 3565 nemine

649 3620 796 3660 sana:
821 3613 1018 3660 mentis
1045 3603 1265 3659 homine
1287 3605 1467 3658 vocari
1485 3605 1671 3674 possit.
1695 3601 1813 3658 Jam
1843 3618 1994 3668 vero,
2018 3603 2074 3659 in
2089 3618 2249 3673 supe-

649 3699 777 3752 riori
812 3708 994 3752 nostra
1024 3699 1091 3753 de
1139 3698 1352 3754 Minucii
1383 3697 1580 3754 Felicis
1609 3697 1835 3754 Octavio
1865 3697 2247 3754 dissertatione

653 3791 794 3862 (cap.
827 3792 882 3858 ‘5,
913 3801 1013 3847 art.
1040 3792 1119 3864 5),
1143 3791 1481 3848 ostendimus
1502 3809 1610 3848 non
1633 3794 1796 3848 modo
1817 3792 1992 3862 illum,
2018 3792 2114 3849 sed
2137 3791 2246 3866 Cy-

650 3885 896 3952 prianum
947 3887 1131 3952 etiam,
1191 3883 1618 3951 Tertullianum,
1665 3885 2028 3951 Lactantium,
2080 3886 2248 3942 immo

646 3975 918 4031 ethnicum
964 3993 1175 4046 quoque
1231 3976 1547 4034 Ciceronem
1609 3979 1799 4036 eadem
1852 3980 2064 4036 ratione
2131 3991 2240 4035 tam

646 4079 795 4124 certo
815 4109 832 4137 ,
865 4083 1025 4139 quam
1049 4069 1329 4127 evidenter
1353 4071 1757 4130 demonstrasse
1787 4090 1953 4130 unum
1984 4074 2248 4130 duntaxat

647 4177 767 4218 esse
789 4163 978 4229 Deum,
999 4163 1155 4233 cujus
1178 4162 1382 4219 i-nlinita
1407 4175 1673 4234 petestate
1691 4167 1869 4222 omnia
1891 4176 2072 4223 creata
2096 4177 2243 4236 sunt,

646 4270 712 4310 ac
737 4255 1072 4326 providentia
1100 4257 1334 4312 mirabili
1364 4257 1750 4326 gubernantur.
1778 4261 1847 4314 At
1875 4260 1942 4316 de
1964 4259 2247 4317 Lactantio

646 4361 702 4406 et
726 4336 1065 4407 Tertulliano
1092 4351 1296 4422 aliquid
1327 4350 1508 4407 adhuc
1537 4351 1676 4407 infra
1721 4353 2033 4410 dicendum.
2060 4355 2243 4426 Praep-

649 4456 792 4501 terea
823 4446 1096 4501 Arnobius
1135 4445 1330 4502 alicubi
1379 4445 1522 4501 baud
1549 4445 1865 4501 dubitanter
1911 4447 2240 4516 pronuntiat,

644 4539 786 4610 quod
815 4539 861 4594 si
901 4539 1018 4595 ﬁeri
1062 4548 1265 4610 posset,
1299 4548 1356 4593 ut
1406 4539 1700 4594 animantia
1770 4539 2007 4608 ipsaeque
2053 4552 2244 4595 sensus

2351 3324 2712 3393 cumscriptus
2735 3365 2750 3390 ,
2782 3325 3102 3389 immensus.
3145 3327 3260 3382 sine
3288 3327 3412 3391 situ,
3456 3330 3628 3394 motu,
3656 3337 3716 3383 et
3748 3329 3954 3396 habitu,

2351 3417 2590 3471 omnium
2621 3421 2800 3471 rerum
2829 3417 2978 3475 locus
3005 3427 3059 3474 et
3089 3422 3342 3491 spatium,
3387 3421 3554 3491 prima
3594 3430 3791 3491 causa,
3840 3425 3955 3479 fons

2351 3521 2553 3576 rerum,
2582 3521 2730 3566 sator
2754 3513 3079 3569 szeeulorunt
3106 3518 3171 3571 ac
3201 3522 3524 3586 temporum,
3568 3525 3752 3588 pater,
3785 3518 3959 3574 domi-

2351 3611 2471 3664 nus,
2501 3607 2714 3658 creator
2741 3605 3006 3672 omnium,
3051 3613 3101 3662 et
3135 3607 3498 3678 omnipotens,
3547 3609 3637 3679 qui
3665 3608 3738 3664 ab
3785 3610 3955 3666 homi-

2350 3697 2507 3751 nibus
2538 3709 2637 3752 nec
2677 3697 2844 3753 videri
2871 3705 3046 3769 potest
3073 3715 3174 3756 nec
3199 3702 3455 3770 explicari
3487 3700 3678 3774 (lbid.,
3709 3717 3844 3775 pag.
3870 3705 3952 3770 l7,

2351 3789 2449 3920 λυ,
2480 3790 2568 3844 tib.
2596 3801 2650 3856 ιι,
2685 3797 2806 3862 pag.
2834 3791 2926 3858 45,
2954 3792 3046 3858 67,
3068 3790 3159 3860 7d,
3183 3793 3272 3860 75,
3297 3794 3394 3858 95;
3419 3794 3510 3850 lib.
3538 3805 3619 3862 ιιι,
3647 3809 3780 3866 pag.
3809 3794 3955 3865 illi).
4027 3795 4030 3920 4

2399 3885 2478 3920 nisi
2521 3891 2728 3920 auitam.
2791 3886 2945 3920 animi
2991 3887 3291 3920 ιηιὶηηιιιιιη
3364 3888 3489 3920 {mla
3543 3901 3653 3920 uno.
3705 3891 3951 3920 ιιιῡνηυάρ

2349 3883 2479 3952 Quis
2521 3891 2735 3953 autem,
2791 3886 2946 3942 nobis
2991 3887 3324 3953 tacentibus,
3364 3888 3489 3944 inde
3543 3901 3654 3944 non
3704 3891 3955 3962 agnoscit

2348 3973 2504 4046 Quam
2551 3985 2697 4033 recte
2721 3978 2814 4034 ille
2839 3978 3068 4034 divinam
3103 3979 3445 4050 explicaverit
3473 3989 3748 4048 naturam,
3781 3997 3953 4055 quan-

2347 4075 2508 4141 taque
2535 4071 2831 4142 diligentia,
2864 4081 2921 4128 et
2949 4069 3151 4144 quanto
3179 4073 3357 4130 studio
3378 4074 3556 4130 omnia
3579 4074 3718 4142 fere,
3751 4085 3816 4132 et
3844 4075 3953 4132 sino

2345 4163 2468 4232 gula
2501 4163 2592 4218 Dei
2616 4157 2867 4218 attributa
2894 4165 3216 4221 recenseat?

2423 4257 2496 4311 De
2523 4257 2586 4311 iis
2619 4261 2780 4326 porro
2805 4259 2928 4329 quia
2954 4258 3082 4314 alibi
3108 4259 3249 4316 haud
3296 4258 3466 4317 semel
3521 4260 3955 4331 disputavimus,

2347 4347 2572 4404 sufﬁciat
2599 4351 2836 4404 animum
2865 4347 2932 4404 ad
2961 4350 3090 4406 illnd
3121 4353 3346 4409 rationis
3383 4359 3721 4409 momentum
3754 4356 3954 4412 adver-

2347 4451 2482 4510 tere,
2531 4454 2638 4513 quo
2665 4442 2869 4498 Auctor
2913 4455 3099 4501 noster
3139 4447 3456 4503 catholicam
3506 4448 3574 4504 de
3622 4448 3955 4523 incorporea

2345 4534 2462 4590 sive
2497 4535 2759 4604 Spirituali
2801 4535 2896 4591 Dei
2927 4547 3114 4593 natura
3145 4541 3466 4594 sententiam
3505 4547 3690 4596 tuetur
3725 4553 3796 4598 ac
3825 4559 3952 4614 pro-

641 4643 892 4704 expertes
917 4644 1176 4690 creatum
1224 4633 1509 4704 quemdam
1541 4633 1769 4690 ederent
1811 4634 1958 4687 vocis
1983 4634 2240 4702 sonitum,

2354 4633 2552 4698 pugnat
2580 4645 2593 4681 :
2629 4646 2647 4680 ι
2679 4627 2928 4691 Nostra»
2953 4629 3123 4700 inquit
3145 4629 3387 4703 (Arnob.,
3418 4631 3507 4685 ιω.
3534 4641 3614 4697 ιιι,
3641 4649 3766 4704 pag.
3799 4635 3952 4704 107),

645 4736 756 4780 tum
789 4725 930 4780 illico
951 4729 1201 4797 magistra
1228 4742 1292 4780 ac
1316 4727 1453 4782 duce
1493 4735 1684 4780 natura
1725 4740 1891 4780 unum
1923 4724 2112 4791 Deum,
2155 4740 2246 4779 so-

643 4817 861 4887 lumque
888 4833 1069 4873 rerum
1108 4820 1346 4874 omnium
1398 4830 1699 4874 creatorem
1731 4817 1991 4874 exsistere
2044 4817 2246 4873 ciama-

644 4918 768 4966 rent
799 4910 1038 4981 (Arnoln.
1071 4912 1162 4966 lib.
1193 4927 1231 4979 ι,
1257 4929 1377 4983 pag.
1409 4911 1519 4980 l8).
1548 4910 1684 4979 Quin
1712 4911 1873 4967 etiam
1901 4910 1948 4965 si
1979 4909 2239 4966 Clementi

643 5002 1008 5058 Alexandrino
1052 5002 1361 5072 credamus,
1415 5003 1749 5058 Xenocrates
1780 5013 1832 5059 et
1877 5002 2236 5072 Democritus,

641 5095 1092 5168 quemadmodum
1120 5097 1248 5152 alibi
1284 5112 1314 5151 a
1345 5097 1504 5152 nobis
1529 5097 1870 5153 observatum
1903 5105 2005 5164 est,
2038 5096 2238 5153 docue-

641 5199 770 5246 runt
793 5205 914 5245 esse
940 5190 1177 5261 aliquam
1206 5192 1259 5244 in
1290 5190 1452 5245 mutis
1477 5191 1836 5246 animantibus
1867 5189 1959 5246 Dei
1991 5190 2236 5245 notitiam

640 5301 704 5341 ac
729 5285 1092 5356 cognitionem
1129 5283 1300 5350 (Tom.
1336 5301 1369 5341 ιι
1397 5284 1675 5356 Apparat.,
1707 5286 1796 5340 lib.
1829 5301 1906 5353 nt,
1945 5285 2146 5341 dissert.
2179 5283 2234 5353 2,

639 5394 756 5450 cap.
787 5376 841 5445 6,
870 5386 972 5431 art.
995 5378 1047 5445 l,
1079 5394 1201 5450 pag.
1228 5376 1380 5449 848).

711 5471 932 5526 Cunctis
961 5480 1142 5527 autem
1171 5468 1481 5555 hominibus
1510 5471 1620 5540 illa,
1645 5461 2029 5541 aitArnobius,
2058 5473 2129 5528 ita
2157 5473 2240 5527 in-

641 5572 766 5618 nata
795 5575 898 5633 est,
932 5577 989 5620 ut
1017 5579 1208 5622 omnes
1233 5565 1550 5621 naturaliter
1579 5566 1749 5623 Deum
1777 5565 2049 5635 invocent,
2082 5581 2236 5621 eum-

641 5670 748 5724 que
770 5665 962 5713 testem
992 5657 1325 5713 constituant
1353 5676 1365 5712 :
1400 5675 1418 5708 ι
1453 5657 1623 5725 Quem
1661 5671 1872 5723 omnes,
1906 5656 2100 5726 inquit,
2142 5671 2238 5712 na-

645 5746 886 5801 turaliter
933 5748 1152 5814 scimus,
1200 5747 1316 5804 sive
1362 5765 1485 5804 cutn
1533 5746 1943 5803 exclamamus:
1987 5741 2032 5802 υ
2059 5741 2234 5804 Deus!

647 5839 758 5892 sive
783 5851 906 5893 cum
936 5837 1085 5895 illum
1119 5849 1308 5896 testem
1353 5833 1522 5896 Deum
1564 5838 1936 5897 constituimus
1964 5839 2240 5913 improbo-

2349 4737 2370 4773 ι
2405 4719 2472 4773 de
2501 4718 2605 4774 hoc
2635 4721 2899 4776 sententia
2938 4721 3060 4776 talis
3091 4731 3196 4778 est.
3242 4722 3500 4778 Naturam
3538 4736 3760 4779 omnem
3806 4723 3950 4781 divi-

2345 4827 2490 4878 nam,
2521 4825 2640 4883 quze
2665 4826 2838 4884 neque
2859 4827 2981 4868 esse
3008 4815 3234 4884 cmperlt
3260 4816 3571 4886 aliquando,
3599 4829 3700 4873 nec
3722 4819 3951 4875 vitalem

2343 4906 2409 4962 ad
2439 4908 2726 4963 terminum
2759 4909 2830 4962 sit
2858 4907 3148 4978 aliquando
3179 4918 3401 4964 ventura
3427 4953 3441 4976 ,
3475 4909 3828 4967 lineamentis
3861 4927 3954 4968 ea-

2343 5017 2466 5056 rere
2491 5003 2770 5074 corporeis
2789 5042 2804 5068 ,
2839 5011 3013 5072 neque
3035 5002 3172 5056 ullas
3198 5001 3494 5058 formarum
3532 5003 3742 5076 el‘ilgies
3773 5007 3955 5077 possi-

2340 5092 2491 5161 dere,
2512 5094 2706 5164 quibus
2724 5096 2928 5148 extima
2957 5096 3389 5166 circumscriptio
3413 5096 3785 5154 membrorum
3811 5101 3956 5156 solet

2340 5195 2655 5258 euagmenta
2703 5187 2878 5244 (inire.
2913 5189 3184 5259 Quidquid
3230 5192 3374 5246 enim
3406 5191 3515 5247 tale
3561 5199 3680 5259 est,
3715 5195 3954 5250 mortale

2339 5295 2462 5336 esse
2489 5281 2832 5346 arbitramur,
2864 5288 2920 5336 et
2946 5283 3142 5349 labile;
3191 5293 3291 5340 nec
3337 5285 3584 5341 obtinere
3622 5293 3951 5357 perpetuam

2339 5373 2613 5429 credimus
2641 5375 2933 5438 :evitatem,
2965 5375 3106 5446 quod
3133 5377 3392 5432 extremis
3421 5377 3722 5433 coercitum
3748 5377 3954 5434 ﬁnibus

2342 5467 2645 5521 necessaria
2676 5465 3052 5523 circumcludit
3087 5472 3422 5526 extremitas.
3465 5481 3484 5523 ι
3515 5470 3662 5526 Nihil
3702 5473 3954 5542 profecto

2342 5573 2404 5613 ea
2431 5559 2842 5615 ratiocinatione
2889 5559 2956 5616 ad
2999 5562 3382 5618 stabiliendum
3423 5564 3807 5635 incorpoream
3853 5564 3953 5623 Dei

2343 5661 2586 5708 naturam
2631 5651 2836 5708 firmius
2875 5663 2928 5709 et
2955 5653 3296 5712 loculentius.
3341 5655 3510 5713 Recte
3549 5657 3695 5713 enim
3723 5653 3821 5715 ille
3850 5673 3954 5728 pro

2343 5753 2494 5802 certo
2519 5755 2574 5804 et
2602 5746 2710 5803 llxo
2737 5750 2908 5818 ponit,
2941 5748 3198 5821 quidquid
3223 5759 3542 5821 corporeum
3569 5758 3676 5818 est,
3706 5755 3800 5808 vel
3823 5767 3955 5809 cor-

2347 5840 2492 5911 poris
2541 5838 2881 5900 lineamentis
2917 5856 2980 5899 ac
3021 5842 3191 5901 forma
3236 5843 3599 5915 componitur,
3646 5842 3790 5901 illud
3823 5855 3956 5905 esse
