4030 6306
172 387 280 446 455

1424 380 1493 453 tu
1532 386 1906 467 anausim,
1945 391 2101 454 ear.
2140 381 2254 455 vu.

3329 402 3457 463 ’454

171 515 479 575 extensum,
507 508 726 583 suislpte
756 506 980 581 proinde
1015 508 1213 569 ﬁnibus
1237 519 1291 570 et
1319 514 1577 570 extremis
1604 518 1765 585 parti“-
1793 526 1846 589 Α
1871 524 1973 579 est,
2002 517 2090 586 qui
2128 524 2235 572 non
2279 514 2535 574 facillime
2561 518 2853 589 pel‘i'pieiat
2880 517 3072 576 iisdem
3099 520 3326 579 Arnobii
3366 528 3455 580 re-

171 599 271 655 bus
298 602 542 658 clausum
572 608 637 659 ac
660 604 1151 677 circumscriptum.
1178 609 1244 662 At
1273 607 1531 678 quidquid
1563 609 1633 662 ita
1656 611 1763 665 cit:

170 695 550 761 cumc‘ludttor,
568 706 635 753 eo
661 698 779 767 ipso
801 699 1028 754 mortale
1043 699 1134 765 sit;
1158 706 1392 769 oportet.
1419 701 1560 756 Deus
1581 706 1759 757 autem

172 800 281 843 neu
314 790 488 844 solum
518 789 840 845 itmno’rtalis
864 799 965 854 est.
991 792 1087 847 sed
1115 793 1277 849 etiam
1306 798 1573 863 aeternus,
1599 792 1761 867 atque

170 881 378 939 idcirco
408 885 778 953 incorporeus,
811 897 868 941 et
890 894 1097 942 natura:
1123 888 1436 957 spiritualis.

243 976 415 1046 Quam
454 986 767 1048 persnasum
796 988 972 1035 autem
1002 979 1243 1036 Arnobio
1268 980 1398 1036 illud
1422 979 1604 1047 fuerit,
1634 979 1761 1037 inde

168 1069 347 1126 adhuc
370 1070 667 1136 coniicitur,
698 1073 840 1138 quod
875 1071 1108 1129 ethnicis
1134 1073 1267 1129 deos
1305 1082 1432 1128 Suos
1468 1076 1760 1143 corporeus

166 1161 351 1234 aliquo
383 1161 695 1219 Iudaeorum
724 1164 1253 1237 Sadducasoruutque
1293 1167 1604 1222 testimonio
1629 1182 1759 1222 con-

166 1254 386 1313 ﬁrmare
429 1257 783 1325 conantibus,
828 1255 974 1313 lnmc
1019 1258 1362 1328 responderit
1402 1257 1454 1312 in
1497 1258 1756 1315 modum:

171 1366 192 1400 ε
225 1348 412 1420 Neque
454 1349 738 1420 quisquam
783 1348 1036 1405 ludaieas
1072 1350 1126 1405 in
1156 1344 1261 1405 hoc
1303 1349 1425 1404 loco
1470 1349 1626 1405 limbis
1664 1366 1758 1420 op-

162 1449 371 1511 ponat,
399 1452 451 1497 et
479 1441 759 1498 Sadducmi
787 1443 1003 1512 generis
1031 1442 1257 1511 fabulas,
1283 1452 1534 1514 tanquam
1558 1443 1760 1499 formas

164 1536 405 1592 tribuant
435 1546 595 1607 atque
623 1551 687 1593 os
711 1538 847 1593 Deo.
893 1537 1006 1593 Hoc
1047 1538 1194 1594 enim
1234 1547 1452 1608 putatur
1484 1538 1539 1593 in
1570 1553 1757 1594 eorum

160 1629 320 1686 libris
346 1629 473 1697 dici,
500 1639 557 1688 et
578 1631 732 1686 utvel
753 1646 814 1687 re
833 1641 978 1687 certa
1007 1640 1167 1703 atque
1185 1632 1506 1687 auctoritate
1533 1631 1756 1698 firmari,

161 1740 289 1797 qua:
328 1738 419 1781 aut
459 1725 590 1782 nihil
618 1726 685 1783 ad
719 1741 816 1783 nos
864 1727 1125 1794 attinent,
1159 1741 1258 1781 nec
1286 1726 1464 1797 aliqua
1508 1725 1758 1797 portione

157 1819 452 1891 quidquam
485 1819 686 1876 habent
726 1835 1014 1876 commune
1054 1819 1332 1875 nobiscum
1371 1838 1387 1874 :
1416 1829 1507 1873 aut
1533 1818 1577 1873 si
1608 1828 1755 1885 sunt,

162 1921 225 1966 ut
273 1912 541 1978 creditur,
591 1912 779 1978 socize,
822 1912 1100 1983 quaerendi
1146 1923 1271 1968 sunt
1314 1911 1466 1968 vobis
1517 1911 1751 1978 ethnicis,
1786 1925 1835 1987 Β

160 2004 380 2060 altioris
404 2003 776 2077 intelligentiae
802 2004 1060 2063 doctores
1079 2044 1095 2069 ,
1137 2021 1235 2076 per
1259 2020 1399 2077 quos
1428 2005 1641 2073 possitis
1663 2003 1762 2059 ad-

158 2098 399 2166 discere,
435 2101 628 2170 quibus
677 2099 853 2155 modis
880 2098 1165 2155 conveniet
1210 2099 1509 2155 litterarum
1547 2098 1760 2153 illarum

158 2192 338 2249 nubes
380 2204 544 2263 atque
586 2192 864 2248 involucra
902 2192 1147 2248 relaxare
1189 2210 1209 2246 ι
1246 2188 1411 2263 (Ibid.
1444 2207 1565 2263 pag.
1608 2190 1756 2250 l06l.

156 2283 273 2341 Sed
298 2286 449 2355 plura
477 2284 550 2339 ibi
577 2300 607 2338 a
637 2284 1028 2341 recentioribus
1052 2281 1375 2355 quibusdam
1398 2283 1602 2340 criticis
1629 2299 1759 2340 cen-

156 2377 328 2433 soria:
379 2376 680 2433 severitatis
734 2388 860 2432 nota
909 2378 1218 2432 inttruntur.
1260 2376 1442 2431 Primo
1490 2376 1758 2447 siquidem

157 2470 440 2527 Arnobius
462 2472 530 2525 ab
555 2471 663 2525 illis
683 2471 923 2541 arguitur
943 2471 1096 2541 quasi
1124 2471 1287 2526 nimis
1320 2469 1565 2537 confuse,
1595 2481 1760 2542 atque

158 2564 330 2621 etiam
360 2563 660 2635 periculose
696 2564 966 2634 loquatur.
993 2563 1129 2619 Nam
1157 2565 1203 2620 si
1232 2563 1300 2620 de
1335 2565 1539 2623 veteris
1569 2563 1758 2621 Testa-

159 2656 336 2713 menti
380 2655 529 2711 libris
559 2655 723 2711 verba
756 2656 904 2722 facit,
948 2655 1051 2711 hoc
1080 2656 1452 2725 proculdubio,
1484 2656 1756 2728 inquiunt,

158 2761 251 2807 est
275 2753 496 2821 impium
519 2759 572 2806 et
595 2749 919 2806 horrendum
945 2767 958 2804 :
980 2750 1027 2805 si
1046 2749 1110 2805 de
1128 2749 1494 2807 Rabbinorum
1517 2751 1757 2822 scriptis,

157 2843 220 2900 id
250 2858 471 2913 prorsus
509 2841 698 2898 inutile
730 2853 834 2898 est.
877 2840 1079 2898 Omnes
1121 2842 1397 2898 enimvero
1420 2842 1655 2898 fatentur
1693 2857 1759 2899 ea

159 2946 379 2992 scatere
394 2934 611 2992 fabulis.
631 2934 884 2992 Secundo
909 2949 1174 2991 summam
1192 2935 1284 2992 ille
1307 2936 1651 3007 imperitiam,
1683 2936 1760 2993 uti

156 3032 334 3095 aiunt,
370 3031 596 3101 prodere
623 3029 860 3097 videtur,
903 3044 1026 3084 cum
1054 3032 1246 3086 asserit
1278 3031 1446 3086 Deum
1485 3046 1518 3085 a
1559 3029 1761 3087 Judaeis

158 3137 487 3192 corporeum
516 3121 663 3179 credi
685 3131 740 3177 et
765 3121 1069 3193 praedicari.
1120 3120 1283 3179 Celso
1308 3124 1505 3194 quippe
1534 3138 1760 3195 respono

158 3213 256 3273 det
272 3216 531 3285 Origenes
548 3213 764 3272 ludzeos
782 3231 814 3270 a
834 3214 1099 3271 Numenio
1122 3214 1461 3288 Pythagoreo
1488 3216 1541 3270 iu
1568 3231 1756 3271 eorunt

1863 608 2077 677 sponsis
2105 650 2119 674 ,
2174 609 2402 681 aliisque
2429 626 2546 681 qua:
2599 614 2881 669 retulimus
2921 616 3250 685 argumentis
3297 618 3460 689 spiri-

1866 701 2065 757 tualem
2094 714 2147 757 et
2173 700 2549 775 incorporeum
2589 700 2682 761 Dei
2732 717 2977 763 naturam
3011 708 3168 779 plane
3196 711 3366 768 asseri
3394 726 3459 768 ac

1864 793 2144 850 vindicari.

2449 894 2741 950 sanemus
2756 911 2814 951 ιι.

1863 1000 2016 1076 Quam
2034 1007 2176 1076 recte
2196 1002 2446 1076 Arnobius
2468 1015 2655 1076 asserat
2688 1005 2891 1076 formam
2935 1007 3030 1076 Dei
3054 1008 3152 1076 non
3193 1010 3339 1076 posse
3364 1012 3458 1064 ei-

1922 1063 2113 1137 piilcari,
2136 1068 2456 1177 acnguomodo
2476 1069 2670 1140 doceat,
2696 1071 2893 1182 quain
2916 1071 3045 1145 eius.
3063 1063 3386 1139 immensitas,
3404 1063 3461 1128 et

1924 1134 2135 1176 scteutta
2167 1140 2183 1177 ι
2252 1136 2373 1182 ntta.
2399 1128 2617 1182 nihilque
2637 1130 2819 1181 homnu
2858 1147 2914 1182 us
2936 1126 3098 1182 stnule
3120 1134 3319 1182 habent.

1924 1126 2135 1176 Scientia
2167 1126 2373 1190 inﬁnita,
2399 1126 2617 1194 nihilque
2637 1126 2914 1183 hominibus
2936 1126 3098 1186 simile
3120 1134 3319 1189 habeat.

1931 1247 2124 1306 Mirum
2185 1249 2415 1308 fortasse
2472 1252 2634 1310 alieni
2707 1255 2977 1314 videbitur
3034 1273 3133 1315 cur
3184 1260 3457 1319 Arnobius

1860 1342 2115 1408 ethnicis,
2143 1344 2213 1400 ab
2243 1347 2361 1416 ipso
2381 1362 2502 1417 quae
2537 1347 2628 1403 Dei
2651 1346 2822 1405 forma
2853 1354 2921 1406 sit
2950 1353 3277 1422 petentibus,
3310 1353 3460 1427 inge-

1861 1452 1966 1493 nue
2012 1439 2342 1509 respondeat
2378 1457 2392 1493 :
2425 1460 2445 1493 ι
2488 1440 2546 1497 Si
2573 1456 2755 1498 veram
2801 1444 2965 1500 vultis
3008 1445 3196 1503 audire
3238 1458 3459 1505 sentcn-

1861 1528 1988 1583 tiam
2012 1548 2025 1585 :
2049 1540 2141 1585 aut
2167 1532 2368 1586 nullam
2383 1531 2548 1589 habet
2570 1533 2711 1590 Deus
2732 1535 2984 1606 formam,
3012 1551 3103 1593 aut
3121 1541 3168 1597 si
3196 1540 3458 1597 informa-

1859 1629 1946 1678 tus
1960 1623 2468 1695 estaliqua,caqua:
2488 1625 3127 1696 sit,profectonescitnus
3158 1652 3179 1686 ι
3208 1633 3457 1703 (Arnob.,

1858 1714 1951 1769 lib.
1972 1731 2048 1772 ιιι.
2074 1733 2195 1788 pag.
2221 1715 2514 1790 “0)de
2525 1735 2680 1791 ergo,
2703 1722 2906 1794 inquiet
2935 1726 3124 1781 nescio
3142 1728 3292 1798 quis?
3305 1742 3461 1785 num-

1858 1806 1983 1876 quid
2008 1807 2099 1863 ille
2115 1810 2390 1866 nesciebat
2424 1811 2515 1867 Dei
2549 1823 2795 1869 naturam
2824 1830 2931 1870 non
2960 1830 3085 1873 esse
3115 1826 3459 1888 corpoream,

1859 1901 1954 1957 sed
1971 1917 2120 1957 mere
2130 1902 2490 1972 spiritualem?
2502 1905 2716 1974 Optime
2729 1906 2968 1975 quidem,
2985 1909 3121 1964 sicut
3134 1925 3198 1966 ex
3215 1910 3462 1981 proxime

1860 1995 2017 2049 dictis
2042 2004 2206 2064 patet,
2224 1995 2356 2052 illud
2371 2007 2628 2063 noverat;
2653 2000 2748 2054 sed
2772 1999 2945 2057 libere
2967 2011 3021 2056 et
3036 2002 3248 2059 sincere
3264 2004 3464 2061 fatetur

1860 2093 2060 2141 tantam
2074 2102 2196 2143 esse
2207 2086 2404 2145 divina:
2420 2100 2647 2159 naturzn,
2666 2092 3018 2162 omniumque
3030 2093 3148 2164 ejus
3163 2096 3465 2168 proprieta-

1860 2190 1973 2237 tum
1998 2194 2051 2237 et
2073 2184 2451 2240 attributorum
2477 2187 2864 2258 perfectionem
2881 2229 2899 2258 ,
2923 2201 2983 2245 ut
3001 2191 3089 2246 illa
3118 2206 3220 2249 nec
3246 2192 3463 2250 inﬁrmo

1860 2273 2095 2330 hominis
2125 2277 2339 2347 ingenio
2365 2279 2776 2349 comprehendi,
2806 2296 2910 2337 nec
2936 2283 3061 2338 ullis
3086 2285 3256 2355 ipsius
3281 2286 3464 2344 verbis

1858 2369 2115 2438 explicari
2167 2372 2360 2440 possit.
2408 2371 2572 2444 Cujus
2631 2374 2850 2445 quidem
2907 2376 3049 2432 hanc
3090 2377 3221 2434 dicit
3278 2393 3463 2435 veram

1858 2472 2171 2533 certamque
2196 2478 2319 2521 esse
2364 2467 2665 2532 rationem;
2704 2467 2830 2539 quia
2869 2483 2993 2524 cum
3019 2484 3084 2525 ea
3113 2473 3185 2525 sit
3208 2468 3463 2528 humanae

1860 2556 2057 2611 mentis
2084 2556 2387 2626 inﬁrmitas,
2435 2567 2495 2614 ut
2540 2559 2798 2631 quidquid
2827 2563 3090 2633 percipit,
3125 2577 3226 2621 suo
3255 2573 3462 2622 tantum

1859 2649 2176 2720 imperfecto
2203 2662 2256 2708 et
2290 2652 2443 2708 linito
2468 2652 2630 2708 ntodo
2656 2655 2947 2725 concipiat,
2978 2656 3181 2714 ideirco
3216 2674 3327 2715 non
3356 2675 3460 2731 po-

1859 2751 1967 2799 test
2020 2744 2311 2814 perfectam
2369 2749 2695 2817 concipere,
2740 2756 2834 2804 aut
2877 2750 3183 2821 etprimere
3239 2752 3464 2809 inﬁnita:

1861 2836 1956 2892 Dei
1996 2847 2201 2893 natura:
2255 2839 2457 2896 idenm.
2510 2840 2691 2910 Audi,
2734 2859 2953 2912 quwso,
3006 2845 3266 2914 praeclara
3313 2847 3463 2905 illius

1860 2929 2021 2984 verba
2055 2948 2070 2983 :
2110 2949 2129 2982 ‹
2165 2930 2436 3002 Quidquid
2465 2932 2535 2988 de
2564 2933 2673 2989 Deo
2699 2935 2925 3002 dixeris,
2974 2938 3238 3009 quidquid
3282 2941 3462 2997 tacitte

1866 3021 2065 3076 mentis
2091 3023 2418 3093 cogitatione
2445 3028 2781 3096 conceperis,
2814 3028 2866 3083 in
2899 3030 3193 3088 humanum
3227 3033 3463 3091 transilit

1859 3122 1917 3170 et
1956 3116 2325 3187 corrumpitur
2353 3131 2608 3185 sensum;
2641 3135 2741 3176 nec
2784 3120 2948 3177 habet
2988 3127 3221 3195 propriae
3248 3127 3461 3199 signiti-

1859 3208 2089 3263 eationis
2114 3220 2318 3277 notam,
2345 3210 2488 3282 quod
2518 3214 2717 3269 nostris
2743 3213 2942 3293 dicitur
2970 3216 3177 3285 verbis,
3202 3226 3364 3290 atque
3388 3220 3458 3277 ad

157 3327 328 3385 grege
351 3311 720 3376 annumerari,
768 3311 857 3380 qui
903 3311 1072 3365 Deum
1112 3311 1334 3365 omnino
1376 3311 1756 3380 incorporeum
1783 3316 1832 3380 ρ
1862 3300 2072 3370 negotia
2104 3303 2337 3356 humana
2360 3304 2697 3374 compositis.
2747 3304 2898 3363 Unus
2926 3316 3012 3364 est
3038 3307 3273 3369 hominis
3301 3312 3459 3370 intel-

160 3420 288 3464 esse
316 3405 697 3461 existimabant
720 3403 921 3477 (0rlg.,
943 3403 1033 3459 lib.
1062 3420 1081 3460 ι
1107 3413 1271 3458 contr.
1301 3390 1463 3469 Cels.,
1488 3420 1608 3473 pag.
1646 3401 1757 3472 15).

236 3500 341 3557 Sed
366 3502 450 3558 his
467 3499 703 3555 auctoris
719 3499 889 3555 nostri
912 3495 1394 3569 reprehensoribus
1412 3495 1574 3567 paulo
1593 3503 1761 3550 attcn~

160 3595 275 3651 tius
302 3592 837 3648 animadvertendum
865 3602 983 3647 erat
1010 3591 1081 3646 ibi
1126 3605 1283 3656 eum,
1331 3588 1473 3644 sicut
1500 3586 1755 3653 diximus,

156 3687 497 3757 restmndere
525 3686 776 3749 ethnicis,
804 3685 894 3755 qui
924 3699 1240 3754 corpoream
1274 3682 1499 3737 deorum
1537 3695 1757 3735 suorum

156 3790 408 3837 naturam
423 3779 738 3833 auctoritate
749 3776 779 3832 J
785 3777 1060 3832 udaeorum
1070 3787 1125 3830 et
1136 3774 1555 3832 Sadducaeorum
1569 3784 1757 3829 contra

156 3873 490 3930 christianos
529 3870 769 3927 stabilire
814 3869 1145 3926 nitebantur.
1180 3869 1347 3925 Docet
1372 3876 1552 3924 autem
1584 3867 1759 3938 dupli-

157 3968 242 4026 cis
266 3968 482 4038 generis
516 3954 641 4023 esse
671 3966 883 4021 illorum
920 3964 1121 4034 scripta
1147 3977 1200 4020 et
1226 3964 1454 4021 litteras.
1497 3962 1756 4031 Quadam

158 4063 309 4118 enim
330 4102 342 4124 ,
382 4060 569 4131 quales
601 4057 953 4130 proculdubio
981 4064 1139 4114 erant
1165 4055 1611 4120 Sadduczeorum,
1640 4054 1754 4124 qui,

158 4155 294 4210 utin
320 4152 542 4210 Actibus
581 4150 946 4223 apostolorum
973 4150 1204 4220 legimus
1236 4169 1249 4204 :
1281 4148 1471 4203 Dicunt
1507 4164 1610 4202 non
1651 4162 1759 4202 esse

156 4246 597 4312 resurrectionem,
633 4260 792 4313 neque
816 4244 1089 4314 angelum,
1124 4258 1283 4313 neque
1322 4241 1560 4312 spiritum
1589 4239 1756 4316 (Ach,

160 4358 317 4403 χχιιι,
332 4341 366 4397 8
373 4352 388 4409 ι
399 4383 413 4406 ,
431 4352 593 4411 atque
610 4338 811 4396 idcirco
826 4338 1029 4401 omnia,
1060 4352 1125 4392 ne
1138 4336 1250 4392 Deo
1265 4336 1482 4406 quidem
1505 4345 1752 4403 excepto,

159 4449 287 4491 esse
309 4449 562 4505 coporea.
592 4431 698 4487 Sed
729 4432 919 4486 horum
942 4432 1141 4499 scripta
1178 4427 1310 4482 nihil
1338 4426 1607 4483 habebant
1632 4441 1756 4482 cum

157 4528 579 4585 Christianorum
616 4524 823 4597 placitis
866 4538 1188 4587 commune,
1228 4537 1290 4587 ac
1338 4520 1562 4603 proinde
1606 4519 1755 4577 chri-

155 4619 350 4676 stiauis
400 4618 563 4690 objici
614 4635 716 4672 nou
770 4625 1039 4688 poterant.
1094 4613 1215 4671 Alia
1267 4629 1399 4669 vero
1451 4624 1608 4670 erant
1655 4612 1753 4669 Ju-

1861 3393 2034 3450 lectus
2059 3393 2128 3450 de
2160 3395 2252 3450 Dei
2285 3405 2476 3452 natura
2509 3399 2866 3466 certissimus,
2901 3401 2948 3456 si
2984 3404 3146 3470 scias,
3175 3411 3233 3459 et
3251 3404 3459 3462 sentias

1859 3485 1993 3539 nihil
2026 3484 2096 3541 de
2132 3485 2222 3542 illo
2250 3502 2412 3557 posse
2437 3490 2650 3546 mortali
2681 3493 2929 3547 oratione
2955 3491 3201 3565 depromi
3231 3513 3254 3550 ο
3293 3494 3456 3568 (me.

1861 3594 1983 3650 pag.
2013 3580 2159 3652 ill).
2191 3581 2536 3655 Quapropter
2560 3584 2703 3640 haud
2729 3585 3039 3644 dubitanter
3079 3589 3276 3646 ibidem
3304 3606 3457 3649 asse-

1858 3683 2013 3730 verat
2050 3684 2252 3732 tantum
2279 3676 2493 3743 abesse,
2521 3689 2581 3734 ut
2619 3679 2730 3735 Deo
2756 3679 2865 3735 ulla
2896 3680 3188 3752 cujuslibet
3213 3685 3459 3755 corporis

1860 3765 2184 3823 lineamenta
2210 3770 2529 3838 tribuamus,
2550 3772 2680 3841 quin
2700 3772 2879 3842 potius
2900 3773 2973 3829 illi
2998 3776 3265 3832 humanas
3291 3776 3457 3834 animi

1859 3863 2029 3917 nostri
2054 3863 2297 3932 virtutes,
2320 3864 2623 3931 scientiam,
2649 3865 3082 3938 intelligentiam,
3108 3870 3454 3942 sapientiam,

1858 3955 2230 4021 sobrietatem,
2260 3956 2617 4026 probitatem,
2641 3948 3022 4028 constantiam,
3046 3971 3102 4017 et
3120 3961 3258 4018 alias
3283 3964 3457 4020 ascri-

1857 4046 1986 4104 bere
2031 4064 2335 4105 vereamur.
2393 4050 2529 4108 Nam
2570 4051 2656 4108 ita:
2689 4052 2953 4120 virtutes,
3006 4063 3064 4112 et
3107 4054 3227 4114 hac
3276 4056 3458 4137 homi-

1859 4156 1987 4197 num
2011 4142 2150 4199 bona
2174 4160 2243 4199 ex
2271 4145 2539 4215 oppositis
2561 4155 2770 4202 tantum
2803 4164 2991 4204 eorum
3021 4149 3187 4215 vitiis,
3212 4152 3355 4223 quod
3386 4151 3456 4209 de

1860 4235 1972 4292 Deo
2015 4235 2120 4293 dici
2165 4240 2370 4310 nequit,
2399 4238 2467 4295 ah
2493 4240 2575 4298 eis
2605 4256 2704 4312 pro
2731 4240 3023 4301 imbecilla
3058 4247 3262 4304 mentis
3291 4257 3455 4320 captu

1857 4341 2211 4385 aasumantur.

1927 4422 2068 4478 Nihil
2097 4435 2180 4481 est
2223 4436 2402 4483 autem
2441 4428 2495 4484 iu
2536 4429 2638 4487 hac
2677 4431 2905 4489 Arnobii
2944 4433 3118 4489 nostri
3164 4432 3446 4504 doctrina,

1856 4516 1957 4572 nisi
1992 4519 2149 4587 plane
2177 4534 2369 4576 sanum
2409 4530 2465 4576 et
2500 4522 2883 4581 orthodoxam.
2913 4523 3046 4580 Nam
3076 4541 3114 4581 ι
3149 4525 3450 4598 Thespltilo

1847 4611 2269 4679 Antitiocheno,
2301 4614 2756 4685 quemadmodum
2795 4619 2866 4673 ab
2905 4618 3036 4684 illo,
3071 4620 3335 4691 scriptu
3371 4621 3454 4677 le-

158 4713 401 4772 da'orunt
427 4714 648 4782 scripta,
690 4728 811 4783 quas
848 4711 1048 4767 nostris
1086 4709 1233 4765 socia
1258 4707 1639 4769 credebantur.
1682 4723 1747 4762 ac
1772 4710 1827 4774 Β
1849 4705 2023 4777 gimus
2074 4706 2405 4779 (Theophil.,
2453 4709 2543 4763 lib.
2574 4724 2593 4765 ι
2636 4712 2704 4765 ad
2730 4712 2997 4783 Antonia,
3040 4729 3161 4782 ραι.
3195 4713 3301 4784 7i}
3334 4731 3349 4769 :
3382 4718 3452 4771 Τὸ

160 4806 299 4863 tales
332 4812 569 4876 proiecto
608 4814 734 4861 sunt
764 4804 973 4861 Veteris
1006 4802 1336 4858 Testamenti
1368 4802 1511 4858 libri.
1535 4802 1605 4856 At
1633 4802 1755 4872 quia

159 4898 218 4956 in
271 4899 386 4954 istis
422 4897 662 4955 membra
721 4898 830 4954 Deo
882 4898 1211 4962 tribuuntur,
1243 4894 1367 4950 inde
1408 4894 1644 4965 ethnici,
1700 4905 1759 4952 ut

162 4993 553 5047 confirmarent
578 4989 711 5047 deos
731 5006 859 5046 suos
886 5004 1007 5047 esse
1027 5003 1339 5059 corporeus,
1378 4998 1755 5059 argumentum

163 5083 453 5141 ducebant.
486 5082 593 5140 Sed
636 5085 929 5152 respondet
962 5082 1234 5139 Arnobius
1272 5082 1594 5154 quaerendos
1632 5096 1754 5139 esse

160 5177 233 5233 ab
260 5176 387 5240 illis,
420 5176 620 5232 altioris
642 5179 990 5249 intelligentia
1018 5177 1269 5243 doctores,
1294 5175 1543 5231 omnibus
1571 5175 1751 5232 statim

162 5270 374 5336 obvios,
420 5284 519 5326 nec
561 5270 691 5339 ipsis
729 5274 958 5328 ethnicis
1008 5271 1239 5343 ignotos,
1282 5269 1371 5341 qui
1407 5268 1499 5324 illa
1541 5268 1752 5326 Veteris

161 5361 495 5420 Testamenti
529 5364 712 5432 verba,
735 5364 913 5432 quibus
941 5364 1107 5419 modis
1134 5363 1384 5429 conuenit,
1416 5360 1519 5417 hoc
1542 5370 1647 5425 est,
1674 5360 1752 5441 al-

160 5456 438 5525 legorice,
508 5455 913 5525 metaphorico,
963 5471 1026 5511 ac
1069 5455 1329 5527 mystico,
1377 5468 1484 5508 non
1535 5453 1751 5510 litterali

161 5561 327 5604 sensu
371 5546 713 5619 intelligenda
752 5562 874 5604 esse
920 5548 1076 5617 plane
1120 5547 1583 5604 demonstrabant.
1614 5547 1751 5617 Quid

161 5650 343 5696 autem
364 5638 415 5694 in
443 5638 526 5693 his
544 5639 763 5695 Arnobii
789 5640 1062 5711 reSponsis
1081 5649 1136 5695 et
1154 5639 1309 5695 dictis
1330 5642 1753 5711 reprehensione

163 5731 421 5804 dignum,
468 5740 563 5787 aut
611 5746 781 5788 sacrae
819 5731 1028 5789 Veteris
1076 5732 1407 5790 Testamenti
1446 5733 1755 5791 auctoritati

165 5834 223 5882 et
248 5825 489 5896 dignitati
528 5826 884 5892 contrarium,
915 5826 1166 5900 quodque
1185 5826 1254 5883 ab
1289 5827 1407 5884 aliis
1443 5826 1755 5884 orthodoxis

167 5916 423 5977 Ecclesia:
449 5918 689 5993 pan-ibus
712 5926 976 5978 assertum
996 5935 1102 5978 non
1131 5920 1325 5979 fuerit?
1341 5923 1412 5980 At
1445 5937 1605 5983 nemo
1621 5936 1755 5981 sane

1857 4802 1948 4871 μὶν
1970 4793 2103 4863 εἶδος
2129 4808 2223 4857 τοῦ
2241 4808 2370 4858 sua
2391 4798 2634 4876 ἆρρητον.
2664 4807 2752 4860 καὶ
2770 4805 3138 4883 dampnatos,
3165 4808 3253 4862 atati
3276 4811 3348 4878 (sui
3369 4805 3452 4863 δυ·

1855 4893 2063 4965 νάμενον
2108 4894 2375 4966 ὀφθαλμοῖς
2418 4898 2682 4968 σαρκίνοις
2730 4895 3008 4971 ipqu
3044 4914 3059 4952 :
3104 4896 3202 4953 Dei
3244 4898 3452 4968 quidem

1854 4982 2023 5053 forma
2072 4986 2217 5039 nobis
2265 4984 2467 5040 occulta
2511 4987 2766 5059 explicari
2797 4990 3006 5060 nequit,
3052 5007 3145 5046 nec
3192 4993 3454 5063 corporeis

1856 5078 2017 5131 oculis
2057 5077 2271 5130 videtur.
2303 5077 2530 5133 Plurimi
2574 5095 2703 5136 vero
2732 5082 2939 5153 antiqui
2972 5083 3234 5141 Ecclesia
3268 5096 3453 5157 patres

1853 5181 2040 5237 aperte
2071 5180 2269 5241 negant
2311 5172 2522 5237 οὐσίαν.
2568 5174 2685 5229 sive
2732 5185 2790 5230 ut
2834 5177 3017 5243 aiunt,
3058 5180 3354 5233 essentiam
3397 5186 3455 5234 et

1852 5260 2209 5319 substantiam
2242 5263 2356 5321 Deo
2383 5266 2708 5333 convenire,
2739 5267 2835 5325 sed
2876 5269 3023 5326 illum
3058 5283 3225 5341 super
3259 5284 3452 5328 omnes

1854 5355 2131 5423 essentias,
2160 5365 2215 5411 et
2255 5357 2641 5430 intelligentiae
2680 5361 2755 5418 ita
2792 5361 3073 5428 eminere,
3104 5372 3163 5419 ut
3188 5346 3451 5436 quidquid

1854 5445 2086 5504 humana
2119 5460 2298 5507 mente
2334 5452 2686 5526 intelligitur,
2714 5456 2783 5513 ab
2810 5471 2879 5513 eo
2910 5457 2976 5514 iis
3013 5458 3267 5515 omnibus
3289 5458 3452 5530 longe

1852 5545 2233 5615 praestantiore
2278 5545 2393 5602 tolli
2431 5546 2652 5605 debeat.
2684 5548 2797 5605 Nos
2821 5565 2953 5607 vero
2990 5550 3049 5606 id
3089 5568 3119 5608 a
3160 5550 3452 5612 Clemente

1851 5640 2221 5697 Alexandrino
2251 5652 2306 5698 et
2328 5636 2463 5699 libri
2485 5644 2551 5702 de
2567 5642 2769 5701 Divinis
2794 5649 3104 5717 nominibus,
3136 5650 3228 5721 qui
3246 5650 3452 5725 Diony-

1854 5734 1937 5791 sio
1970 5734 2658 5807 Areopagitaa,ascribittn',
2686 5750 2910 5799 auctore
2939 5742 3249 5802 luculenter
3270 5745 3450 5818 expli-

1854 5836 2035 5884 catum
2064 5828 2315 5884 vidimus.
2349 5828 2507 5884 Plura
2535 5829 2754 5901 quidem
2782 5833 3012 5891 aliorum
3053 5835 3316 5894 Ecclesia
3343 5837 3450 5896 Pa-

1857 5930 2000 5980 trum
2032 5923 2337 5980 testitnonia
2388 5922 2493 5981 huc
2519 5926 2862 5989 accumulare
2890 5941 3200 6006 promptum
3246 5933 3390 5995 foret
3431 5953 3448 5995 t
