3980 6300
573 379 678 436 435

1854 349 2299 416 DISSEBTATIO
2335 345 2612 406 PBIEVIA

3734 344 3824 399 456

577 499 674 556 sed
700 497 820 570 quia
853 493 982 550 illud
1011 507 1041 548 a
1070 487 1322 553 Patavio,
1351 480 1715 542 Thomassino
1737 522 1751 548 ,
1789 488 1844 536 et
1871 479 1990 534 aliis
2019 477 2162 532 anti-
2193 483 2243 541 Α
2267 478 2388 535 est,
2420 485 2482 524 se
2524 462 2902 537 cognoscendo
2931 461 3112 517 omnia
3142 473 3208 516 ac
3253 458 3462 530 singula
3480 498 3495 523 ,
3541 459 3788 528 prteterita
3810 502 3824 527 ,
3924 513 3925 538 ἦ

578 593 811 663 cipatum
840 596 941 654 est,
976 585 1045 640 ab
1073 584 1137 639 iis
1169 577 1510 652 proferendis
1540 576 1793 631 duximus
1826 588 1948 628 esse
1976 585 2167 638 super-

577 662 872 742 sedendum
917 680 1065 749 (tam.
1091 692 1108 732 ι
1133 670 1518 747 Apparat.,lib.
1543 687 1580 734 ι,
1616 668 1820 722 dissert.
1847 666 1936 729 10,
1963 680 2082 731 cap.
2113 662 2164 727 1,

577 779 605 848 §
631 780 684 838 5.
712 785 759 831 et
791 774 880 830 lib.
921 789 999 838 ιιι,
1029 771 1288 826 dissertat.
1321 768 1376 833 2,
1407 782 1527 835 cap.
1555 767 1610 829 6,
1641 773 1744 817 art.
1784 763 1836 827 1,
1870 777 1989 830 pag.
2026 756 2165 822 948;

578 869 786 936 Petam,
819 867 908 923 lib.
948 882 966 921 ι
1008 863 1258 934 Theolog.
1291 861 1489 933 dogm.,
1530 875 1647 928 cap.
1674 855 1728 924 6,
1771 855 1800 927 §
1832 855 1899 911 10
1925 863 1974 907 et
2006 867 2166 922 seqq.,

578 981 697 1036 pag.
731 962 804 1018 45
829 970 876 1016 et
903 957 1092 1031 seqq.).

650 1059 952 1114 Observare
983 1064 1161 1109 tamen
1193 1049 1352 1107 nobis
1375 1048 1552 1104 adhuc
1577 1047 1758 1109 liceat,
1799 1041 1944 1114 quod
1974 1041 2042 1096 ab
2074 1041 2172 1094 Ar-

581 1153 743 1210 nobio
771 1149 1061 1216 asseritur,
1107 1148 1298 1214 Deum,
1335 1143 1550 1200 tametsi
1580 1141 1729 1196 nullo
1761 1139 1868 1194 ﬁne
1907 1148 2002 1194 aut
2048 1136 2171 1191 loco

580 1246 1022 1315 circumscriptus
1045 1253 1099 1300 et
1125 1243 1424 1298 immensus
1451 1239 1552 1307 sit,
1582 1236 1823 1293 omnium
1853 1245 2029 1289 tamen
2083 1247 2174 1287 re-

582 1359 700 1399 rum
731 1351 787 1398 et
817 1341 992 1396 locum
1030 1351 1151 1394 esse
1193 1343 1251 1389 et
1279 1334 1547 1405 spatium,
1588 1330 1674 1385 his
1710 1328 1934 1400 pulchre
1975 1323 2175 1381 contir-

583 1438 717 1494 mari
739 1431 1060 1492 Tertulliani
1087 1431 1266 1487 verbis
1292 1447 1305 1484 :
1346 1448 1365 1480 ι
1396 1427 1493 1482 Est
1522 1426 1663 1481 Deus
1686 1423 2054 1493 omnipotens,
2081 1419 2174 1490 qui

583 1541 754 1588 totum
801 1530 989 1586 orbem
1038 1540 1201 1582 manu
1240 1519 1600 1595 apprehendit
1643 1518 1791 1574 velut
1821 1517 2045 1580 nidum,
2088 1513 2177 1568 cui

517 1603 524 1612 ’
584 1625 780 1681 coelum
809 1623 1058 1687 thronus,
1085 1629 1140 1675 et
1167 1626 1312 1673 terra
1340 1612 1660 1678 scabellum,
1685 1611 1738 1666 in
1770 1625 1876 1680 quo
1897 1607 2076 1664 omnis
2096 1607 2176 1662 lo-

585 1733 702 1785 cus,
727 1732 833 1771 non
857 1718 972 1785 ipse
998 1713 1051 1768 in
1078 1713 1222 1777 loco,
1253 1709 1346 1780 qui
1373 1704 1748 1762 universitatis
1772 1711 2012 1759 extrema
2037 1700 2177 1754 linea

585 1817 670 1866 est
698 1828 717 1862 ι
751 1806 1107 1879 (Tertullian.,
1156 1803 1277 1856 adv.
1317 1799 1520 1865 Pruna,
1561 1815 1678 1869 cap.
1721 1795 1818 1859 16,
1859 1811 1979 1866 pag.
2023 1790 2173 1863 648).

2273 560 2557 632 ριωεειιιίίι
2585 523 2649 612 ac
2674 558 2847 612 futura
2873 553 3172 626 cognoscit.
3197 555 3267 606 At
3292 523 3556 607 inﬁnitam
3573 567 3687 608 esse
3709 523 3828 608 hanc

2270 629 2676 724 cognitionem,
2707 648 2947 716 nullique
2972 647 3061 702 alii
3089 655 3434 716 competere,
3465 645 3583 709 quis
3614 659 3824 716 negave-

2272 747 2341 802 rit
2362 747 2386 801 ’ἲ
2407 746 2546 814 Quin
2577 744 2743 799 immo
2766 743 2814 798 ei
2847 743 2926 796 sic
2952 740 3166 812 propria
3193 749 3308 805 est,
3339 747 3397 793 ut
3419 737 3710 792 doctissimi
3729 736 3830 807 qui-
3923 731 3925 804 ξ

2270 839 2394 895 dam
2430 839 2688 894 Ecclesim
2731 845 2912 906 patres
2949 836 3189 890 divinum
3232 833 3375 889 illius
3399 831 3633 889 Verbum
3658 846 3720 886 ex
3747 832 3831 888 hac

2271 934 2408 1004 ipsa,
2441 931 2737 1003 procedere
2765 929 3094 986 existiment.
3131 928 3247 997 Qua
3276 926 3490 998 quidem
3515 926 3582 982 de
3608 924 3836 995 opinione
3924 975 3925 998 ξ

2273 1025 2410 1080 alius
2437 1023 2795 1098 Opportunior
2823 1019 3130 1077 disserendi
3164 1020 3317 1076 locus
3346 1017 3579 1074 dabitur.

2870 1174 3168 1216 ARTICULUS
3203 1173 3284 1214 Ill.

2465 1299 2633 1350 Utrum
2659 1311 2777 1348 sana
2794 1298 2860 1347 sit
2874 1297 3080 1348 Arnobii
3103 1296 3166 1347 de
3191 1298 3264 1346 ira
3283 1294 3383 1346 Dei
3408 1297 3666 1347 sententia.

2349 1426 2483 1482 Tota
2509 1426 2734 1483 Arnohii
2773 1427 2841 1482 de
2872 1427 2948 1481 ira
2984 1426 3078 1482 Dei
3117 1425 3418 1498 disputatio
3449 1441 3634 1496 parum
3678 1423 3844 1482 ortho-

2276 1519 2414 1576 doxa
2464 1521 2734 1578 nonnullis
2775 1521 3007 1575 videtur.
3043 1519 3240 1576 Contra
3286 1519 3517 1590 gentiles
3555 1518 3726 1582 enim,
3766 1517 3842 1587 qui
3923 1534 3925 1570 :

2276 1615 2406 1671 deos
2436 1630 2594 1680 suos,
2639 1615 2797 1670 sicuti
2842 1612 3076 1668 vidimus
3105 1613 3246 1683 (cap.
3291 1629 3496 1683 super.,
3528 1621 3626 1666 art.
3653 1609 3726 1682 4),
3754 1611 3842 1664 im-

2280 1707 2527 1780 placabili
2574 1709 2626 1762 in
2673 1707 3006 1762 christianos
3045 1706 3323 1762 iracundia
3367 1704 3687 1760 inﬂammari
3730 1719 3848 1757 nuu-

2279 1817 2440 1872 quam
2474 1816 2580 1856 non
2609 1801 2995 1868 clamitabant,
3039 1801 3119 1856 sic
3143 1807 3556 1871 argumentatur
3581 1815 3594 1852 :
3627 1815 3646 1849 ι
3675 1796 3773 1851 Cur
3797 1803 3845 1849 ut
3924 1841 3925 1846 η

587 1902 743 1959 Prius
785 1916 916 1956 vero
955 1912 1058 1953 nec
1095 1896 1274 1951 minus
1303 1893 1583 1950 CHUCleala
1625 1887 1962 1957 Theophilus
1989 1885 2179 1940 Αηῑῖο-
2208 1900 2256 1960 Β
2283 1894 2443 1950 irasci
2475 1894 2692 1964 p0pulis
2717 1894 3026 1950 christianis
3058 1893 3474 1965 angustissimos
3500 1891 3623 1947 illos
3647 1889 3846 1945 adseve-

588 1995 835 2059 chenns,
889 1992 1005 2048 haec
1065 1989 1131 2045 ad
1183 1987 1504 2058 Autolycum
1554 1984 1848 2054 scripserat
1907 1981 1957 2034 in
2017 1977 2180 2032 verba

591 2087 848 2161 (Tlieoplt.
873 2126 886 2151 ,
936 2086 1027 2140 lib.
1069 2100 1106 2138 ιι
1145 2083 1213 2137 ad
1257 2081 1464 2146 .«iutol.,
1509 2095 1627 2148 pag.
1661 2075 1755 2146 81)
1787 2091 1802 2129 :
1831 2079 1962 2130 Θεοῦ
1998 2070 2051 2126 δὲ
2090 2077 2182 2127 τοῦ

591 2181 816 2252 ὑψίστου
844 2182 930 2233 καί
960 2177 1406 2248 παντοκράτορος,
1438 2174 1524 2226 καὶ
1551 2176 1645 2224 τοῦ
1675 2166 1818 2228 ὄντος
1847 2171 1975 2222 Θεοῦ
1996 2206 2010 2230 ,
2042 2164 2182 2219 τοῦτ’

593 2272 705 2329 ἔστι
741 2278 810 2345 μή
857 2273 1006 2344 μόνον
1054 2271 1113 2325 τὸ
1159 2270 1462 2338 παντὰχοσε
1508 2259 1667 2329 εἶναι,
1718 2261 1842 2316 ἀλλά
1886 2263 1972 2315 καὶ
2018 2263 2186 2312 πάντα

594 2369 794 2442 ἐφορᾷν,
832 2369 919 2422 καὶ
947 2366 1151 2421 πάντῶν
1182 2363 1403 2424 ἀκούειν,
1433 2356 1511 2413 ὅτι
1551 2363 1647 2429 μὴν
1692 2353 1817 2427 μηδέ
1869 2355 1927 2408 τὸ
1956 2355 2007 2407 ἐν
2043 2352 2187 2422 τόπῳ

598 2463 898 2536 χωρεῖσθαι’
947 2461 989 2512 εἰ
1027 2456 1082 2512 δὲ
1120 2461 1189 2529 μή
1224 2476 1303 2530 γε,
1343 2456 1526 2527 μείζων
1552 2450 1578 2506 ὁ
1605 2457 1795 2527 χωρῶν
1839 2448 1996 2508 τόπος
2025 2448 2188 2501 αὖτοῦ

596 2557 938 2629 ε’)ρεθησεται,
976 2556 1150 2625 μεῖζον
1178 2552 1279 2626 γάρ
1307 2551 1419 2604 ἐστι
1454 2547 1512 2601 τὸ
1545 2552 1755 2622 χωροῦν
1793 2549 1884 2599 τοῦ
1912 2541 2188 2616 χωρουμέ-

596 2670 704 2704 sou.
737 2650 860 2710 Θεὸς
889 2650 991 2722 γὰρ
1022 2648 1081 2700 οὐ
1109 2651 1382 2720 χωρεῑται,
1415 2640 1518 2695 ἀλλ’
1551 2641 1704 2700 αὐτὸς
1749 2641 1864 2694 ἐστι
1901 2638 2060 2696 τόπος
2090 2643 2191 2690 τῶν

597 2740 742 2797 οδω-δ.
774 2739 874 2794 Dei
902 2737 1140 2793 altissimi
1185 2745 1231 2790 et
1266 2732 1630 2803 omnipotentis
1650 2773 1662 2795 ,
1692 2741 1740 2786 et
1779 2727 2066 2784 exsistentis
2097 2727 2192 2780 hoc

596 2833 742 2902 quasi
783 2832 1048 2902 proprium
1078 2839 1184 2896 est,
1227 2839 1282 2882 ut
1323 2844 1426 2882 non
1454 2826 1622 2881 solum
1650 2825 1834 2896 ubique
1877 2823 1976 2888 sit,
2021 2837 2193 2875 verum

598 2927 774 2982 omnia
811 2940 1035 2996 praesens
1069 2922 1305 2991 inspiciat
1342 2930 1388 2975 et
1421 2918 1624 2972 audiat.
1664 2915 1925 2970 Praeterea
1961 2928 2052 2969 nec
2082 2913 2193 2966 loco

597 3022 820 3090 capitur,
851 3017 1045 3088 alioqui
1073 3019 1216 3071 locus
1243 3015 1332 3086 qui
1364 3015 1537 3085 ipsum
1565 3011 1733 3082 capit,
1774 3026 1832 3064 eo
1861 3010 2029 3080 major
2054 3008 2195 3061 inve-

606 3113 819 3167 uiretur.
851 3110 992 3166 Nam
1035 3109 1091 3165 id
1117 3109 1253 3178 quod
1288 3108 1428 3176 capit
1456 3122 1548 3174 eo,
1585 3103 1724 3176 quod
1750 3103 1984 3174 capitur,
2027 3101 2196 3170 majus

599 3217 692 3262 est.
727 3204 858 3260 Deus
883 3205 1017 3260 enim
1049 3203 1159 3258 loco
1189 3217 1510 3274 nequaquam
1539 3197 1993 3259 circumscribitur,
2023 3209 2196 3248 verum

599 3305 708 3372 ipse
757 3311 832 3357 est
874 3299 1106 3354 omnium
1149 3297 1312 3352 locus.
1359 3293 1726 3362 Quamobrem
1763 3289 2031 3361 Autolyco
2061 3286 2196 3358 obji-

600 3394 763 3450 cienti
795 3393 962 3448 Deum
984 3434 999 3456 ,
1036 3391 1113 3446 uti
1152 3404 1306 3446 sacra
1337 3386 1614 3457 Scriptura
1647 3382 1988 3447 testiﬁcatur,
2018 3381 2071 3435 in
2101 3395 2194 3450 pa-

601 3486 784 3542 radiso
808 3483 1137 3546 ambulasse,
1169 3480 1464 3552 respondet
1485 3478 1537 3534 id
1565 3478 1668 3534 dici
1691 3476 1759 3532 de
1789 3475 1963 3531 Verbo
1989 3473 2194 3541 divino,

602 3597 631 3634 a
679 3593 790 3650 quo
830 3587 887 3632 et
929 3589 1159 3647 persona
1212 3573 1390 3628 Patris
1434 3581 1712 3641 assumpta
1750 3577 1869 3633 est,
1921 3577 1976 3623 et
2019 3565 2199 3622 omnia

603 3683 784 3730 creata
811 3682 956 3728 sunt.
981 3673 1052 3726 At
1071 3672 1216 3731 Θεὸς.
1248 3667 1440 3738 inquit,
1473 3670 1756 3738 καί·πατήρ
1785 3672 1883 3719 τῶν
1904 3662 2027 3718 ὅλων
2050 3664 2199 3734 ἀχὼ-

605 3769 758 3843 parti;
797 3769 941 3833 ἐστι,
983 3767 1069 3820 καὶ
1093 3766 1145 3819 ἐν
1179 3764 1322 3834 τὸπῳ
1361 3763 1468 3833 οὐχ
1499 3761 1812 3836 εὑρίσκεται,
1848 3759 1906 3812 οὐ
1945 3758 2046 3830 ’γάρ
2086 3757 2200 3810 ἐστι

605 3862 764 3922 τόπος
802 3870 896 3922 τῆς
936 3860 1315 3920 καταπαύσεως
1345 3858 1527 3912 αὐτοῦ.
1564 3853 1701 3908 Deus
1727 3854 2077 3906 universorum
2108 3865 2200 3918 pa-

608 3965 682 4010 ter
709 3954 821 4010 loco
864 3969 954 4008 nec
981 3952 1286 4019 includitur,
1327 3965 1486 4022 neque
1524 3946 1719 4002 inloco
1762 3944 2052 4010 invenitur,
2098 3957 2200 3995 non

607 4049 743 4104 enim
766 4059 839 4103 est
869 4047 1036 4112 locus,
1061 4047 1115 4100 in
1139 4062 1239 4116 quo
1260 4044 1368 4114 ipse
1393 4042 1638 4109 quiescat.

678 4140 820 4209 Quid
841 4140 1043 4196 clarius
1072 4148 1126 4194 et
1169 4137 1346 4208 aptius
1373 4135 1677 4191 desiderari
1723 4139 1903 4204 potest
1930 4129 1996 4186 ad
2029 4127 2199 4184 stabi-

609 4235 846 4291 liendam
895 4247 1081 4289 veram
1126 4241 1288 4302 atque
1337 4227 1696 4285 orthodoxam
1748 4225 1973 4282 Arnobii
2028 4220 2201 4280 nostri

609 4328 934 4394 doctrinam,
956 4326 1046 4397 qui
1070 4324 1200 4380 alibi
1226 4322 1402 4379 adhuc
1423 4330 1736 4378 constanter
1763 4327 2062 4384 asseverat,
2088 4316 2203 4371 veri

610 4424 706 4480 Dei
740 4422 1017 4495 proprium
1047 4434 1199 4485 esse;
1250 4427 1310 4474 ut
1355 4419 1535 4474 omnia
1563 4416 1615 4471 vi
1647 4431 1743 4472 sua
1771 4414 2062 4484 compleat,
2100 4428 2203 4466 non

612 4517 865 4590 partiliter
892 4515 1095 4586 uspiam
1115 4556 1130 4580 ,
1163 4511 1370 4583 inquit,
1404 4511 1456 4567 id
1495 4519 1610 4577 est,
1642 4524 1915 4577 nunquam
1961 4505 2164 4562 divisus
2184 4547 2199 4571 ,

609 4611 695 4668 vel
716 4618 775 4666 ut
793 4609 922 4666 alibi
943 4609 1080 4664 dixit
1097 4607 1336 4681 (Arnob.‘,
1362 4606 1452 4661 lib.
1472 4621 1546 4672 vr,
1568 4623 1688 4676 pag.
1714 4603 1819 4660 192
1837 4613 1884 4657 et
1905 4620 2025 4674 pag.
2046 4601 2199 4674 204),

2283 1987 2415 2041 ratis
2445 1986 2614 2052 deos;
2661 1987 2730 2041 ita
2772 2004 2880 2042 non
2923 1985 3237 2054 advertitis,
3277 2001 3386 2041 non
3419 1984 3608 2040 videtis
3648 1982 3846 2040 allectus

2285 2096 2445 2152 quam
2481 2091 2685 2149 turpes,
2717 2097 2880 2152 quam
2913 2081 3196 2138 indecoras
3227 2079 3544 2136 numinibus
3572 2076 3848 2133 attribuatis

2288 2173 2564 2228 insanias?
2593 2173 2732 2241 Quid
2755 2185 2839 2229 erit
2869 2174 3012 2229 enim
3038 2173 3184 2229 aliud
3215 2174 3397 2240 irasci,
3426 2187 3584 2244 quam
3615 2170 3846 2231 insanire,
3924 2199 3925 2206 η

2287 2281 2446 2336 quam
2478 2265 2688 2331 furere,
2720 2282 2879 2337 quam
2909 2267 2962 2321 in
2994 2265 3214 2322 ultionis
3248 2265 3527 2321 libidinem
3557 2262 3708 2328 ferri,
3732 2259 3848 2317 etin

2287 2361 2509 2416 alterius
2538 2359 2738 2415 doloris
2768 2376 3006 2425 crucem,
3045 2381 3064 2413 ι
3099 2360 3151 2415 id
3180 2371 3294 2427 est,
3327 2360 3660 2423 cruciatum,
3694 2375 3711 2408 ι
3738 2354 3848 2410 eiic—

2290 2451 2390 2506 rati
2424 2453 2654 2523 pectoris
2684 2452 3011 2508 alienatione
3053 2452 3471 2508 bacchari
3500 2451 3598 2508 Ubi
3625 2449 3759 2506 enim
3784 2454 3853 2501 est

2293 2545 2454 2611 ullus,
2485 2547 2624 2602 sicut
2652 2547 2986 2616 sapientibus
3025 2546 3258 2614 videtur,
3290 2546 3540 2615 aﬂ'eclus,
3563 2545 3633 2600 ibi
3658 2557 3852 2600 necesse

2293 2653 2376 2698 est
2400 2658 2521 2699 esse
2554 2645 2878 2713 passionem.
2922 2645 3020 2702 Ubi
3051 2647 3231 2716 passio
3258 2647 3363 2701 sita
3391 2655 3495 2713 est,
3526 2643 3854 2715 perturbatio-
3924 2653 3925 2656 ‘

2295 2751 2418 2790 nem
2456 2745 2884 2793 consentaneum
2932 2746 3018 2794 est
3072 2739 3353 2808 consequi.
3409 2738 3514 2796 Ubi
3559 2734 3857 2810 perturbatio
3924 2765 3925 2772 η

2294 2837 2398 2896 est,
2429 2828 2502 2884 ibi
2528 2829 2683 2884 dolor
2712 2840 2767 2886 et
2791 2830 3058 2902 aegritudo
3089 2840 3193 2887 est.
3229 2830 3328 2887 Ubi
3359 2832 3517 2887 dolor
3545 2842 3597 2886 et
3626 2825 3855 2901 aegritudo

2295 2931 2402 2986 est,
2434 2921 2795 2978 imminutioni
2827 2933 2882 2979 et
2904 2922 3238 2990 corruptioni
3278 2923 3390 2994 jam
3440 2925 3591 2980 locus
3629 2921 3855 2988 est.Qu:c

2297 3013 2404 3070 duo
2433 3016 2478 3070 si
2521 3025 2745 3082 vexant,
2777 3016 2931 3071 adest
2960 3016 3167 3072 vicinus
3198 3016 3483 3082 interitus,
3530 3030 3673 3071 mors
3701 3009 3856 3067 omnia

2299 3110 2489 3165 [iniens
2527 3130 2545 3161 ι
2579 3111 2821 3182 (Arnob.,
2850 3111 2940 3166 lib.
2966 3128 3005 3178 ι,
3029 3095 3149 3184 pag.
3178 3111 3289 3182 10).
3319 3112 3484 3184 Atqui
3515 3111 3628 3168 haec
3647 3091 3750 3180 ipsa
3772 3083 3858 3170 ἑξεῖ,

2300 3204 2476 3276 inquit
2504 3204 2802 3272 Heraldus,
2836 3204 3142 3262 Stoicorum
3174 3207 3394 3277 opinio,
3427 3206 3580 3278 cujus
3609 3204 3860 3260 falsitatem

2225 3299 2270 3362 C
2300 3301 2381 3355 sic
2406 3298 2716 3355 Lactantius
2743 3300 3017 3371 patefecit,
3043 3310 3101 3356 ut
3130 3304 3268 3356 hanc
3290 3301 3518 3356 Arnobii
3544 3294 3859 3370 praeceptoris

2299 3392 2383 3448 sui
2402 3393 2729 3449 sententiam
2759 3393 3145 3464 perstrinxisse
3170 3394 3441 3450 videatur.
3465 3392 3714 3461 Quamvis
3736 3387 3856 3445 enim

2303 3485 2395 3541 ille
2436 3485 2634 3542 alicubi
2680 3498 2889 3543 asserat
2932 3489 3066 3544 iram
3095 3504 3201 3543 non
3233 3487 3432 3546 decere
3467 3489 3732 3544 hominem
3756 3500 3859 3556 gra-

2301 3593 2422 3633 vem
2449 3594 2512 3634 ac
2534 3579 2860 3649 sapientem,
2882 3579 3012 3636 alibi
3043 3591 3221 3637 tamen
3246 3582 3487 3638 ostendit
3513 3582 3675 3638 Deum
3707 3589 3863 3634 revera

2300 3686 2483 3727 Il‘aSCl.

2372 3765 2478 3820 Sed
2509 3766 2600 3821 illa
2635 3767 2849 3823 Heraldi
2896 3769 3202 3825 criminatio
3250 3769 3443 3826 frivola
3488 3771 3648 3842 plane
3686 3775 3792 3833 est,
3821 3771 3864 3818 et

2300 3859 2494 3928 puerili
2536 3859 2934 3931 amphibologia
2975 3861 3208 3917 laborat.
3252 3861 3334 3917 Ira
3383 3863 3650 3934 siquidem
3689 3856 3866 3915 duobus

2301 3952 2473 4008 modis
2497 3953 2794 4023 accipitur,
2844 3969 2911 4010 ac
2953 3955 3186 4026 primum
3233 3971 3262 4009 a
3307 3953 3574 4012 Cicerone
3603 3952 3864 4010 delinitur:

2307 4064 2326 4098 ι
2356 4045 2548 4102 Libido
2575 4046 2829 4114 puniendi
2857 4047 2995 4117 ejus,
3019 4049 3112 4118 qui
3139 4047 3387 4104 videatur
3416 4049 3625 4105 lmsisse
3645 4043 3820 4116 injuria
3847 4057 3861 4089 ι

2300 4137 2515 4212 (Cicera,
2564 4139 2655 4195 lib.
2687 4156 2738 4196 Iv
2784 4139 3037 4207 Tuscul.,
3071 4157 3192 4212 pag.
3224 4141 3328 4197 166
3349 4184 3365 4209 ,
3416 4143 3513 4196 lin.
3546 4139 3625 4211 8).
3668 4134 3794 4206 Quid
3817 4129 3873 4185 Sil

2300 4245 2482 4289 autem
2506 4233 2677 4290 libido
2699 4236 2743 4289 si
2766 4235 2835 4290 ab
2858 4235 2977 4305 ipso
2997 4250 3245 4306 quaeras:
3279 4254 3298 4287 ί
3328 4235 3452 4301 Εει,
3482 4254 3502 4288 ι
3537 4234 3725 4304 inquit,
3755 4247 3771 4279 ‹
3794 4227 3872 4281 im-

2303 4326 2579 4382 moderata
2609 4330 2871 4398 appetitio
2897 4328 3103 4398 Opinati
3141 4328 3322 4400 magni
3350 4329 3481 4385 boni
3503 4370 3519 4396 ,
3559 4325 3746 4384 rationi
3783 4334 3869 4376 non

2302 4421 2684 4493 obtemperans
2715 4441 2734 4474 ι
2785 4421 2994 4496 (Idem,
3043 4424 3136 4478 lib.
3180 4439 3270 4491 ιιι,
3319 4441 3445 4496 pag.
3490 4424 3624 4490 151,
3657 4421 3743 4476 lin.
3777 4411 3870 4483 40).

2302 4513 2664 4580 Quamobretn
2716 4531 2745 4567 a
2791 4513 2998 4570 Seneca
3046 4515 3242 4572 dicitur
3285 4516 3516 4572 aﬂ‘ectus
3560 4513 3782 4572 maxime
3815 4519 3872 4560 ex

2303 4605 2552 4662 omnibus
2575 4616 2710 4662 teter
2735 4621 2798 4662 ac
2826 4608 3063 4676 rabidus,
3089 4610 3181 4679 qui
3211 4617 3357 4664 totus
3386 4610 3689 4665 concitatus
3719 4607 3764 4659 in
3788 4601 3863 4654 im-

610 4705 883 4773 partiliter,
916 4712 1066 4770 atque
1092 4702 1146 4756 in
1183 4699 1408 4755 membra
1437 4699 1648 4764 divisus,
1681 4698 1776 4754 sed
1801 4697 2001 4769 ubique
2036 4706 2199 4762 totus,
2231 4695 2285 4758 D
2309 4709 2436 4771 petu
2464 4698 2668 4755 doloris
2697 4712 2801 4768 est,
2829 4709 2886 4756 et
2910 4718 3069 4772 quem
3106 4721 3124 4754 ι
3155 4702 3401 4758 nonnulli
3443 4702 3715 4774 sapientes
3741 4695 3869 4751 dixe-

612 4799 686 4852 ita
713 4806 771 4851 ut
800 4811 902 4852 nec
945 4794 1114 4861 adsit,
1147 4809 1248 4849 nec
1288 4793 1419 4848 absit
1453 4809 1472 4848 :
1499 4808 1685 4850 verum
1715 4791 2039 4861 ubicumque
2070 4807 2208 4860 prie-

614 4905 743 4946 sens
764 4931 780 4955 ,
810 4903 1003 4945 omnes
1029 4903 1097 4944 ex
1128 4903 1470 4959 quacumque
1501 4886 1687 4943 mundi
1726 4894 1880 4956 parte
1926 4884 2208 4956 loquentes

614 4983 817 5050 audiat,
842 4990 1002 5053 atque
1027 4995 1212 5036 eorum
1245 4981 1432 5036 tacitas
1454 4965 1652 5037 mentis
1679 4978 2038 5048 cogitationes
2069 4977 2209 5032 anti-

614 5079 792 5150 cipata
818 5075 1130 5148 cognitione
1159 5074 1469 5147 prOSpiciat.

687 5170 954 5225 Praeterea
983 5171 1144 5224 docet
1172 5176 1398 5229 rectam.
1430 5166 1651 5238 dignam
1683 5167 1814 5236 Deo,
1847 5174 1904 5223 et
1929 5180 2050 5237 quae
2080 5164 2209 5221 reli-

510 5337 513 5345 ι
615 5265 829 5337 giouem
859 5262 1138 5319 constituit
1169 5261 1309 5317 hanc
1335 5275 1456 5316 esse
1500 5261 1824 5316 sententiam
1847 5301 1862 5326 ,
1897 5276 2000 5330 qua
2026 5257 2209 5316 credi-

617 5375 737 5416 mus
765 5358 918 5414 illum
947 5357 1083 5413 nihil
1113 5356 1318 5412 habere
1345 5354 1552 5409 homini
1583 5353 1783 5422 simile,
1815 5354 1948 5411 nihil
1979 5369 2209 5424 exspec-

617 5461 733 5510 tare
775 5453 1114 5510 extrinsecus
1155 5450 1484 5515 adveniens,
1525 5449 1674 5504 nullo
1721 5448 1852 5516 iraa,
1884 5448 2210 5520 voluptatis,

621 5548 861 5618 honoris,
894 5547 1227 5613 ambitionis,
1261 5545 1530 5602 mercedis
1553 5543 1767 5611 affectu,
1797 5543 1880 5599 vel
1902 5545 2065 5599 animi
2090 5560 2216 5615 per-

620 5641 932 5697 turbatione
958 5642 1164 5698 moveri
1191 5659 1205 5696 :
1238 5639 1458 5711 etquod
1489 5639 1564 5695 illi
1595 5639 1872 5708 pr0prium
1906 5647 2008 5701 est,
2039 5655 2132 5693 sua
2163 5655 2217 5694 se

622 5737 670 5792 vi
709 5751 889 5802 nosse,
937 5735 1041 5792 hoc
1062 5744 1181 5803 est,
1228 5737 1466 5808 seips’um
1512 5743 1748 5804 quantus
1775 5732 2059 5804 qualisque
2098 5742 2214 5804 est,

624 5831 886 5900 perfecte,
917 5845 1124 5901 suaque
1165 5831 1218 5884 vi
1244 5844 1578 5902 cognoscere
1609 5827 1727 5903 (lib.
1754 5843 1852 5894 vn,
1887 5843 2010 5898 pag.
2042 5825 2148 5882 222
2171 5837 2221 5882 et

629 5922 784 5995 242).
810 5925 877 5980 Et
901 5935 1050 5983 recte
1065 5924 1316 5996 quidem;
1339 5941 1462 5980 nam
1490 5925 1650 5992 Deus,
1680 5925 1772 5998 qui
1793 5925 2035 5980 unmium
2057 5936 2221 5979 causa

2311 4802 2438 4848 runt
2463 4792 2682 4849 brevem
2706 4793 3004 4850 insaniam)
3039 4795 3276 4866 (Senec.,
3305 4795 3396 4850 lib.
3423 4813 3440 4851 ι
3465 4797 3529 4850 de
3548 4795 3660 4859 Ira,
3707 4807 3809 4859 cap.
3833 4785 3872 4849 1,

2309 4889 2399 4942 lib.
2426 4905 2484 4955 ιι,
2517 4905 2633 4959 cap.
2655 4889 2746 4957 55,
2767 4899 2816 4944 et
2844 4890 2934 4944 lib.
2963 4907 3044 4957 ιιι,
3072 4908 3190 4961 cap.
3219 4891 3254 4946 5
3280 4901 3325 4946 et
3356 4891 3439 4961 4).
3469 4890 3581 4947 Nec
3602 4885 3761 4945 semel
3782 4879 3877 4952 qui-

2310 4983 2431 5040 dem
2466 4983 2730 5054 pessimos
2775 4983 3186 5056 horrendosque
3221 4984 3340 5054 ejus
3367 4984 3601 5041 effectus
3630 4972 3875 5037 describi!-

2313 5081 2651 5150 Augustinus
2694 5095 2825 5135 vero
2871 5079 3074 5148 aliquid
3105 5077 3372 5149 superiori
3412 5075 3692 5134 Ciceronis
3723 5061 3880 5128 (ιεῆηὶ-

2311 5173 2444 5230 tioni
2492 5175 2716 5244 insuper
2760 5172 2999 5244 adjecit:
3047 5192 3066 5224 ι
3101 5174 3276 5243 Ipsam
3324 5173 3485 5238 iram,
3521 5192 3539 5224 ι
3573 5172 3672 5234 ait,
3723 5185 3739 5218 ‹
3766 5155 3877 5218 nihil

2313 5269 2460 5326 aliud
2498 5285 2650 5336 esse,
2700 5284 2858 5340 quam
2892 5267 3189 5324 ulciscendi
3233 5265 3518 5322 libidinem
3546 5275 3751 5321 veteres
3773 5251 3880 5312 defle

2316 5365 2533 5421 nierunt
2555 5406 2570 5432 ,
2605 5363 2852 5435 quamvis
2887 5377 3273 5432 nonnunquam
3305 5360 3504 5428 homo,
3550 5359 3640 5414 ubi
3668 5351 3881 5410 vindicta:

2318 5457 2497 5512 nullus
2536 5465 2620 5512 est
2657 5471 2886 5520 sensus,
2929 5456 3090 5512 etiam
3118 5454 3282 5510 rebus
3313 5453 3570 5508 inanimis
3605 5452 3876 5506 irascatur!

2319 5549 2585 5622 (August.,
2620 5551 2709 5605 lib.
2747 5565 2840 5605 xw
2866 5549 2930 5603 de
2956 5549 3133 5610 Civit.,
3159 5565 3274 5619 cap.
3302 5545 3390 5611 15,
3419 5564 3542 5618 pag.
3568 5543 3712 5613 567).

2391 5641 2549 5697 Nulla
2595 5651 2775 5699 autem
2822 5639 3103 5697 dubitandi
3153 5641 3294 5696 ratio
3340 5647 3460 5704 est,
3509 5639 3637 5709 quin
3679 5634 3782 5688 haec
3821 5625 3880 5679 ira

2323 5735 2464 5791 mala
2492 5734 2565 5791 sit
2590 5744 2645 5791 et
2671 5734 3046 5806 improbanda.
3076 5732 3208 5789 Nam
3240 5744 3297 5788 ut
3330 5740 3480 5788 recte
3504 5730 3660 5786 docet
3682 5721 3880 5780 Ambro-

2322 5829 2474 5885 sius:
2511 5847 2530 5881 ‹
2563 5827 2879 5885 Potentibus
2927 5828 3004 5883 ira
3049 5842 3146 5883 sua
3173 5826 3354 5898 gravis
3395 5833 3504 5892 est,
3536 5816 3783 5893 improbis
3807 5824 3881 5866 nc-

2323 5923 2511 5996 quitia,
2553 5921 2714 5994 justis
2734 5920 3058 5980 conditionis
3105 5920 3421 5977 inﬁrmitas»
3453 5917 3734 5989 (Ambros,
3761 5905 3882 5962 lib."
