3980 6282
108 325 190 382 457
1295 313 1360 373 ΙΝ
1400 313 1680 372 ARNOBII

1768 355 1774 378 ,
1815 315 1966 371 CAP.
2013 316 2124 372 VII.
3239 318 3340 376 158

104 445 157 498 de
190 438 420 512 interpell.
472 438 619 502 Job..
665 452 786 509 cap.
829 435 884 505 6,
927 435 956 508 §
998 435 1089 500 16,
1119 451 1238 507 pag.
1270 432 1420 505 652).
1446 434 1641 503 Quam-
1674 443 1725 501 Α
1750 448 1868 504 pag.
1894 432 2048 505 225),
2078 451 2098 486 t
2127 448 2298 504 pronae
2319 434 2777 502 constitutionem,
2797 450 2908 491 non
2926 442 3131 492 motum
3154 436 3343 491 animi.

103 536 255 591 obrem
283 548 310 585 a
336 529 594 601 theologis
644 526 987 585 scholasticis
1040 535 1265 601 vocatur
1297 527 1493 596 passio,
1525 538 1647 594 quae
1752 526 1819 581 ad
1848 527 2105 583 ultionem
2153 527 2554 584 exardesceutis
2598 528 2886 600 signiﬁcari
2913 544 3058 599 sa'pe
3090 529 3345 584 tractavi-

103 625 269 699 aliquid
309 625 493 680 saltem
522 621 826 694 imperfecti
872 635 1054 677 secum
1104 634 1321 689 semper
1367 619 1641 687 importat.
1753 636 1893 677 mus.
1927 641 1945 671 ›
1981 621 2179 679 Verum
2204 624 2473 679 Arnobius
2500 624 2736 695 loquitur
2762 623 2831 679 de
2862 624 2938 678 ira
2968 640 3076 678 non
3108 624 3209 678 hoc
3230 623 3351 694 qui-

104 719 334 777 Arnobius
374 725 548 771 autem
587 714 655 771 de
705 714 805 770 hac
850 714 964 785 ipsa
1015 712 1371 784 proculdubio
1410 710 1650 780 disputat
1751 711 1903 779 dem,
1958 713 2052 769 sed
2101 716 2279 785 priore
2333 723 2537 771 tantum
2587 714 2889 787 significatu
2940 726 3200 786 accepta,
3246 730 3351 785 qua

103 811 180 876 ira,
206 824 350 882 quam
380 806 593 863 Ethnici
623 805 728 863 diis
753 806 865 861 suis
893 804 1133 861 tribuere
1160 820 1267 859 non
1295 802 1642 859 verebantur.
1750 802 1963 860 Ethnici
2005 804 2136 860 deos
2163 821 2291 862 suos
2316 806 2637 863 inflammari
2666 806 2991 878 garriebaut.
3024 812 3196 878 Alque
3250 807 3355 863 hoc

102 903 235 958 Visne
258 900 383 957 illud
422 901 517 955 tibi
546 901 665 958 aliis
694 899 814 971 ejus
856 900 1039 956 verbis
1084 898 1339 969 probari?
1381 895 1502 953 Cito
1533 898 1650 952 haec
1750 894 1870 965 ipso
1898 911 2083 964 sensu,
2116 898 2241 953 alibi
2269 899 2462 954 asserit
2506 900 2707 964 Deum,
2742 919 2760 951 t
2792 899 2933 970 quod
2976 900 3191 969 smpius,
3216 920 3235 952 ι
3268 900 3352 955 in-

101 995 431 1067 proferemus:
464 1011 484 1046 t
515 992 583 1048 Et.
629 992 674 1048 si
721 992 1094 1048 definitionem
1140 1001 1416 1046 teneamus
1461 990 1644 1057 illam,
1750 988 1885 1059 quit,
1920 1009 1939 1041 ι
1972 990 2171 1046 dictum
2201 1002 2305 1059 est,
2338 1009 2445 1048 non
2478 993 2769 1049 ardescere
2801 995 2999 1049 irarum
3033 994 3287 1050 flammis.
3326 1016 3344 1049 ι

100 1103 227 1161 quam
259 1088 599 1160 pertinaciter
638 1087 954 1143 meminisse
980 1085 1235 1142 convenit
1272 1100 1371 1141 nos
1409 1099 1646 1154 semper,
1751 1080 1994 1153 (Arnob.,
2015 1083 2103 1138 lib.
2125 1101 2220 1151 vit,
2244 1104 2363 1157 pag.
2384 1086 2536 1157 222.)
2562 1086 2727 1142 Recte
2749 1097 2927 1142 autem
2951 1088 3157 1144 bancin
3183 1090 3353 1145 Deum

100 1185 338 1239 universos
372 1183 676 1238 animorum
715 1180 937 1237 affectus
965 1181 1179 1253 ignotos
1209 1179 1313 1235 diis
1341 1194 1484 1246 esse,
1516 1194 1648 1233 con-
1752 1174 1886 1229 iram
1919 1176 2115 1233 cadere
2143 1193 2250 1233 non
2276 1194 2434 1249 posse
2464 1189 2762 1246 asseverat,
2793 1196 2996 1252 eosque
3021 1196 3213 1237 revera
3244 1198 3351 1239 non

101 1287 365 1333 scctaneum
406 1287 487 1333 est
517 1276 741 1332 credere
783 1291 1075 1346 numquam
1124 1274 1253 1330 deos
1284 1273 1441 1329 irasci
1472 1290 1486 1326 :
1518 1275 1648 1345 quin
1751 1286 1873 1328 esse
1903 1272 2054 1338 deos,
2087 1277 2175 1347 qui
2204 1291 2266 1330 ea
2299 1276 2695 1333 excandescere
2722 1277 3062 1334 dicebantur.

102 1373 238 1428 immo
257 1372 448 1427 nullum
471 1369 725 1427 affectum
754 1370 924 1440 magis
945 1384 1065 1425 esse
1086 1370 1154 1423 ab
1173 1368 1258 1424 his
1283 1367 1464 1438 longe,
1489 1382 1648 1437 quam
1824 1362 1927 1420 Ubi
1976 1365 2118 1420 enim
2137 1409 2151 1433 ,
2186 1367 2342 1422 sicuti
2384 1367 2544 1437 paulo
2571 1379 2728 1424 antea
2771 1352 3153 1426 anno/lavimus
3172 1415 3185 1435 ,
3221 1372 3360 1429 dixit

99 1465 175 1536 qui
212 1464 324 1519 feris
347 1473 398 1520 et
439 1463 636 1520 belluis
686 1462 982 1532 proximus,
1018 1460 1197 1517 turbat
1237 1460 1651 1530 tempestatibus
1755 1457 1935 1523 irasci,
1971 1459 2104 1513 nihil
2137 1476 2259 1515 esse
2296 1460 2439 1516 aliud
2468 1478 2627 1533 quam
2658 1463 2915 1526 insanire,
2950 1464 3149 1530 furere,
3181 1465 3232 1520 in
3273 1466 3356 1521 ul-

99 1555 347 1623 patieutes,
370 1566 422 1612 et
450 1554 517 1610 ad
544 1554 842 1623 periculum
877 1552 1203 1609 interitionis
1231 1552 1453 1607 inducit.
1485 1550 1654 1619 Quid-
1756 1550 1956 1606 tiouetn
1993 1552 2225 1608 libidinis
2257 1553 2383 1609 ferri
2424 1566 2476 1610 et
2506 1555 2754 1610 bacchari
2777 1598 2791 1622 ,
2834 1558 3173 1612 continenter
3200 1558 3355 1628 adje-

99 1647 205 1719 quid
244 1648 372 1704 enim
415 1657 649 1704 vexatur
686 1646 913 1716 alicujus
950 1646 1025 1699 rei
1066 1661 1132 1700 ex
1177 1652 1346 1708 motu,
1396 1642 1653 1713 possibile
1754 1643 1827 1697 cit
1859 1660 1871 1696 :
1908 1662 1927 1695 ‹
1958 1644 2072 1699 Hoc
2113 1661 2241 1717 ergo
2267 1646 2337 1701 dii
2371 1648 2550 1718 magni
2591 1659 2820 1713 norunt,
2868 1651 3273 1720 perpetiuntur,
3303 1660 3358 1706 et

101 1750 423 1797 constatesse
468 1748 526 1796 et
571 1738 798 1809 fragile:
832 1736 974 1807 quod
1007 1737 1238 1807 passioni
1271 1735 1653 1807 fragilitatiquc
1754 1738 1996 1792 sentiunt
2038 1738 2181 1808 quod
2228 1738 2385 1805 ferte,
2435 1739 2580 1809 quod
2627 1740 2847 1804 belline,
2893 1743 3033 1813 quod
3065 1743 3359 1799 mortiferae

104 1833 383 1904 subjectum,
415 1831 469 1889 id
501 1846 730 1889 necesse
774 1840 859 1887 est
905 1845 1027 1886 esse
1067 1830 1295 1885 mortale
1323 1846 1338 1883 :
1371 1830 1448 1883 ira
1478 1838 1656 1884 autem
1687 1832 1735 1893 B
1761 1828 2036 1885 continent
2070 1840 2334 1886 venenato
2371 1833 2423 1885 in
2455 1832 2618 1887 dente
2646 1834 2905 1898 nutrices,
2945 1855 2963 1887 ι
3001 1835 3076 1908 (id
3108 1846 3211 1901 est,
3244 1853 3363 1891 ser-

104 1934 249 1991 vent,
276 1933 328 1982 et
364 1924 635 1997 patientes
675 1939 737 1980 se
775 1922 957 1979 solvit.
989 1920 1134 1993 Ergo
1160 1936 1282 1977 esse
1311 1920 1538 1975 mortale
1568 1919 1657 1974 di-
1758 1928 1950 1990 pentes
1971 1935 2235 1977 venenum
2262 1922 2314 1977 in
2343 1937 2479 1993 aqua
2510 1924 2814 1990 fundentes,
2840 1925 2907 1981 de
2930 1927 3125 1997 quibus
3145 1926 3359 1994 Cicero,

105 2020 294 2076 centium
321 2028 422 2082 est,
448 2018 598 2091 quod
645 2018 990 2090 passionibus
1018 2016 1318 2087 subjectum
1358 2025 1441 2071 est
1487 2015 1600 2070 iraa.
1634 2035 1651 2065 ι
1760 2010 2042 2084 Lucanus)
2089 2024 2143 2068 et
2184 2014 2275 2069 alii
2324 2034 2343 2066 t
2374 2015 2515 2085 quod
2567 2016 2803 2072 levitatis
2835 2018 2888 2072 in
2936 2017 3190 2084 homine,
3221 2020 3366 2092 quod

112 2112 314 2181 (Δωσὼ,
340 2113 427 2169 lib.
451 2128 555 2179 vn,
579 2127 697 2183 pag.
738 2111 898 2182 214.)
924 2110 1064 2178 Quid
1094 2119 1273 2166 autem
1305 2109 1422 2165 falsi
1452 2118 1545 2164 aut
1583 2110 1662 2164 vi—
1761 2114 1977 2163 terreno
2022 2107 2076 2162 in
2105 2109 2378 2164 animante
2404 2110 2672 2180 culpabile
2699 2122 2814 2174 est.
2849 2123 3114 2183 prtestans
3145 2115 3231 2169 illa
3265 2132 3364 2171 na-

107 2206 205 2262 tiosi
230 2205 279 2261 in
305 2206 401 2262 hac
422 2205 916 2277 argumentatione,
950 2219 1073 2275 quat
1099 2219 1168 2259 ex
1199 2204 1263 2259 iis
1287 2204 1512 2267 eruitur,
1540 2219 1661 2274 qua:
1765 2208 1883 2252 tura
1905 2241 1921 2266 ,
1969 2209 2024 2254 et
2067 2199 2120 2254 in
2169 2209 2440 2271 perpetua:
2472 2203 2683 2257 virtutis
2724 2203 2979 2260 firmitate
3026 2207 3328 2264 consistens
3350 2250 3364 2274 ,

110 2296 285 2354 Ethnici
322 2299 386 2355 de
409 2299 641 2355 deorum
672 2313 893 2352 suorum
924 2298 975 2351 in
1002 2297 1331 2352 christianos
1358 2297 1456 2361 ira,
1492 2296 1662 2351 illius-
1762 2289 1903 2346 scire
1938 2310 1955 2342 ι
2010 2291 2105 2363 (al.
2147 2294 2394 2364 sentire),
2449 2313 2467 2345 t
2506 2305 2850 2351 asseveratur
2890 2311 2918 2351 a
2968 2300 3121 2353 vobis
3179 2320 3197 2351 ι
3244 2300 3370 2373 (Ar-

107 2405 191 2459 qtte
232 2390 580 2462 iniquissimis
628 2390 865 2445 motibus
917 2404 1208 2460 numquam
1263 2403 1371 2444 non
1417 2389 1663 2444 vendita-
1766 2382 1909 2449 nob.,
1936 2382 2025 2437 lib.
2054 2400 2091 2450 ι,
2125 2403 2246 2458 pag.
2279 2401 2344 2451 x;
2375 2386 2566 2453 (licata,
2613 2388 2703 2441 lib.
2749 2405 2799 2444 tv
2853 2392 3098 2447 Academ.
3162 2406 3369 2465 autem,

110 2482 250 2538 bant?
1767 2475 2011 2546 pag.35;
2061 2475 2287 2544 Lucam,
2312 2476 2402 2531 lib.
2431 2494 2506 2545 ιχ,
2533 2496 2663 2534 vers.
2692 2480 2842 2553 772),
2876 2484 3128 2540 nimirum
3155 2488 3371 2557 gentili-

166 2574 298 2631 Aliud
321 2591 451 2633 vero
476 2585 566 2633 est
590 2591 761 2648 genus
806 2576 920 2641 irte,
951 2589 1110 2641 quam
1155 2575 1360 2646 antiqui
1407 2574 1666 2631 Ecclesia:
1767 2567 1867 2623 bus
1897 2570 1985 2639 qui
2012 2569 2118 2625 diis
2151 2570 2345 2626 vestris
2378 2571 2631 2636 tribuitis,
2660 2574 2914 2643 quidquid
2945 2577 3021 2631 ira
3053 2580 3105 2633 in
3134 2578 3368 2636 homini-

113 2665 287 2736 Patres,
310 2683 372 2724 ac
397 2677 589 2740 postea
615 2666 928 2723 scholastici
956 2666 1189 2737 theologi
1216 2667 1350 2722 nihil
1375 2668 1515 2721 aliud
1547 2680 1669 2722 esse
1769 2658 1868 2715 bus
1896 2670 1952 2716 et
1981 2661 2175 2718 belluis
2204 2663 2329 2719 mali
2373 2662 2575 2720 habere
2619 2664 2973 2736 dignoscitur.
3004 2670 3143 2736 Quid
3187 2683 3369 2729 autem

114 2757 298 2826 docent,
326 2760 429 2817 nisi
456 2759 684 2816 oﬂ’enste
717 2766 775 2816 et
810 2768 1049 2829 accepta:
1078 2758 1291 2828 injuria:
1318 2773 1526 2829 aequam
1548 2799 1563 2824 ,
1606 2771 1671 2813 ac
1771 2752 1824 2806 in
1854 2761 1963 2807 tota
1988 2752 2088 2809 hac
2108 2757 2574 2826 argumentatione
2593 2760 2739 2828 carpi
2770 2767 2969 2829 potest,
2995 2762 3137 2832 quod
3167 2779 3272 2819 non
3302 2765 3375 2820 sit

114 2853 208 2910 sine
237 2852 387 2909 animi
428 2854 844 2925 perturbatione
884 2853 1180 2918 ultionem,
1222 2851 1311 2907 vel
1336 2853 1541 2921 justum
1570 2850 1669 2905 de-
1773 2857 1961 2898 sanum
2007 2856 2061 2899 et
2109 2846 2514 2902 orthodoxutn?
2561 2846 2758 2904 Cantrtt
2802 2850 3059 2907 Ethnicos
3104 2855 3372 2911 Arnobius

117 2944 215 3003 bitt:
237 2963 399 3019 pana:
426 2948 735 3019 infligendte
774 2947 1056 3017 judicium.
1101 2946 1357 3002 Libenter
1382 2955 1564 3000 autem
1593 2944 1669 2998 fa-
1772 2934 1952 3003 docet,
1984 2937 2213 3008 totisque
2242 2939 2440 3009 ingenii
2466 2940 2672 2997 viribus
2694 2942 3073 3003 demonstrare
3095 2949 3376 3005 centendit

118 3047 263 3097 ιεηωι-
284 3043 445 3100 οθυω
469 3059 542 3100 eo
564 3041 727 3098 modo
753 3043 934 3097 irasci,
963 3041 1094 3096 Nam
1124 3057 1146 3092 ι
1176 3040 1252 3094 im
1279 3040 1395 3102 Dei.
1427 3058 1446 3091 ,
1474 3039 1549 3093 ait
1571 3041 1674 3093 Αυ-
1776 3026 1828 3081 in
1857 3042 2040 3082 verum
2067 3028 2232 3084 Deum
2263 3031 2457 3087 cadere
2485 3046 2592 3086 non
2618 3048 2776 3102 posse
2799 3036 3045 3091 vitiosam
3075 3040 3231 3106 iram,
3260 3057 3379 3111 pra-

121 3134 322 3203 gustimts
346 3136 459 3209 (lib.
485 3150 581 3202 xv,
607 3134 671 3189 de
698 3133 872 3199 Civit.,
898 3150 1017 3203 cap.
1041 3134 1134 3199 25,
1167 3149 1286 3204 pag.
1321 3131 1477 3202 409),
1513 3151 1531 3183 ‹
1565 3145 1672 3185 non

1807 3135 1982 3191 osque
2007 3120 2147 3176 illius
2176 3130 2353 3176 motus
2383 3132 2440 3178 et
2463 3122 2704 3179 effectus.
2736 3128 2803 3180 At
2841 3143 3132 3199 numquam
3162 3135 3379 3203 negavit

120 3227 407 3294 pel-(urbano
431 3227 604 3283 animi
630 3226 750 3298 eius
772 3236 876 3292 est,
903 3225 997 3281 sed
1019 3225 1303 3295 judicium,
1330 3239 1437 3294 (ιιιο
1466 3222 1673 3293 irroga-
1699 3229 1745 3292 ρ
1778 3212 1829 3267 in
1858 3213 1969 3268 Deo
1993 3229 2111 3267 eam
2145 3227 2265 3269 esse
2296 3215 2429 3269 iram
2454 3256 2469 3280 ,
2510 3232 2631 3286 qua:
2663 3218 2735 3272 sit
2763 3226 2967 3273 rectum
3019 3237 3189 3291 ptena:
3229 3225 3372 3281 infli-

120 3325 187 3373 tur
209 3334 347 3389 pretia
374 3329 621 3392 peccato.
653 3337 674 3371 ι
705 3321 879 3374 Antea
902 3331 1033 3373 vero
1057 3307 1320 3387 Origenes
1348 3315 1512 3371 Celso
1539 3315 1675 3385 obji-
1775 3305 1966 3378 gentia:
1985 3306 2270 3377 judicium,
2295 3319 2348 3363 et
2372 3309 2515 3377 justo
2545 3309 2770 3365 offensa:
2798 3311 3025 3383 alicujus
3053 3314 3208 3370 ultio.
3235 3317 3373 3383 Quid

120 3408 251 3466 cienti
269 3411 526 3469 humanos
551 3411 645 3468 ira
674 3411 919 3481 aliosque
945 3408 1173 3465 affectus
1198 3410 1252 3464 in
1283 3408 1452 3464 sacris
1478 3408 1678 3463 nostris
1777 3408 1955 3454 autem
1996 3400 2192 3455 citatus
2229 3400 2298 3455 ab
2344 3401 2575 3457 lleraldo
2604 3402 2915 3460 Lactantius
2942 3407 3007 3461 de
3043 3407 3124 3465 ira
3158 3409 3249 3466 Dei
3278 3412 3377 3468 do-

131 3502 385 3575 Scripturis
428 3507 545 3563 Deo
582 3504 840 3571 attribui,
870 3502 1164 3573 respondet
1194 3502 1402 3557 illarum
1428 3511 1678 3556 auctores
1778 3492 1965 3557 cucril,
1996 3508 2094 3549 suo
2122 3494 2241 3549 loco
2270 3495 2668 3566 iudagabimus.

123 3610 245 3653 more
269 3599 407 3669 loqui
457 3597 761 3661 hominum,
808 3604 866 3652 et
908 3594 1160 3650 utilitatis
1203 3593 1444 3663 ipsorum
1491 3605 1677 3658 causa,

123 3689 198 3744 sed
229 3705 402 3747 verum
447 3689 805 3747 scribentium
849 3701 1067 3742 sensum
1096 3685 1165 3741 ab
1192 3685 1409 3740 homine
1454 3682 1679 3754 spiritali

123 3778 250 3838 facile
288 3783 547 3855 diguosci.
600 3780 736 3837 Tutu
781 3780 1126 3836 continenter
1169 3777 1367 3846 adjecit
1414 3776 1678 3849 (0rigen.,
1786 3762 1958 3815 Utrum
1974 3765 3070 3855 Δτιιοδίξξξξτξῇἰςίξτξεψξὲιξιλ(ῖξξίίθξιξιξίιιω
3092 3792 3200 3831 cum
3220 3794 3380 3844 pinnae

125 3830 282 3940 in},
290 3830 637 3941 ::.'.t';~;...:
653 3830 766 3943 ’ἧς
774 3830 881 3927 fit
890 3830 945 3944 ἶ)
952 3830 961 3833 ⁷
975 3830 996 3925 ξ
1008 3830 1201 3945 ῖὸρζνήν
1210 3830 1339 3924 1%..
1372 3830 1680 3943 ἀζομάξομςᾷ

1432 3844 1433 3847 η
1510 3830 1559 3885 ,“’
1664 3830 1677 3842 ’
2159 3837 2262 3880 tutu
2285 3830 2442 3894 culpa:
2467 3833 2706 3883 malorum
2733 3844 3004 3889 auctorem.

1432 3873 1680 3943 ομαζομςν

125 3971 245 4025 Θεοῦ.
271 3969 326 4022 οὐ
350 3969 506 4029 πάθος
531 3964 579 4021 δ’
605 3967 768 4020 αὐτοῦ
795 3964 954 4022 αὐτήν
983 3957 1109 4017 εἶναι
1146 3963 1325 4034 φάμεν,
1358 3960 1483 4016 ἀλλά
1506 3982 1558 4015 τι
1581 3982 1686 4016 πα*

1856 3973 2122 4042 Quosdam
2143 3975 2329 4033 audire
2354 3978 2509 4034 nobis
2531 3980 2795 4049 videmur,
2823 3986 2913 4057 qui
2941 3988 3239 4049 Arnobium
3268 4011 3384 4065 gra-

125 4057 535 4131 ραλαμϐανόμινον
588 4059 661 4120 εἰς
710 4060 800 4115 τήν
850 4052 936 4110 διὰ
990 4054 1410 4129 σκυθρωποτέρον
1470 4054 1683 4125 ἀγωγῶν

1812 4065 1987 4119 'issimi
2014 4067 2068 4121 in
2092 4080 2188 4122 sua
2216 4067 2283 4123 de
2310 4069 2399 4124 Dei
2424 4072 2814 4142 omnipotentia
2842 4052 3207 4149 disputatione
3233 4052 3384 4143 erro.

126 4149 379 4219 παίδευσιν,
408 4162 516 4214 τοῖς
542 4153 612 4208 τὰ
636 4147 825 4206 τοσάδε
855 4150 943 4203 καὶ
976 4145 1144 4203 τοιάδε
1171 4145 1515 4222 ἡμαρτηκόσι.
1546 4143 1683 4214 Ergo

1812 4156 1862 4212 'is
1901 4158 2156 4214 audacter
2202 4161 2539 4220 insimulant.
2572 4165 2762 4223 Nonne
2793 4174 2957 4235 enim,
2990 4174 3257 4246 inquiunt,
3286 4181 3384 4236 ali-

128 4247 367 4301 cantitant
391 4245 493 4301 Des"
530 4245 877 4308 nominamus,
909 4258 1011 4296 non
1035 4239 1279 4309 olfecttun
1305 4240 1417 4310 ejus
1445 4239 1682 4305 dicimus,

1811 4265 1944 4321 luem
1974 4250 2176 4308 inducit
2204 4253 2306 4309 sibi
2342 4255 2726 4327 objicientem;
2760 4263 2803 4316 si
2839 4264 2929 4317 Dei
2961 4239 3383 4327 volutttate'otu-

127 4340 196 4393 Sed
234 4340 470 4412 quiddam
514 4336 1078 4434 sevcrioradiwlplinf
1113 4336 1370 4434 608159!in
1426 4333 1683 4434 Ιξοηιὶιξεσ,
1789 4344 1876 4397 nia
1906 4345 2068 4413 fiant,
2100 4345 2338 4418 nihilque
2376 4351 2494 4406 sine
2536 4350 2626 4406 illa
2678 4354 2793 4409 fieri
2836 4367 3028 4426 queat,
3059 4359 3184 4416 inde
3230 4367 3382 4434 sequi

130 4441 184 4487 tot
209 4436 448 4509 tantisque
472 4434 696 4507 peccatis
725 4431 988 4486 obnoxios.
1020 4429 1214 4485 Plures
1240 4429 1316 4485 uli
1344 4428 1684 4484 Ambrosium
1791 4434 1941 4491 illum
1983 4437 2246 4493 malorum
2297 4442 2572 4507 omnium,
2617 4443 2810 4513 quibus
2855 4446 3100 4504 homines
3143 4428 3384 4522 quotidie

131 4526 332 4602 aliosque
357 4528 606 4585 similiter
635 4526 916 4597 loquentes
944 4524 1201 4580 inducere
1231 4538 1513 4617 possemus
1539 4522 1687 4588 (Am-
1790 4529 2125 4596 cruciantur,
2169 4544 2293 4587 esse
2321 4534 2636 4589 auctorem?
2663 4535 2816 4601 Quod
2849 4538 3064 4607 quidem
3098 4555 3379 4617 postquam

132 4619 263 4690 iros.,
286 4623 372 4678 lib.
394 4622 460 4677 de
489 4619 623 4687 Noe,
649 4636 767 4691 cap.
800 4621 856 4685 4,
883 4617 912 4690 §
935 4618 990 4684 9,
1020 4635 1143 4690 pag,
1170 4616 1321 4690 251).
1355 4616 1462 4674 Sed
1492 4618 1615 4690 quia
1636 4618 1688 4674 id
1715 4631 1770 4691 Β
1793 4624 2151 4679 attentissimo
2181 4624 2271 4681 ille
2298 4627 2479 4681 animo
2506 4628 2782 4697 expendit,
2804 4644 3117 4699 persuasum
3138 4616 3247 4691 sibi
3260 4654 3384 4697 esse

133 4709 311 4785 longius
339 4714 515 4780 foret,
545 4712 659 4769 sola
700 4711 1047 4782 subjiciemus
1093 4712 1209 4766 haec
1253 4709 1439 4765 Hilarii
1484 4710 1647 4767 verba
1676 4729 1689 4765 :
1795 4714 2032 4772 declarat
2059 4733 2121 4774 ea
2150 4720 2286 4774 mala
2318 4735 2492 4790 neque
2526 4737 2592 4776 ex
2633 4722 2945 4792 elementis,
2980 4743 3157 4798 neque
3188 4748 3258 4789 ex
3291 4752 3385 4793 ρο-

139 4804 301 4903 illltio
342 4806 761 4903 constitutaAira
807 4819 954 4903 esse
975 4803 1069 4860 Dei
1114 4802 1386 4871 creditur;
1431 4819 1539 4903 non
1569 4806 1694 4875 quia
1795 4825 1914 4903 rutn
1938 4812 2295 4883 inaequalitate
2316 4814 2446 4868 oriri
2472 4814 2663 4884 (Idem,
2685 4816 2777 4872 lib.
2808 4834 2866 4887 tt,
2890 4838 3010 4894 pag.
3029 4825 3097 4880 80
3120 4836 3166 4880 et
3193 4835 3386 4903 seqq.).

134 4896 507 4959 indemutabilis
534 4901 625 4956 illa
650 4899 778 4994 Dei,
792 4909 846 4955 et
867 4898 1045 4994 quieta
1066 4906 1257 4994 natura
1287 4905 1435 4952 motu
1462 4898 1696 4994 impetus
1797 4902 1915 4958 Non
1949 4906 2090 4959 enim
2139 4906 2254 4961 fieri
2310 4920 2470 4977 posse
2499 4917 2688 4980 putat,
2741 4922 2797 4967 ttt
2841 4932 2959 4985 qum
2992 4935 3209 4977 sensum
3245 4896 3389 4994 judi-

137 4994 302 5050 turbidi
326 4996 657 5060 incalescat;
689 4992 782 5049 sed
811 4990 954 5062 quod
982 4990 1095 5057 ille,
1125 4989 1218 5061 qui
1241 5003 1337 5059 per
1358 4990 1695 5046 constitutio-

1819 4996 2047 5069 :iumque
2076 5013 2180 5054 non
2226 4998 2460 5068 habent,
2506 5005 2663 5059 noxia
2692 5008 2801 5061 sint
2840 5022 2891 5064 et
2936 5012 3221 5075 malitiosa.
3246 4989 3391 5084 'Ouid

136 5100 237 5180 item
262 5104 432 5160 ponte
480 5097 698 5145 maneat
727 5088 781 5142 in
826 5101 1022 5158 poena,
1060 5084 1258 5141 sentiat
1291 5083 1394 5138 sibi
1422 5094 1697 5180 auctorem
1799 5104 1929 5160 ergo
1956 5092 2022 5146 ad
2053 5091 2168 5148 lucc
2197 5094 2300 5149 sibi
2329 5096 2539 5173 9bjecta
2570 5099 2659 5154 ille
2683 5114 2870 5172 postea
2904 5112 3226 5180 respondet?
3250 5115 3395 5173 Nihil

137 5176 273 5251 huius
299 5182 701 5240 conSIilllliOIIiS
730 5182 949 5237 italum.
981 5180 1150 5237 Ρωυει
1176 5180 1319 5236 enim
1346 5178 1598 5248 Palielllis
1621 5180 1699 5235 ira
1801 5199 1932 5240 sane
1958 5186 2122 5253 aliud,
2150 5187 2250 5242 nisi
2279 5205 2465 5260 parum
2499 5193 2765 5254 interesse
2793 5176 3117 5272 sciamusne,
3146 5222 3212 5262 an
3242 5210 3393 5280 igno-

138 5285 239 5331 esse
262 5276 495 5333 creditur
534 5274 1098 5367 decernentis.Atque
1136 5273 1207 5328 ita
1247 5272 1494 5367 irascitur
1529 5273 1700 5341 Deus.
1803 5294 1985 5335 remus
2010 5296 2129 5352 qua;
2164 5284 2299 5338 ‘mali
2325 5301 2484 5342 causa
2513 5289 2602 5344 sit.
2635 5291 2808 5347 Untttu
2846 5297 3042 5367 quippe
3071 5302 3210 5357 scire
3241 5272 3394 5363 tiobis

139 5378 241 5422 cum
281 5384 373 5439 per
401 5384 579 5440 pana;
616 5368 858 5425 dolorem
901 5366 1036 5423 iram
1064 5365 1268 5423 decreti
1299 5367 1352 5421 in
1382 5382 1443 5422 se
1471 5369 1706 5425 sentiant
1805 5371 2054 5429 sufficere
2079 5375 2372 5433 arbitratur
2396 5381 2529 5435 nihil
2557 5398 2585 5435 a
2619 5382 2728 5439 Deo
2757 5365 3001 5453 noxium,
3026 5393 3296 5450 exitiabile
3340 5410 3399 5456 et

140 5469 243 5515 esse
270 5461 477 5531 Ριιηὶιί.
516 5477 637 5534 (tua:
674 5476 781 5516 non
822 5475 919 5531 per
959 5459 1383 5516 demutatiouem
1415 5468 1622 5516 natura:
1651 5462 1705 5517 in
1812 5467 2141 5525 mortiferum
2172 5474 2471 5542 proficisci,
2510 5475 2751 5549 nihilque
2777 5482 2845 5535 ab
2870 5498 2935 5538 eo
2961 5485 3075 5541 fieri
3097 5529 3110 5547 .
3148 5492 3247 5546 nisi
3284 5508 3401 5550 om.

142 5551 257 5652 iram
275 5575 337 5614 ex
366 5560 726 5630 placabilitate
771 5567 1043 5616 commota
1068 5568 1183 5624 est,
1221 5558 1317 5614 sed
1347 5574 1415 5614 ex
1444 5562 1709 5616 constitu-
1813 5563 1975 5618 nibus
2000 5565 2264 5635 salutare,
2295 5568 2482 5635 dulce,
2510 5572 2767 5642 Optabile,
2795 5586 3006 5644 gratum
3053 5590 3105 5635 et
3124 5584 3407 5652 jucundis.

144 5647 269 5709 tione
296 5669 467 5725 pinnae
510 5657 588 5712 ira
632 5656 704 5712 sit
740 5654 1046 5726 puniendis.
1088 5673 1108 5705 ι
1165 5652 1392 5724 (Hilam,
1436 5654 1611 5712 Tract.
1660 5658 1713 5712 in
1815 5658 2031 5715 simum.

126 5737 407 5848 ist-11ml",
497 5746 1093 5848 1335.).
1130 5745 1185 5801 id
1222 5747 1388 5848 semel
1416 5748 1546 5804 dixit
1889 5750 2077 5809 Nonne
2105 5764 2282 5810 autem
2325 5765 2469 5823 tota,
2506 5757 2687 5824 aiunt,
2725 5758 2823 5817 hac
2863 5763 2916 5818 in
2943 5768 3189 5828 oratione
3214 5775 3410 5848 caligat

146 5848 191 5892 ia
213 5840 288 5896 ira
307 5840 430 5910 Dei,
461 5842 631 5916 inquit
653 5842 831 5899 adhuc
859 5840 1053 5938 (ibim,
1075 5841 1130 5896 in
1158 5841 1342 5911 psalm.
1364 5857 1547 5912 uvnt,
1569 5844 1597 5918 ᾗ
1622 5844 1714 5914 19,
1820 5854 1875 5903 et
1898 5850 2110 5905 cmctttit
2136 5848 2423 5921 Arnobius,
2454 5853 2655 5909 malum
2681 5855 2855 5925 culpa:
2878 5874 2908 5914 a
2937 5863 3079 5920 malo
3104 5882 3275 5938 pugna:
3304 5840 3412 5938 rion

562 5937 835 6001 Panos.
884 5934 959 5997 V.

2654 5947 2728 6020 15

2383 3647 2681 3690 Διιτιουιυε
2720 3651 2791 3691 ιν.
