4030 6280
577 280 686 340 ι59

1853 264 2305 328 DlSSERTATlO
2341 263 2623 332 PREVIA

3769 256 3892 316 460

578 394 998 470 distinguendo?
1025 392 1158 464 Quis
1184 403 1417 462 namque
1454 387 1508 444 in
1547 387 1717 444 sacris
1745 387 1948 443 nostris
1978 385 2160 456 Scrip-
2192 397 2244 458 Α
2267 381 2412 437 Deus
2455 381 2638 460 itaque
2682 378 2823 436 sicut
2861 385 2916 436 et
2949 375 3198 442 Christus
3238 373 3513 433 neminem
3555 373 3895 470 cogitpsed

583 495 717 549 turis
747 508 853 546 non
888 490 1043 562 plane
1071 487 1286 557 hospes,
1317 501 1381 541 ac
1413 484 1728 556 peregrinus
1749 526 1764 552 ,
1796 485 2004 538 nesciat
2041 480 2171 536 mali

581 588 784 657 culpae,
817 584 926 638 Deo
956 581 1319 652 permittente,
1351 577 1648 642 diabolum,
1679 576 1806 632 ntali
1841 590 1969 632 vero
1995 588 2171 645 pinnae

586 670 932 744 peccantibus
961 667 1200 734 inﬂictae,
1229 666 1517 738 ipsummet
1547 664 1736 730 Deum,
1766 671 1914 718 recto
1940 676 2069 716 sane
2091 660 2172 730 ju-

579 765 718 821 dicio
747 779 867 819 esse
893 760 1206 816 auctorem?
1237 757 1426 814 Nonne
1464 757 1627 816 etiam
1669 756 1800 811 illud
1831 755 2039 812 discere
2071 769 2169 826 po-

579 857 674 913 tuit
703 873 769 912 ex
799 854 1152 919 Tertulliano,
1176 852 1267 923 qui
1292 850 1506 923 quidem
1536 851 1625 905 tibi
1654 848 1914 904 adversus
1943 847 2170 903 Marcio-

576 953 659 1006 nis
689 950 758 1006 de
783 949 925 1004 malo
952 947 1054 1003 deo
1083 945 1348 1000 malorum
1391 953 1612 998 auctore
1635 956 1875 1000 errorem
1905 939 2166 1006 disputat,

572 1045 644 1100 ibi
678 1046 812 1100 scite
840 1053 1128 1112 utrumque
1157 1038 1288 1094 illud
1321 1038 1520 1092 malum
1550 1035 1866 1106 distinguit:
1903 1052 1922 1084 ι
1959 1032 2104 1099 Nos,
2139 1051 2162 1084 ι

572 1139 776 1211 inquit,
814 1156 832 1189 σ
869 1135 1106 1192 adhibita
1135 1133 1479 1189 distinctione
1510 1131 1786 1202 utriusque
1825 1129 2044 1193 formas,
2075 1143 2168 1183 sc-

573 1233 772 1306 paratis
803 1230 958 1286 malis
985 1229 1185 1295 delicti,
1217 1239 1271 1282 et
1303 1227 1458 1280 malis
1483 1225 1749 1296 supplicii,
1781 1223 1939 1278 malis
1962 1222 2159 1292 culpat,

572 1339 626 1384 et
665 1327 821 1382 malis
860 1339 1059 1396 paenae,
1091 1337 1246 1376 suum
1279 1319 1474 1390 cuique
1503 1318 1638 1388 parti
1667 1317 1955 1372 definimus
1980 1325 2166 1372 aucto-

571 1437 690 1477 rem
725 1439 738 1474 :
770 1417 1034 1473 malorum
1063 1413 1281 1487 quidem
1324 1411 1524 1482 peccati
1563 1418 1618 1464 et
1643 1411 1812 1480 culpae
1849 1407 2162 1463 diabolum:

569 1515 834 1570 malorum
875 1525 1004 1566 vero
1035 1506 1278 1578 supplicii
1315 1515 1369 1559 et
1409 1519 1583 1573 poenae
1629 1503 1796 1556 Deum
1826 1508 2164 1564 creatorem;

573 1615 629 1660 ut
674 1605 762 1658 illa
813 1617 938 1673 pars
983 1599 1201 1655 malitia:
1247 1597 1566 1668 deputetur,
1603 1593 1980 1662 iSIajustitim,
2023 1590 2165 1646 mala

567 1698 850 1755 condentis
887 1694 1086 1766 judicia
1113 1693 1374 1748 adversus
1405 1691 1541 1744 mala
1569 1689 1772 1744 delicti.
1806 1689 1879 1742 De
1914 1687 1996 1742 liis
2031 1701 2164 1756 ergo

2275 489 2464 530 omnes
2490 472 2772 545 aequaliter
2804 482 2983 539 vocat,
3015 479 3070 528 et
3094 471 3302 528 cunctis
3327 470 3394 528 ad
3421 485 3483 527 se
3508 468 3771 526 veniendi
3802 469 3898 524 fa-

2273 568 2347 621 cit
2381 573 2729 639 potestatem.
2766 565 2823 626 Si
2853 564 2975 636 quis
3003 579 3134 636 ergo
3169 579 3278 621 non
3319 565 3521 630 veniat,
3555 562 3702 618 illius
3738 575 3895 618 sane

2275 676 2382 718 non
2427 661 2522 716 Dei
2562 661 2717 731 culpa
2760 669 2864 717 est.
2899 659 3062 732 Atqui
3092 675 3160 720 ex
3185 659 3287 716 hac
3315 658 3730 718 ratiocinatione
3757 657 3892 714 evi-

2274 754 2467 812 denter
2515 755 2787 827 colligitur
2820 754 3118 812 Arnobium
3155 753 3453 810 credidisse
3493 751 3635 808 mala
3675 751 3890 823 culpa,

2273 848 2474 915 delicti,
2507 858 2562 903 et
2592 849 2828 914 malitiae,
2859 863 2962 904 non
2994 863 3061 904 ex
3094 847 3222 913 Deo,
3258 847 3355 904 sed
3380 861 3445 901 ex
3478 845 3647 902 libera
3676 858 3893 914 prava-

2273 958 2377 1012 que
2397 942 2632 998 hominis
2656 942 2934 998 voluntate
2957 941 3224 1013 proficisci
3252 959 3266 996 :
3296 941 3434 996 mala
3462 949 3645 998 autem
3675 953 3894 1007 omne,

2273 1035 2348 1090 uti
2378 1035 2579 1092 dictum
2605 1044 2710 1099 est,
2737 1034 2806 1092 ab
2830 1050 2897 1092 eo
2923 1035 3138 1106 quidem
3167 1033 3357 1104 indigi,
3385 1033 3480 1090 sed
3502 1041 3734 1105 cogente
3753 1048 3896 1103 pee-

2271 1129 2507 1186 cantium
2559 1129 2792 1194 malitia,
2847 1144 3008 1200 quam
3061 1129 3380 1201 impunitam
3429 1125 3708 1192 dimittere
3765 1141 3891 1182 non

2271 1231 2466 1296 potest.

2342 1315 2543 1372 Contra
2571 1326 2749 1374 tamen
2767 1316 2987 1386 objiciet
3013 1317 3212 1388 aliquis
3232 1316 3530 1377 Arnobium
3559 1303 3896 1372 constanter

2271 1423 2498 1478 negasse
2523 1409 2688 1465 ullam
2711 1409 3033 1466 calamitatis
3061 1425 3278 1466 causam
3308 1423 3468 1480 posse
3495 1423 3756 1478 umquam
3779 1407 3890 1463 ho-

2274 1504 2510 1560 minibus
2549 1504 2618 1560 ab
2657 1505 2773 1574 ipso
2817 1503 2928 1560 Deo
2967 1503 3177 1560 inferri.
3225 1503 3435 1559 Diserte
3474 1502 3748 1574 siquidem
3792 1501 3894 1556 ille

2273 1597 2956 1669 pronuntiatztuuidqnid
2993 1597 3138 1668 potis
3173 1609 3257 1652 est
3291 1612 3510 1658 causam
3550 1595 3897 1654 calamitatis

2272 1690 2497 1756 inferre,
2528 1692 2657 1763 quid
2685 1693 2756 1747 sit
2775 1693 3012 1760 primum
3041 1691 3334 1748 videndum
3355 1701 3458 1754 est,
3487 1699 3543 1745 et
3563 1688 3634 1744 ab
3664 1688 3768 1744 Dei
3792 1703 3898 1742 no-

567 1803 779 1849 ereator
807 1788 1088 1861 profitetur
1128 1785 1312 1850 malis,
1342 1799 1460 1853 qua:
1487 1791 1793 1852 congruunt
1815 1779 2004 1851 jttdici.
2029 1779 2160 1850 Qua:
2193 1795 2240 1856 Β
2266 1787 2412 1842 mine
2461 1787 2772 1857 longissima
2821 1787 2986 1842 debet
3028 1785 3326 1842 differimus
3371 1786 3582 1856 seponi.
3621 1804 3644 1837 ι
3679 1783 3895 1857 (Idem,

569 1889 786 1960 quidem
818 1885 955 1940 mala
1000 1883 1106 1938 illis
1147 1881 1284 1936 mala
1329 1889 1482 1943 sunt,
1513 1878 1708 1948 quibus
1753 1875 2163 1946 rependuntur:

565 1991 820 2036 caeterum
843 1992 944 2031 suo
970 1976 1187 2031 nomine
1210 1972 1373 2036 bona,
1399 1986 1501 2040 qua
1520 1969 1687 2039 justo,
1714 1977 1768 2024 et
1795 1968 2061 2023 bonorum
2081 1966 2170 2022 de-

569 2079 823 2144 fensoria,
855 2085 910 2133 et
935 2074 1256 2130 delictorum
1287 2070 1526 2135 inimica,
1555 2075 1718 2136 atque
1761 2067 1814 2121 in
1844 2065 1948 2120 hoc
1975 2065 2172 2120 ordine

569 2173 682 2227 Deo
725 2169 906 2240 digna.
938 2186 956 2219 ι
991 2163 1353 2237 (Tertullian.,
1383 2161 1471 2216 lib.
1504 2177 1563 2225 ιι,
1591 2161 1708 2214 adv.
1740 2158 2026 2224 Marciam,
2049 2173 2170 2226 cap.

571 2265 657 2329 ii,
693 2280 811 2334 pag.
843 2258 998 2330 464.)
1028 2258 1124 2313 Cui
1152 2255 1370 2328 quidem
1417 2254 1532 2309 hch
1575 2253 1793 2308 uberius
1825 2250 2172 2321 prosequenti

569 2369 624 2413 et
662 2357 924 2412 asserenti
963 2353 1323 2422 suffragantur
1370 2348 1664 2419 Origenes,
1726 2345 2058 2418 Augustinus
2115 2352 2174 2398 et

569 2452 659 2507 alii
685 2466 878 2521 magno
903 2461 1128 2503 numero
1150 2454 1204 2500 et
1223 2457 1494 2500 consensu
1511 2441 1702 2496 Patres
1725 2438 2008 2501 Ecclesiae,
2031 2451 2169 2507 quos

560 2546 625 2605 ,in
659 2561 736 2610 re,
769 2542 903 2598 nulli
934 2538 1225 2610 incognita,
1259 2536 1344 2590 hic
1375 2534 1647 2606 appellare
1674 2531 1805 2586 nihil
1837 2544 2060 2585 necesse
2084 2538 2171 2585 est

575 2642 748 2714 (Orig.
771 2683 786 2707 ,
821 2639 909 2693 lib.
953 2653 1026 2703 vt,
1072 2646 1235 2690 contr.
1282 2631 1416 2686 Cels.
1438 2672 1454 2695 ,
1486 2646 1604 2702 pag.
1638 2627 1777 2690 324;
1806 2627 2047 2696 August.,
2076 2623 2166 2678 lib.

572 2747 740 2792 contr.
771 2734 1062 2796 Adimant.,
1090 2746 1204 2798 cap.
1235 2727 1338 2793 ‘26,
1366 2722 1517 2795 etc.).
1546 2721 1814 2792 Numquid
1843 2735 1973 2789 ergo
1998 2720 2175 2774 Arno-

574 2832 695 2886 bius
723 2831 837 2883 haec
866 2823 1150 2896 ignoravit,
1178 2829 1269 2874 aut
1290 2819 1337 2874 si
1365 2825 1643 2887 comperta
1667 2812 1874 2876 habuit,
1903 2827 1998 2866 cur
2021 2807 2175 2866 brevi

574 2921 955 2994 explicatione,
986 2917 1070 2972 vel
1099 2912 1328 2984 duplicis
1356 2909 1481 2964 mali
1518 2906 1886 2968 distinctione,
1918 2918 2024 2958 non
2063 2901 2172 2957 sol-

573 3021 650 3074 vit
681 3017 903 3088 hujusce
931 3009 1261 3068 difficultatis
1287 3003 1528 3060 nodum?
1558 2998 1827 3070 Numquid
1855 3011 2174 3088 persuasum

578 3113 652 3167 illi
681 3121 814 3175 erat,
845 3105 987 3178 quod
1013 3121 1042 3158 a
1070 3101 1316 3175 proxime
1352 3099 1517 3154 citato
1542 3094 1773 3163 Origene
1807 3091 2009 3147 dictum
2036 3087 2172 3157 legi-

2278 1878 2367 1934 lib.
2398 1895 2494 1944 vn,
2531 1896 2652 1950 pag.
2692 1879 2850 1948 228.)
2889 1878 3080 1936 Nonne
3120 1887 3298 1936 autem
3334 1877 3420 1936 his
3462 1878 3551 1935 ille
3592 1878 3789 1936 verbis
3839 1878 3897 1932 in

2276 1974 2604 2043 ipsissimum
2645 1973 2868 2030 offendit
2897 1973 3187 2029 Marcionis
3226 1987 3489 2038 errorem,
3521 1987 3630 2042 quo
3666 1972 3894 2042 garrie-

2277 2064 2368 2120 bat
2394 2066 2559 2121 Deum
2582 2065 2802 2135 quidem
2825 2065 3092 2122 bonorum
3114 2080 3236 2120 esse
3257 2075 3556 2129 auctorem,
3585 2063 3733 2122 mala
3759 2079 3895 2120 vero

2275 2159 2479 2224 omnia,
2518 2172 2878 2228 quascumque
2907 2158 3036 2225 sint,
3078 2173 3149 2214 ex
3172 2156 3282 2212 alio
3305 2156 3538 2228 quodam
3567 2156 3716 2212 malo
3740 2156 3900 2227 prin-

2281 2254 2426 2324 cipio
2456 2252 2744 2308 manasse?

2351 2346 2552 2400 Verum
2583 2345 2679 2416 qui
2712 2346 2784 2402 ita
2817 2353 3248 2417 argumentatur,
3281 2346 3326 2402 is
3357 2343 3602 2415 profecto
3637 2345 3897 2401 animum

2279 2453 2383 2492 non
2417 2439 2548 2493 satis
2577 2439 2814 2493 advertit
2840 2439 3137 2494 Arnobium
3179 2438 3252 2492 lbi
3291 2439 3602 2509 Opinionem
3633 2439 3898 2495 refellere

2277 2530 2579 2601 gentilium,
2612 2531 2705 2601 qui
2738 2531 2903 2587 stulte
2929 2529 3329 2587 contendebant
3355 2528 3494 2586 alios
3521 2530 3656 2586 deos
3693 2541 3898 2587 natura

2277 2640 2373 2680 sua
2401 2625 2572 2680 bonos
2594 2640 2718 2682 esse
2744 2635 2800 2680 et
2831 2639 3140 2696 prosperos,
3173 2624 3309 2679 alios
3344 2639 3470 2679 vero
3500 2623 3676 2679 malos
3706 2633 3766 2678 et
3797 2623 3900 2679 ad—

2279 2731 2489 2781 versus,
2517 2726 2681 2787 atque
2727 2717 2827 2771 ltos
2862 2717 3130 2773 malorum
3159 2716 3404 2770 omnium
3434 2724 3489 2771 et
3516 2716 3902 2771 calamitatum

2287 2826 2408 2879 qua:
2452 2825 2580 2864 vera
2613 2810 2752 2865 mala
2797 2810 3044 2866 Ethnicis
3070 2810 3410 2876 videbatur,
3443 2823 3568 2865 esse
3603 2820 3900 2876 auctores;

2293 2912 2347 2960 ta
2376 2913 2558 2960 tamen
2581 2912 2642 2958 ut
2667 2902 2879 2970 hostiis,
2909 2902 3212 2968 sacrificiis,
3239 2903 3468 2972 aliisque
3493 2902 3904 2973 superstitiosis

2284 2997 2480 3054 ritibus
2519 2997 2740 3067 placati,
2771 2997 2841 3052 de
2872 2997 3028 3052 malis
3065 2996 3259 3054 fierent
3287 2997 3438 3064 boni,
3468 3007 3564 3052 aut
3595 3006 3748 3054 certe
3789 2997 3902 3052 ho-

2278 3092 2412 3148 mini
2445 3107 2556 3147 non
2585 3101 2868 3146 nocerent.
2910 3091 3184 3146 Arnobius
3225 3105 3354 3146 vero
3392 3091 3609 3146 tametsi
3655 3090 3903 3146 fateatur

577 3216 663 3262 tur
688 3224 702 3261 :
730 3203 785 3260 Si
818 3203 940 3274 quis
968 3201 1104 3256 alius
1142 3197 1292 3252 locus
1329 3205 1414 3250 est
1454 3193 1506 3246 in
1549 3189 1709 3246 rebus
1737 3185 1984 3242 humanis
2011 3197 2168 3238 scru-
2199 3190 2246 3256 ρ
2275 3184 2604 3240 christianos
2642 3184 2834 3241 iisdem
2863 3193 3028 3254 atque
3054 3183 3318 3238 Etlinicos
3346 3182 3580 3252 opprimi
3607 3182 3904 3238 calamita-

579 3311 689 3356 tatu
718 3297 955 3354 diflieilis
984 3303 1189 3348 natura:
1219 3296 1439 3349 nostrae,
1472 3285 1614 3339 inter
1640 3282 1738 3335 hos
1766 3279 1960 3334 merito
1984 3290 2174 3332 nume-

582 3393 689 3447 rari
732 3397 910 3460 potest
946 3384 1209 3440 malorum
1253 3379 1425 3449 origo.
1461 3394 1479 3426 ι
1515 3373 1709 3446 (0rig.,
1752 3373 1842 3426 lib.
1884 3386 1971 3436 tv,
2003 3377 2169 3424 contr.

581 3483 752 3545 Cels.,
797 3497 916 3551 Ρθθ.
962 3477 1118 3546 ⁸207.)
1154 3474 1244 3527 Sic
1293 3479 1472 3525 autem
1521 3468 1614 3522 ille
1663 3479 1838 3536 grmce
1885 3463 2170 3532 loquitur:

582 3577 736 3652 Εἴπερ
773 3575 858 3628 οὖν
886 3570 1031 3632 ἄλλος
1069 3590 1143 3629 τις
1176 3565 1334 3624 τόπος
1363 3571 1462 3617 τῶν
1498 3563 1548 3615 ἐν
1589 3562 1870 3632 ἀνθρώποις
1897 3558 2179 3622 ἐξετάσεως

583 3669 837 3739 δεόμενος,
869 3661 1184 3738 δυσθήρατός
1207 3659 1318 3712 ἐστι
1340 3663 1401 3727 τῇ
1424 3658 1572 3727 pia-ou
1599 3656 1762 3726 ἡμῶν,
1794 3655 1843 3707 ἐν
1869 3654 2070 3712 τούτοις
2093 3651 2181 3704 καὶ

586 3765 615 3819 ἡ
644 3769 745 3816 τῶν
773 3764 940 3811 κακῶν
966 3755 1178 3824 ταχθείν
1199 3745 1473 3822 ἂνγένεσις.
1497 3745 1613 3801 Νοιι
1638 3759 1856 3816 prorsus
1885 3743 2063 3812 inepta
2089 3740 2181 3796 tibi

589 3857 814 3909 fortasse
839 3849 1105 3905 videbitur
1129 3847 1244 3900 haec
1271 3845 1430 3908 ratio,
1457 3842 1500 3895 si
1535 3854 1823 3911 parumper
1844 3835 2184 3892 animadver-

593 3959 674 4003 tas
719 3945 857 3998 hanc
899 3942 967 3996 de
1008 3940 1133 3994 mali
1181 3939 1386 4008 origine
1431 3934 1784 4006 qumstiouem
1821 3946 1982 3986 unam
2013 3946 2078 3986 ex
2121 3930 2186 3984 iis

595 4038 836 4097 Arnobio
862 4036 1052 4102 videri,
1075 4035 1141 4089 de
1164 4050 1264 4105 qua
1290 4033 1429 4086 inter
1449 4046 1506 4085 se
1528 4028 1890 4100 digladientur
1913 4025 2182 4090 homines,

600 4135 842 4204 nihilque
865 4132 995 4186 certi
1023 4146 1053 4184 a
1083 4144 1139 4182 se
1165 4127 1325 4180 statui
1352 4139 1514 4196 posse
1541 4122 1891 4178 confitentur.
1917 4121 2191 4190 Quaprop-

603 4240 687 4286 ter
726 4243 794 4284 ne
819 4226 1030 4295 longius
1070 4220 1448 4289 disputationis
1484 4216 1629 4270 filum
1661 4215 1893 4278 ducere,
1937 4223 1994 4268 et
2029 4222 2188 4267 extra

605 4324 928 4396 propositam
957 4335 986 4374 a
1012 4333 1070 4374 se
1097 4317 1166 4372 ibi
1194 4315 1260 4371 de
1289 4313 1464 4368 anima
1493 4311 1848 4384 quaestionem
1875 4308 2073 4364 diutius
2100 4323 2193 4362 va-

601 4418 712 4491 gari
743 4423 1042 4487 cogeretur,
1068 4411 1195 4464 satis
1224 4408 1324 4463 sibi
1360 4420 1479 4462 esse
1515 4404 1716 4474 putavit
1751 4403 1924 4472 palam
1951 4400 2194 4457 Ethnicis

604 4512 850 4570 omnibus
867 4507 1142 4564 declarare
1170 4503 1274 4558 hoc
1300 4516 1462 4556 unum
1489 4515 1517 4554 a
1540 4499 1852 4554 christianis
1873 4506 2024 4551 certo
2045 4495 2194 4558 sciri,

2279 3281 2440 3344 tibus,
2471 3296 2534 3336 ae
2571 3282 2679 3336 Deo
2708 3281 3074 3350 permittente,
3111 3281 3476 3336 atrocissimis
3503 3281 3794 3350 suppliciis
3828 3282 3904 3337 ob

2279 3373 2425 3428 illius
2460 3374 2866 3430 confessionem
2902 3374 2972 3429 ab
3001 3375 3248 3429 Ethnicis
3289 3375 3470 3429 vexari
3505 3383 3562 3430 et
3597 3375 3900 3441 trucidari;

2282 3464 2398 3521 haec
2425 3474 2628 3530 tamen,
2655 3467 2731 3522 uti
2762 3466 3014 3535 superius
3042 3466 3298 3532 vidimus,
3327 3481 3436 3522 non
3460 3466 3600 3520 mala
3628 3466 3899 3536 profecm,

2283 3560 2382 3616 scd
2428 3561 2568 3616 bona
2610 3575 2733 3616 esse
2774 3564 2986 3626 asserit,
3029 3561 3224 3632 quibus
3253 3562 3328 3618 ad
3365 3561 3636 3618 libertatis
3675 3572 3906 3618 aeternae

2285 3653 2460 3710 lucem
2481 3654 2802 3710 educantur.
2832 3653 3026 3726 (Idem,
3047 3654 3164 3710 libr.
3195 3671 3251 3722 ιι,
3281 3671 3406 3726 pag.
3433 3654 3526 3723 '98,
3549 3670 3672 3724 cap.
3698 3672 3904 3727 sepem,

2287 3763 2385 3802 art.
2415 3749 2498 3817 ὦ.)

2357 3840 2528 3897 Recte
2571 3841 2814 3912 quidem,
2848 3842 3080 3914 inquies,
3129 3846 3174 3900 si
3229 3844 3502 3900 Arnobius
3540 3843 3907 3902 Ethnieorum

2289 3950 2536 3992 errorem
2558 3937 2881 4004 refellendo,
2909 3939 3048 3993 intra
3070 3941 3317 3994 veritatis
3337 3940 3602 3994 terminos
3623 3953 3754 3996 sese
3780 3956 3909 3996 con—

2292 4027 2564 4084 tinuisset.
2608 4030 2716 4085 Sed
2757 4030 2846 4086 ille
2883 4033 3193 4102 generalem
3243 4033 3382 4087 hanc
3428 4031 3689 4102 nulloque
3731 4033 3909 4089 limite

2291 4121 2752 4192 circumscriptam
2786 4124 2992 4193 profct’t
3015 4125 3376 4180 assertionem
3399 4141 3412 4177 :
3435 4143 3454 4175 ι
3479 4125 3754 4195 Quidquid
3778 4129 3910 4182 mite

2294 4225 2398 4282 est,
2431 4217 2808 4288 placidumque
2837 4228 3050 4284 natura,
3084 4220 3156 4274 ab
3184 4220 3420 4275 nocendi
3451 4220 3638 4290 procul
3668 4230 3754 4276 est
3782 4236 3907 4288 usu,

2293 4319 2348 4363 et
2371 4312 2698 4380 cogitatione
2718 4312 3038 4369 discretum.
3065 4332 3088 4365 ι
3111 4314 3355 4386 (Δί-κοιλ,
3383 4314 3472 4368 lib.
3498 4329 3594 4381 vn,
3623 4332 3748 4386 pag.
3775 4314 3909 4383 928,

2297 4413 2344 4457 et
2381 4406 2548 4477 seqq.)
2590 4405 2728 4474 Quin
2768 4423 2900 4462 vero
2940 4408 3138 4464 ibidem
3181 4410 3382 4479 adjecit
3428 4424 3534 4464 non
3575 4410 3750 4480 magis
3793 4411 3912 4466 ﬁeri

2301 4514 2492 4568 posse;
2528 4511 2585 4554 ut
2606 4503 2694 4571 qui
2727 4512 2918 4557 natura
2949 4518 3045 4558 sua
3077 4505 3251 4560 bonus
3283 4515 3386 4570 est,
3421 4505 3576 4560 alteri
3607 4517 3831 4573 noceat,
3861 4515 3915 4561 et

607 4609 774 4663 Deum
805 4602 927 4658 mali
958 4617 1057 4656 nec
1081 4613 1298 4656 causam
1334 4611 1475 4660 esse,
1515 4609 1615 4649 nec
1639 4601 1938 4647 auctorem.
1970 4588 2195 4648 Difliteri
2223 4589 2278 4652 Ι)
2302 4595 2504 4666 aliquid
2528 4595 2719 4652 afferat
2755 4598 2906 4662 mali,
2931 4613 3095 4669 quam
3116 4608 3172 4653 ut
3203 4601 3341 4670 ignis
3363 4601 3418 4653 in
3444 4599 3610 4670 frigus
3641 4608 3909 4655 mutetur.

607 4713 783 4757 tamen
814 4715 917 4753 non
962 4708 1242 4768 possumus
1272 4692 1412 4747 hanc
1437 4689 1505 4744 de
1536 4688 1661 4743 mali
1694 4694 1912 4742 auctore
1939 4683 2196 4754 disquisi-

609 4796 807 4850 tionem
836 4791 906 4844 ihi
933 4790 999 4842 ab
1026 4789 1141 4858 ipso
1187 4784 1426 4854 potuisse
1463 4781 1661 4835 clarius
1703 4778 1996 4846 explicari;
2030 4789 2199 4844 quau-

611 4885 895 4957 doquidcm
926 4881 1016 4935 ille
1045 4881 1095 4933 in
1125 4879 1228 4934 hoc
1263 4876 1454 4931 eodem
1480 4875 1622 4941 loco,
1645 4873 1698 4928 in
1728 4873 1829 4927 alia
1857 4872 1997 4927 scitu
2022 4871 2200 4962 minus

611 4979 790 5049 digna,
826 4990 921 5029 nec
950 4972 1014 5026 ad
1047 4970 1342 5024 institutum
1372 4969 1440 5022 de
1479 4968 1657 5022 anima
1684 4979 1994 5022 sermonem
2030 4961 2200 5033 magis

611 5067 986 5132 conducentia,
1018 5065 1172 5132 longe
1199 5061 1454 5116 excurrit.

681 5166 864 5234 Neque
893 5170 1069 5214 tamen
1101 5159 1152 5211 in
1175 5157 1414 5210 animum
1443 5153 1668 5210 inducas
1700 5155 1830 5210 illud
1864 5155 2085 5212 omnino
2116 5155 2200 5209 in-

609 5273 812 5321 tactum
862 5258 929 5312 ab
967 5271 1031 5310 eo
1072 5251 1329 5322 relinqui.
1373 5250 1566 5305 Postea
1607 5251 1750 5304 enim
1786 5259 1973 5320 aperte
2010 5250 2205 5306 asserit

612 5360 802 5419 Deum,
839 5350 1049 5408 tametsi
1087 5348 1429 5415 omnipotens
1463 5344 1551 5420 sit,
1580 5344 1785 5398 nemini
1813 5359 2062 5413 umquam
2093 5343 2200 5398 vim

611 5453 676 5505 ad
708 5445 1032 5504 credendum
1071 5450 1163 5494 aut
1199 5437 1464 5510 agendum
1508 5437 1704 5492 inferre
1741 5436 1982 5508 (Arnob.,
2013 5436 2104 5490 lib.
2135 5451 2196 5500 tt,

614 5559 732 5611 pag.
780 5539 871 5600 88,
917 5546 962 5590 rt
1005 5529 1191 5604 srqq.).
1237 5531 1292 5586 Si
1337 5545 1495 5600 quem
1547 5529 1690 5584 enim
1734 5528 1954 5581 invitum
1998 5526 2200 5596 aliquid

609 5648 768 5704 agere
803 5639 1040 5699 cogeret,
1072 5642 1177 5680 non
1209 5625 1377 5694 gratia
1416 5621 1774 5692 proculdubio
1803 5621 1962 5683 foret,
1991 5622 2088 5674 sed
2122 5621 2204 5676 vis

610 5739 661 5782 et
707 5723 986 5794 iniustitia,
1025 5737 1129 5791 qua
1159 5719 1418 5773 voluntati
1464 5717 1668 5784 liberm,
1701 5716 1768 5770 ad
1812 5715 1866 5770 id
1905 5714 2048 5786 quod
2090 5732 2196 5770 non

612 5821 743 5890 vult,
785 5835 846 5875 ac
886 5816 1101 5888 refugit,
1143 5813 1408 5886 agendum
1459 5811 1756 5872 necessitas
1802 5810 2194 5883 imponeretur.

2303 4691 2444 4760 Ergo
2484 4691 2574 4746 ille
2610 4707 2795 4747 revera
2837 4693 3050 4748 censuit
3089 4694 3282 4759 Deum,
3323 4704 3516 4748 natura
3553 4709 3649 4748 sua
3684 4694 3911 4758 bonum,

2303 4784 2433 4838 nulli
2482 4799 2644 4852 posse
2683 4785 2852 4840 ullum
2898 4799 3102 4854 preme,
3145 4786 3494 4853 calamitatis,
3527 4795 3618 4840 aut
3659 4785 3915 4854 supplicii

2306 4877 2504 4930 malum
2541 4893 2746 4940 creare.
2776 4893 2876 4934 nec
2913 4879 3070 4949 hujus
3097 4893 3220 4933 esse
3249 4894 3469 4934 causam
3509 4888 3563 4933 et
3604 4886 3910 4935 auctorem.

2305 4967 2460 5036 Quod
2487 4984 2620 5025 sane
2647 4971 2701 5024 in
2729 4970 3018 5027 Marcionis
3047 4986 3288 5026 errorem
3322 4970 3539 5026 recidit.

2382 5064 2453 5117 At
2485 5071 2634 5118 certe
2665 5063 3059 5133 quantumlibet
3100 5063 3374 5133 generalis
3405 5062 3652 5118 videatur
3683 5063 3772 5119 illa
3806 5066 3912 5121 Ar-

2310 5157 2452 5211 nobii
2480 5157 2795 5225 propositio,
2821 5158 2887 5210 ad
2914 5155 3173 5210 Ethnicos
3197 5161 3514 5223 tantum,:et
3538 5171 3730 5212 eorum
3757 5171 3916 5227 spec-

2311 5259 2388 5304 tat
2412 5251 2578 5304 falsas
2599 5250 2902 5320 opiniones,
2935 5251 3024 5322 qui
3051 5265 3150 5321 pro
3175 5259 3330 5306 certo
3355 5250 3634 5321 ponebant
3667 5251 3803 5308 deos
3841 5255 3915 5308 ita

2309 5351 2498 5398 natura
2537 5359 2632 5398 sua
2667 5353 2761 5397 aut
2789 5343 2980 5409 bonos,
3015 5355 3109 5398 aut
3136 5344 3308 5398 malos
3348 5360 3504 5410 esse;
3539 5351 3594 5398 ut
3631 5359 3732 5414 pro
3761 5345 3917 5403 libito

2309 5453 2370 5492 ac
2397 5437 2504 5491 ulla
2528 5439 2646 5492 sine
2673 5453 2832 5492 caiisa
2864 5439 2983 5506 pios
3012 5437 3261 5493 homines
3289 5448 3344 5492 et
3377 5439 3596 5508 impios,
3627 5440 3832 5508 probos
3862 5450 3917 5496 et

2310 5531 2586 5601 improbos
2597 5531 2997 5587 calamitatibus
3009 5543 3061 5588 et
3080 5533 3318 5589 miseriis
3333 5531 3710 5589 indiﬂerenter
3724 5538 3921 5593 obrue-

2307 5634 2448 5680 rent.
2483 5623 2562 5679 Ad
2596 5627 2711 5679 haec
2735 5640 2883 5692 vero,
2914 5626 2984 5682 de
3009 5627 3184 5696 pinnis
3221 5627 3384 5682 etiam
3425 5636 3482 5682 et
3517 5629 3778 5682 :erumnis
3819 5629 3919 5684 ille

2307 5719 2566 5789 loquitur,
2624 5734 2745 5789 qum
2797 5720 2955 5776 bonis
3006 5723 3216 5794 piisque
3268 5720 3584 5777 hominibus
3633 5723 3914 5790 accidunt,

2305 5825 2535 5883 quaeque
2575 5827 2686 5870 non
2711 5812 2858 5881 mali,
2893 5813 2988 5872 sed
3019 5829 3236 5886 semper
3260 5813 3388 5871 boni
3417 5812 3644 5884 aliquid,
3675 5815 3756 5871 uti
3786 5830 3917 5873 mox
