4030 6300
176 278 280 334 461

1460 283 1526 347 lN
1563 281 1919 353 ABNOBIUM
1957 285 2114 353 CAP.
2156 289 2270 353 Vll,

3336 308 3473 381 ttae

181 394 753 465 dicebamus,"secum
793 406 1101 471 appet-tant.
1141 400 1272 473 Quae
1328 402 1474 457 enim
1521 403 1700 475 t‘mpiis
1727 413 1781 461 et
1808 410 1860 475 Α
1887 404 2025 465 ﬁniri
2042 423 2368 471 nosomnem
2382 409 2511 471 citra
2529 412 3005 483 reprehensionem
3024 416 3270 491 ignorare
3288 437 3468 493 posse,

176 488 458 545 sceleratis
503 491 833 567 inﬂiguntur,
873 493 987 547 haec
1021 492 1221 547 lellliB
1263 492 1493 562 iustitiae
1529 510 1624 550 eos
1672 510 1769 567 pu-

176 579 379 637 nientis
410 582 581 637 bonos
606 597 725 641 esse
755 581 979 639 eti‘ectus
1008 583 1213 643 inﬁcias
1240 601 1398 643 nemo
1428 586 1603 643 iverit.
1628 584 1768 657 Quid

176 683 359 729 autem
383 672 436 731 in
466 683 574 730 tota
601 674 688 729 illa
716 675 952 730 auctoris
984 677 1154 733 nostri
1180 680 1645 749 argumentatione
1670 694 1765 739 oc-

176 768 368 832 currit,
402 768 543 840 quod
577 783 679 827 non
711 770 781 825 sit
810 771 965 838 plane
990 786 1205 839 sanum,
1264 771 1622 831 orthodoxum
1655 784 1710 829 et
1738 788 1769 829 a

174 857 462 916 Marcionis
503 862 774 919 erroribus
807 878 1026 932 prorsus
1053 865 1327 925 alienum?
1359 866 1414 921 Si
1442 867 1561 938 quis
1589 875 1767 925 tamen

171 951 509 1019 pertinacius
545 953 854 1019 contendat,
886 971 950 1012 ac
981 956 1306 1027 probaverit,
1342 958 1490 1013 illum
1521 959 1765 1033 disputa-

173 1041 340 1098 tionis
372 1052 505 1099 testu
545 1054 780 1121 raptum,
829 1058 921 1103 aut
964 1063 1070 1105 non
1106 1050 1239 1107 satis
1289 1061 1538 1111 accurate
1582 1068 1768 1109 verum

172 1134 345 1191 Deum
379 1152 408 1191 a
441 1135 586 1191 falsis
615 1139 893 1209 gentilium
927 1140 1030 1201 diis
1068 1142 1395 1215 distinxisse,
1439 1156 1530 1203 aut
1570 1145 1623 1203 in
1664 1126 1765 1201 ali-

167 1245 332 1300 quem
360 1246 601 1288 errorem
630 1249 816 1290 revera
847 1235 1152 1307 impegisse,
1183 1253 1305 1295 eum
1337 1238 1481 1294 illico
1509 1239 1767 1297 condem-

168 1322 445 1377 nabimus.
480 1322 586 1379 Sed
620 1325 704 1379 vix
736 1340 800 1381 ac
829 1341 898 1387 ne
929 1328 1017 1381 vix
1045 1327 1262 1399 quidem
1300 1328 1457 1393 nobis
1484 1330 1620 1386 ullus
1640 1346 1767 1405 per-

168 1414 427 1475 suadebit
473 1414 645 1485 illum,
688 1418 778 1489 qui
831 1427 939 1474 tam
988 1430 1155 1489 recte,
1201 1431 1259 1475 ut
1305 1423 1654 1490 OSIendintus,
1701 1423 1768 1483 de

168 1521 430 1575 suprema
462 1509 619 1563 unius
650 1508 742 1564 Dei
774 1520 961 1567 natura
988 1512 1226 1582 disserit,
1259 1515 1312 1569 in
1349 1529 1611 1583 errorem,
1645 1515 1768 1573 huic

170 1600 497 1658 orthodoxze
536 1606 820 1661 sententiae
862 1607 1083 1663 omnino
1121 1609 1448 1683 oppositum,
1488 1610 1762 1675 incidisse.

780 1735 1071 1779 ARTICULUS
1107 1738 1165 1780 γ.

168 1846 346 1919 Utrum
373 1850 618 1919 Arnobius
640 1853 910 1906 crediderit
932 1858 1156 1919 quzedam
1194 1856 1419 1908 animalia
1463 1870 1628 1911 creata
1668 1874 1767 1912 non

234 1915 389 1969 inisse
413 1929 439 1964 τι
470 1914 597 1975 Deo,
633 1930 728 1973 nec
760 1914 1007 1971 hominem
1047 1921 1254 1975 naturali
1304 1923 1580 1978 inﬁrmitate
1624 1923 1770 1975 nalis

166 1984 175 2009 τ
236 1989 349 2027 esse
369 1979 652 2043 obnoxium,
680 1995 774 2030 nec
797 1995 1005 2045 peccare
1032 1996 1134 2033 suae
1156 1985 1404 2035 electione
1423 1986 1704 2039 voluntatis.

252 2079 415 2153 Urget
436 2081 719 2155 Heraldus,
744 2085 1148 2163 Arnobiumque
1171 2097 1411 2151 nostrum
1439 2089 1510 2149 ibi
1540 2090 1594 2153 in
1623 2106 1766 2146 mar-

170 2173 530 2235 cionistarum
568 2187 623 2235 et
657 2178 912 2247 aliorum,
940 2181 1030 2251 qui
1071 2182 1234 2239 Deum
1274 2191 1572 2245 creatorem
1604 2198 1765 2255 negav

173 2266 331 2336 bant,
360 2285 600 2331 errorem
644 2271 938 2329 incurrisse
978 2281 1150 2343 putat,
1188 2273 1279 2333 ubi
1322 2274 1622 2337 animarum
1666 2290 1768 2331 no-

170 2372 413 2423 strarum
446 2363 730 2437 originem,
763 2375 819 2421 et
840 2381 872 2427 a
901 2382 1008 2439 quo
1038 2367 1168 2435 alio,
1194 2383 1355 2438 quam
1380 2367 1608 2443 ipsemet
1637 2370 1767 2436 Deo,

175 2466 381 2515 creatae
418 2457 548 2525 sint,
582 2474 682 2517 nec
707 2459 858 2527 sciri,
888 2476 990 2521 nec
1023 2460 1236 2521 deﬁniri
1266 2477 1421 2533 posse
1451 2461 1553 2527 hoc
1584 2463 1774 2535 probat

178 2561 504 2618 argumento
532 2568 548 2605 ι
574 2569 591 2602 ι
625 2550 740 2611 Non
780 2554 921 2611 enim
958 2553 1007 2611 si
1038 2569 1294 2626 negemus
1328 2571 1563 2623 muscas.
1592 2572 1771 2644 scara:

174 2638 350 2705 bceos,
380 2649 435 2699 et
471 2641 713 2709 cimices,
759 2643 1049 2713 nitedulas,
1080 2646 1443 2717 curculiones,
1481 2658 1538 2709 et
1575 2638 1769 2717 tineas,

177 2732 575 2809 omnipotentis
593 2749 716 2795 esse
736 2749 870 2812 Opus
892 2737 1056 2808 regis,
1074 2737 1376 2810 sequaciter
1395 2738 1772 2811 postulandum

172 2841 210 2885 a
230 2827 391 2884 nobis
409 2835 495 2883 est
520 2837 579 2883 ut
601 2828 721 2901 quis
740 2844 803 2887 ea
832 2829 1023 2891 fecerit
1042 2830 1442 2903 institueritqne
1460 2833 1723 2899 dicamus.
1745 2852 1769 2889 ι

180 2918 424 2994 (Δηιοὸη
448 2920 539 2979 lib.
562 2937 622 2995 tt,
645 2938 768 2995 pag.
804 2922 917 2997 75.)
941 2920 1131 2983 Nonne
1157 2932 1336 2981 autem
1364 2924 1451 2993 hic
1480 2924 1598 2999 ipse
1621 2940 1773 2989 error

180 3024 289 3081 est,
319 3014 409 3089 qui
436 3014 504 3075 ab
533 3014 863 3086 Hieronymo
889 3015 975 3073 bis
1002 3015 1302 3091 exagitator
1330 3016 1509 3079 verbis
1532 3033 1547 3073 :
1573 3035 1592 3068 ι
1621 3017 1775 3089 Quod

180 3107 232 3162 si
268 3122 377 3167 non
415 3116 604 3181 putant
629 3122 815 3165 eorum
847 3122 967 3164 esse
1005 3123 1187 3177 parva,
1224 3122 1457 3183 quorum
1492 3118 1548 3169 et
1582 3125 1775 3181 magna

1878 502 2001 575 quis
2047 502 2130 561 his
2174 504 2451 567 inutilibus
2492 507 2731 564 bestiolis
2773 510 3035 581 originem
3075 512 3321 575 dederit:
3353 537 3371 570 ‹
3397 518 3471 574 Et

1876 592 2119 653 obtinere
2141 612 2247 655 non
2270 614 2392 657 esse
2416 599 2528 656 Deo
2546 617 2578 656 a
2598 602 2873 679 superiore
2896 606 3148 676 prolatas.
3178 628 3198 661 ι
3223 607 3465 681 (Arnob.,

1878 686 1945 743 lib
1987 705 2043 755 ιι,
2094 707 2213 763 pag.
2260 692 2372 765 75.)
2415 693 2545 762 Quis
2586 705 2786 762 autem,
2833 697 3001 771 inquit
3041 699 3325 773 lieraldus,
3372 706 3469 765 ille

1878 781 2017 837 Deus
2043 785 2308 859 superior,
2345 787 2443 842 nisi
2480 787 2654 845 bonus
2690 789 2973 853 Marcionis
2999 793 3168 855 deus?
3194 798 3263 857 At
3302 814 3466 855 nemo

1875 884 2039 943 certe,
2071 891 2137 933 ne
2169 878 2282 949 ipse
2310 879 2523 950 quidem
2556 880 2816 939 Heraldus
2846 884 3028 942 dicere
3058 904 3307 958 umquam
3360 906 3457 961 po-

1875 965 1991 1033 tuit,
2032 966 2355 1027 Marcionem
2394 980 2486 1029 aut
2530 974 2825 1047 quemlibet
2854 976 3019 1035 alium
3051 977 3173 1039 ideo
3209 996 3460 1055 errasse,

1872 1056 1997 1131 quia
2024 1057 2243 1128 bonum,
2276 1063 2372 1127 sed
2401 1064 2523 1134 quia
2553 1065 2755 1127 malum
2790 1071 3085 1125 asseruerit
3112 1086 3231 1131 esse
3263 1074 3457 1143 Deum.

1873 1145 2124 1221 huncque
2174 1169 2352 1215 rerum
2407 1170 2793 1229 corporearum
2838 1170 3155 1221 creatorem.
3196 1165 3266 1229 At
3316 1167 3461 1225 hunc

1873 1255 2112 1299 errorem
2156 1246 2226 1301 ab
2263 1247 2500 1307 Arnobio
2535 1263 2801 1311 assertum
2838 1256 3015 1317 nullus
3051 1274 3302 1332 umquam
3335 1279 3463 1334 pro-

1874 1332 2002 1389 bare
2043 1342 2258 1407 poterit.

1946 1424 2166 1499 Urgebit
2194 1430 2387 1503 aliquis
2425 1432 2591 1491 Deum
2621 1439 2955 1513 superiorem
2997 1444 3066 1501 ab
3108 1460 3176 1503 eo
3218 1447 3324 1507 dici
3353 1465 3464 1507 non

1872 1532 2054 1591 posse,
2096 1521 2225 1593 quin
2265 1525 2401 1582 alius
2443 1526 2663 1586 inferior
2702 1531 2932 1593 dicatur.
2965 1538 3125 1610 Atqui
3170 1540 3309 1601 Deus
3352 1544 3461 1603 alio

1874 1610 2097 1669 inferior
2126 1631 2232 1671 non
2253 1618 2403 1689 gravi
2426 1619 2543 1678 sine
2568 1637 2754 1682 errore
2778 1625 2883 1684 dici
2907 1640 3103 1698 p0test.
3129 1630 3265 1699 Quid
3291 1637 3466 1708 ergo?

1872 1704 2062 1762 Nonne
2087 1709 2359 1769 Arnobius
2390 1714 2790 1777 evidentissime
2818 1720 2996 1795 docet,
3023 1725 3099 1781 uti
3125 1704 3381 1799 vidimus,
3407 1741 3466 1793 et

1797 1800 1847 1867 Β
1875 1798 2008 1855 infra
2031 1801 2207 1860 adhuc
2228 1805 2593 1877 ostendemus,
2618 1828 2782 1871 unum
2807 1820 3181 1879 tantummodo
3201 1836 3321 1879 esse
3340 1798 3463 1881 om-

1872 1891 2210 1961 nipotentem
2239 1894 2431 1963 Deum,
2461 1899 2646 1955 mundi
2673 1918 2962 1977 rerutnque
2989 1908 3228 1973 omnium
3258 1922 3464 1969 creato-

1873 1984 2023 2039 rem?
2069 1984 2147 2041 Eo
2193 1986 2375 2061 itaque
2418 2006 2579 2049 sensu
2626 1992 2772 2049 Deus
2815 1995 2883 2052 ab
2928 1999 3169 2061 Arnobio
3215 2006 3467 2075 superior

1874 2090 2117 2151 vocatur,
2152 2097 2257 2155 quo
2287 2093 2470 2153 postea
2513 2087 2770 2161 scriptum
2812 2089 3077 2161 legimus:
3108 2114 3127 2147 ι
3161 2096 3468 2163 Divinitatis

1870 2171 2060 2243 ipsius,
2093 2192 2111 2224 ι
2142 2175 2595 2244 quemadmodum
2628 2178 2719 2233 ille
2749 2180 2984 2252 loquitur
3009 2183 3215 2259 (Idem,
3243 2191 3333 2247 lib.
3384 2208 3469 2261 nt;

1874 2282 1994 2337 pag.
2030 2265 2180 2339 itii),
2212 2286 2229 2317 ι
2260 2277 2342 2323 est
2369 2279 2550 2347 caput,
2584 2287 2613 2327 a
2645 2287 2752 2344 quo
2790 2272 2903 2351 ipsa
2936 2276 3187 2337 divinitas
3218 2280 3468 2341 divorum

1873 2358 2113 2412 omnium
2142 2356 2375 2427 ducitur,
2409 2380 2427 2413 ›
2460 2378 2599 2433 quos
2624 2364 2833 2443 scilicet
2860 2368 3022 2424 stulta
3044 2372 3319 2443 gentilitas
3346 2392 3470 2448 per-

1875 2464 2058 2521 peram
2098 2450 2345 2507 linxerat.
2379 2452 2725 2525 Superiorem
2766 2474 2896 2533 ergo
2929 2462 3095 2518 Deum
3126 2480 3248 2523 cum
3278 2471 3472 2541 appelu

1874 2539 2023 2610 lavit,
2048 2546 2321 2599 communi
2343 2546 2690 2604 Ethnicorum
2714 2550 2968 2625 loquendi
2990 2556 3150 2613 modo
3171 2572 3231 2615 se
3256 2539 3472 2620 accom-

1876 2634 2149 2702 modahat,
2194 2637 2431 2715 nihilque
2473 2640 2599 2699 inde
2642 2654 2829 2701 contra
2875 2661 3142 2707 assertum
3184 2653 3252 2709 ab
3293 2672 3359 2713 eo
3403 2657 3474 2715 de

1879 2743 1983 2782 uno
2011 2726 2299 2784 dumtaxat
2328 2730 2439 2787 Deo
2474 2733 2855 2797 documentum
2898 2749 3075 2813 potest
3114 2746 3239 2814 jure
3276 2751 3471 2809 merito

1879 2818 2148 2875 concludi.

1952 2913 2021 2965 At
2050 2913 2093 2966 si
2141 2910 2547 2977 Elmenhorstio
2582 2917 2742 2977 ﬁdem
2779 2922 2997 2997 habeas,
3042 2933 3255 2989 tametsi
3291 2936 3470 2994 Arno-

1880 3003 2001 3060 bius
2029 3005 2340 3077 Marcionis,
2370 3026 2534 3067 unum
2565 3010 2732 3067 Deum
2763 3015 2985 3089 bonum,
3018 3031 3072 3079 et
3096 3023 3325 3084 alterum
3356 3046 3473 3087 ma‘

1878 3095 1988 3151 lum
2014 3097 2245 3155 absurde
2269 3100 2630 3171 prmdicantis,
2662 3121 2848 3163 errore
2875 3125 2982 3166 non
3014 3118 3184 3172 teneri
3216 3123 3471 3180 ostenda-

177 3210 343 3267 sunt;
384 3200 614 3259 alterum
654 3200 784 3257 mihi
830 3201 1187 3271 conditorem,
1224 3201 1376 3270 juxta
1405 3200 1771 3270 Valentinum,
1800 3188 1847 3257 Ε
1881 3196 1996 3286 tur,
2026 3191 2080 3286 in
2107 3191 2267 3246 aliam
2311 3193 2657 3251 nihilominus
2690 3199 3043 3272 impietatem,
3075 3211 3377 3286 sacrilegia,
3413 3229 3475 3274 ut

176 3294 530 3369 Marcionem,
564 3301 619 3349 et
651 3294 919 3367 Apellem,
955 3293 1215 3363 formicae,
1245 3295 1495 3361 culicum,
1538 3296 1778 3355 locusta-

128 3450 135 3453 Α
176 3403 325 3457 rum,
356 3389 733 3453 alterumcceh
763 3398 817 3445 et
842 3398 1021 3457 terrm,
1051 3389 1216 3449 moris
1246 3398 1300 3444 et
1335 3389 1650 3463 angelorum
1677 3388 1777 3451 de-

177 3480 314 3541 bent
335 3481 696 3541 introducere.
710 3501 729 3533 ι
754 3479 1108 3555 (Hieronym,
1128 3496 1343 3551 pl‘Oth.
1360 3480 1428 3541 all
1450 3481 1599 3555 epist.
1618 3479 1775 3539 Paul.

179 3574 253 3633 ad
282 3570 531 3643 Philem.)
557 3571 744 3629 Utrum
774 3587 903 3629 vero
923 3587 1114 3647 reapse
1141 3572 1267 3633 talis
1291 3572 1455 3631 fuerit
1487 3571 1777 3638 Valentini.

182 3666 581 3739 Marcionisque
598 3682 772 3734 error,
798 3669 939 3724 scire
964 3682 1110 3723 nunc
1137 3683 1325 3741 parum
1354 3668 1601 3734 interest,
1630 3678 1684 3723 et
1712 3668 1781 3724 de

181 3760 293 3821 illis
329 3760 460 3819 satis
500 3759 553 3817 in
594 3760 860 3831 superiori
890 3760 1195 3833 Apparatus
1223 3760 1392 3817 nostri
1422 3768 1567 3817 tomo
1595 3758 1780 3829 dispu-

183 3853 418 3913 tavimus
435 3850 584 3927 (tam.
610 3867 629 3913 t
659 3852 939 3927 Apparat.,
960 3850 1051 3907 lib.
1074 3868 1135 3927 tt,
1157 3852 1362 3917 dissert,
1386 3867 1426 3919 ι,
1450 3867 1566 3921 cap.
1587 3850 1641 3917 5,
1660 3849 1778 3927 ὃὸ).

260 3944 481 4017 Poterat
541 3942 729 4001 autcni
786 3943 1054 4001 iieraldus
1106 3942 1434 4015 Hieronymo
1488 3942 1783 4015 adjungere

182 4036 495 4109 Origenem,
537 4036 904 4102 Ambrosium,
945 4035 1207 4107 aliosque,
1238 4049 1303 4093 ac
1344 4033 1609 4105 imprimis
1674 4039 1782 4095 Au-

179 4129 479 4209 gustiottm.
512 4130 601 4205 qui
641 4138 786 4187 recte
826 4128 1133 4199 diserteque
1171 4137 1447 4187 asseverat
1489 4128 1685 4184 nullam
1727 4130 1780 4183 in

184 4224 389 4283 inﬁmis
414 4225 575 4283 etiam
597 4223 841 4281 bestiolis
857 4238 976 4281 esse
998 4231 1264 4287 naturam,
1285 4238 1404 4299 qua:
1421 4238 1450 4277 a
1470 4221 1582 4281 Deo
1599 4232 1781 4281 creata

185 4332 297 4385 non
335 4314 535 4375 fuerit:
565 4335 583 4369 ι
608 4316 724 4371 Non
770 4326 875 4382 est,
906 4334 925 4368 ι
960 4316 1056 4384 ait,
1089 4334 1108 4362 ι
1137 4315 1242 4383 ulla
1289 4324 1476 4375 natura
1519 4317 1680 4371 etiam
1726 4316 1780 4373 in

187 4410 473 4476 extremis,
503 4409 806 4481 inﬁmisque
840 4409 1101 4476 bestiolis,
1133 4424 1290 4479 quam
1322 4424 1427 4467 non
1464 4407 1554 4471 ille
1582 4409 1783 4465 consti-

189 4504 313 4571 tuit,
355 4520 382 4561 a
423 4519 529 4572 quo
559 4511 641 4556 est
679 4502 855 4565 omnis
880 4502 1093 4573 tnodus,
1123 4502 1301 4561 omnis
1334 4503 1564 4572 species,
1603 4503 1779 4561 omnis

1880 3284 1973 3339 ille
2009 3285 2103 3351 ait,
2134 3286 2315 3341 omnia
2358 3301 2702 3359 superantem
2752 3293 2933 3371 lapsus
2971 3308 3074 3354 est.
3117 3284 3473 3367 Itane—vero?

1883 3376 2078 3445 Etiam,
2113 3378 2285 3450 inquit
2313 3380 2757 3441 Elmenhorstius.
2795 3386 2977 3446 Palam
3008 3394 3150 3450 enim
3189 3402 3472 3471 perspicue

1880 3469 1996 3541 ipse
2022 3470 2292 3527 Arnobius
2319 3486 2592 3531 asseverat
2618 3477 2891 3539 hominem
2923 3500 3029 3543 non
3057 3503 3086 3541 a
3115 3489 3246 3556 Deo,
3276 3469 3372 3552 sed
3402 3498 3471 3555 ab

1881 3559 2230 3618 inferioribus
2273 3567 2457 3620 nescio
2492 3568 2687 3639 quibus
2724 3576 3079 3641 potestatibus
3120 3579 3287 3641 fuisse
3317 3602 3472 3648 crea-

1882 3660 2016 3707 tum.
2044 3654 2120 3709 De
2149 3652 2447 3711 animarum
2470 3659 2745 3717 enimvero
2771 3664 2943 3721 salute
2970 3668 3061 3725 ubi
3087 3669 3325 3746 disserit,
3354 3678 3473 3739 haec

1882 3744 1970 3799 ille
2013 3746 2232 3803 totidem
2272 3748 2450 3804 verbis
2487 3750 2741 3808 tradidit:
2773 3775 2791 3807 (
2819 3754 3051 3815 Tantum
3084 3774 3169 3820 est
3203 3744 3381 3842 longe,
3415 3781 3473 3830 ut

1833 3846 1840 3859 '
1884 3838 2022 3895 Deus
2060 3841 2283 3899 istarum
2324 3855 2510 3900 auctor
2535 3862 2716 3903 rerum
2746 3864 2867 3907 esse
2897 3855 3179 3930 credatur;
3211 3872 3267 3918 ut
3298 3838 3469 3927 insa-

1881 3932 2097 4003 crilegae
2135 3936 2336 3991 crimen
2383 3939 2673 4008 impietatis
2722 3943 2982 4019 incurrat,
3026 3953 3268 4033 quisquis
3297 3959 3365 4017 ab
3405 3978 3473 4023 eo

1881 4029 2190 4098 conceperit
2225 4029 2497 4089 hominem
2529 4049 2647 4092 esse
2676 4052 3018 4115 prognatum,
3045 4029 3165 4105 rem
3198 4052 3473 4115 infelicem

1882 4127 1937 4172 et
1981 4119 2254 4185 miseram,
2301 4122 2393 4193 qui
2449 4140 2568 4182 esse
2616 4143 2677 4184 se
2720 4129 2922 4201 doleat,
2967 4138 3057 4208 qui
3104 4143 3473 4207 conditionem

1882 4225 2032 4267 suam
2074 4212 2391 4285 detestetur,
2419 4226 2475 4272 et
2513 4219 2726 4291 lugeat;
2756 4225 2844 4301 qui
2875 4228 3018 4285 nulla
3063 4234 3168 4289 alia
3202 4237 3269 4293 de
3308 4256 3472 4301 causa

1882 4322 2002 4362 sese
2042 4308 2289 4382 intelligit
2328 4323 2692 4384 procreatum,
2725 4333 2883 4389 quam
2924 4339 2994 4379 ne
3038 4331 3317 4388 materiam
3358 4353 3469 4394 non

1883 4398 2163 4467 haberent,
2203 4418 2296 4473 per
2335 4420 2491 4475 quam
2523 4404 2881 4466 dili'underent
2917 4428 2975 4471 se
3004 4418 3163 4490 mala,
3197 4431 3251 4477 et
3285 4439 3473 4486 essent

1882 4495 2061 4549 miseri
2091 4512 2322 4569 semper,
2348 4516 2576 4571 quorum
2601 4503 2927 4561 cruciatibus
2947 4525 3259 4582 posceretur
3282 4523 3470 4580 nescio

188 4596 348 4665 ordo,
374 4597 490 4651 sine
514 4595 708 4667 quibus
740 4595 869 4650 nihil
897 4611 1075 4651 rerum
1098 4595 1349 4665 inveniri,
1376 4594 1459 4655 vel
1483 4594 1778 4667 excogitari
1802 4579 1857 4657 Ι)
1880 4603 1983 4659 (illa
2030 4588 2110 4644 Vis
2151 4590 2321 4645 lﬂlcns
2363 4600 2419 4647 ει
2462 4590 2780 4650 ῑιυῐηοηίιθιί
2822 4597 3045 4657 adversa
3095 4609 3406 4669 crudelitas.
3438 4635 3461 4670 ι

191 4698 421 4761 potest.»
460 4689 697 4744 Etalibi:
732 4688 944 4759 «Neque
975 4688 1051 4741 ias
1080 4698 1163 4743 est
1178 4689 1337 4745 ullius
1364 4700 1563 4747 natura:
1584 4707 1775 4767 quatu-

193 4783 325 4839 libet
354 4784 587 4837 minima:
616 4783 964 4852 mortalisque
993 4792 1311 4848 creatorem,
1344 4783 1443 4836 nisi
1467 4784 1629 4838 Deum
1654 4800 1776 4840 cre-

193 4877 321 4931 dere
347 4887 401 4931 et
422 4876 621 4933 dicere.
654 4897 671 4928 ι
700 4875 871 4949 (Orig.
901 4874 985 4931 lib.
1017 4892 1090 4941 tv,
1119 4886 1281 4929 contr.
1313 4875 1470 4942 Cels,
1503 4896 1617 4948 pug.
1643 4878 1781 4945 202;

195 4968 432 5025 Ambros.
459 5012 476 5037 ,
510 4970 596 5027 lib.
634 4985 688 5027 νι
723 4968 972 5034 chba,
999 4985 1117 5039 cap.
1151 4968 1203 5031 6,
1238 4967 1267 5041 δ
1301 4970 1390 5032 58,
1427 4986 1547 5039 pag.
1580 4969 1708 5033 125,
1742 4979 1788 5025 et

198 5060 290 5113 lib.
314 5075 367 5123 v,
386 5077 501 5128 cap.
519 5061 575 5126 2,
596 5071 641 5114 ct
663 5060 1081 5131 seqq.;.489au.,
1099 5059 1188 5113 lib.
1207 5075 1263 5127 ιι,
1279 5059 1339 5113 de
1363 5059 1534 5121 Civil.,
1558 5077 1673 5131 cap.
1695 5061 1785 5130 15,

199 5172 318 5227 pag.
341 5153 480 5219 284;
515 5164 561 5209 et
591 5154 678 5208 lib.
708 5171 803 5227 xu,
835 5157 896 5213 de
925 5153 1059 5223 ϐίω,
1086 5171 1202 5224 cap.
1231 5153 1323 5221 24,
1348 5170 1464 5225 pag.
1496 5153 1647 5225 522.)

276 5254 345 5303 At
388 5248 678 5303 Arnobium
711 5266 885 5320 neque
927 5249 979 5304 id
1021 5263 1265 5321 negasse,
1306 5264 1478 5316 neque
1524 5249 1689 5302 notati
1722 5248 1789 5307 ab

200 5342 529 5413 Hieronymo
550 5343 748 5411 erroris
774 5360 925 5405 reum
949 5359 1073 5407 esse
1090 5342 1215 5401 inde
1241 5341 1416 5413 colligi
1443 5334 1639 5412 potest,
1664 5343 1788 5413 quia

199 5449 456 5505 expresse
493 5450 597 5491 non
626 5435 758 5491 dixit
793 5436 1113 5505 scarabaeos,
1155 5445 1210 5490 et
1238 5435 1369 5493 alias
1411 5434 1787 5505 hujuscemodi

198 5526 454 5584 bestiolas
484 5510 653 5585 factas
677 5544 707 5583 a
740 5528 848 5585 Deo
889 5544 995 5585 non
1027 5527 1230 5585 fuisse:
1262 5527 1356 5587 sed
1385 5529 1429 5583 si
1460 5528 1511 5584 id
1543 5536 1788 5600 negetur,

202 5636 308 5677 non
343 5618 540 5679 idcirco
576 5621 974 5699 postulandum,
1017 5630 1075 5683 ut
1107 5637 1137 5681 a
1168 5635 1274 5703 quo
1312 5619 1465 5679 factae
1498 5621 1626 5690 sint,
1664 5637 1792 5683 con-

202 5714 383 5771 festim
415 5729 478 5768 ac
509 5714 815 5769 necessario
846 5714 1120 5787 probetur.

278 5807 447 5869 insuit
470 5804 736 5869 lleraldus
755 5807 822 5869 ab
844 5807 1083 5869 Arnobio
1102 5804 1301 5871 ibidem
1325 5824 1434 5871 non
1459 5807 1686 5869 obscure
1708 5805 1801 5867 de-

1878 4679 2073 4753 (Idem,
2107 4683 2194 4738 lib.
2229 4700 2284 4749 ll,
2313 4701 2433 4755 pag.
2463 4683 2579 4759 75.)

1958 4775 2071 4829 Duo
2095 4787 2272 4830 autem
2296 4775 2390 4840 ibi,
2417 4776 2491 4831 uti
2519 4777 2594 4831 ait
2625 4777 3072 4855 Elmenhorstius,
3102 4794 3245 4863 paris
3276 4797 3471 4873 impie-

1887 4866 2009 4921 tatis
2034 4881 2244 4920 errores
2270 4865 2337 4921 ab
2367 4866 2457 4920 illo
2479 4868 2837 4939 proferuntur.
2871 4875 3053 4937 Primo
3078 4888 3275 4943 etenim
3301 4865 3476 4953 homi-

1889 4976 2011 5013 nem
2055 4976 2083 5012 a
2123 4959 2233 5015 Deo
2273 4970 2613 5033 procreatum
2647 4965 2805 5035 plane
2838 4972 3155 5051 penitusque
3195 4998 3477 5063 pernegat,

1889 5050 2137 5107 Secundo
2165 5052 2437 5108 hominem
2467 5065 2571 5111 tam
2595 5057 2805 5116 misera:
2837 5062 3171 5142 inl'elicisque
3195 5050 3316 5135 esse
3342 5050 3480 5141 con-

1892 5147 2110 5203 ditionis
2129 5190 2143 5215 ,
2178 5160 2235 5203 ut
2264 5164 2369 5205 non
2396 5150 2496 5206 alia
2518 5152 2585 5208 de
2610 5170 2770 5213 causa
2798 5170 3037 5237 creatum
3069 5183 3129 5225 se
3153 5169 3319 5230 fuisse
3349 5194 3480 5237 seu-

1893 5242 2009 5309 tiat,
2042 5242 2141 5296 nisi
2181 5250 2237 5295 ut
2272 5242 2573 5315 importuna
2618 5249 2937 5309 crudelitate
2975 5232 3176 5319 morbis
3215 5232 3475 5342 malisque

1894 5335 2192 5393 innumeris
2225 5332 2313 5390 ﬁat
2340 5337 2624 5395 obnoxius.
2659 5340 2934 5418 Superiori
2958 5353 3154 5427 quippe
3175 5358 3226 5415 in
3254 5332 3477 5426 libro-de

1888 5428 2083 5486 Christi
2109 5430 2381 5486 miraculis
2401 5432 2742 5507 diSputando,
2766 5439 3013 5498 similiter
3032 5445 3239 5507 dixerat
3262 5472 3276 5506 :
3306 5475 3325 5508 ‹
3351 5458 3483 5518 0m-

1892 5524 1977 5581 nia
2007 5523 2372 5580 valetudinum
2397 5542 2618 5597 genera,
2651 5546 2769 5600 qua:
2797 5532 3028 5591 humana
3056 5557 3284 5617 corpora
3321 5557 3486 5614 susti-

1896 5632 2026 5675 nere
2054 5617 2235 5675 nescio
2268 5633 2386 5687 qua:
2423 5619 2594 5675 voluit
2634 5620 2934 5692 importuna
2974 5633 3284 5711 crudelitas,
3320 5650 3491 5707 verbo

1899 5712 2090 5769 solitus
2123 5711 2457 5814 imperioque
2492 5727 2702 5814 sanare.
2739 5733 2757 5766 ι
2786 5715 2977 5793 (Idem,
3014 5723 3100 5780 lib.
3137 5745 3176 5799 ι,
3211 5752 3331 5810 pag,
3367 5740 3489 5814 23,)

1903 5803 1974 5867 Αι
2014 5804 2285 5867 Arnobius
2329 5803 2435 5867 hoc
2473 5802 2903 5883 deliramentum,
2947 5814 3119 5890 inquit
3164 5802 3495 5899 Elmenhor-
