3980 6338
624 347 736 405 465

1894 333 2344 400 DlSSEliTATlO
2383 332 2659 398 PRJEVIA

3780 352 3868 410 lﬁl

624 466 780 529 stius,
805 477 909 519 non
931 479 994 519 ex
1015 462 1180 523 sacris
1198 461 1398 515 nostris
1419 458 1793 530 scriptoribus,
1810 457 1906 513 sed
1929 457 1996 513 ab
2020 456 2214 512 Ethni-
2241 470 2294 529 Α
2317 455 2371 510 in
2400 456 2554 521 mala,
2589 456 2715 511 dum
2750 457 3009 513 bonorum
3045 472 3109 513 ac
3133 459 3399 515 malorum
3430 459 3710 521 discrimen
3739 466 3874 539 igno-

634 556 713 613 cis
738 570 802 611 ac
826 553 1136 610 nominatim
1167 551 1343 606 Plinio
1368 559 1423 606 et
1451 549 1738 605 Plutarcho
1769 548 2040 614 delibavit,
2071 548 2212 617 quod

630 661 779 707 recte
802 664 835 704 a
867 647 1141 703 Lactantio
1175 647 1499 717 exagitator.
1524 643 1859 700 Clementem
1889 641 2210 697 Alexandri-

628 759 755 799 num
795 741 873 799 eis
911 740 1263 812 proculdubio
1298 739 1623 811 subjungere
1660 747 1886 809 poterat,
1918 737 2007 809 qui
2043 736 2211 808 pluri-

626 852 745 891 mos
772 835 907 891 alios
932 836 1223 906 scriptores
1250 834 1514 902 ethnicos,
1544 834 1795 889 miseram
1825 831 2055 887 hominis
2082 845 2211 886 con-

622 927 879 983 ditionem
937 928 1317 998 deplorantes,
1377 928 1429 981 in
1483 925 1752 991 medium,
1812 924 1887 978 uti
1942 922 2207 989 vidimus,

612 1019 1149 1095 protulil(Plin.,lib.
1169 1036 1237 1075 vn
1268 1018 1462 1074 Natur.
1496 1020 1640 1085 ἡξει..
1659 1033 1895 1091 procem;
1918 1015 2207 1083 Plutarch.,

615 1113 705 1169 lib.
747 1114 810 1169 de
851 1112 1099 1181 Furtum,
1136 1129 1259 1186 pag.
1302 1111 1429 1178 927,
1460 1120 1583 1166 tom.
1626 1126 1698 1176 n;
1737 1110 1979 1175 Laetam,
2008 1108 2098 1164 lib.
2127 1123 2207 1176 ιιι,

611 1223 730 1277 cap.
767 1205 859 1272 28,
892 1215 941 1261 et
968 1206 1032 1262 de
1060 1204 1276 1275 Opi/ia,
1315 1222 1433 1276 cap.
1465 1207 1500 1260 '5
1526 1214 1573 1259 et
1606 1205 1675 1273 4,
1704 1216 1826 1259 tom.
1877 1220 1893 1259 ι
1926 1203 2205 1275 Apparat.,

609 1299 699 1355 lib.
728 1316 808 1367 ιιι,
839 1301 1041 1356 dissert.
1072 1299 1129 1366 2,
1168 1318 1285 1372 cap.
1328 1300 1413 1367 l8,
1446 1309 1546 1354 art.
1580 1301 1633 1367 1,
1667 1316 1788 1371 pag.
1818 1299 1993 1365 “57;
2035 1314 2206 1369 supr.,

610 1395 706 1450 hoc
731 1411 874 1465 cap.,
900 1407 1002 1449 art.
1038 1396 1114 1467 l).

681 1484 872 1543 Utrum
903 1494 1083 1549 autem
1111 1494 1301 1541 auctor
1326 1492 1511 1541 noster
1538 1484 1622 1540 his
1648 1482 1898 1540 absurdis
1928 1481 2208 1539 erroribus

607 1594 799 1635 revera
838 1577 1031 1635 ductus
1061 1578 1249 1645 fuerit;
1288 1592 1394 1634 non
1435 1578 1689 1633 minimus
1733 1577 2011 1634 dubitandi
2054 1576 2206 1632 locus

605 1682 710 1729 est.
757 1670 878 1726 Jam
928 1671 1213 1727 enimvero
1253 1669 1595 1725 manifestum
1643 1670 1868 1726 fecimus
1905 1667 2207 1723 Arnobium

598 1763 968 1820 disertissimis
1010 1762 1245 1818 edixisse
1277 1761 1481 1829 verbis,
1515 1777 1620 1817 non
1662 1763 1835 1816 solum
1874 1761 2131 1816 mundum
2173 1775 2205 1814 a

2315 558 2454 604 rant.
2494 570 2512 601 ι
2542 547 2806 622 (Laetam,
2836 551 2925 607 lib.
2959 568 3013 607 v1
3051 550 3254 620 Instit.,
3289 571 3407 624 cap.
3441 557 3530 621 ﬂ,
3555 574 3669 630 pag.
3697 559 3839 632 595.)

2385 643 2455 695 At
2492 652 2669 696 utrum
2712 641 2829 698 haec
2868 642 2952 700 vel
2998 642 3104 699 alia
3158 645 3228 699 sit
3263 645 3489 702 Arnobii
3528 652 3691 704 nostri
3739 668 3873 709 mens

2312 743 2365 789 et
2394 737 2678 802 sententia,
2710 751 2777 793 eo
2797 736 2942 793 dictu
2969 736 3243 793 difﬁcilius
3268 779 3283 804 ,
3317 739 3461 810 quod
3493 739 3579 796 hic
3610 742 3753 799 locus
3780 761 3873 804 non

2312 828 2531 883 omnino
2560 828 2768 899 integer
2799 839 2903 896 est,
2932 829 3027 885 sed
3055 847 3245 901 magna
3281 831 3488 887 librarii
3513 872 3527 897 ,
3555 849 3672 904 qua:
3700 838 3875 905 passim

2312 920 2508 991 ubique
2547 922 2993 991 deprehenditur,
3032 923 3243 979 inscitia
3284 935 3569 996 corruptus
3615 942 3676 982 ac
3704 928 3873 1000 depra-

2311 1023 2485 1069 vatus.
2535 1013 2667 1070 Nam
2700 1029 2799 1087 pro
2834 1032 2924 1071 seu
2973 1017 3192 1089 scripsit
3230 1018 3322 1074 sed
3336 1061 3349 1085 ,
3381 1018 3459 1074 uti
3483 1020 3594 1091 jam
3621 1026 3875 1080 annotavi-

2311 1121 2449 1161 mus.
2492 1106 2689 1163 Verum
2721 1108 2835 1163 haec
2866 1108 3026 1165 lectio
3043 1110 3362 1182 quibusdam
3393 1112 3461 1169 ab
3482 1112 3699 1170 Arnobii
3728 1131 3872 1172 sensu

2309 1198 2389 1253 sic
2413 1198 2708 1257 abhorrere
2742 1202 3134 1270 existimatur;
3189 1214 3247 1259 ut
3292 1205 3344 1259 in
3381 1216 3532 1261 textu
3584 1222 3762 1263 vocem
3804 1227 3879 1264 seu

2308 1294 2523 1364 propria
2547 1296 2868 1354 auctoritate
2885 1298 3219 1354 substituere
3241 1315 3347 1355 non
3365 1299 3746 1358 dubitaverint.
3763 1305 3877 1373 Qui-

2307 1385 2432 1442 dam
2461 1404 2585 1445 vero
2612 1389 2728 1446 haec
2755 1391 2863 1448 duo
2887 1393 3075 1461 verba,
3106 1394 3358 1450 naturalis
3387 1396 3684 1466 inﬁrmitas,
3712 1399 3760 1454 in
3788 1411 3880 1457 tex-

2306 1485 2418 1534 tum
2449 1480 2653 1536 intrusa
2692 1492 2746 1539 et
2789 1485 3118 1556 amputanda
3165 1486 3522 1544 arbitrantur.
3554 1488 3661 1546 Sed
3700 1491 3877 1548 nullam

2305 1570 2537 1628 aﬁ‘erunt
2564 1574 2790 1645 hujusce
2831 1577 3188 1634 correctionis
3217 1581 3510 1637 rationem.

2376 1665 2485 1720 Nos
2524 1666 2705 1739 itaque
2734 1670 2823 1740 qui
2860 1670 2995 1726 nihil
3036 1672 3090 1726 iu
3134 1673 3431 1729 Auctorum
3464 1683 3611 1730 textu
3641 1676 3755 1732 sine
3780 1692 3878 1732 ma-

2307 1758 2571 1829 nuscripti
2597 1760 2826 1832 alicujus
2855 1763 2983 1827 ﬁde,
3014 1775 3104 1819 aut
3134 1776 3278 1821 certa
3309 1767 3538 1822 omnino
3558 1768 3880 1839 evidentique

601 1858 715 1914 Deo
755 1855 1052 1925 conditum,
1096 1856 1191 1913 sed
1230 1858 1404 1927 ipsum
1447 1857 1610 1912 etiam
1652 1856 1924 1911 hominem
1973 1854 2071 1925 ipsi
2114 1869 2202 1909 ac-
2234 1866 2281 1927 Β
2309 1851 2622 1921 probatione
2659 1857 2857 1911 mutari
2916 1858 3205 1925 volumus,
3255 1859 3484 1927 horum,
3512 1861 3559 1915 si
3599 1862 3883 1932 incorrupta

600 1960 816 2023 ceptum
846 1950 1075 2016 referre,
1114 1950 1258 2021 quod
1297 1950 1388 2015 sit,
1420 1950 1563 2021 quod
1602 1951 1764 2005 homo
1790 1949 2023 2017 dicatur,
2056 1947 2199 2020 quod

601 2044 773 2115 spiret
795 2043 1036 2119 etsvivat.
1062 2042 1196 2098 Cum
1218 2058 1349 2114 ergo
1371 2042 1666 2098 Arnobium
1690 2041 1792 2097 sibi
1818 2044 2043 2112 turpiter
2064 2058 2198 2097 con-

597 2137 887 2193 tradixisse
927 2136 1135 2194 nemini
1173 2136 1435 2192 credibile
1477 2137 1590 2203 ﬁat,
1636 2153 1815 2193 nonne
1852 2138 2047 2193 merito
2094 2138 2200 2194 dici

592 2238 777 2301 potest
807 2230 957 2285 illum
986 2228 1277 2300 prioribus,
1310 2244 1430 2299 quae
1458 2228 1714 2295 citantur,
1749 2230 1927 2285 verbis
1953 2228 2199 2285 ethnicos

592 2338 705 2380 non
745 2323 873 2389 alio,
906 2338 1067 2394 quam
1109 2322 1467 2393 ipsorummet
1507 2321 1689 2392 gladio
1725 2322 1992 2393 jugulare,
2037 2332 2197 2391 atque

592 2433 661 2472 ex
695 2415 869 2483 falsis,
907 2414 1102 2484 quibus
1138 2414 1334 2470 imbuti
1378 2425 1556 2480 erant,
1588 2430 1898 2486 Oppugnare
1926 2415 2197 2485 opinioni-

596 2508 741 2566 bus?
775 2507 1051 2564 Docebant
1080 2507 1346 2579 siquidem
1390 2507 1601 2562 animas
1643 2520 1853 2563 nostras
1881 2507 2047 2563 divini
2076 2524 2197 2564 esse

593 2602 837 2674 generis,
866 2616 1070 2672 easque
1096 2602 1166 2655 ab
1192 2601 1288 2656 illo
1317 2599 1509 2655 missas
1537 2600 1587 2655 in
1622 2600 1763 2656 hunc
1793 2601 2073 2670 mundum,
2103 2603 2196 2658 ubi

594 2697 840 2769 pristinae
882 2710 1219 2766 summaeque
1257 2693 1533 2764 dignitatis
1571 2694 1784 2764 penitus
1822 2694 2190 2762 immemores,

597 2793 923 2867 quibuslibet
960 2790 1356 2849 calamitatibus
1400 2789 1711 2846 cruciantur
1761 2800 1817 2847 et
1868 2791 2189 2847 obruuntur.

593 2888 729 2957 Quis
758 2887 939 2958 itaque
968 2884 1070 2941 sibi
1098 2884 1241 2940 haud
1273 2899 1418 2956 aegre
1438 2883 1762 2955 persuadeat
1790 2883 2097 2940 Arnobium‘
2122 2883 2193 2939 ibi

590 2980 852 3037 adversus
884 2977 1146 3033 Ethnicos
1186 2992 1254 3032 ex
1297 2975 1427 3031 falsa
1469 2976 1685 3032 illorum
1732 2976 1989 3047 opinione
2029 2993 2190 3050 argu-

588 3077 818 3133 mentari
850 3092 865 3131 :
900 3074 995 3132 sed
1025 3074 1175 3141 alibi,
1220 3074 1363 3155 sicut
1403 3089 1526 3129 mox
1573 3074 2003 3140 observavimus,
2036 3091 2188 3131 suam

589 3176 892 3249 explicasse
929 3173 1279 3241 sententiam,
1312 3174 1597 3245 palamque
1625 3188 1971 3230 asseverasse
2012 3173 2190 3229 homi-

576 3284 710 3327 nem
740 3284 770 3323 a
802 3267 916 3323 Deo
947 3282 1136 3322 revera
1165 3264 1334 3320 fuisse
1361 3266 1644 3320 creatum?

651 3360 735 3416 Ad
768 3359 1022 3415 miseram
1045 3371 1176 3412 vero
1207 3354 1443 3410 hominis
1467 3355 1835 3413 conditionem
1864 3358 2007 3428 quod
2060 3358 2185 3413 atti-

578 3464 697 3522 net,
725 3468 844 3509 eam
876 3464 1115 3522 quoque,
1172 3456 1359 3517 utpote
1389 3447 1455 3501 ad
1484 3458 1763 3518 peccatum
1796 3463 1894 3503 nos
1919 3449 2187 3504 inclinan-

579 3556 692 3603 tem
725 3585 741 3611 ,
799 3542 962 3598 deﬁet
1006 3539 1321 3610 Apostolus.
1355 3537 1463 3593 Sed
1496 3536 1612 3593 haec
1654 3544 1946 3610 propensio
1984 3557 2088 3594 non
2118 3556 2183 3596 ex

584 3639 727 3702 Deo,
758 3634 855 3692 sed
886 3650 952 3688 ex
981 3632 1139 3703 primi
1186 3629 1421 3686 hominis
1454 3642 1676 3700 peccato
1708 3631 1983 3699 profluxit.
2011 3632 2186 3687 Cante-

579 3748 706 3787 rum
738 3727 1012 3785 Arnobius
1042 3741 1149 3781 non
1181 3723 1310 3779 vitia
1334 3733 1388 3779 et
1418 3732 1640 3794 peccata
1667 3723 1740 3778 ibi
1768 3734 2054 3793 memorat,
2088 3726 2185 3781 sed

579 3837 853 3880 aerumnas
873 3830 928 3876 et
949 3818 1249 3881 molestias,
1272 3832 1392 3888 qua:
1422 3817 1524 3872 etsi
1553 3834 1581 3871 a
1611 3818 1787 3886 primo
1810 3817 2044 3874 hominis
2063 3834 2185 3889 pec-

583 3923 707 3987 cato
738 3912 1154 3978 emanaverint;
1189 3924 1317 3967 vera
1355 3918 1554 3972 tamen,
1585 3919 1644 3963 ut
1666 3925 1826 3980 supra
1853 3927 1923 3966 ex
1953 3911 2186 3982 ipsemet

586 4008 832 4066 Arnobio
860 4004 1196 4062 ostendimus
1224 4002 1416 4075 (κυρίη,
1447 4019 1563 4072 cap.
1586 3999 1672 4074 4),
1705 4019 1811 4057 non
1840 4011 1967 4057 sunt
1997 4003 2135 4058 mala
2165 4044 2182 4071 ,

582 4100 681 4158 sed
701 4102 901 4157 bonum
922 4095 1083 4153 etiam
1106 4102 1365 4150 mternum
1388 4092 1525 4150 bene
1547 4093 1824 4150 utentibus
1857 4110 2042 4150 creare
2060 4109 2183 4165 pos—

589 4203 735 4251 sunt.

660 4288 896 4344 Rursum
924 4291 1103 4339 tamen
1140 4280 1424 4350 insurgunt
1452 4277 1884 4334 Elmenhorstius
1913 4288 1967 4335 et
1995 4278 2183 4334 lleral-

587 4383 711 4448 dus,
745 4379 1008 4449 nobisque
1035 4374 1308 4446 objectaut
1353 4371 1647 4427 Arnobium
1674 4371 1976 4427 asseruisse
2002 4372 2180 4426 homi-

581 4493 708 4535 nem
742 4469 977 4531 naturali
1002 4467 1315 4524 inﬁrmitate
1342 4479 1590 4535 peccare,
1625 4478 1730 4519 non
1760 4478 1890 4519 vero
1916 4464 2183 4520 electione

581 4566 901 4628 voluntatis.
929 4560 1201 4619 Christum
1230 4558 1508 4614 enimvero
1538 4556 1692 4612 bonis
1720 4556 1982 4626 malisque
2003 4557 2181 4626 opitu—

2306 1943 2446 2010 sint,
2500 1945 2725 2002 Arnobii
2762 1948 3049 2004 verborum
3087 1951 3256 2006 alium
3302 1954 3531 2008 omnino
3570 1954 3885 2024 suspicamur

2303 2050 2424 2092 esse
2443 2051 2685 2095 sensum.
2715 2041 2773 2096 In
2796 2056 2983 2097 eorum
3014 2044 3296 2101 enimvero
3336 2046 3657 2116 opinionem
3684 2048 3884 2119 pedibus

2300 2129 2531 2186 libenter
2553 2132 2769 2200 ibimus,
2797 2135 2889 2205 qui
2916 2135 3268 2205 probaverint
3294 2154 3497 2196 nomen
3524 2140 3658 2195 illud
3680 2150 3887 2212 peccato-

2299 2239 2405 2277 rem
2429 2222 2510 2281 'ab
2538 2227 2782 2283 Arnobio
2829 2230 2993 2296 sumi,
3045 2246 3151 2286 non
3183 2232 3367 2303 utique
3398 2232 3470 2290 ad
3500 2233 3885 2306 signiﬁcandum

2300 2316 2575 2374 hominem
2597 2362 2612 2387 ,
2646 2321 2738 2391 qui
2770 2321 2971 2393 aliquid
3003 2335 3192 2380 contra
3220 2324 3466 2381 divinam
3494 2327 3610 2398 agit
3630 2327 3815 2398 legem,
3834 2340 3889 2381 ac

2301 2420 2579 2480 peccatum
2615 2416 2830 2485 proprie
2846 2416 3047 2472 dictum
3077 2417 3350 2487 admittit,
3377 2420 3479 2476 sed
3506 2421 3777 2478 hominem
3804 2421 3881 2491 qui

2297 2505 2526 2559 naturali
2552 2506 2862 2564 inﬁrmitate
2905 2511 2972 2565 ad
3020 2521 3301 2581 peccatum
3334 2525 3392 2569 et
3423 2514 3623 2571 vitium
3658 2515 3891 2589 proclivis

2295 2604 2396 2650 est.
2429 2596 2561 2652 Eam
2587 2612 2717 2654 vero
2743 2615 2865 2657 esse
2896 2601 3037 2658 illius
3082 2607 3413 2661 sententiam
3444 2606 3576 2665 inde
3599 2608 3787 2665 conﬁci
3811 2623 3889 2677 po.

2296 2695 2416 2755 test,
2451 2691 2594 2759 quod
2621 2691 2732 2760 ille,
2757 2693 2913 2750 sicuti
2941 2697 3104 2764 paulo
3116 2709 3275 2754 antea
3301 2704 3885 2776 annotavimus(supr.,

2297 2779 2410 2835 hoc.
2437 2798 2554 2853 cap.
2581 2793 2684 2840 art.
2714 2785 2805 2858 4),
2840 2786 3199 2847 disertissime
3251 2798 3666 2853 asseveraverit
3707 2794 3890 2852 nemini

2290 2874 2401 2928 vim
2431 2890 2459 2929 a
2490 2875 2600 2931 Deo
2626 2877 2833 2946 inferri,
2858 2895 3047 2936 omnes
3073 2897 3339 2952 prorsusa
3371 2886 3602 2943 Christo
3629 2887 3888 2961 mqualiter

2292 2970 2494 3037 vocari,
2522 2985 2586 3027 ac
2616 2971 2831 3028 liberari
2853 3016 2869 3041 ,
2902 2976 3176 3033 neminem
3202 2981 3270 3032 ab
3295 2980 3419 3050 ejus
3442 2981 3777 3053 indulgentia
3799 2998 3880 3037 ex-

2289 3065 2451 3145 cludi,
2481 3066 2769 3139 datamque
2794 3069 3045 3126 omnibus
3073 3071 3301 3128 liberam
3328 3076 3535 3146 agendi
3558 3086 3886 3148 potestatem.

2289 3158 2629 3231 Quapropter
2654 3172 2922 3220 errantem
2950 3163 3222 3223 hominem
3245 3166 3398 3224 hisce
3427 3171 3845 3242 corripitverbis
3869 3187 3883 3223 :

2210 3252 2255 3315 C
2293 3267 2314 3302 ί
2351 3250 2431 3306 Tu
2451 3254 2539 3322 qui
2569 3262 2621 3307 te
2645 3255 2803 3321 verti,
2821 3265 2876 3311 et
2902 3256 3007 3318 vim
3027 3256 3301 3315 desideras
3331 3263 3578 3334 perpeti,
3605 3274 3666 3319 ut
3686 3263 3737 3319 id
3760 3261 3888 3333 quod

2287 3343 2427 3398 nolis
2465 3342 2668 3401 efﬁcias
2699 3389 2713 3412 ,
2743 3354 2902 3417 atque
2947 3348 3176 3419 arripias
3214 3363 3483 3421 coactus;
3536 3371 3638 3413 cur
3682 3355 3874 3427 respuis

2287 3453 2567 3495 assumere
2595 3441 2869 3498 voluntate
2894 3443 2970 3511 id,
2995 3446 3139 3516 quod
3179 3462 3372 3505 versus
3405 3450 3726 3520 desideras,
3748 3462 3889 3521 atque

2290 3532 2602 3589 immutatus
2627 3532 2890 3593 efﬁcere?
2917 3537 3072 3605 Nolo,
3093 3540 3265 3612 inquit
3285 3584 3299 3606 ,
3329 3550 3390 3597 et
3422 3544 3767 3602 voluntatem
3796 3559 3884 3598 non

2290 3626 2481 3683 habeo.
2514 3629 2653 3697 Quid
2700 3645 2829 3702 ergo
2874 3633 3180 3690 criminaris
3227 3636 3423 3703 Deum,
3482 3648 3761 3711 tamquam
3806 3636 3886 3693 tibi

2289 3719 2472 3775 desit?
2499 3718 2669 3791 Opem
2698 3723 2978 3781 desideras
3014 3726 3109 3782 tibi
3136 3727 3299 3796 ferre,
3345 3731 3515 3802 cujus
3538 3733 3683 3789 dona
3712 3742 3764 3788 et
3789 3746 3887 3787 mu-

2289 3826 2415 3866 nera
2443 3827 2549 3867 non
2567 3821 2769 3869 tantum
2795 3820 3103 3887 asperneris
3130 3861 3169 3887 ,,
3190 3834 3378 3875 verum
3411 3822 3605 3880 inania
3633 3824 3795 3882 verba
3814 3838 3889 3880 co-

2288 3905 2570 3974 gnomines
2595 3916 2650 3961 et
2676 3907 3010 3977 jocularibus
3048 3909 3261 3967 facetiis
3289 3919 3695 3997 prosequaris?
3731 3937 3749 3971 ι
3782 3917 3881 3983 (Ar-

2288 4003 2446 4071 nob.,
2502 4004 2590 4060 lib.
2631 4021 2691 4074 ιι,
2722 4024 2844 4080 pag.
2887 4009 3001 4081 89.)
3029 4011 3299 4084 Numquid
3357 4014 3487 4073 haec
3537 4019 3691 4075 illius
3748 4016 3889 4074 verba

2287 4105 2432 4160 sunt,
2463 4097 2553 4168 qui
2582 4097 2856 4157 hominem
2885 4102 3111 4159 inﬁrmm
3158 4114 3364 4161 naturas
3401 4125 3528 4166 suae
3583 4112 3888 4169 necessitate

2285 4203 2512 4258 peccare
2569 4194 2820 4247 asserat?
2876 4194 3042 4252 immo
3090 4212 3221 4253 vero
3268 4198 3572 4269 scriptoris
3624 4200 3889 4261 orthodoxi

2284 4279 2427 4336 hunc
2445 4296 2690 4338 errorem
2722 4286 2910 4354 procul
2938 4288 3157 4343 omnino
3196 4292 3583 4352 amandantis.
3613 4297 3750 4354 Cum
3780 4309 3887 4367 ergo

2283 4374 2578 4431 verisimile
2605 4392 2711 4433 non
2754 4378 2826 4435 sit
2854 4381 3154 4439 Arnobium
3184 4386 3286 4442 sibi
3318 4388 3429 4458 ipsi
3461 4393 3700 4450 omnino
3722 4392 3889 4449 adver-

2283 4469 2413 4533 sari,
2449 4468 2658 4539 objecta
2684 4470 2752 4526 ab
2779 4471 3182 4533 Elmenhorstio
3211 4478 3355 4535 illius
3388 4485 3593 4555 verba,
3649 4487 3718 4542 ad
3757 4486 3885 4541 illum

2283 4561 2642 4631 proculdubio
2676 4579 2892 4621 sensum
2944 4570 3249 4628 revocanda
3277 4587 3444 4644 sunt,
3483 4596 3604 4652 quo
3632 4580 3887 4638 hominem

578 4664 681 4722 ιπί
711 4661 855 4719 hunc
879 4656 972 4713 ille
998 4651 1191 4726 probat
1221 4651 1273 4705 iu
1302 4648 1522 4748 modum
1558 4666 1571 4701 :
1596 4666 1623 4748 ι
1647 4645 1761 4748 Hoc
1790 4657 1875 4748 est
1896 4648 2175 4720 proprium
2204 4647 2259 4711 D
2283 4654 2349 4709 ad
2379 4665 2655 4725 peccatum
2686 4660 2917 4717 naturali
2949 4661 3259 4725 inﬁrmitate
3288 4645 3647 4743 propensum
3672 4683 3885 4748 peccato-

584 4761 683 4817 Dei
704 4756 843 4821 veri,
888 4748 1254 4822 potentiaeque
1305 4742 1502 4814 regalis
1535 4782 1551 4808 ,
1594 4740 1981 4811 benignitatem
2024 4757 2176 4797 suam

579 4865 785 4923 negare
821 4844 994 4911 nulli,
1027 4856 1128 4897 nec
1162 4845 1416 4908 reputare
1442 4836 1563 4907 quis
1594 4843 1901 4902 mereatur,
1955 4845 2049 4891 aut
2076 4836 2179 4891 mi-

554 4942 757 5008 nime;
787 4953 911 4995 cum
936 4931 1196 4990 naturalis
1221 4927 1504 4984 inlirmitas
1527 4935 1865 4998 peccatorem
1899 4926 2173 4984 hominem

583 5026 764 5101 faciat,
799 5045 905 5086 non
933 5024 1222 5082 voluntatis
1246 5064 1261 5090 ,
1289 5037 1384 5077 seu
1409 5021 1703 5094 (manuscr.
1735 5021 1859 5077 cod.
1894 5038 2006 5094 reg.
2061 5024 2172 5094 sed)

577 5123 918 5189 ludicationis
969 5120 1186 5177 electio.
1227 5137 1244 5170 ι
1278 5115 1522 5191 (Arnob.,
1555 5117 1645 5170 lib.
1678 5133 1714 5180 ι,
1746 5135 1865 5189 pag.
1891 5117 2169 5188 29.)Qui-

573 5228 676 5284 bus
701 5236 832 5279 sane
859 5214 1035 5273 verbis
1066 5221 1214 5284 putat
1241 5210 1504 5266 Heraldus
1541 5210 1722 5266 abillo
1753 5211 2041 5282 signiﬁcari
2071 5211 2170 5268 ho-

571 5322 775 5379 minem
807 5329 908 5371 uec
946 5309 1086 5367 velle
1117 5307 1315 5363 malum
1348 5348 1364 5373 ,
1418 5319 1517 5359 nec
1555 5304 1784 5375 eligere,
1812 5306 1906 5362 sed
1934 5309 2166 5364 naturali

569 5414 811 5473 caecitate
839 5406 893 5463 id
917 5404 1161 5478 judicare
1191 5400 1414 5463 bonum,
1437 5395 1578 5468 quod
1612 5412 1806 5453 revera
1836 5400 2036 5455 malum
2057 5411 2162 5457 est.

565 5508 758 5565 Nonne
795 5516 927 5573 ergo
970 5494 1242 5554 Arnobius
1280 5497 1429 5546 recte
1463 5489 1702 5560 arguitur
1746 5490 1798 5544 in
1844 5488 1987 5548 hunc
2023 5508 2161 5563 quo-

567 5599 812 5658 rumdam
842 5603 1085 5652 veterum
1116 5582 1565 5660 philosophorum
1597 5598 1837 5638 errorem
1871 5584 2158 5655 incidisse,

566 5708 729 5770 quem
753 5687 1067 5748 Lactantius
1094 5684 1180 5739 his
1202 5678 1380 5736 verbis
1415 5676 1621 5734 notaVit
1649 5676 1672 5731 ?
1733 5695 1751 5729 ι
1792 5677 1987 5732 Dicunt
2016 5694 2111 5735 eos
2139 5723 2155 5746 ,

563 5791 656 5861 qui
682 5787 807 5845 mali
826 5784 1131 5841 videantur,
1158 5792 1263 5832 non
1293 5789 1386 5830 sua
1410 5781 1601 5844 sponte
1620 5784 1864 5842 peccare,
1897 5785 1998 5826 nec
2017 5771 2153 5829 mala

2283 4765 2387 4804 rem
2419 4750 2767 4822 nuncupavit.

2870 4893 3100 4953 CAPUT
3132 4897 3270 4956 Vlll.

2373 4999 2451 5056 De
2467 5017 2670 5058 summa
2697 5002 2889 5062 Christi
2915 5009 3180 5066 divinitate
3201 5022 3250 5068 et
3286 5014 3695 5079 incarnationis
3720 5024 3827 5095 ejus

2927 5106 3188 5175 mysterio.

2803 5234 3101 5277 ARTICULUS
3129 5239 3341 5283 PRIMUS.

2269 5322 2423 5383 Quam
2449 5326 2618 5381 validis
2642 5335 2948 5404 argumentis
2968 5333 3211 5389 Arnobius
3231 5355 3538 5404 supremam
3565 5349 3756 5404 Christi
3778 5351 3885 5401 divi-

2685 5398 2891 5447 nitatem
2914 5408 3103 5451 asserat
3135 5408 3188 5452 et
3212 5398 3459 5458 vindicet.

2338 5496 2506 5554 Tanta
2541 5502 2813 5560 Arnobius
2863 5508 3248 5578 perspicuitate
3277 5520 3332 5567 et
3373 5518 3682 5578 evidentia
3711 5534 3882 5593 supre-

2268 5605 2408 5645 mam
2440 5593 2530 5648 ﬁlii
2548 5594 2639 5651 Dei
2667 5596 2872 5653 Christi
2906 5599 3109 5656 domini
3141 5603 3501 5664 divinitatem
3557 5616 3801 5677 asserit,
3831 5619 3881 5665 ut

2260 5682 2391 5739 illud
2420 5701 2449 5739 a
2475 5690 2710 5755 nemine,
2739 5691 2841 5747 nisi
2858 5701 3042 5749 mente
3064 5706 3242 5766 capto,
3266 5696 3349 5752 vel
3381 5699 3719 5765 incredibili
3740 5720 3881 5777 pror-

2259 5791 2351 5871 sus
2403 5779 2707 5871 pervicacia
2762 5785 3038 5841 obcaecato
3086 5790 3255 5859 possit
3320 5806 3605 5867 umquam
3684 5796 3875 5871 negari.

565 5882 745 5962 potius
767 5879 969 5955 eligere
996 5915 1013 5949 ,
1044 5870 1142 5932 sed
1176 5870 1438 5928 bonorum
1467 5864 1648 5942 specie
1674 5863 1857 5936 lapsos
1876 5905 1891 5933 ,
1908 5861 2149 5924 incidere
2255 5865 2417 5929 Menti
2444 5879 2623 5931 autem
2648 5874 2765 5948 ejus
2791 5891 2951 5950 quam
2970 5879 3078 5939 alte
3103 5881 3325 5940 inﬁxum
3345 5861 3879 5968 Ιαέιοίιριιωείρῖωω
