3980 6282
81 401 194 457 465

1287 403 1352 459 ΙΝ
1391 403 1760 473 ARNOBIUM,
1802 406 1951 463 CAP.
1999 407 2127 464 VIII.

3270 421 3377 477 ltili

78 515 210 572 illud
241 515 557 573 christiana:
605 517 884 589 religionis
912 518 1292 574 documentum
1318 565 1331 586 ,
1367 520 1490 575 inde
1523 521 1679 590 plane
1708 525 1754 582 Α
1783 524 1943 578 velim
1981 543 1993 580 :
2035 543 2053 576 ι
2075 526 2319 591 Etiamsi,
2353 545 2371 579 ι
2402 528 2590 600 inquit,
2631 548 2648 581 ι
2678 540 2824 587 esset
2852 531 2902 586 id
2927 547 3134 599 verum,
3161 533 3292 589 locis
3320 545 3378 590 ut

81 608 302 681 colliges
332 652 346 673 ,
389 609 532 681 quod
566 609 617 666 id
649 626 747 667 nec
774 609 1114 676 Christianis,
1150 627 1248 666 nec
1279 612 1523 668 Ethnicis
1553 613 1681 682 ipsis

77 721 134 761 se
181 721 439 776 umquam
472 707 603 762 satis
643 706 844 763 dixisse
889 717 944 762 et
997 707 1296 763 inculcasse
1348 707 1448 762 sibi
1498 707 1680 764 videa-

77 808 178 852 tur.
211 796 461 855 Gentiles
493 801 771 854 enimvero
796 798 1074 866 audacter,
1102 801 1176 853 uti
1212 800 1302 854 ille
1333 798 1473 854 haud
1505 799 1677 854 semel

75 895 263 960 edixit,
311 894 648 966 objiciebant
691 894 821 950 deos
871 910 999 950 suos
1049 910 1154 949 non
1206 894 1328 951 ideo
1369 894 1678 949 cbristiauis

71 1002 191 1042 esse
222 987 475 1054 infestos,
515 1007 534 1040 ι
563 987 704 1059 quod
735 990 1157 1059 omnipotentem
1192 989 1358 1042 Deum
1389 988 1632 1043 colerent
1658 1029 1673 1055 ,

69 1081 184 1145 sed,
210 1081 360 1152 quod
397 1082 666 1137 hominem
692 1093 897 1147 natum,
931 1083 1214 1153 crucisque
1243 1083 1504 1153 supplicio
1537 1084 1675 1138 inte-

68 1186 366 1244 remptum,
393 1184 443 1228 et
460 1174 621 1228 Demu
639 1173 823 1240 fuisse,
844 1187 895 1229 et
915 1176 1087 1228 adlmc
1106 1191 1420 1244 superesse»
1436 1175 1667 1241 (Aruob.,

69 1267 154 1320 lib.
212 1282 254 1333 ι,
294 1285 418 1338 pag.
459 1265 552 1337 19)
598 1268 910 1333 crederent,
961 1284 1022 1324 ac
1071 1269 1310 1337 quotidie
1360 1269 1667 1324 adorarent.

65 1359 254 1431 Neque
289 1360 342 1414 id
372 1359 478 1414 illis
505 1360 638 1414 vitio
680 1371 883 1415 tantum
936 1361 1217 1416 vertebant
1244 1404 1259 1426 ,
1310 1361 1402 1417 sed
1430 1363 1500 1416 ob
1529 1361 1668 1416 hanc

63 1468 292 1524 quoque
321 1454 708 1509 confessionem
739 1454 884 1526 ipsos
921 1454 1248 1525 quibuslibet
1273 1455 1550 1525 suppliciis
1573 1471 1667 1510 ex-

63 1547 460 1602 carniﬁcahaot
492 1548 955 1618 trucidabantque.
990 1550 1240 1604 Animum
1272 1551 1448 1621 itaque
1476 1551 1664 1606 nobis-

60 1656 184 1695 cum
223 1641 372 1695 serio
400 1640 620 1696 adverte
651 1641 775 1712 quid
804 1642 1074 1697 Arnobius
1102 1643 1218 1697 bzec
1235 1659 1526 1715 numquam
1559 1661 1663 1698 non

71 1733 384 1787 tabularum
415 1748 566 1789 more
593 1733 1012 1790 vociferantibus
1055 1737 1409 1806 respondeat,
1444 1746 1496 1793 et
1535 1753 1666 1793 con-

58 1824 241 1880 festim
274 1827 544 1897 intelliges
572 1843 729 1898 quam
777 1839 965 1898 aperte
995 1840 1048 1884 et
1074 1841 1221 1885 certo
1253 1846 1431 1886 veram
1463 1829 1664 1888 Christi

1785 615 1837 668 in
1868 616 2238 683 superioribus
2267 618 2468 675 dictum
2501 630 2602 684 est,
2636 632 2812 678 tamen
2836 641 2932 694 pro
2961 627 3160 689 multis.
3184 635 3239 682 et
3266 636 3377 684 tam

1781 708 2091 765 liberalibus
2119 711 2294 779 donis,
2327 731 2444 784 qua:
2472 716 2538 770 ab
2565 731 2631 772 eo
2663 717 2901 787 profecta
2933 720 2983 773 in
3023 720 3176 775 nobis
3204 733 3326 776 sunt
3355 761 3374 786 ,

1782 801 1924 855 Deus
1953 801 2311 859 dicideberet.
2346 806 2477 861 Cum
2506 826 2634 863 vero
2665 811 2802 865 Deus
2825 813 2896 865 sit
2922 827 2979 867 re
2993 823 3229 881 certa,et
3251 816 3372 870 sine

1780 894 1937 948 ullius
1960 895 2036 950 rei
2066 897 2408 954 dubitationis
2430 899 2523 974 (ita
2547 901 2598 956 in
2629 906 2992 975 manuscripto
3021 907 3208 962 codice
3224 909 3372 979 regio

1777 985 1994 1060 legitur)
2023 979 2274 1061 ambiguo
2296 1035 2310 1057 ,
2342 994 2678 1050 inliciaturos
2708 997 3042 1052 arbitramini
3067 1016 3165 1054 nos
3192 1017 3314 1057 esse
3344 1045 3359 1068 ,

1777 1097 1934 1151 quam
1965 1087 2196 1141 maxime
2228 1087 2375 1142 illmn
2399 1104 2427 1142 a
2459 1089 2614 1144 nobis
2643 1092 2767 1157 coli,
2800 1102 2852 1147 et
2885 1095 3166 1164 praesidem
3201 1098 3369 1151 nostri

1776 1181 2021 1248 corporis
2064 1185 2400 1250 nuncupari?
2427 1184 2660 1256 Ergone,
2704 1188 2903 1258 inquiet
2931 1190 3119 1258 aliquis
3148 1188 3328 1245 furens
3354 1234 3369 1259 ,

1774 1272 1942 1326 iratus
1984 1285 2036 1328 et
2081 1279 2338 1345 percitus,
2397 1279 2537 1333 Deus
2569 1280 2657 1334 ille
2679 1291 2761 1335 est
2788 1281 3066 1336 Christus?
3095 1282 3234 1336 Deus
3257 1299 3371 1337 res-

1774 1368 2154 1436 pondebimus,
2203 1383 2254 1425 et
2324 1373 2640 1428 interiorum
2697 1378 3056 1444 potentiarum
3101 1379 3241 1432 Deus
3274 1395 3288 1432 ε
3321 1387 3375 1432 et

1772 1461 1913 1528 quod
1943 1464 2112 1533 magis
2141 1465 2335 1520 infidos
2374 1467 2738 1522 acerbissimis
2766 1469 3043 1525 doloribus
3073 1481 3320 1540 torqueat
3351 1516 3365 1532 .

1771 1553 1846 1606 rei
1897 1555 2143 1609 maxima:
2191 1572 2348 1612 causa
2403 1573 2433 1612 a
2481 1575 2691 1613 summo
2727 1577 2851 1631 rege
2889 1563 3102 1616 missus.
3142 1581 3160 1614 ›
3209 1562 3369 1617 Vides

1774 1644 2012 1712 profecto
2039 1649 2309 1718 quomodo
2342 1650 2432 1704 ille
2463 1651 2541 1704 bis
2581 1661 2768 1722 terque
2799 1667 3028 1724 repetat,
3057 1665 3112 1710 et
3133 1656 3366 1710 inculcet

1771 1735 2044 1793 Christum
2101 1757 2204 1794 non
2255 1744 2470 1798 nomine
2501 1753 2655 1799 tenus
2686 1755 2738 1799 et
2760 1747 3143 1817 appellatione,
3178 1748 3272 1803 sed
3306 1764 3365 1803 re

1771 1840 1938 1896 certa,
1996 1840 2152 1902 atque
2184 1834 2286 1887 ulla
2315 1835 2518 1904 absque
2548 1836 2878 1892 dubitatione
2908 1839 2987 1892 vel
3016 1840 3362 1910 ambiguitate

57 1919 402 1975 divinitatem
439 1921 830 1990 praedicaverit.
863 1922 1000 1990 Quid
1029 1925 1194 1988 enim,
1227 1925 1454 1981 obsecro
1483 1935 1555 1992 te,
1587 1926 1663 1980 fa-
1696 1913 1742 1971 B
1773 1938 1955 1978 verum
2003 1941 2123 1980 esse
2174 1927 2341 1982 Demn
2369 1931 2611 2000 corporis
2643 1929 2810 1984 nostri
2843 1931 3121 2001 praesidem
3143 1977 3156 1999 ,
3202 1942 3256 1987 et
3278 1935 3360 1987 in-

57 2011 220 2064 cilius
239 2013 654 2084 promptiusque
681 2015 758 2070 illi
784 2027 920 2084 erat,
941 2033 1098 2086 quam
1124 2018 1450 2088 respondere
1469 2019 1660 2075 Chris-

55 2114 160 2158 tum
195 2121 305 2160 non
336 2122 466 2161 vere
493 2123 556 2162 ac
591 2111 806 2180 proprie
837 2153 852 2180 ,
913 2110 1006 2166 sed
1035 2115 1419 2185 metonymice,
1475 2125 1529 2169 et
1556 2116 1657 2170 im-

52 2200 274 2268 proprie
307 2199 475 2254 Deum
503 2215 532 2255 a
556 2202 862 2257 cbristiauis
887 2203 1036 2258 credi
1069 2214 1122 2258 et
1151 2207 1452 2275 appellari?
1481 2207 1555 2262 Ea
1584 2209 1660 2262 si-

53 2291 271 2368 quidem
315 2292 535 2348 cuilibet
561 2295 714 2350 obvia
743 2298 1094 2366 responsione
1128 2297 1329 2354 Ethicis
1353 2316 1414 2354 os
1439 2301 1654 2370 penitus

50 2386 392 2442 occlusisset.
423 2387 527 2444 Sed
557 2397 759 2443 tantum
788 2390 961 2457 abest,
993 2403 1048 2445 ut
1080 2408 1197 2446 eam
1236 2394 1505 2460 adhibeat,
1527 2397 1654 2466 quin

48 2479 224 2548 ipsum
273 2477 552 2534 Christum
585 2497 765 2535 verum
800 2483 966 2537 Deum
996 2499 1116 2538 esse
1164 2485 1288 2540 inde
1317 2485 1653 2543 demonstrat

51 2569 245 2639 (Ibid.,
275 2588 400 2642 pag.
435 2571 551 2643 21).
591 2573 733 2642 quod
755 2589 961 2628 summa
991 2589 1044 2630 et
1070 2576 1349 2632 innumera
1395 2580 1653 2635 beneficia

47 2665 309 2718 omnibus
333 2666 618 2736 :eqnaliter
656 2667 960 2722 hominibus
1011 2671 1298 2726 contulerit
1328 2689 1340 2723 :
1380 2691 1397 2721 ι
1431 2672 1541 2729 Hoc
1571 2683 1654 2730 est

45 2760 216 2825 enim,
258 2778 278 2810 ι
317 2760 489 2830 inquit
522 2759 710 2832 (lbid.,
741 2780 859 2832 pag.
896 2763 1008 2833 ‘29),
1041 2783 1058 2814 ι
1097 2767 1369 2835 proprium
1401 2768 1490 2822 Dei
1516 2771 1646 2836 veri,

47 2855 423 2924 potentiieque
453 2857 668 2926 regalis,
700 2857 1078 2927 benignitatem
1107 2874 1256 2912 suam
1281 2874 1478 2930 negare
1495 2862 1646 2928 nulli,

42 2965 136 3004 nec
172 2960 438 3019 reputare
468 2951 588 3021 quis
628 2960 920 3012 mereatur,
952 2962 1041 3007 aut
1070 2953 1311 3008 minime.
1353 2977 1369 3005 ι
1403 2955 1532 3023 Qua:
1554 2972 1650 3012 au-

41 3053 142 3097 tem
197 3059 264 3098 ea
315 3045 425 3098 sint
469 3045 702 3100 breviter
731 3047 963 3117 attingit,
997 3057 1156 3117 atque
1216 3048 1346 3102 illud
1382 3050 1648 3119 imprimis

44 3146 362 3200 memorat,
418 3137 560 3205 quod
607 3137 853 3194 Christus
907 3139 1154 3196 homines
1186 3145 1252 3196 ab
1289 3145 1564 3199 erroribus
1594 3155 1648 3200 et

42 3231 168 3286 falsa
205 3231 475 3302 religione
503 3232 568 3287 ad
616 3249 794 3288 veram
831 3234 1148 3299 traduxerit,
1182 3251 1382 3308 eosque
1405 3238 1649 3294 docuerit

1768 2016 2025 2071 teriorum
2057 2021 2437 2088 potentiorum,
2466 2023 2566 2078 hoc
2583 2032 2684 2090 est,
2717 2024 2879 2078 animi
2905 2025 3071 2078 nostri
3098 2019 3365 2082 omnium-

1764 2125 1870 2178 que
1897 2109 2209 2167 facultatum
2243 2114 2359 2182 ejus
2394 2115 2582 2169 Deum.
2607 2114 2703 2170 Cui
2721 2126 2920 2182 autem,
2939 2117 3130 2172 amabo
3148 2127 3221 2184 te,
3245 2117 3360 2172 haec

1763 2203 1961 2268 omnia,
1997 2204 2097 2258 nisi
2127 2222 2338 2261 summo
2371 2208 2477 2263 Deo
2505 2209 2858 2279 competunt?

1834 2300 1986 2368 Quod
2035 2310 2211 2353 autem
2261 2298 2468 2355 addidit
2495 2319 2509 2357 :
2540 2303 2613 2356 rei
2653 2303 2892 2356 maxime:
2919 2319 3073 2357 causa
3102 2321 3133 2357 (ι
3158 2321 3357 2357 summo

1759 2407 1874 2462 rege
1896 2393 2096 2454 missus,
2125 2390 2208 2445 his
2235 2407 2365 2446 sane
2393 2393 2570 2448 verbis
2616 2393 2721 2447 n'on
2767 2394 3050 2462 signiﬁcat,
3085 2393 3355 2450 Christum

1759 2497 1881 2538 esse
1926 2482 2234 2538 inferiorem
2265 2527 2280 2550 ,
2333 2485 2424 2540 sed
2455 2501 2618 2540 unum
2657 2496 2711 2540 et
2735 2488 2981 2542 eumdem
3027 2504 3146 2542 cum
3177 2489 3362 2553 Patre,

1757 2589 2026 2628 smnmum
2067 2590 2186 2630 esse
2218 2575 2406 2640 Deum,
2443 2594 2670 2646 persona
2704 2589 2882 2634 tamen
2910 2579 3243 2636 distinctum.
3279 2583 3352 2637 Ea

1758 2681 1919 2735 porro
1947 2668 2020 2720 rei
2049 2669 2286 2720 maxime
2311 2686 2488 2734 causa,
2523 2670 2593 2724 ob
2621 2686 2784 2739 quam
2817 2672 2884 2724 ab
2913 2687 2979 2726 eo
3007 2674 3205 2728 missus
3225 2674 3360 2730 dici-

1761 2769 1863 2825 tur,
1899 2743 2002 2813 non
2033 2762 2133 2815 alia
2161 2770 2265 2826 est,
2297 2779 2454 2832 quam
2486 2772 2540 2818 ut
2573 2765 2840 2830 homines,
2876 2768 2950 2820 uti
2980 2767 3212 2824 diximus
3234 2812 3247 2835 ,
3280 2772 3352 2824 ab

1757 2853 1924 2922 impio
1957 2854 2217 2910 idolorum
2241 2858 2408 2922 cultu,
2437 2868 2491 2911 et
2524 2856 2652 2912 falsa
2681 2861 2955 2928 gentilium
2981 2861 3254 2933 religione,
3287 2864 3356 2918 ad

1757 2961 1942 3001 verum
1978 2948 2068 3002 flei
2091 2949 2292 3003 cultum
2321 2966 2613 3022 veramque
2645 2953 2959 3023 religionem
2985 2956 3269 3024 adductos,
3301 2969 3358 3012 et

1755 3049 1928 3094 morte
1979 3057 2072 3095 sua
2117 3058 2144 3095 a
2179 3045 2415 3112 peccatis
2441 3046 2646 3099 solutos
2669 3048 2920 3100 salvaret.
2953 3047 3107 3115 Quod
3137 3051 3356 3120 quidem

1753 3131 2001 3187 Ethnicis
2031 3135 2364 3190 intolerabile
2393 3137 2556 3192 fuisse
2576 3137 2776 3191 adserit
2804 3137 2997 3210 (Idem,
3032 3140 3120 3193 lib.
3141 3157 3196 3205 ιι,
3223 3159 3349 3212 pag.

1752 3229 1843 3294 87,
1877 3229 2052 3300 ete.,),
2084 3239 2242 3295 atque
2268 3239 2321 3284 ut
2355 3232 2468 3302 ipse
2495 3231 2768 3302 loquitur,
2801 3233 3166 3290 acerbissimis
3195 3235 3354 3291 dolo-

42 3338 68 3375 a
95 3339 212 3394 quo
235 3296 495 3388 tumidus,
522 3333 575 3378 et
601 3323 653 3378 hi
683 3325 894 3395 ipsimet
937 3327 1181 3383 homines
1211 3296 1374 3384 creati
1407 3331 1545 3398 sint,
1586 3347 1648 3388 ac
1674 3296 1718 3357 (ἶ
1754 3323 1900 3376 ribus
1941 3323 2247 3394 torquebat.
2289 3323 2395 3380 Sed
2427 3325 2772 3394 quantumvis
2807 3342 2870 3380 ea
2914 3325 3124 3396 publica
3156 3327 3351 3383 divini-

38 3419 154 3485 quis
189 3426 320 3487 post
351 3427 580 3471 mortem
613 3427 779 3472 status
807 3434 902 3473 eos
940 3431 1174 3476 maneat.
1201 3421 1337 3476 Tum
1366 3439 1494 3478 vero
1519 3439 1647 3478 cono

41 3510 286 3563 tinenter
331 3508 469 3563 hanc
523 3509 610 3564 ille
659 3511 834 3564 elicuit
876 3513 1320 3570 conclusionem:
1361 3534 1379 3568 ι
1414 3516 1488 3570 Ita
1519 3532 1648 3588 ergo

38 3602 294 3659 Christus
353 3619 460 3658 non
511 3604 770 3660 habeatur
805 3621 832 3658 a
882 3607 1036 3660 nobis
1064 3608 1246 3662 Deus?
1274 3608 1382 3665 Nec
1410 3612 1498 3678 qui
1527 3625 1644 3666 om-

37 3700 186 3752 nium
231 3698 477 3766 alioquin
507 3699 770 3752 maximus
800 3709 976 3767 potest
1010 3703 1322 3770 excogitari,
1354 3703 1649 3760 divinitatis

38 3792 318 3846 afficiatur
349 3792 512 3857 cultu,
544 3807 572 3846 a
595 3808 702 3864 quo
724 3793 1035 3862 jamdudum
1060 3806 1228 3859 tanta,
1271 3809 1321 3851 et
1344 3800 1648 3868 accepimus

36 3886 175 3940 dona
201 3886 480 3950 viventes,
511 3895 565 3940 et
595 3899 986 3957 exspectamus,
1006 3905 1124 3942 cum
1145 3889 1256 3943 dies
1279 3891 1507 3956 venerit,
1533 3908 1648 3945 am-

38 3981 238 4048 pliora.
282 3998 302 4032 ›
336 3979 471 4046 Quid
507 3982 571 4034 ad
601 3995 861 4035 summam
890 3980 1086 4034 Christi
1116 3979 1454 4036 divinitatem
1500 3999 1648 4037 asse-

40 4076 275 4129 rendam
327 4074 634 4141 expressius
672 4086 725 4129 et
770 4075 1086 4129 luculentius
1123 4075 1346 4144 proferri
1401 4076 1644 4146 poterat?

40 4169 297 4224 Gentiles
346 4182 656 4233 persuasum
695 4167 960 4222 habebant
987 4167 1256 4222 Christum
1284 4170 1350 4222 ab
1381 4170 1496 4238 ejus
1527 4184 1645 4223 sec-

39 4261 321 4317 tatoribus
355 4275 536 4314 verum
588 4261 752 4316 Deum
804 4263 948 4316 credi
981 4302 995 4326 ,
1038 4272 1198 4332 atque
1228 4261 1277 4315 id
1301 4262 1403 4316 illis
1434 4264 1643 4316 crimini

35 4358 284 4410 maximo
332 4355 630 4408 vertebant.
680 4356 946 4411 Arnobius
988 4371 1115 4409 vero
1144 4355 1329 4410 iisdem
1367 4355 1596 4410 ethnicis
1625 4399 1640 4422 ,

36 4450 173 4504 hanc
225 4447 641 4518 persuasionem
686 4447 906 4502 cuilibet
945 4447 1241 4502 christiano
1271 4447 1644 4516 exprobranti-

32 4546 150 4608 bus,
209 4557 326 4596 noo
361 4550 562 4594 tantum
618 4541 907 4610 respondet
938 4540 1076 4605 hanc
1105 4542 1280 4611 reipsa
1312 4557 1434 4596 esse
1464 4541 1637 4596 chris-

33 4642 316 4693 tianorum
347 4634 684 4699 sententiam,
711 4635 803 4688 sed
835 4634 974 4687 illius
1001 4649 1212 4704 quoque
1239 4635 1515 4691 veritatem
1545 4649 1638 4689 va-

33 4732 128 4784 riis
190 4729 474 4784 rationum
527 4726 813 4780 momentis
863 4726 1050 4795 probat
1094 4737 1147 4780 et
1195 4726 1444 4783 adstruit.
1497 4729 1637 4796 Quin

29 4827 196 4878 etiam
233 4827 554 4875 constanter
579 4827 850 4874 asseverat
877 4818 1147 4874 Christum
1179 4835 1244 4878 eo
1271 4821 1453 4876 divino
1493 4824 1640 4879 cultu

32 4914 451 4977 honorandum,
487 4912 576 4982 qui
609 4915 878 4967 maximus
906 4913 1197 4982 excogitari
1231 4921 1427 4982 potest.
1453 4915 1637 4972 Palam

29 5031 164 5085 ergo
200 5028 267 5067 ac
295 5009 580 5081 perspicue
615 5007 844 5064 affirmat
877 5025 981 5062 non
1007 5018 1207 5062 tantum
1235 5009 1462 5079 gentiles
1498 5011 1637 5065 haud

29 5107 321 5163 immerito
361 5103 654 5160 credidisse
690 5119 869 5158 veram
901 5103 1227 5158 divinitatem
1268 5119 1298 5158 a
1337 5103 1640 5158 cbristiauis

30 5205 105 5257 illi
142 5200 339 5265 tribui,
376 5213 559 5252 verum
579 5199 738 5252 etiam
764 5196 865 5252 hoc
895 5197 1059 5253 fuisse
1081 5202 1433 5266 ipsorummet
1462 5200 1637 5255 cbris-

31 5297 316 5349 tianorum
357 5299 561 5346 certum
608 5291 987 5361 publicumque
1023 5291 1404 5346 documentum
1427 5335 1441 5359 ,
1477 5308 1506 5347 a
1534 5309 1640 5364 quo

30 5389 203 5442 nullis
236 5398 492 5454 umquam
523 5383 798 5454 suppliciis
828 5383 1009 5438 divelli
1043 5394 1314 5454 poterant.

106 5479 224 5535 Sed
273 5477 531 5548 agedum,
565 5485 617 5531 et
666 5475 880 5531 attende
911 5478 1180 5546 quomodo
1226 5478 1277 5534 id
1315 5479 1405 5535 ille
1433 5489 1642 5550 repetat

29 5576 236 5638 tlbid.,
266 5589 394 5643 pag.
427 5570 544 5642 24),
584 5585 847 5640 novoque,
895 5587 991 5626 nec
1031 5574 1206 5627 minus
1247 5575 1528 5645 perspicuo
1557 5576 1642 5631 di-

29 5644 202 5724 cendi
239 5666 407 5721 modo
459 5665 693 5718 stabiliat
721 5674 774 5718 et
795 5664 1078 5719 confirmet
1111 5686 1124 5720 :
1161 5644 1396 5732 Natum,
1437 5669 1642 5738 inquie-

29 5767 173 5819 bant
209 5761 450 5826 Ethnici,
492 5761 748 5814 hominem
776 5759 962 5813 colitis.
1002 5759 1082 5814 En
1132 5775 1260 5815 sane
1310 5760 1495 5816 eadem
1527 5763 1646 5818 illo-

30 5873 160 5913 rum
226 5867 418 5909 rursus
449 5852 755 5908 cbristiauis
787 5853 1058 5922 proposita
1099 5854 1460 5924 exprobratio.
1507 5854 1643 5922 Quid

31 5950 102 6005 ad
133 5963 268 6004 eam
295 5945 568 6002 Arnobius
602 5954 784 6000 noster
804 5942 998 5999 iterum
1030 5943 1393 6015 respondeat,
1426 5946 1643 6018 audias,

1666 4683 1720 4743 D

1754 3417 1878 3469 tatis
1923 3416 2119 3470 Christi
2169 3416 2516 3471 confessione
2577 3424 2978 3486 torquerentur,
3035 3429 3348 3477 constanter

1751 3519 1950 3578 tamen,
1989 3513 2148 3566 etiam
2196 3513 2278 3568 sui
2327 3511 2518 3582 capitis
2570 3511 2846 3582 periculo,
2903 3510 3176 3568 affirmare
3233 3529 3344 3570 non

1751 3618 1968 3662 veretur
2000 3608 2145 3663 illum
2173 3623 2440 3662 summum
2472 3620 2593 3661 esse
2629 3606 2818 3661 Deum.

1822 3701 1963 3754 Satis
1989 3715 2117 3755 vero
2144 3701 2244 3755 sibi
2267 3717 2388 3755 esse
2419 3717 2524 3756 non
2547 3705 2753 3772 putavit
2782 3713 2889 3759 tam
2917 3706 3078 3761 claris
3118 3709 3349 3777 apertis-

1750 3810 1856 3865 que
1895 3795 2071 3849 verbis
2095 3811 2400 3865 supremam
2428 3797 2628 3852 Christi
2660 3799 2992 3854 divinitatem
3019 3801 3298 3858 declarare
3326 3846 3341 3868 ,

1751 3902 1978 3957 eumque
2006 3903 2071 3942 ex
2095 3888 2300 3958 magnis
2329 3887 2496 3957 ipsius
2528 3891 2578 3944 in
2604 3891 2847 3946 homines
2878 3893 3171 3961 beneficiis,
3201 3894 3344 3950 divi-

1751 3993 1922 4048 naque
1948 3979 2063 4046 ejus
2083 3980 2461 4048 comprobasse
2484 3981 2727 4038 doctrina
2751 4027 2764 4048 ,
2796 3985 2888 4039 sed
2921 3987 3165 4041 eamdem
3201 3987 3343 4042 illius

1749 4072 2078 4126 divinitatem
2108 4088 2174 4128 ex
2209 4073 2503 4129 innumeris
2534 4076 2601 4130 ab
2633 4080 2781 4147 ipso,
2835 4087 2889 4132 et
2910 4079 3186 4150 discipulis
3225 4081 3345 4151 ejus

1749 4163 1904 4218 editis
1929 4163 2204 4219 miraculis
2225 4167 2624 4222 evidentissime
2653 4169 3010 4225 demonstrat.

1819 4255 1947 4322 Quae
1991 4267 2170 4312 autem
2191 4267 2443 4329 ,quanta,
2474 4277 2632 4332 quam
2657 4278 2807 4327 vera,
2855 4273 2910 4318 et
2932 4273 3082 4319 certo
3112 4266 3344 4321 certiora

1746 4352 1942 4405 fuerint
1998 4354 2112 4407 hrec
2157 4354 2437 4418 miracula,
2512 4355 2852 4410 manifestum
2907 4373 3067 4426 supra
3115 4358 3342 4414 fecimus

1751 4444 1914 4515 (ξιιμ,
1947 4461 2061 4518 cap.
2093 4446 2145 4511 '5,
2177 4456 2274 4504 art.
2310 4446 2370 4518 t).
2407 4447 2515 4502 Nec
2553 4449 2728 4502 minus
2785 4451 3064 4518 perspicue
3103 4449 3342 4505 ostendi-
3427 4437 3432 4448 ’

1747 4553 1864 4592 mus
1919 4539 2190 4608 quomodo
2235 4539 2323 4592 illa
2354 4539 2500 4592 nullo
2528 4550 2756 4593 externo
2795 4537 3120 4593 adminiculo
3143 4580 3159 4605 ,
3193 4540 3336 4595 nulla

1746 4650 1846 4690 nec
1871 4635 2100 4694 medica.
2128 4649 2226 4689 nec
2257 4634 2458 4702 magica
2490 4642 2627 4693 arte,
2658 4631 2750 4686 sed
2773 4633 2888 4686 solo
2910 4633 3095 4696 verbo,
3119 4641 3210 4686 aut
3234 4633 3346 4689 levi

1755 4738 1916 4794 tactu,
1949 4727 2090 4798 quod
2121 4727 2248 4781 nulli
2280 4741 2528 4796 umquam
2554 4725 2832 4795 gentilium
2850 4725 2978 4792 Deo,
3011 4724 3197 4779 autalii
3220 4725 3336 4780 cui-

1745 4825 1888 4892 piam
1917 4835 2234 4876 concessum
2267 4827 2368 4885 est,
2402 4818 2537 4872 facta
2569 4819 2696 4872 sint.
2726 4817 2908 4888 Itaque
2935 4826 3216 4890 postquam
3245 4819 3338 4876 illa

1745 4913 1941 4968 Christi
1969 4911 2461 4982 discipulorumque
2483 4911 2600 4981 ejus
2633 4909 2888 4965 miracula
2924 4912 3193 4967 Arnobius
3215 4910 3332 4968 fuse

1746 5008 2036 5070 enarravit,
2066 5021 2129 5059 ex
2158 5017 2415 5059 concessa
2451 5003 2568 5057 iSliS
2589 5003 2668 5060 i'ab
2695 5002 2887 5058 eodem
2913 5002 3131 5059 Christo
3156 5019 3220 5060 ea
3254 5006 3336 5058 fa-

1745 5100 1920 5156 ciendi
1957 5106 2221 5168 potestate
2253 5097 2341 5166 ;sic
2395 5103 2802 5168 argumentatur
2840 5115 2853 5151 :
2891 5116 2909 5148 ι
2948 5096 3336 5153 Transcribere

1749 5209 1905 5264 posse
1959 5195 2010 5248 in
2073 5192 2342 5246 hominem
2371 5190 2458 5262 jus
2489 5203 2658 5258 tuum,
2691 5191 2912 5262 etquod
2965 5191 3142 5247 facere
3185 5193 3334 5246 solus

1749 5287 1922 5358 possis
1947 5330 1960 5353 ,
2019 5283 2376 5355 lragilissima:
2409 5285 2484 5339 rei
2533 5285 2772 5350 donare,
2819 5297 2872 5339 et
2904 5285 3227 5354 participare
3254 5284 3330 5339 fa-

1747 5379 2017 5445 ciendum,
2053 5393 2212 5448 supra
2246 5378 2421 5432 omnia
2452 5378 2570 5433 siue
2600 5389 2683 5433 est
2715 5379 3012 5448 potestatis,
3043 5378 3332 5432 continen-

1749 5477 1919 5546 lisque
1946 5473 2046 5527 sub
2075 5487 2134 5528 se
2155 5481 2234 5528 est
2267 5488 2446 5527 rerum
2479 5471 2716 5525 omnium
2736 5485 2950 5534 causas,
2978 5479 3031 5523 et
3059 5471 3328 5525 rationum

1748 5568 2161 5637 facultatumque
2191 5573 2428 5620 naturas.
2470 5583 2488 5616 ›
2517 5563 2759 5634 (Arnob.,
2788 5562 2876 5615 lib.
2912 5577 2950 5627 ι,
2982 5577 3102 5632 pag.
3129 5561 3331 5631 3L)At

1747 5664 1899 5734 cujus
1927 5675 2028 5729 est,
2055 5678 2151 5718 oro
2184 5673 2258 5728 te,
2289 5663 2387 5717 nisi
2415 5662 2578 5715 solius
2614 5661 2725 5726 Dei,
2747 5661 2959 5729 optimi,
2981 5661 3332 5717 maximiltaac

1748 5758 1849 5812 sita
1874 5773 2033 5830 supra
2063 5756 2239 5812 omnia
2265 5765 2521 5826 potestas,
2554 5769 2672 5824 qua:
2693 5753 2793 5808 sub
2815 5767 2872 5808 se
2887 5768 3064 5808 rerum
3089 5756 3330 5810 omnium

1748 5867 1970 5917 causas,
2027 5862 2081 5906 et
2135 5850 2400 5906 rationum
2451 5849 2869 5916 facultatumque
2911 5857 3128 5903 naturas
3157 5851 3332 5905 conti-

1750 5947 1910 6004 neat?
1945 5946 2105 6018 Atqui
2133 5943 2400 6002 Arnobius
2425 5941 2703 5999 Christum
2739 5942 3021 6000 Dominum
3051 5959 3111 5999 ea
3153 5955 3333 6015 potes-
