4030 6280
624 433 732 492 467

1897 402 2235 483 DlSSER'i'A

2346 425 2358 478 ι
2397 410 2678 484 ΡΒΑΞνΙΑ
3848 429 3952 490 tos

626 557 743 604 tate
762 544 1042 617 praeditum
1070 541 1237 599 fuisse
1267 541 1706 600 constantissime
1733 539 1927 597 asserit
1951 580 1966 604 ,
1993 537 2214 596 validis-
2246 544 2302 608 Α
2326 541 2606 614 magisque
2623 539 2940 598 abhorrens.
2963 539 3096 599 Nam
3120 535 3236 600 haec
3260 543 3304 600 si
3332 539 3523 602 fuisset
3551 542 3710 604 illius
3733 547 3949 618 opinio,

629 635 896 708 simisque
949 635 1282 707 argumentis
1331 635 1690 690 demonstrat.
1747 627 2224 690 Persuasissimum

629 747 764 803 ergo
793 727 978 785 habuit
1004 744 1130 786 eum
1149 744 1337 784 verum
1360 737 1416 784 et
1439 741 1750 799 supremum
1779 741 1902 782 esse
1926 727 2114 782 Deum.

703 823 810 881 Sed
835 823 962 879 audi
981 821 1180 890 adhuc,
1209 823 1462 892 obsecro,
1480 821 1754 893 quomodo
1775 817 1910 876 illud
1928 835 2140 874 rursum
2159 835 2228 874 ex

625 917 912 988 ipsiusmet
939 913 1141 972 Christi
1180 915 1455 972 miraculis
1497 915 1746 987 colligat,
1779 930 1843 970 ac
1875 913 2231 970 disertissime

627 1009 948 1080 pronuntiet
1007 1027 1022 1064 :
1081 1004 1306 1076 «Nihil,
1355 1019 1410 1063 ut
1462 1005 1677 1073 remini,
1716 1027 1736 1060 ι
1795 1005 1968 1078 inquit
2015 1003 2227 1080 (lbid.,

628 1119 754 1175 pag.
786 1093 925 1176 52.),
953 1121 972 1156 ι
1000 1101 1290 1174 magicum,
1321 1100 1456 1156 nihil
1473 1101 1788 1168 humanum,
1810 1097 2229 1171 prmstigiosum,

627 1207 726 1253 aut
750 1195 1058 1264 subdolum,
1087 1196 1221 1251 nihil
1251 1194 1452 1250 fraudis
1480 1193 1698 1250 delituit
1737 1195 1789 1248 in
1812 1191 2049 1249 Christo.
2080 1187 2230 1248 Deri-

629 1289 804 1345 deatis
826 1289 952 1345 licet
977 1304 1046 1344 ex
1075 1303 1248 1356 more,
1275 1297 1435 1358 atque
1463 1287 1517 1342 in
1549 1287 1824 1343 lasciviam
1854 1279 2231 1341 dissolvamini

629 1382 1046 1448 cachinnorum,
1081 1379 1222 1437 Deus
1249 1381 1339 1436 ille
1355 1379 1605 1436 sublimis
1637 1375 1754 1447 fuit,
1784 1374 1924 1435 Deus
1953 1377 2134 1433 radice
2163 1377 2232 1431 ab

627 1477 842 1544 intima,
875 1477 1014 1532 Deus
1034 1477 1102 1530 ab
1130 1473 1417 1545 incognitis
1439 1473 1641 1545 regnis,
1663 1481 1720 1529 et
1743 1471 1812 1528 ab
1824 1472 2066 1528 omnium
2085 1467 2232 1542 prin-

629 1569 750 1640 cipe
775 1571 1067 1640 sospitator
1086 1577 1169 1624 est
1196 1569 1414 1636 missus,
1441 1582 1601 1639 quem
1635 1581 1813 1638 neque
1841 1563 1920 1620 sol
1953 1567 2068 1636 ipse
2089 1607 2104 1630 ,
2137 1579 2235 1618 ne-

629 1678 736 1734 que
763 1662 896 1728 ulla,
920 1662 964 1717 si
995 1661 1260 1728 sentiunt,
1299 1660 1500 1728 sidera,
1530 1675 1639 1714 non
1666 1664 1924 1723 rectores,
1956 1669 2061 1712 non
2085 1657 2235 1728 prin-

629 1755 782 1828 cipes
811 1753 1020 1819 mundi,
1052 1768 1162 1808 non
1184 1749 1417 1824 denique
1447 1751 1522 1808 dii
1563 1751 1760 1822 magni,
1795 1759 1888 1805 aut
1911 1749 2001 1822 qui
2024 1747 2234 1820 tingen-

631 1861 720 1905 tes
749 1863 809 1904 se
835 1846 990 1916 deos,
1022 1863 1194 1918 genus
1223 1861 1385 1901 omne
1415 1845 1716 1900 mortalium
1745 1845 1992 1899 territant
2016 1885 2032 1909 ,
2067 1841 2233 1908 unde,

2332 647 2491 699 eam,
2525 631 2666 688 sicut
2710 631 2823 703 jam
2875 633 3387 708 animadvertimus,
3420 633 3567 692 clare
3614 639 3949 708 explicatam

2332 724 2498 780 facile
2527 723 2775 781 Ethnicis
2815 727 3197 797 persuasisset,
3229 743 3328 784 nec
3356 737 3434 783 tot
3459 739 3725 799 expertus
3757 723 3948 788 fuisset

2335 827 2445 872 tam
2496 817 2850 888 pertinaciter
2897 817 3002 873 sibi
3049 819 3403 890 refragantes.
3433 816 3634 878 Contra
3683 838 3825 879 vero
3866 825 3947 880 ille

2335 907 2466 963 totis
2496 909 2660 962 animi
2689 909 3062 979 sermonisque
3092 906 3177 966 sui
3204 911 3384 968 nervis
3415 913 3692 981 declarat,
3723 913 3942 982 asserit,

2336 999 2517 1068 docet,
2547 1000 2765 1071 repetit,
2795 994 3277 1072 probat,inculcat,
3298 1005 3633 1062 demonstrat
3661 1003 3941 1064 Christum

2337 1101 2523 1146 verum
2575 1101 2629 1147 et
2672 1107 2942 1149 summum
2994 1109 3116 1150 csse
3158 1091 3348 1163 Deum,
3377 1095 3573 1178 divina:
3603 1100 3945 1172 inﬁnitisque

2339 1187 2641 1253 putestatis,
2671 1203 2731 1240 ac
2760 1187 2988 1258 proinde
3029 1187 3192 1243 etiam
3233 1201 3460 1246 naturae.
3489 1189 3626 1259 Quia
3655 1207 3796 1248 vero
3829 1206 3946 1262 pas-

2335 1277 2440 1332 sim
2493 1275 2687 1348 nbique
2744 1289 2928 1334 contra
2981 1281 3262 1350 gentilium
3321 1289 3562 1338 errorem
3621 1294 3943 1352 asseverat,

2338 1369 2636 1441 probatque
2673 1387 2836 1426 unum
2882 1373 3160 1428 dumtaxat
3197 1389 3319 1430 esse
3364 1376 3566 1441 Deum,
3611 1387 3717 1432 nec
3762 1377 3946 1448 plures

2339 1477 2462 1520 esse
2491 1481 2680 1534 posse,
2715 1463 2836 1521 inde
2884 1465 3290 1523 evidentissime
3331 1469 3602 1540 colligitur
3645 1463 3793 1525 nihil
3837 1471 3950 1542 ejus

2339 1561 2504 1614 menti
2530 1555 2749 1614 inﬁxum
2784 1561 2962 1626 altius,
2993 1573 3154 1633 quam
3194 1559 3470 1618 Christum
3513 1569 3636 1618 esSe
3683 1571 3861 1618 unum
3903 1575 3951 1619 et

2340 1651 2589 1706 eumdem
2620 1667 2740 1707 cum
2769 1660 2972 1708 astet-no
3003 1645 3164 1710 Pa’lre
3194 1667 3292 1710 suo
3327 1653 3514 1711 Deum.

2409 1741 2518 1801 Cur
2545 1760 2696 1819 ergo,
2728 1745 2960 1819 inquies,
2992 1749 3135 1806 hunc
3161 1749 3329 1820 ipsius
3358 1728 3574 1806 Patrem
3613 1753 3671 1806 et
3713 1743 3951 1823 primum

2341 1847 2397 1894 et
2434 1842 2731 1912 principem
2775 1843 2940 1898 Deum
2992 1841 3268 1915 appellat?
3302 1840 3719 1914 Respondemus
3765 1847 3846 1900 ita
3899 1847 3958 1898 ab

633 1950 729 1996 aut
775 1941 866 2010 qui
905 1937 1104 2004 fuerit,
1156 1947 1447 2008 potuerunt
1495 1952 1716 1992 nosccre
1759 1932 1848 1990 vel
1886 1932 2168 2004 suspicari.
2205 1953 2225 1986 ι
2263 1930 2312 2002 Β
2340 1949 2406 1988 eo
2434 1934 2727 2004 aliquando
2759 1935 3078 2006 nuncupari,
3099 1937 3188 1992 ubi
3209 1951 3328 1992 sese
3343 1938 3548 2009 vulgari
3573 1938 3958 1994 accommodat

637 2033 854 2093 Audisti
884 2048 1014 2088 sane
1039 2031 1312 2104 quomodo
1341 2047 1405 2088 ex
1426 2027 1720 2094 miraculis,
1751 2045 1781 2084 a
1801 2025 2016 2084 Christo
2054 2029 2238 2082 divina

637 2143 866 2200 prorsus
905 2127 1106 2183 virtute
1174 2125 1352 2190 factis,
1395 2131 1544 2180 recte
1592 2120 1812 2194 colligat
1868 2121 2013 2177 illum
2072 2119 2240 2177 Deum

641 2221 813 2277 fuisse
836 2235 1178 2291 supremum,
1211 2217 1314 2284 vel,
1349 2225 1406 2272 ut
1444 2217 1534 2274 ille
1554 2215 1975 2284 ait,sublimem,
2006 2230 2110 2269 non
2139 2231 2236 2270 ex-

639 2321 797 2370 terna
833 2312 1011 2384 aliqua
1056 2309 1494 2368 denominatione
1519 2348 1537 2382 ,
1569 2309 1652 2365 vel
1701 2307 1904 2378 specie,
1933 2307 2026 2364 sed
2055 2308 2123 2363 ab
2155 2299 2239 2362 lii-

635 2405 768 2460 tima
794 2404 998 2470 radice,
1025 2400 1128 2460 boc
1145 2411 1250 2472 est,
1285 2413 1475 2459 natura
1506 2419 1602 2457 sua
1626 2402 1816 2469 Deum,
1843 2410 2112 2472 tantaeque
2131 2391 2242 2457 cel-

636 2497 818 2554 sitatis
845 2511 900 2554 et
913 2492 1251 2553 excellentia:
1276 2513 1291 2562 ;
1325 2506 1382 2551 ut
1407 2487 1550 2550 nulla
1581 2504 1794 2550 terrena
1819 2503 2067 2549 creatura
2097 2537 2110 2560 ,
2146 2510 2242 2550 ne—

639 2605 748 2662 que
820 2583 926 2644 licti
975 2589 1042 2644 ab
1094 2587 1326 2645 ethnicis
1365 2581 1438 2644 dii
1493 2587 1642 2644 illam
1692 2603 1925 2658 capere,
1988 2599 2044 2643 ct
2099 2589 2243 2644 illius

643 2681 912 2754 originem
943 2697 1105 2738 nosse
1156 2699 1411 2755 umquam
1441 2681 1727 2737 valuerint.
1763 2679 1894 2752 Quis
1923 2691 2102 2736 autem
2139 2679 2242 2736 nisi

644 2775 716 2830 de
770 2789 980 2830 summa
1010 2769 1209 2830 Christi
1251 2773 1530 2830 divinitate
1561 2773 1784 2829 omnino
1826 2775 2241 2848 persuasus,ita

643 2869 932 2939 aliquando
961 2867 1168 2925 locutus
1195 2877 1246 2924 et
1276 2876 1680 2940 argumentatus
1708 2865 1838 2924 est?

720 2959 876 3016 Tanti
907 2971 1086 3016 autem
1117 2959 1376 3016 momenti
1407 2973 1528 3016 esse
1553 2954 1708 3014 duxit
1741 2975 2006 3014 summam
2040 2957 2242 3014 Christi

647 3053 978 3110 divinitatem
1009 3052 1250 3110 Ethnicis
1285 3053 1600 3128 prmdicare,
1627 3069 1924 3124 eorumque
1947 3057 2000 3107 et
2025 3050 2244 3108 auribus

649 3158 706 3203 et
737 3147 932 3204 animis
958 3141 1256 3214 inculcare;
1302 3155 1360 3201 ut
1395 3143 1447 3200 id
1487 3162 1776 3216 numquam
1805 3145 1936 3199 satis
1958 3159 2016 3200 se
2043 3144 2246 3200 dixisse

647 3237 751 3295 sibi
779 3237 1069 3295 videretur.
1099 3239 1438 3308 Quapropter
1465 3234 1555 3292 ille
1578 3237 1706 3292 alibi
1734 3235 1963 3306 gentiles
1993 3235 2136 3290 hunc
2153 3233 2244 3290 ad-

2345 2028 2584 2080 sermoni
2615 2022 2895 2098 gentilium
2921 2068 2936 2094 ,
2967 2029 3057 2098 qui
3085 2045 3213 2085 suos
3241 2041 3430 2085 omnes
3469 2019 3605 2086 deas
3628 2073 3644 2098 ,
3675 2031 3804 2086 sive
3848 2049 3958 2088 ma-

2340 2122 2512 2192 jores,
2536 2126 2652 2178 sive
2680 2123 2920 2178 minores
2945 2123 3072 2178 olim
3100 2135 3208 2178 non
3237 2121 3421 2191 fuisse,
3449 2136 3513 2180 ac
3541 2132 3696 2180 certo
3720 2127 3957 2196 quodam

2347 2224 2594 2285 tempore
2617 2229 2776 2272 natos
2799 2215 3132 2273 fatebantur.
3156 2217 3274 2286 Quo
3299 2219 3517 2290 quidem
3551 2215 3758 2290 posito,
3785 2223 3960 2292 arguit

2346 2307 2622 2364 Arnobius
2647 2309 2813 2366 hosce
2841 2311 2996 2379 deos,
3023 2313 3068 2366 si
3101 2311 3235 2368 tales
3266 2323 3448 2368 essent
3475 2313 3664 2384 quales
3692 2309 3775 2369 illi
3801 2327 3956 2385 puta-

2346 2401 2512 2470 bant,
2542 2413 2570 2456 a
2604 2403 2710 2458 Deo
2739 2404 2980 2474 principe
3025 2405 3077 2461 id
3125 2409 3432 2477 accepisse,
3463 2405 3607 2478 qbod
3655 2417 3773 2463 nati
3817 2411 3957 2476 sint,

2347 2494 2490 2566 quod
2519 2493 2680 2550 vitam
2711 2497 2946 2568 egerint,
2979 2497 3122 2568 quod
3152 2512 3338 2568 suam,
3367 2496 3411 2554 si
3441 2485 3715 2570 qute'esse
3746 2505 3957 2574 potuis-

2347 2599 2450 2656 set,
2482 2589 2822 2646 divinitalem
2861 2585 3130 2661 habeant,
3165 2603 3219 2649 et
3265 2587 3758 2652 immortalitatem.
3812 2597 3961 2654 Unde

2348 2678 2440 2738 ille
2485 2685 2680 2738 merito
2721 2691 2908 2738 contra
2953 2683 3172 2740 eosdem
3208 2683 3468 2742 Ethnicos
3505 2679 3839 2759 concludit,
3869 2689 3961 2747 hos

2345 2775 2516 2830 falsos
2543 2783 2598 2831 et
2627 2778 3028 2833 commentitios
3057 2788 3178 2833 esse
3204 2778 3356 2845 deos,
3385 2777 3671 2852 ipsumque
3695 2786 3960 2854 primum,

2347 2876 2406 2924 et
2449 2867 2782 2940 principem,
2827 2881 2987 2940 atque
3033 2869 3234 2926 idcirco
3273 2885 3584 2942 supremum
3632 2883 3689 2930 et
3742 2881 3964 2934 unicum

2349 2975 2492 3027 esse,
2533 2960 2748 3033 dicique
2799 2979 2958 3030 posse
3004 2963 3195 3018 Deum.
3247 2957 3383 3018 Nam
3430 2976 3549 3034 post
3595 2965 3818 3038 objeCIa
3864 2971 3963 3026 sibi

2347 3055 2511 3110 verba
2553 3056 2900 3111 continenter
2943 3055 3178 3126 adjecit:
3217 3069 3236 3109 ι
3271 3053 3402 3110 Cum
3445 3051 3749 3115 divinitatis
3795 3063 3966 3134 ipsius

2348 3156 2632 3204 teneamus
2659 3157 2846 3221 caput,
2877 3165 2906 3204 a
2935 3166 3042 3222 quo
3087 3152 3200 3222 ipsa
3245 3149 3498 3206 divinitas
3537 3153 3800 3210 divorum
3852 3171 3962 3212 om-

2350 3238 2534 3308 nium,
2581 3243 2904 3312 quicumque
2948 3251 3102 3311 sunt,
3153 3234 3465 3300 dicitur.....
3515 3240 3859 3317 quicumque
3913 3249 3960 3303 hi

648 3332 756 3387 huc
805 3323 860 3386 in
917 3331 1133 3386 modum
1185 3323 1378 3384 affatur
1429 3349 1441 3383 :
1477 3349 1496 3380 (
1541 3327 1788 3383 Christus
1833 3321 1983 3382 νοιιίε
2029 3327 2243 3394 invitis,
2274 3333 2320 3397 C
2353 3337 2425 3392 dij
2453 3348 2607 3404 sum,
2635 3352 2773 3409 quos
2809 3353 2932 3393 esse
2959 3337 3114 3393 nobis
3147 3337 3478 3409 proponiﬂs,
3520 3336 3564 3394 sj
3608 3342 3721 3396 sint
3766 3357 3961 3413 lin-oga-

651 3426 823 3492 Deus,
879 3420 1040 3491 Deus,
1093 3423 1332 3494 inquam,
1367 3421 1648 3485 Christus;
1693 3421 1794 3476 hoc
1823 3415 1966 3478 enim
2000 3437 2143 3492 smpe
2165 3423 2247 3477 di-

649 3517 880 3574 cendum
923 3526 1044 3580 est,
1094 3526 1154 3570 ut
1183 3515 1477 3570 inlidelium
1512 3507 1738 3568 dissiliat
1784 3524 1838 3568 et
1882 3513 2246 3584 disrumpatur

651 3609 886 3674 auditus,
919 3608 1011 3664 Dei
1043 3608 1298 3678 principis
1339 3600 1584 3677 iussione
1613 3603 1858 3678 loquens,
1890 3607 1990 3664 sub
2011 3604 2245 3663 hominis

651 3701 847 3756 forma.
871 3719 892 3753 ι
930 3699 1170 3773 (Arnob,
1213 3692 1300 3754 lib.
1328 3715 1385 3764 ιι,
1419 3715 1536 3772 pag.
1571 3697 1688 3769 85.)

731 3813 924 3872 Verum
951 3857 966 3882 ,
998 3815 1204 3885 inquiet
1252 3813 1482 3885 aliquis,
1510 3811 1579 3869 ibi
1607 3808 1854 3868 Christus
1900 3813 1969 3869 ab
2008 3811 2244 3869 Arnobio

652 3924 766 3965 non
809 3909 1012 3979 primus
1054 3917 1108 3964 et
1154 3923 1482 3976 supremus,
1548 3906 1641 3962 sed
1669 3905 1938 3962 secundus
1982 3917 2190 3962 tantum
2223 3951 2239 3972 ,

651 4011 706 4056 et
731 4001 906 4056 minor
929 4001 1068 4056 Deus
1098 3997 1421 4072 appellatur.
1451 3999 1590 4067 Quid
1613 3999 1754 4054 enim
1785 3999 1928 4054 aliud
1973 3999 2088 4055 hrec
2123 3999 2240 4074 ejus

649 4092 817 4148 verba
878 4090 1218 4163 signiﬁcant,
1261 4089 1360 4145 Dei
1411 4091 1660 4163 principis
1699 4091 1937 4160 jussione
1997 4093 2243 4163 loquens?

650 4185 908 4254 Quisnam
941 4185 1034 4241 ille
1056 4173 1200 4240 Deus
1243 4186 1511 4252 princeps,
1564 4183 1720 4254 cujus
1737 4183 1972 4255 jussione
1990 4183 2242 4242 Christus

645 4277 921 4350 loquitur?
952 4275 1002 4331 is
1033 4268 1382 4346 proculdubio
1406 4271 1544 4329 Deus
1571 4285 1722 4344 pater
1747 4285 1802 4329 et
1828 4291 2072 4331 summus
2097 4285 2182 4332 est
2218 4321 2234 4345 ,

647 4351 738 4444 qui
761 4369 884 4426 ideo
907 4369 1156 4440 princeps
1177 4375 1417 4424 vocatur.
1445 4365 1610 4438 Cujus
1627 4378 1804 4422 autem
1821 4369 2070 4438 princeps
2109 4381 2192 4424 est
2219 4413 2235 4436 ,

644 4464 752 4518 nisi
779 4460 1000 4531 Christi,
1035 4463 1124 4534 qui
1149 4463 1224 4530 ei,
1251 4470 1308 4516 ut
1331 4461 1601 4532 loquatur,
1631 4459 1788 4530 jubet
1809 4503 1822 4525 ,
1853 4471 1906 4517 et
1927 4463 2010 4517 cui
2031 4461 2239 4533 jubenti

644 4555 893 4612 Christus
919 4555 1294 4624 obtemperat?
1319 4553 1565 4610 Christus
1588 4569 1716 4626 ergo
1743 4551 1883 4610 Deus
1907 4554 1998 4610 illo
2017 4555 2240 4626 jubente

643 4649 824 4704 minor
843 4649 1001 4717 eique
1049 4644 1275 4702 inferior
1303 4645 1444 4702 Deus
1475 4655 1590 4712 est,
1616 4662 1679 4700 ac
1715 4647 1940 4717 proinde
1975 4664 2081 4702 non
2111 4664 2237 4722 pro-

2353 3431 2470 3485 nics
2518 3431 2699 3500 regia,
2733 3431 3018 3499 principali
3065 3430 3313 3486 oriuntur
3350 3442 3378 3484 a
3420 3428 3720 3503 capite.....
3759 3445 3820 3490 et
3862 3434 3961 3489 hoc

2351 3515 2567 3596 quidem
2596 3539 2626 3578 a
2659 3521 2814 3580 nobis
2843 3523 3004 3580 fuerit
3025 3526 3094 3580 ita
3126 3525 3417 3596 prolatum,
3444 3527 3490 3581 si
3517 3527 3682 3583 modo
3713 3529 3889 3600 liquet
3910 3539 3961 3586 et

2349 3627 2560 3671 constat
2591 3627 2786 3686 praeter
2817 3614 2988 3686 ipsum
3018 3625 3195 3688 regem
3237 3621 3289 3673 et
3326 3621 3622 3690 principem
3642 3662 3660 3686 ,
3688 3637 3820 3678 esse
3851 3623 3952 3677 alia

2349 3713 2642 3766 etiamnum
2669 3712 2864 3781 capita,
2889 3729 3010 3782 qua:
3036 3713 3245 3784 digesta
3275 3720 3328 3794 et
3357 3719 3604 3784 separata
3637 3731 3738 3785 per
3768 3731 3955 3771 nume-

2347 3816 2492 3870 rum,
2522 3805 2666 3860 velut
2692 3807 2976 3876 quemdam
3023 3807 3278 3878 populum
3320 3809 3544 3879 plebeia:
3587 3811 3956 3867 multitudinis

2346 3897 2566 3954 faciant.
2609 3920 2628 3952 ι
2661 3895 2851 3970 (Ibid.,
2882 3899 2970 3954 lib.
3003 3911 3081 3969 Ill,
3113 3915 3234 3972 pag.
3263 3897 3425 3972 101.)

2417 3989 2574 4048 Prius
2618 4007 2748 4048 vero
2784 3993 2998 4048 dixerat
3032 4013 3044 4049 :
3082 4011 3102 4046 ‹
3135 3993 3268 4048 Cum
3310 3983 3384 4049 dii
3433 4007 3658 4060 omnes,
3710 3997 3802 4052 vel
3845 3999 3957 4068 qui.
4028 4029 4030 4060 ε

2345 4101 2576 4156 cumque
2614 4091 2742 4140 sunt
2791 4088 2928 4152 veri,
2957 4082 3042 4142 vel
3083 4087 3172 4156 qui
3221 4101 3343 4143 esse
3385 4103 3606 4144 rumore
3636 4097 3810 4161 atque
3846 4093 3958 4162 opi-

2344 4178 2509 4232 nione
2538 4174 2788 4232 dicuntur
2815 4176 3151 4234 immortales
3167 4185 3222 4234 et
3239 4181 3499 4250 perpetui,
3519 4179 3639 4252 ejus
3663 4183 3950 4240 voluntate

2344 4271 2472 4337 sint,
2505 4279 2558 4324 et
2585 4269 2830 4325 beneficii
2863 4283 3115 4337 munere;
3149 4273 3236 4343 qui
3279 4268 3397 4328 ﬁeri
3445 4273 3584 4346 potis
3625 4277 3734 4344 est,
3766 4290 3827 4331 ut
3860 4278 3950 4332 alii
4028 4255 4030 4312 ἶ

2342 4371 2602 4432 praestare
2631 4363 2682 4418 id
2712 4369 2853 4434 quod
2885 4359 2984 4434 ipsi
3014 4375 3158 4434 sunt,
3191 4362 3427 4435 valeant,
3459 4384 3580 4422 cum
3615 4371 3866 4428 alienum
3900 4371 3948 4427 id

2342 4453 2614 4519 habeant,
2665 4466 2718 4511 et
2773 4453 2959 4526 majori
3011 4471 3077 4513 ex
3127 4461 3362 4528 potentia
3417 4461 3874 4520 commodatum?
3925 4482 3944 4516 ι

2346 4544 2549 4621 (lbid.,
2576 4548 2664 4604 lib.
2691 4567 2746 4617 ιι,
2785 4563 2903 4622 pag.
2938 4550 3064 4621 87.)

2412 4631 2541 4710 Quis
2572 4656 2748 4698 autem
2782 4637 2891 4714 jam
2921 4661 3024 4700 non
3059 4643 3238 4702 videat
3261 4647 3383 4704 ideo
3413 4644 3579 4704 Deum
3607 4647 3946 4725 principem,

643 4744 784 4811 prie,
813 4750 869 4796 et
895 4751 1085 4796 natura
1120 4755 1234 4808 sua,
1269 4734 1363 4794 sed
1395 4739 1718 4810 improprie,
1750 4749 1805 4795 et
1829 4737 2104 4796 dumtaxat
2139 4759 2237 4797 no-
2262 4729 2316 4789 D
2339 4747 2392 4793 et
2419 4735 2646 4808 primum
2673 4737 2740 4792 ab
2759 4737 2996 4792 Arnobio
3017 4741 3221 4804 vocari,
3245 4741 3366 4809 quia
3394 4739 3460 4797 ad
3486 4743 3850 4802 Ethnicorum
3883 4749 3948 4805 de

642 4825 792 4888 mine
833 4831 996 4888 Deus.
1028 4829 1213 4903 Neque
1249 4833 1423 4887 solum
1457 4827 1598 4889 Deus
1627 4833 1876 4905 princeps
1902 4877 1916 4898 ,
1959 4833 2054 4890 sed
2095 4851 2238 4906 smpe

641 4925 806 4980 etiam
829 4924 896 4980 ab
925 4939 990 4980 eo
1017 4934 1354 4994 nuncupatur
1375 4923 1516 4979 Deus
1548 4925 1772 4995 primus,
1803 4937 1856 4980 et
1882 4941 2144 4990 summus,
2171 4941 2236 4982 ac

639 5028 796 5088 pater
828 5035 843 5071 :
880 5035 899 5069 ι
933 5015 1074 5072 Satis
1128 5015 1397 5082 estnobis,
1443 5036 1462 5068 ι
1498 5017 1702 5088 inquit,
1727 5005 1732 5012 ’
1755 5037 1772 5068 ι
1811 5017 1954 5071 Deus
1983 5020 2186 5088 primus
2216 5061 2231 5084 ,

641 5111 822 5182 Deus,
879 5111 1092 5182 inquam
1112 5151 1128 5178 ,
1171 5109 1378 5182 primus
1401 5151 1416 5180 ,
1451 5119 1600 5180 pater
1626 5127 1805 5166 rerum
1837 5127 1900 5166 ac
1927 5111 2178 5168 dominus
2211 5154 2226 5179 ,

639 5205 962 5258 constitutor
1014 5201 1428 5274 moderatorque
1465 5209 1778 5259 cunctorum
1807 5249 1822 5271 ,
1856 5205 1908 5259 in
1937 5204 2040 5261 hoc
2070 5194 2230 5260 omne

639 5293 784 5367 quod
815 5291 1096 5350 colendum
1127 5295 1506 5361 est,colimus;
1539 5295 1680 5366 quod
1707 5295 1919 5351 adorari
1949 5301 2223 5364 convenit,

638 5385 958 5454 adoramus;
1011 5387 1152 5458 quod
1203 5389 1518 5460 obsequium
1548 5389 1910 5444 venerationis
1935 5393 2178 5462 exposcit
2212 5433 2226 5458 ,

633 5481 1070 5536 venerationibus
1099 5495 1494 5551 promeremur.
1533 5500 1552 5532 ι
1587 5475 1773 5554 (lbid.,
1808 5479 1895 5535 lib.
1920 5498 1957 5546 ι,
1988 5501 2108 5556 pag.
2136 5478 2225 5553 l3,

633 5567 704 5626 18
745 5583 793 5626 et
845 5572 944 5639 19;
986 5571 1075 5628 lib.
1104 5590 1164 5640 ιι,
1193 5589 1313 5646 pag.
1337 5567 1410 5631 45
1435 5584 1480 5628 et
1511 5573 1579 5629 63
1603 5592 1617 5640 ;
1645 5573 1732 5629 lib.
1778 5591 1856 5638 ιιι,
1901 5591 2021 5648 pag.
2053 5574 2150 5633 101
2181 5585 2229 5632 et

633 5663 764 5738 seq.)
795 5660 982 5721 Nonne
1025 5682 1155 5738 ergo
1210 5666 1352 5722 hunc
1386 5671 1590 5721 tantum
1637 5667 1906 5721 Arnobius
1957 5681 2223 5724 summum

634 5749 828 5822 Deum,
856 5752 1131 5812 Christum
1155 5771 1284 5812 vero
1315 5755 1576 5812 minorem
1597 5755 1763 5812 Deum
1786 5756 2004 5828 agnovit
2041 5765 2224 5816 etcre-

633 5845 768 5901 didit
797 5845 822 5900 ?

2343 4822 2445 4886 diis
2486 4832 2598 4886 suis
2643 4825 2962 4903 respiciebat
3001 4835 3348 4904 opinionem;
3379 4851 3484 4908 qua
3526 4841 3687 4894 etiam
3731 4848 3946 4914 posita,

2341 4927 2440 4981 hos
2471 4920 2658 4995 falsos,
2689 4933 2744 4982 et
2775 4928 2920 4981 illum
2950 4927 3129 4983 solum
3155 4943 3342 4983 verum
3375 4929 3540 4986 Deum
3569 4945 3691 4989 esse
3723 4941 3951 4994 conficit

2337 5035 2400 5076 ac
2417 5013 2783 5076 demonstrat?
2819 5011 2865 5074 is
2889 5023 3086 5092 quippe
3117 5029 3322 5076 tantum
3347 5038 3504 5078 verus
3529 5023 3671 5082 Deus
3700 5045 3836 5085 esse
3857 5049 3949 5101 po-

2333 5121 2462 5179 test,
2477 5116 2566 5186 qui
2585 5117 2849 5186 ingenittts
2865 5123 3182 5181 cticternus,
3198 5117 3396 5171 nullum
3415 5113 3571 5174 habet
3587 5115 3945 5196 principium.

2405 5199 2544 5262 Nihil
2563 5219 2688 5277 ergo
2708 5211 2821 5263 lucc
2837 5219 3018 5263 contra
3038 5209 3200 5264 divini
3229 5209 3388 5266 Verbi
3416 5217 3469 5265 et
3491 5203 3692 5270 Christi
3724 5215 3945 5275 Domini

2333 5297 2535 5354 faciunt
2563 5301 2933 5366 divinitatem,
2963 5315 3120 5370 quam
3145 5311 3289 5356 certe
3309 5303 3375 5356 ab
3398 5302 3636 5360 Arnobio
3666 5307 3786 5376 ipsa
3825 5311 3947 5367 lucc

2333 5392 2530 5447 clarius
2557 5402 2610 5447 et
2637 5386 2936 5448 evidentius
2966 5403 3226 5449 assertam
3260 5393 3511 5451 vidimus.
3545 5389 3757 5455 Deinde
3783 5419 3943 5469 vero,

2333 5475 2460 5556 quid
2507 5483 2799 5540 Aruobium
2843 5486 3137 5555 prohibuit,
3169 5489 3456 5558 quominus
3484 5488 3725 5548 animum
3758 5495 3831 5551 ad
3866 5499 3952 5568 ip—

2331 5576 2568 5631 summct
2608 5575 2839 5632 Verbum
2885 5587 2939 5634 et
2983 5579 3173 5635 Filium
3222 5583 3314 5637 Dei
3346 5574 3699 5654 attendendo,
3735 5589 3954 5648 dixerit

2333 5681 2597 5724 aeternum
2628 5661 2837 5726 l’atreln
2867 5687 2986 5728 esse
3017 5675 3244 5742 primum
3270 5719 3285 5744 ,
3314 5687 3367 5731 et
3397 5679 3694 5750 principem
3726 5674 3946 5754 Deum,

2327 5764 2420 5835 qui
2445 5763 2659 5834 quidem
2689 5766 2811 5836 quia
2838 5765 2979 5822 hunc
3006 5767 3198 5825 Filium
3230 5785 3386 5826 suum
3403 5772 3470 5826 ab
3485 5783 3689 5827 asterno
3716 5781 3947 5849 genuit,

2328 5853 2532 5914 idcirco
2571 5861 2804 5930 primus,
2839 5863 3110 5934 princeps,
3139 5872 3196 5919 et
3219 5863 3513 5921 divinitatis
3538 5864 3662 5920 fans
3692 5879 3752 5926 et
3776 5871 3948 5946 origo

699 5937 807 5993 Sed
853 5935 996 5994 nihil
1041 5935 1202 6010 plane
1246 5941 1316 5996 ab
1356 5939 1500 5998 illius
1541 5949 1722 6000 mente
1751 5942 1921 6014 magis
1947 5943 2218 6020 alienum,
2317 5959 2464 6010 recte
2487 5951 2821 6024 appellattIr?
