4030 6308
215 443 325 504 469

1399 440 1466 498 ΙΝ
1505 429 1888 509 ΑΚΝΟΒΙυΜ,
1931 440 2086 498 CAP.
2122 437 2259 501 VIII.

3403 437 3509 496 470

212 564 223 614 i
288 560 550 633 Urgehis;
572 559 821 617 Christus
851 551 918 616 ab
940 557 1182 617 Arnobio
1202 557 1418 626 dicitur,
1445 554 1542 612 Dei
1561 557 1808 629 principis
1837 564 1889 624 Α
1917 569 2255 629 nequaquam
2307 557 2582 624 olfecerit,
2637 557 2942 622 enarranti,
2991 556 3188 623 adhuc,
3240 556 3287 612 si
3334 555 3501 620 iubet,

209 656 447 725 jussione
474 656 704 726 loquens.
729 653 873 724 Ergo
893 655 944 708 ci
971 653 1264 723 subjectus,
1290 652 1485 722 illoque
1510 650 1686 704 minor
1703 660 1807 705 est.

213 747 324 806 Sed
364 749 410 804 si
445 748 692 804 advertas
717 745 915 802 ibidem
947 748 1013 801 ab
1043 745 1282 801 Arnobio
1307 744 1652 800 continenter
1675 741 1804 797 subs

171 877 180 882 -
212 841 364 915 jungi
384 886 398 910 ,
429 843 522 898 sub
565 841 787 897 hominis
830 847 1031 914 forma,
1062 840 1191 896 nihil
1224 841 1323 894 hac
1351 838 1810 910 argumentatione

214 938 389 992 levius
420 951 540 992 esse
567 949 845 1008 agnosces.
876 935 1006 1004 Quis
1043 937 1187 990 enim
1215 932 1477 989 diilitetur
1515 931 1806 998 Christutn,

215 1037 483 1099 quatenus
505 1027 666 1083 homo
686 1038 789 1096 est,
811 1029 921 1083 Deo
943 1027 1085 1083 Patri
1113 1037 1235 1083 esse
1264 1024 1558 1091 subditum,
1587 1023 1810 1094 ejusque

221 1121 599 1192 obtemperare
625 1121 922 1176 voluntati?

816 1271 1108 1312 ARTICULUS
1136 1273 1190 1312 ll.

212 1394 368 1455 Quam
392 1392 676 1446 luculenter
701 1392 948 1444 Arnobius
984 1393 1211 1444 docuerit
1245 1391 1488 1444 Christum
1510 1393 1609 1442 tam
1634 1402 1809 1442 verum

589 1457 750 1508 Deum
773 1458 942 1520 fuisse,
983 1470 1130 1520 quam
1162 1457 1428 1507 hominem.

283 1585 400 1642 Non
429 1588 630 1656 patitur
659 1586 924 1640 Arnobius
955 1585 1056 1640 sibi
1085 1585 1152 1638 ab
1174 1583 1420 1640 Ethnicis
1455 1581 1616 1652 objici
1653 1581 1810 1638 Chri-

207 1689 353 1736 stum
383 1679 487 1735 dici
513 1695 618 1734 non
645 1694 806 1750 posse
835 1679 998 1734 Deum
1021 1677 1276 1749 (Arnob.,
1306 1677 1396 1731 lib.
1433 1691 1473 1740 ι,
1515 1693 1638 1748 pag.
1663 1675 1730 1730 2i
1761 1687 1810 1731 et

205 1788 347 1843 seqq.
373 1771 414 1842 ),
442 1781 628 1842 utpote
654 1773 745 1842 qui
775 1775 952 1836 natus,
982 1770 1158 1825 crucis
1186 1769 1448 1840 supplicio
1482 1771 1646 1822 vitam
1693 1767 1811 1823 liui-

205 1868 308 1920 vit.
339 1866 472 1921 Nam
503 1873 862 1936 praeterquam
891 1865 1033 1935 quod
1067 1865 1166 1934 ipsi
1207 1861 1422 1919 Ethnici
1462 1871 1618 1918 natos
1639 1862 1811 1917 homi-

1917 652 2303 706 auscultetnus.
2331 652 2667 721 Objiciehant
2693 651 2906 706 Ethnici
2936 670 2949 706 :
2985 650 3132 706 More
3167 659 3241 704 est
3285 651 3507 705 hominis

1914 746 2267 815 interemptus.
2295 744 2430 814 Quid
2461 743 2527 798 ad
2576 745 2691 800 haec
2736 745 3005 799 Arnobius
3052 743 3268 799 noster?
3313 761 3333 796 ‹
3387 741 3503 797 Non

1917 838 2052 908 ipse,
2092 855 2111 890 ι
2146 838 2318 908 inquit
2341 837 2360 907 (
2384 835 2577 907 lbid.),
2613 857 2631 888 ‹
2670 851 2842 906 neque
2879 835 3021 890 enim
3063 835 3256 890 cadere
3294 833 3504 889 divinas

1914 932 1969 986 in
2001 947 2088 987 res
2120 942 2294 1002 potest
2321 933 2510 986 mortis
2538 946 2793 996 occasus;
2836 943 2937 985 nec
2980 928 3302 984 interitionis
3327 928 3504 983 disso-

1916 1025 2120 1080 lutione
2149 1021 2254 1079 labi
2281 1025 2353 1090 id,
2387 1023 2528 1094 quod
2559 1034 2640 1078 est
2667 1039 2830 1077 unum
2861 1031 2915 1078 et
2941 1022 3170 1092 simplex
3191 1062 3204 1083 ,
3238 1033 3336 1076 nec
3362 1019 3502 1074 ulla-

1917 1136 2036 1176 rum
2065 1121 2296 1190 partium
2319 1118 2732 1189 congregatione
2750 1123 3106 1186 compactum.
3129 1115 3260 1183 Quis
3276 1122 3506 1185 estergo

1917 1213 2064 1268 visus
2095 1214 2146 1267 in
2181 1210 2418 1282 patibulo
2450 1209 2724 1281 pendere?
2749 1211 2883 1278 Quis
2912 1217 3154 1263 mortuus
3180 1208 3301 1263 est?
3333 1206 3506 1262 Homo

1915 1319 2079 1377 quem
2109 1305 2378 1370 induerat,
2404 1314 2457 1358 et
2477 1319 2657 1359 secum
2689 1304 2802 1372 ipse
2830 1304 3094 1372 portabat.
3115 1317 3136 1354 ›
3159 1299 3292 1354 Tum
3311 1297 3505 1354 deinde

1914 1398 2150 1454 ostendit
2193 1395 2320 1452 illud
2367 1397 2527 1452 iidem
2561 1395 2698 1466 apud
2727 1395 2986 1451 Ethnicos
3017 1395 3234 1457 mereri,
3263 1394 3350 1464 qui
3383 1408 3501 1448 cre-

1914 1489 2144 1554 debant,
2176 1489 2388 1543 vatibus
2427 1498 2481 1543 ct
2531 1487 2752 1560 Sibyllis
2797 1487 3151 1542 morientibus
3173 1530 3186 1554 ,
3221 1486 3368 1543 illum
3396 1501 3504 1541 non

1915 1584 2076 1649 mori,
2109 1584 2262 1652 cujus
2301 1580 2486 1634 alllalu
2516 1580 2733 1634 oracula
2766 1581 2967 1636 fudisse
3003 1580 3344 1635 videbantur.
3372 1579 3505 1645 Qui-

1913 1677 2015 1732 bus
2053 1677 2353 1746 explicatis,
2389 1674 2606 1730 eosdem
2650 1674 2909 1729 Ethnicos
2953 1675 3100 1728 hisce
3143 1673 3322 1728 verbis
3364 1671 3506 1726 allo-

1914 1773 2095 1844 quitur
2124 1791 2138 1826 :
2178 1789 2197 1824 ι
2232 1773 2376 1827 Mors
2408 1772 2522 1838 illa,
2555 1785 2715 1843 quam
2743 1769 2950 1837 dicitis,
2984 1771 3242 1842 assumpti
3275 1769 3508 1824 hominis

1914 1866 2048 1933 fuit,
2074 1881 2180 1921 non
2232 1867 2399 1934 ipsius
2427 1881 2442 1920 :
2471 1865 2785 1935 gestaminis
2807 1907 2820 1928 ,
2862 1877 2967 1919 non
3012 1865 3271 1934 gestantis
3302 1880 3315 1915 :
3346 1867 3504 1932 quam

205 1973 329 2017 nes.
361 1965 623 2025 mortuos,
651 1968 707 2013 et
727 1956 1005 2028 suppliciis
1033 1955 1258 2011 aﬁectos
1278 1955 1409 2011 deos
1446 1963 1567 2010 esse
1606 1957 1808 2026 gar'ric-
1842 1959 1890 2020 B
1918 1960 2202 2028 nccipsatn
2230 1958 2436 2029 perpeti
2469 1956 2871 2021 succubuisset,
2905 1963 3048 2010 tanta
3082 1956 3124 2009 si
3160 1967 3266 2008 non
3303 1953 3504 2024 agenda

204 2050 377 2116 bant,
410 2061 558 2106 certe
604 2048 782 2104 divina
831 2049 1029 2104 Christi
1075 2048 1339 2112 doctrina,
1371 2061 1424 2103 et
1457 2046 1709 2102 mit-acula
1737 2047 1808 2102 ab

202 2142 326 2207 illo,
359 2143 434 2196 uti
464 2141 718 2208 diximus,
749 2143 983 2207 vivente,
1015 2141 1300 2206 moriente,
1325 2149 1380 2194 et
1404 2146 1617 2194 mortuo
1638 2136 1803 2206 edita,

204 2231 654 2288 maniieStissime
679 2233 1116 2288 demonstrarunt
1133 2231 1283 2286 illum
1304 2243 1411 2285 tam
1429 2243 1616 2285 verum
1635 2231 1803 2286 Deum

202 2327 378 2383 fuisse
422 2341 580 2398 quam
614 2327 926 2393 hominem,
958 2335 1012 2382 et
1054 2326 1328 2398 utriusque
1373 2325 1566 2380 divinae
1609 2335 1664 2380 et
1707 2323 1805 2379 hu-

201 2435 382 2474 mauae
413 2431 618 2474 natura:
645 2421 983 2491 participem.
1009 2421 1146 2487 Quid
1165 2431 1343 2474 autem
1379 2419 1594 2480 mirum,
1623 2418 1667 2473 si
1691 2417 1802 2484 ille,

205 2521 428 2582 accepta
461 2514 692 2566 humana
723 2525 933 2581 natura,
968 2515 1081 2568 sive
1109 2514 1346 2568 humano
1383 2525 1630 2582 corpore,
1663 2510 1804 2582 quod

205 2605 426 2675 exigua,
456 2613 514 2660 ut
543 2605 618 2659 ait
656 2607 922 2660 Arnobius
951 2605 1146 2677 (lbid.,
1175 2607 1264 2660 lib.
1298 2622 1334 2669 ι,
1368 2623 1488 2678 pag.
1521 2604 1648 2675 59.),
1683 2617 1809 2673 pars

207 2698 332 2767 ejus
376 2707 523 2762 erat,
561 2701 872 2768 assumpto,
903 2696 1190 2753 humanam
1222 2698 1382 2752 vitam
1408 2739 1422 2762 ,
1453 2698 1590 2752 sicut
1625 2696 1806 2751 caeteri

205 2789 482 2855 homines,
515 2791 684 2861 egerit
725 2798 779 2845 et
822 2789 1227 2846 amiserit?Sed
1257 2797 1471 2860 praestat
1521 2791 1808 2859 ipsummet

201 2882 510 2938 Arnoblum
581 2882 795 2950 audire,
861 2893 918 2938 ut
966 2883 1232 2952 intelligas
1301 2896 1460 2950 quant
1525 2885 1672 2934 recte
1743 2893 1808 2934 ac

205 2977 496 3044 perspicue
529 2974 814 3030 humanam
844 2975 1188 3045 divinumque
1213 2973 1411 3029 Christi
1440 2977 1679 3027 natoram
1703 3012 1716 3036 ,
1749 2979 1806 3028 et

206 3067 612 3124 sanctissimum
643 3067 806 3135 illius,
837 3075 894 3123 ut
914 3067 1023 3138 jam
1053 3067 1199 3138 loqui
1240 3065 1416 3121 solent
1438 3063 1694 3136 theologi,
1721 3065 1806 3120 in-

204 3164 539 3219 carnationis
568 3163 880 3234 mysterium
910 3163 1160 3232 explicet.

282 3255 613 3326 Rogantibus
639 3257 918 3312 enimvero
943 3255 1182 3310 Ethnicis
1211 3273 1224 3308 :
1257 3254 1310 3310 Si
1352 3255 1493 3309 Deus
1515 3254 1611 3310 luit
1649 3253 1806 3310 Citri-

1913 2065 2000 2107 res
2044 2061 2220 2116 esset,
2252 2060 2306 2104 et
2350 2049 2742 2119 inexplicabilis
2773 2049 2912 2104 ratio
2942 2048 3034 2102 lati
3076 2047 3274 2103 clausis
3301 2045 3506 2116 patefa-

1911 2145 2100 2200 cienda
2128 2145 2420 2216 mysteriis.
2463 2159 2482 2195 ι
2525 2141 2728 2216 (Ibid.,
2758 2161 2877 2215 pag.
2911 2141 3032 2215 58.)
3062 2142 3193 2211 Quis
3221 2151 3399 2198 autem
3427 2143 3512 2199 vel

1910 2237 2236 2307 primoribus
2257 2277 2273 2302 ,
2306 2243 2364 2290 ut
2402 2237 2583 2302 aiunt,
2617 2234 2782 2290 labris
2829 2235 3235 2305 theologorum,
3269 2245 3324 2290 et
3367 2236 3510 2290 antl-

1911 2341 2137 2398 quorutn
2167 2326 2425 2382 Ecclesia:
2455 2334 2666 2396 patrum
2694 2326 2892 2396 scripta
2921 2328 3173 2396 gustavit,
3205 2333 3261 2381 et
3302 2327 3508 2382 nesciat

1913 2432 2007 2476 eos
2034 2419 2195 2476 simili
2238 2420 2400 2493 plane
2438 2424 2600 2476 modo
2637 2423 2904 2477 luereticis
2934 2421 3121 2477 eadem
3151 2433 3335 2492 poStea
3365 2423 3506 2492 obji-

1915 2514 2181 2569 cientibus
2211 2513 2589 2584 respondisse?
2618 2514 2828 2569 lniinita
2867 2514 3079 2584 quidem
3125 2524 3347 2585 possent
3383 2514 3505 2570 illo-

1911 2619 2030 2659 rum
2061 2605 2287 2676 proierri
2321 2606 2647 2661 testimonia.
2679 2606 2785 2662 Sed
2815 2607 2936 2677 quia
2969 2607 3120 2678 plura
3143 2650 3158 2674 ,
3185 2619 3215 2662 a
3251 2607 3506 2663 Theodo-

1909 2705 2049 2766 reto,
2073 2707 2128 2752 et
2151 2698 2367 2754 Gelasio
2389 2697 2959 2770 citata(Theodor.,ad
2983 2701 3110 2754 calc.
3135 2700 3226 2756 lib.
3253 2707 3311 2754 ut
3354 2698 3493 2755 Dial.

1911 2788 2188 2860 lmpaasib.
2207 2807 2227 2855 ;
2259 2788 2457 2856 Gellia,
2502 2789 2643 2844 Dial.
2689 2789 2753 2845 de
2789 2792 2943 2845 duab.
2980 2799 3150 2847 natur.
3178 2792 3215 2862 ).
3249 2801 3408 2862 atque
3438 2793 3507 2848 ab

1911 2881 2032 2936 aliis
2084 2883 2451 2953 compluribus
2500 2883 2729 2952 tradita,
2781 2886 2980 2940 nemini
3023 2885 3202 2956 ignota
3245 2895 3398 2950 sunt;
3441 2886 3508 2940 iis

1911 2977 2314 3045 praetermissis,
2335 2977 2452 3033 haec
2475 2985 2678 3034 tantum
2709 2979 3005 3035 referemus
3031 2979 3300 3035 Ambrosii
3321 2980 3504 3046 verba,

1910 3085 2030 3140 qua:
2060 3069 2114 3124 in
2141 3070 2340 3125 Leonis
2366 3073 2548 3143 magni
2578 3073 2803 3144 epistola
2824 3118 2839 3143 ,
2870 3086 2922 3130 et
2951 3075 3164 3131 concilii
3203 3075 3504 3132 Chalcedo-

1912 3163 2094 3218 nensis
2122 3165 2255 3219 actis
2283 3167 2504 3221 recitata
2533 3171 2588 3221 et
2611 3169 2926 3239 transctipta
2957 3167 3222 3224 habentur
3249 3189 3263 3227 :
3299 3189 3316 3223 α
3353 3171 3503 3238 Quod

1911 3253 2108 3309 lectum
2139 3267 2243 3321 est,
2286 3275 2305 3309 ι
2340 3259 2413 3312 ait
2444 3259 2673 3314 eximius
2705 3259 2795 3316 ille
2819 3263 2902 3316 vir
2931 3259 3209 3334 (Ambros.,
3238 3263 3326 3319 lib.
3354 3277 3412 3329 li,
3441 3266 3506 3321 de

201 3360 344 3417 stus,
373 3365 470 3405 cur
490 3352 591 3405 sub
622 3350 855 3406 hominis
883 3349 1048 3404 forma
1079 3349 1226 3404 visus
1263 3357 1364 3414 est,
1396 3355 1450 3403 et
1490 3363 1640 3402 more
1666 3347 1804 3403 inte-
1829 3344 1874 3407 C
1908 3347 2061 3414 Fide,
2092 3365 2206 3419 cap.
2239 3349 2292 3416 5,
2325 3349 2352 3422 §
2385 3351 2476 3419 58,
2510 3370 2632 3425 pag.
2661 3350 2789 3426 481)
2815 3399 2830 3423 ,
2871 3374 2887 3408 ι
2926 3347 3209 3411 Dominum
3249 3358 3502 3430 majesta-

199 3455 449 3514 remptus
472 3444 726 3512 humano,
746 3444 823 3498 sic
847 3443 934 3499 ille
959 3442 1252 3512 respondet
1277 3459 1290 3494 :
1321 3458 1339 3492 ι
1359 3445 1438 3495 An
1454 3440 1610 3494 aliter
1632 3441 1802 3510 potuit

202 3538 496 3595 invisibilis
520 3539 608 3593 illa
633 3539 734 3603 vis,
766 3548 817 3592 et
841 3539 1042 3592 habens
1073 3536 1272 3590 nullam
1303 3534 1656 3590 substantiam
1682 3549 1800 3589 cor-

198 3631 446 3705 poralem
469 3676 484 3700 ,
514 3632 710 3688 inferre
739 3643 792 3687 et
819 3633 1167 3686 commodare
1204 3646 1262 3684 se
1294 3625 1495 3685 mundo
1515 3671 1528 3693 ,
1559 3625 1801 3684 conciliis

200 3727 473 3783 interesse
503 3725 807 3780 mortalium
827 3767 842 3791 ,
873 3741 1030 3793 quam
1059 3735 1116 3778 ut
1143 3721 1358 3794 aliquod
1387 3733 1595 3792 tegmen
1628 3731 1800 3776 mate-

199 3821 303 3878 riae
335 3818 604 3873 solidioris
641 3830 970 3883 assumeret,
1004 3817 1146 3888 quod
1178 3817 1456 3872 oculorutn
1505 3813 1802 3886 susciperel

197 3898 458 3982 injectum
477 3954 490 3975 ,
522 3922 575 3965 et
603 3910 690 3965 ubi
719 3926 776 3965 se
804 3910 966 3979 (igere
997 3910 1324 3963 inertissimc
1352 3917 1533 3977 posset
1557 3915 1797 3962 contem-

195 4003 460 4078 plationis
491 4004 742 4059 obtutus?
772 4003 901 4069 Quis
930 4011 1013 4056 est
1041 4003 1182 4057 enim
1213 4000 1540 4065 mortalium,
1568 4000 1656 4069 qui
1681 4003 1798 4070 qui-

196 4109 288 4156 ret
315 4114 436 4154 eum
479 4098 690 4164 videre,
717 4096 834 4168 quis
872 4111 1125 4159 cernere,
1157 4093 1200 4148 si
1233 4095 1391 4149 talem
1422 4091 1678 4148 voluisset
1716 4096 1795 4149 in-

194 4195 348 4251 ferre
377 4207 435 4247 se
473 4193 660 4258 terris,
691 4191 864 4261 qualis
911 4189 959 4245 ei
1003 4189 1319 4260 primigenia
1368 4196 1554 4242 natura
1598 4199 1714 4254 est,
1742 4197 1796 4243 ct

199 4285 418 4357 qualem
446 4299 506 4340 se
536 4285 649 4354 ipse
678 4284 729 4337 in
758 4299 849 4337 sua
894 4296 1012 4336 esse
1057 4275 1223 4335 voluit
1263 4281 1346 4336 vel
1389 4281 1678 4351 qualitate,
1709 4281 1794 4336 vel

198 4378 444 4434 numine.
496 4377 802 4447 Assumpsit
851 4375 1011 4446 igitur
1053 4373 1285 4428 hominis
1324 4373 1579 4438 formam,
1613 4383 1668 4429 et
1694 4373 1793 4431 sub

197 4473 373 4528 nostri
414 4472 628 4543 generis
669 4467 1018 4524 similitudine
1061 4468 1353 4537 potentiam
1382 4482 1530 4521 suam
1558 4465 1789 4533 clausit;

200 4575 262 4621 ut
287 4573 340 4621 et
367 4564 535 4620 videri
567 4572 765 4633 posset,
798 4569 852 4618 et
872 4560 1131 4632 conspici,
1164 4559 1326 4615 verba
1355 4559 1576 4628 faceret,
1605 4572 1660 4617 et
1696 4563 1792 4617 do-

197 4669 389 4724 ceret,
423 4669 582 4728 atque
621 4672 810 4713 omnes
851 4667 1238 4726 exsequeretur
1276 4669 1366 4710 res
1415 4669 1538 4721 eas,
1576 4665 1793 4728 propter

1908 3440 1976 3494 tis
2006 3443 2326 3499 crncilixum
2359 3460 2511 3513 esse,
2547 3463 2651 3501 non
2681 3451 2831 3518 quasi
2864 3451 2914 3504 in
2945 3450 3224 3520 majestate
3254 3468 3347 3507 sua
3376 3470 3502 3508 cru-

1905 3534 2123 3590 cilixum
2155 3545 2407 3606 putemus
2437 3559 2450 3594 ε
2482 3541 2580 3596 sed
2610 3543 2732 3612 quia
2766 3541 2908 3598 idem
2940 3545 3113 3611 Deus,
3139 3543 3280 3601 idem
3315 3545 3497 3616 ltomo,

1904 3641 2003 3698 per
2023 3627 2359 3686 divinitatem
2385 3631 2548 3701 Dens,
2573 3649 2669 3704 per
2692 3638 3090 3706 susceptionem
3116 3642 3294 3694 carnis
3313 3641 3498 3708 homo,

1901 3719 2060 3775 Jesus
2078 3719 2325 3778 Christus
2353 3723 2611 3780 Dominus
2638 3727 2934 3797 majestatis
2951 3731 3148 3786 dicitur
3172 3733 3494 3802 crucifixus;

1902 3817 2027 3882 quia
2055 3830 2282 3870 consors
2311 3817 2591 3888 utriusque
2619 3830 2844 3889 naturae,
2869 3822 2917 3877 id
2936 3831 3038 3890 est,
3060 3823 3306 3880 humana:
3338 3837 3497 3898 atque

1900 3905 2118 3974 divinae,
2153 3907 2204 3960 in
2243 3917 2433 3962 natura
2475 3909 2709 3966 hominis
2752 3913 2916 3969 subiit
2955 3917 3292 3986 passionem;
3327 3930 3384 3974 ut
3411 3921 3496 3976 in-

1900 3997 2136 4054 discrete
2160 4009 2216 4054 et
2243 3999 2496 4056 dominus
2523 4003 2821 4072 majestatis
2847 4005 3058 4062 dicatur
3086 4022 3228 4080 esse,
3257 4012 3346 4081 qui
3376 4027 3499 4081 pas-

1897 4106 1989 4146 sus
2016 4093 2120 4158 est,
2149 4103 2203 4148 et
2231 4094 2369 4149 illius
2397 4095 2646 4161 hominis.
2681 4101 2819 4154 sicut
2847 4102 3106 4171 scriptum
3135 4113 3248 4168 est,
3282 4107 3372 4176 qui
3398 4108 3492 4164 de-

1897 4185 2108 4239 scendit
2146 4186 2213 4241 de
2254 4188 2414 4243 etelo.
2457 4208 2476 4241 ›
2513 4189 2719 4247 Videsis
2765 4208 2884 4263 quae
2934 4194 2988 4248 in
3039 4196 3178 4251 hunc
3223 4199 3494 4254 Ambrosii

1898 4279 2074 4333 locum
2102 4283 2516 4352 annotavimus,
2545 4295 2599 4339 et
2625 4285 2696 4340 ibi
2727 4287 2887 4341 citata
2929 4303 2959 4342 a
3002 4289 3156 4345 nobis
3203 4289 3492 4348 chalcedo-

1897 4372 2084 4426 nensis
2112 4371 2327 4428 concilii
2357 4385 2499 4443 acta,
2515 4385 2570 4431 et
2595 4375 2877 4448 Augustini
2896 4380 3127 4448 primum
3144 4383 3211 4439 de
3228 4381 3492 4442 Trinitale

1895 4463 2114 4520 librum.

1968 4558 2139 4614 Porro
2164 4570 2344 4617 autem
2390 4561 2659 4618 Arnobius
2703 4571 2890 4619 noster
2933 4565 3088 4623 docet
3127 4566 3364 4637 Christo,
3398 4573 3490 4642 qui

1898 4661 1977 4707 tut
2008 4655 2266 4709 miracula
2299 4655 2567 4720 ediderat,
2603 4655 2865 4711 violentas
2891 4673 3113 4726 manus,
3149 4661 3194 4713 si
3229 4662 3364 4715 mori
3394 4677 3491 4717 no-

203 4768 340 4825 quas
383 4752 436 4806 in‘
484 4749 738 4806 mundum
788 4757 1028 4816 venerat,
1073 4747 1361 4814 iaciendas,
1408 4751 1603 4804 summi
1650 4752 1791 4821 regis
1818 4739 1872 4799 Ι)
1898 4746 2154 4810 luisse-La
2188 4748 2404 4802 nemine
2435 4762 2685 4818 umquam
2716 4750 2954 4818 potuisse
2983 4751 3204 4820 inferri,
3236 4754 3328 4810 sed
3356 4771 3481 4811 eum

202 4844 436 4916 itnperio
470 4854 524 4899 et
565 4841 914 4912 dispositione
960 4841 1207 4895 servatis.
1244 4861 1262 4891 ι
1290 4839 1490 4913 (lbid.,
1527 4859 1646 4913 pag.
1671 4835 1795 4916 37.)

195 4940 448 4998 Potuitne
492 4953 737 5010 suprema
787 4938 985 4994 Christi
1035 4937 1318 5002 divinitas,
1370 4938 1619 5008 illiusque
1669 4955 1790 4994 cum

195 5028 432 5089 humana
466 5041 651 5086 natura
699 5031 1008 5099 conjunctio
1049 5029 1364 5084 clarioribus
1403 5029 1578 5084 verbis
1621 5046 1791 5085 cnun-

197 5125 364 5181 tiari?
391 5125 521 5191 Quis
548 5139 796 5194 umquam
831 5134 948 5192 post
978 5121 1278 5187 Niczenum,
1307 5131 1359 5176 et
1387 5123 1486 5175 alia
1519 5123 1786 5191 generalia

196 5217 448 5279 concilia,
475 5227 752 5287 utramque
774 5217 918 5271 illius
945 5227 1192 5271 naturam
1220 5216 1518 5271 dilucidiori
1548 5216 1788 5273 oratione

197 5312 486 5384 eXposuit?
515 5317 583 5366 At
628 5328 756 5367 vero
803 5311 872 5366 ibi
925 5309 1014 5367 ille
1063 5328 1167 5367 non
1221 5327 1372 5367 suam
1423 5321 1646 5378 tantum,
1692 5313 1786 5368 sed

195 5421 538 5462 communem
572 5406 810 5460 omnium
841 5419 952 5461 sua:
985 5407 1155 5461 aetatis
1184 5406 1596 5462 christianorum
1642 5416 1784 5478 pate-

199 5500 325 5557 facit
363 5497 702 5553 sententiam.
733 5494 864 5566 Quis
903 5513 1030 5569 ergo
1075 5514 1304 5569 negare,
1336 5509 1426 5553 aut
1465 5501 1516 5554 iu
1564 5495 1782 5556 dubium

196 5596 319 5667 jure
363 5592 542 5663 aliquo
591 5606 788 5647 vocare
831 5591 1022 5646 audeat
1061 5604 1234 5648 utrum
1267 5593 1362 5660 illi,
1393 5602 1515 5650 ante
1542 5591 1785 5662 ejusdem

201 5683 417 5742 concilii
465 5677 665 5738 Nicmni
697 5693 968 5753 tempora,
1005 5685 1055 5739 id
1085 5683 1440 5749 crediderint,
1472 5685 1612 5757 quod
1645 5687 1694 5739 in
1722 5701 1786 5740 eo

205 5780 432 5835 concilio
478 5788 533 5833 ct
577 5778 694 5832 aliis
744 5785 923 5847 postea
969 5779 1035 5835 de
1079 5780 1276 5834 Christi
1308 5779 1588 5836 divinitate
1613 5789 1668 5835 et
1703 5796 1789 5835 as-

208 5884 417 5942 sumpta
451 5869 518 5926 ab
548 5874 664 5941 ipso
694 5871 919 5926 humana
961 5883 1143 5928 natura
1173 5881 1427 5927 statutum
1458 5875 1574 5928 est?

277 5968 391 6038 Age
414 5981 566 6035 vero,
593 5967 750 6040 eique
779 5983 886 6038 quo
929 5974 1084 6038 pacto
1128 5964 1326 6024 Christi
1355 5965 1617 6025 divinitati
1647 5975 1792 6024 mers

1897 4848 1990 4896 sita
2023 4850 2214 4912 Sponte
2245 4850 2301 4896 et
2328 4841 2606 4897 voluntate
2634 4853 2929 4898 mortuum.
2966 4861 2984 4897 ι
3023 4844 3202 4911 Vides,
3240 4867 3259 4900 ι
3296 4850 3485 4919 inquit,

1903 4956 1920 4989 ι
1957 4937 2001 4991 si
2033 4935 2201 4991 nollet
2233 4936 2415 4990 inferri
2441 4936 2540 4990 sibi
2563 4950 2591 4990 a
2629 4939 2896 5007 quoquam
2928 4955 3140 5006 manus,
3171 4957 3380 4997 summa
3407 4943 3488 4998 illi

1893 5027 2087 5084 fuisset
2115 5029 2459 5083 contentione
2489 5029 2798 5095 nitendum,
2832 5041 2890 5086 ut
2917 5031 3101 5089 hostes
3141 5034 3209 5090 ab
3255 5051 3312 5096 sc
3359 5051 3486 5092 suos

1891 5121 1974 5176 vel
2006 5130 2272 5192 potestate
2301 5121 2512 5176 inversa
2542 5119 2893 5192 prohiberet?
2921 5123 3023 5193 Qui
3049 5129 3212 5182 caecis
3235 5130 3482 5185 restitue—

1890 5224 1974 5269 rat
2005 5215 2238 5278 lumina,
2276 5213 2319 5267 is
2345 5215 2562 5270 elllcere
2611 5217 2654 5270 si
2695 5215 2951 5282 deberet,
2987 5233 3093 5274 non
3125 5229 3334 5290 poterat
3375 5237 3482 5277 cte—

1889 5323 1983 5363 cos
2180 5323 2370 5364 utanus
2401 5309 2454 5362 in
2485 5325 2544 5364 se
2575 5311 2774 5382 porrigi
2816 5312 2884 5366 ab
2928 5314 3250 5370 immanibus
3293 5331 3481 5386 passus

1889 5411 1992 5460 est.
2043 5423 2061 5456 ›
2089 5401 2334 5471 (Arnab.,
2371 5401 2460 5458 lib.
2497 5420 2533 5470 ι,
2569 5421 2688 5476 pag.
2719 5405 2838 5474 '58.)
2867 5399 3106 5463 Mortuus
3151 5415 3232 5464 est
3275 5410 3474 5481 itaque,

1888 5497 2032 5568 quia,
2065 5506 2121 5552 ut
2170 5497 2345 5553 adhuc
2393 5497 2629 5569 loquitur
2665 5505 2852 5553 auctor
2885 5507 3104 5555 noster:
3141 5519 3158 5551 ε
3209 5500 3478 5558 Virtutum

1888 5595 2125 5648 omnium
2149 5593 2418 5659 dominus,
2444 5603 2604 5663 atque
2626 5592 2793 5661 ipsius
2818 5593 3008 5648 mortis
3033 5595 3346 5662 exstiuctor,
3376 5595 3478 5651 ho-

1889 5687 2087 5740 minem
2138 5700 2290 5738 suum
2340 5684 2581 5754 permisit
2624 5683 2816 5740 occidi.
2872 5704 2892 5736 ι
2939 5682 3135 5753 (Ibid.,
3180 5699 3301 5758 pag.
3343 5685 3479 5760 Η.)

1890 5775 2093 5842 Quibus
2126 5775 2214 5831 ille
2240 5775 2423 5830 verbis
2449 5771 2710 5844 sig‘nilicat
2737 5771 3010 5830 Christum
3053 5777 3346 5832 secundum
3377 5779 3475 5834 hu-

1893 5885 2106 5923 manam
2151 5872 2360 5923 tantum
2406 5878 2650 5922 naturam
2675 5909 2691 5933 ,
2723 5870 2935 5938 quando
2976 5869 3171 5939 voluit,
3201 5874 3477 5944 occisum;

1894 5962 1969 6020 ita
2000 5973 2179 6021 tamen
2209 5967 2270 6017 ut
2294 5960 2577 6020 moriendo
2611 5960 2845 6022 divinant
2877 5978 3027 6023 suam
3056 5974 3301 6027 naturam
3330 5971 3488 6029 novis
