4030 6308
526 367 628 424 471

1773 359 2228 420 DISSERTATIO
2278 360 2558 419 PREVIA

3728 368 3855 424 472

525 501 588 541 ac
619 488 830 556 penitus
867 485 1144 557 stupendis
1181 482 1454 539 miraculis
1491 481 1810 539 ostenderit.
1848 500 1867 536 ς
1908 481 2115 537 Exutus
2144 486 2192 545 Α
2222 480 2333 536 Deo
2353 480 2517 538 Patre
2544 490 2666 553 post
2691 490 2771 539 tot
2796 483 3074 540 hominum
3101 493 3290 542 aetates
3308 494 3366 542 et
3387 486 3594 544 sucula
3620 485 3693 543 ad
3727 503 3850 545 nos

525 594 774 652 corpore,
812 600 831 632 ι
866 581 1036 649 inquit
1068 578 1274 649 (Ibid.,
1303 594 1424 649 pag.
1451 575 1567 650 52),
1623 596 1642 629 ι
1680 576 1900 648 quodin
1928 576 2115 647 exigua

523 673 606 727 sui
651 671 1061 727 circumferebat
1091 680 1274 741 parte,
1310 678 1595 741 postquam
1626 668 1800 724 videri
1831 683 1891 725 se
1922 682 2120 740 passus

523 774 628 832 est,
656 765 809 835 cujus
839 775 983 821 esset
1030 762 1412 835 magnitudinis
1454 763 1617 829 sciri,
1651 763 1887 817 novitate
1936 776 2115 816 rerum

525 858 783 913 exterrita
826 857 1083 912 universa
1130 855 1317 911 mundi
1368 865 1494 909 sunt
1540 855 1806 910 elementa
1856 852 2114 909 turbata:

523 951 681 1008 tellus
725 963 869 1007 mota
920 952 1270 1019 contremuit,
1302 964 1453 1005 mare
1477 948 1717 1004 funditus
1746 947 1984 1003 refusum
2012 956 2115 1012 est,

521 1058 615 1100 aer
653 1044 828 1115 globis
876 1043 1150 1099 involutus
1188 1052 1272 1098 est
1315 1042 1688 1105 tenebrarum,
1733 1040 1923 1111 igneus
1973 1038 2118 1094 orbis

521 1138 653 1194 solis
681 1137 948 1208 tepefacto
973 1136 1171 1193 ardore
1215 1137 1456 1208 diriguit.
1493 1155 1512 1188 ι
1546 1135 1714 1206 Talpa
1742 1149 1873 1190 sane
1898 1133 2115 1195 cmcior,

524 1238 618 1284 aut
649 1229 958 1285 inﬂexibilis
987 1227 1366 1284 obstinationis
1396 1227 1561 1283 homo
1592 1226 1638 1281 is
1667 1227 1736 1280 sit
1763 1232 1997 1296 oportet,
2026 1223 2119 1293 qui

523 1336 630 1377 non
658 1322 855 1387 videat,
880 1331 935 1375 ct
959 1320 1193 1376 fateatur
1213 1330 1497 1388 utramque
1522 1318 1592 1373 ab
1617 1318 1857 1372 Arnobio
1880 1316 2116 1371 divinam

523 1417 923 1489 humanamque
948 1416 1151 1472 Christi
1177 1423 1421 1470 naturam
1446 1424 1594 1469 recte
1617 1412 1893 1482 distingui,
1919 1420 1975 1467 et
2000 1412 2119 1465 uni-

520 1510 714 1581 cuique
739 1511 882 1582 quod
914 1525 1069 1565 suum
1093 1519 1198 1573 est,
1231 1509 1371 1565 bene
1418 1509 1631 1579 penitus
1665 1505 1887 1561 attribui
1926 1514 1983 1562 et
2022 1520 2117 1561 ex-

520 1607 735 1678 plicari.

587 1704 675 1768 At,
705 1701 937 1772 inquies,
964 1701 1093 1773 quid
1119 1701 1222 1757 sibi
1251 1700 1341 1756 ille
1362 1699 1498 1761 vult,
1522 1713 1645 1755 cum
1668 1696 1801 1753 dicit
1821 1697 1874 1752 in
1899 1694 2117 1752 Christo

520 1792 688 1849 fuisse
715 1793 1025 1848 simulatum
1056 1792 1328 1848 hominem
1354 1792 1377 1845 ’ἐ
1404 1789 1494 1846 Ait
1521 1790 1751 1859 quippe:
1778 1805 1799 1840 ι
1828 1787 1945 1843 Rex
1969 1802 2116 1843 sum-

2222 576 2419 631 missus
2448 575 2629 643 fuerit,
2660 587 2755 633 aut
2778 579 2905 651 quid
2934 580 3129 651 priora.
3156 590 3281 636 ante
3310 580 3458 637 illius
3481 590 3693 649 ortum,
3725 598 3845 637 σω-

2218 668 2336 723 cula
2372 670 2665 732 meruerint,
2694 671 2937 741 autquid
2977 670 3045 726 de
3073 673 3396 742 priscorum,
3423 671 3845 730 vetustissimo-

2218 774 2443 829 rumque
2485 760 2792 816 mortalium
2836 762 3120 817 animabus
3160 770 3340 818 actum
3372 762 3443 818 sit
3466 761 3665 837 (Ibid.,
3697 781 3839 836 pag.
3894 822 3909 836 ,

2220 851 2341 924 87).
2386 856 2456 908 At
2483 854 2623 909 idem
2655 870 2879 926 prorsus
2909 866 3284 928 argumentum
3303 897 3319 922 ,
3347 867 3539 913 contra
3568 858 3843 915 christia-

2221 960 2320 1000 nos
2347 962 2377 1002 a
2404 946 2732 1021 Porphyrio,
2754 949 2983 1022 aliisque
3005 950 3248 1007 Ethnicis
3275 958 3460 1022 postea
3480 952 3836 1019 refricatum,

2220 1035 2523 1109 Episcopus
2565 1038 2872 1113 Deogratias
2909 1043 3343 1113 cognominatus,
3379 1045 3684 1116 Augustino
3711 1046 3842 1102 sol-

2219 1130 2453 1185 vendum
2473 1132 2551 1187 sic
2583 1134 2891 1202 proposuit:
2922 1153 2940 1186 ι
2970 1136 3108 1203 Quid
3136 1147 3364 1206 egerunt
3389 1146 3465 1193 tot
3494 1139 3836 1195 saeculorum

2222 1221 2469 1278 homines
2495 1234 2621 1281 ante
2639 1223 3033 1283 Christum.....
3061 1227 3198 1298 Quid
3228 1237 3408 1285 actum
3430 1230 3499 1285 de
3526 1238 3635 1286 tam
3664 1232 3841 1288 innu-

2221 1318 2391 1374 meris
2416 1318 2633 1385 animis,
2656 1319 2747 1390 qui
2771 1322 2992 1377 omnino
3021 1322 3075 1377 in
3103 1323 3261 1393 culpa
3291 1323 3436 1378 nulla
3458 1332 3626 1382 sunt:
3653 1324 3840 1397 siqui-

2220 1408 2345 1464 dem
2375 1410 2449 1477 is,
2482 1410 2568 1465 cui
2594 1411 2743 1467 credi
2792 1424 3006 1482 posset,
3040 1414 3277 1470 nondum
3323 1414 3613 1471 adventum
3661 1431 3837 1472 suum

2220 1502 2531 1558 hominibus
2551 1504 2963 1562 commodarat?
2986 1527 3004 1559 ι
3041 1508 3525 1580 (Αυςιιειὶηηερὶει.
3544 1509 3676 1576 1υ2,
3699 1528 3834 1583 pag.

2219 1595 2376 1670 276.)
2404 1596 2570 1654 Vides
2600 1599 2957 1670 proculdubio
2985 1601 3085 1657 hos
3110 1601 3307 1659 eodem
3340 1603 3499 1672 plane
3526 1604 3696 1660 modo
3723 1618 3837 1676 pu-

2220 1706 2387 1761 gnare
2426 1691 2689 1749 adversus
2732 1692 3019 1750 dominicae
3065 1696 3450 1754 incarnationis
3476 1700 3834 1771 mysterium,

2220 1786 2494 1856 totiusque
2522 1785 2833 1844 christiana:
2855 1789 3130 1861 religionis
3150 1792 3452 1849 veritatem.

520 1900 641 1941 mus
679 1899 774 1951 ea,
806 1899 927 1955 quae
971 1885 1025 1938 in
1075 1882 1277 1939 mundo
1326 1880 1565 1938 facienda
1615 1880 1965 1945 decreverat,
1997 1878 2116 1935 sine
2146 1874 2195 1934 B
2295 1880 2401 1937 Sed
2430 1881 2556 1937 audi
2585 1881 2746 1938 etiam
2774 1883 3047 1954 quomodo
3071 1884 3374 1948 Arnobius.
3412 1902 3475 1943 ac
3493 1896 3688 1957 postea
3713 1890 3833 1946 Au-

519 1979 745 2035 ltomine
769 1979 1020 2033 simulato
1064 1992 1171 2032 non
1215 1976 1403 2047 quibat
1438 1974 1672 2032 efﬁcere.
1715 1993 1734 2026 ›
1775 1973 1961 2045 (lbid.,
1989 1989 2110 2045 pag.

519 2071 651 2141 37.)
704 2069 974 2141 Numquid
1025 2068 1229 2139 putavit
1274 2083 1454 2123 veram
1500 2081 1607 2122 non
1656 2080 1776 2122 esse
1825 2065 2112 2120 humanam

520 2166 723 2223 Christi
773 2176 1053 2229 naturam,
1093 2164 1191 2220 sed
1237 2163 1416 2219 fictam
1469 2172 1523 2217 et
1562 2160 1900 2216 simulatam?
1927 2158 2116 2214 Nonne

523 2271 636 2315 tota
671 2259 753 2315 via
780 2275 901 2315 cum
939 2259 1024 2313 his
1058 2256 1330 2313 aberravit
1372 2255 1675 2322 haereticis,
1722 2255 1813 2325 qui
1842 2253 2115 2309 Christum

525 2368 632 2409 non
657 2367 841 2408 verum
864 2351 1161 2414 hominem,
1193 2350 1287 2405 sed
1317 2348 1569 2415 hominis,
1600 2358 1659 2403 ut
1681 2347 1916 2411 aiebant,
1946 2347 2117 2418 phan-

520 2457 691 2503 tasma
711 2487 727 2513 ,
757 2455 812 2501 et
850 2445 1125 2501 hominem
1154 2442 1548 2513 phantasticum
1575 2441 1742 2497 fuisse
1766 2441 1930 2496 stulte
1965 2453 2114 2496 asse-

519 2540 783 2594 ruernnti
811 2538 1030 2593 Minime
1057 2536 1313 2609 gentium.
1352 2534 1485 2590 Nam
1513 2550 1582 2591 ex
1614 2534 1712 2600 iis,
1742 2549 1863 2605 qua:
1888 2533 1957 2589 ab
1996 2534 2116 2604 ipso

522 2630 594 2686 de
620 2619 823 2687 Christi
850 2631 955 2685 vita
992 2639 1048 2685 et
1078 2640 1253 2685 morte
1284 2629 1478 2685 tradita
1505 2628 1950 2694 memoravimus,
1997 2626 2117 2683 luce

523 2722 821 2778 meridiana
847 2720 1047 2777 clarius
1072 2720 1332 2792 probatur
1359 2735 1483 2776 eum
1521 2727 1674 2775 certo
1710 2719 1915 2776 certius
1943 2718 2119 2776 credi-

526 2814 675 2871 disse
718 2830 902 2871 veram
944 2830 973 2869 a
1013 2814 1228 2870 Christo
1270 2823 1600 2884 assumptam
1632 2813 1797 2869 fuisse
1828 2812 2116 2868 humanam

525 2920 770 2966 naturam
792 2951 806 2976 ,
840 2925 1134 2981 verumque
1177 2909 1470 2964 humanum
1504 2922 1724 2978 corpus.
1752 2906 2114 2976 Quamobrem

525 3004 594 3059 iis
638 3002 880 3068 vocibus,
929 3003 1132 3058 homine
1165 3000 1440 3068 simulato,
1466 2999 1608 3057 idem
1653 2999 1946 3071 significat,
1977 3013 2042 3055 ac
2070 2999 2118 3054 si

525 3096 749 3151 dixisset
791 3094 1011 3150 homine
1055 3108 1315 3169 expresso
1355 3102 1409 3149 et
1447 3091 1724 3158 exhibito,
1758 3093 1826 3145 ita
1859 3100 1918 3146 ut
1956 3105 2116 3161 quem

524 3189 859 3259 exprimebat
899 3196 955 3243 et
986 3186 1299 3255 exhibebat,
1333 3202 1494 3243 verus
1522 3193 1669 3242 esset
1694 3186 1876 3242 homo.
1908 3184 2119 3256 Negare

2214 1974 2461 2046 gustinus
2481 1973 2622 2030 hanc
2635 1977 3155 2047 argumentationem
3186 1978 3345 2049 plane
3360 1980 3641 2037 infirmant
3654 1993 3714 2038 et
3741 1981 3838 2038 di-

2217 2069 2386 2124 luant.
2415 2068 2657 2125 Primum
2695 2070 2839 2126 enim
2863 2070 3079 2129 Ethnici
3097 2072 3417 2143 objicientes
3438 2075 3639 2129 nullam
3661 2089 3836 2145 posse

2220 2158 2404 2216 afferri
2447 2160 2710 2216 rationem
2739 2176 2839 2216 cur
2864 2161 3114 2219 Christus
3145 2174 3267 2235 post
3308 2174 3385 2222 tot
3425 2166 3624 2222 sucula
3656 2166 3836 2224 homo

2218 2251 2393 2308 factus
2419 2252 2489 2308 sit
2514 2293 2530 2318 ,
2559 2268 2660 2309 suo
2688 2268 2747 2309 se
2775 2254 2953 2326 gladio
2972 2256 3311 2329 jugulabant.
3361 2259 3572 2316 Nullam
3617 2261 3835 2333 quippe

2218 2354 2272 2401 et
2307 2345 2439 2415 ipsi,
2485 2345 2561 2400 ait
2605 2355 2794 2402 auctor
2839 2360 3026 2406 noster
3056 2350 3292 2423 (Arnob.
3325 2351 3453 2418 lib.,
3483 2368 3540 2418 tt,
3572 2351 3690 2426 96),
3737 2369 3835 2410 ra-

2221 2439 2421 2494 tionem
2451 2436 2583 2493 dare
2609 2448 2860 2507 poterant
2890 2457 2997 2497 non
3028 2444 3204 2498 solum
3234 2458 3333 2500 cur
3363 2444 3554 2517 hyems
3573 2488 3588 2512 ,
3620 2455 3833 2513 aestas,

2220 2540 2516 2587 autumnus
2535 2572 2551 2593 .
2587 2531 2769 2603 pluvia
2788 2576 2802 2602 ,
2827 2544 2882 2590 et
2907 2536 3013 2591 alia
3043 2536 3419 2607 hujuscemodi
3448 2556 3555 2595 non
3578 2555 3647 2596 eo
3666 2583 3680 2605 ,
3713 2557 3837 2613 quo

2220 2632 2466 2692 Oportet,
2514 2634 2820 2696 opportuno
2862 2636 3105 2699 tempore
3128 2644 3277 2702 saepe
3303 2631 3503 2701 saepius
3531 2633 3788 2692 accidant
3817 2652 3832 2701 ;

2220 2714 2316 2769 sed
2349 2714 2686 2785 potissimum
2727 2732 2824 2773 cur
2847 2718 3107 2776 Hercules
3126 2763 3141 2788 ,
3189 2720 3533 2793 IEsculapins
3553 2765 3570 2790 ,
3601 2734 3661 2780 et
3689 2725 3831 2795 alii,

2221 2822 2358 2878 quos
2382 2807 2449 2864 ad
2494 2807 2772 2866 hominum
2824 2812 3108 2871 utilitatem
3157 2824 3313 2870 natos
3337 2831 3461 2873 esse
3490 2817 3832 2887 credebant,

2221 2901 2275 2955 in
2316 2902 2576 2958 mundum
2609 2913 2716 2959 tam
2748 2920 2871 2961 sero
2899 2907 3220 2977 prodierint.
3253 2909 3517 2967 Eumdem
3557 2913 3721 2984 plane
3771 2915 3832 2971 in

2222 2994 2441 3050 modum
2469 2995 2803 3067 Augustinus
2833 2999 2957 3056 illos
2985 3016 3053 3056 ex
3086 3004 3480 3075 mysteriorum
3501 3047 3519 3074 ,
3551 3007 3622 3062 ah
3642 3008 3716 3064 iis
3741 3008 3838 3065 in-

2222 3091 2566 3160 stitutorum,
2619 3092 2791 3163 prima
2847 3095 3092 3165 origine,
3129 3096 3276 3167 quod
3341 3098 3534 3155 eodem
3590 3101 3827 3169 recidit,

2221 3182 2419 3238 acriter
2437 3180 2639 3240 refellit
2663 3203 2679 3239 :
2715 3204 2734 3237 ι
2762 3185 2870 3254 Ipsi
2890 3228 2907 3250 ,
2938 3206 2957 3240 ι
2987 3188 3161 3260 inquit
3184 3188 3484 3262 (Augustin.
3504 3232 3521 3259 ,
3548 3193 3649 3249 loc.
3674 3193 3829 3267 cit.),

524 3290 701 3336 tamen
731 3297 836 3336 non
860 3295 1147 3352 possumus
1171 3281 1242 3336 ibi
1264 3280 1562 3335 Arnobium
1591 3278 1883 3349 impr0prie
1906 3276 2115 3332 minus-
2143 3260 2190 3324 Ο
2229 3296 2248 3330 ι
2281 3277 2464 3334 dicant
2494 3286 2673 3335 utrum
2698 3280 2997 3351 profuerint
3019 3260 3328 3341 hominibus
3347 3285 3571 3342 deorum
3598 3260 3833 3345 suorum

523 3391 630 3447 que
655 3383 904 3432 accurate
947 3373 1118 3444 lnqui.
1148 3373 1255 3429 Sed
1292 3374 1413 3443 quis
1450 3370 1792 3427 Aristarchus
1838 3385 1943 3426 non
1987 3370 2119 3427 satis

525 3468 841 3539 castigatum
876 3466 1187 3535 hujusmodi
1212 3464 1465 3536 loquendi
1491 3464 1706 3520 modum
1729 3464 1934 3519 homini
1962 3463 2120 3522 facile

526 3576 632 3616 non
662 3560 991 3616 condonahit
1010 3601 1025 3625 ,
1059 3559 1150 3630 qui
1179 3573 1325 3627 saepe
1354 3559 1553 3628 smpius
1584 3556 1763 3613 verbis
1805 3557 1972 3612 utitur
1997 3557 2119 3613 bar-

521 3651 669 3708 baris
698 3660 753 3708 et
778 3650 1059 3719 obsoletis,
1089 3664 1188 3706 nec
1217 3664 1348 3720 pure
1368 3657 1423 3705 et
1449 3647 1735 3705 emendate
1766 3648 2044 3721 loquitur?

1117 3799 1409 3841 AB'I'ICULUS
1447 3800 1524 3840 Ill.

526 3898 622 3951 Cur
639 3898 862 3951 Christus
892 3899 1038 3948 homo
1063 3898 1217 3949 factus
1238 3899 1320 3955 sit,
1347 3910 1435 3948 cur
1457 3905 1555 3948 tam
1578 3910 1713 3959 sero,
1736 3911 1830 3947 nec
1849 3896 1998 3961 longe
2029 3910 2119 3947 an-

522 4011 544 4027 ι,
590 3970 698 4027 tea;
723 3963 839 4027 quid
855 3962 921 4027 de
943 3962 1224 4027 hominibus
1239 3968 1355 4027 ante
1373 3963 1526 4025 ipsius
1541 3970 1701 4011 ortum
1712 3962 1941 4021 mortuis,
1958 3968 2119 4027 actum

588 4023 758 4088 fuerit,
786 4025 870 4074 ubi
893 4023 1252 4088 dehominibus
1274 4023 1511 4087 giganteo
1527 4037 1753 4088 corpore,
1775 4030 1828 4075 et
1847 4025 2119 4076 stentoreis

588 4086 840 4138 infantium
863 4086 1124 4147 vagitibus.

598 4212 707 4269 Cur
732 4211 980 4269 Christus
1002 4214 1165 4269 homo
1188 4212 1360 4268 factus
1381 4212 1469 4280 sit,
1499 4213 1546 4267 si
1570 4211 1640 4268 ah
1666 4212 1906 4269 Arnohio
1937 4220 2119 4283 postu-

523 4307 625 4370 les,
656 4306 795 4361 hanc
829 4306 921 4359 tibi
948 4303 1138 4360 reddet
1166 4304 1432 4360 rationem
1458 4320 1472 4357 :
1502 4305 1624 4374 quia
1679 4323 1697 4354 ι
1736 4303 1818 4359 Ab
1848 4303 2121 4375 religioni-

526 4398 630 4455 bus
649 4415 748 4455 nos
768 4398 917 4453 falsis
942 4397 1256 4468 religionem
1282 4397 1515 4452 traduxit
1533 4396 1600 4451 ad
1625 4412 1841 4462 veram;
1865 4397 1934 4453 ab
1953 4396 2120 4467 signis

524 4491 808 4555 inertibus,
839 4500 999 4562 atque
1023 4506 1091 4547 ex
1121 4487 1380 4546 vilissimo
1405 4489 1648 4545 formatis
1671 4488 1805 4556 luto,
1833 4488 1900 4544 ad
1943 4488 2119 4545 sidera

521 4584 821 4641 sublevavit
840 4593 896 4640 ct
921 4584 1138 4653 caelum,
1167 4592 1222 4639 et
1248 4598 1369 4639 cum
1396 4583 1616 4639 domino
1636 4597 1815 4638 rerum
1842 4584 1970 4650 Deo,
1993 4597 2119 4653 sup-

524 4680 875 4751 plicationum
921 4679 1048 4735 fecit
1089 4679 1253 4735 verba
1300 4686 1462 4752 atque
1503 4679 1805 4735 orationum
1851 4678 2118 4750 colloquia

521 4772 769 4828 miscere.
806 4790 826 4825 »
873 4769 1126 4842 (Arnob.,
1175 4770 1264 4825 lib.
1309 4787 1350 4836 ι,
1402 4787 1524 4842 pag.
1577 4769 1710 4843 22.)
1754 4769 2118 4839 Quamobrem

524 4865 644 4920 haec
667 4865 737 4922 de
766 4865 948 4936 seipso
980 4881 1084 4921 non
1107 4864 1225 4920 sine
1249 4864 1387 4937 grati
1417 4866 1639 4922 omnino
1668 4864 1836 4919 animi
1861 4865 2116 4920 testifica~

526 4956 671 5011 tione
706 4955 880 5025 palam
912 4956 1168 5024 praedicat
1200 4974 1212 5009 :
1252 4974 1269 5006 ι
1306 4955 1459 5011 Nunc
1480 4954 1705 5011 doctore
1729 4964 1878 5011 tanto
1909 4955 1966 5010 in
2003 4956 2118 5011 vias

524 5050 767 5105 veritatis
788 5048 1057 5117 inductus,
1089 5049 1269 5104 omnia
1313 5049 1414 5104 ista
1450 5065 1569 5119 qum
1608 5050 1738 5116 sint,
1770 5051 1882 5105 scio
1912 5067 1925 5104 :
1955 5049 2116 5121 digna

524 5141 596 5198 de
637 5142 813 5213 dignis
854 5141 1032 5196 sentio
1052 5180 1068 5205 ,
1101 5140 1485 5196 contumeliam
1512 5141 1715 5196 nomini
1744 5141 1950 5198 nullam
1976 5141 2116 5198 facio

522 5237 738 5302 divino;
779 5245 834 5291 et
886 5234 1016 5306 quid
1059 5234 1252 5306 cuique
1294 5234 1556 5292 debeatur
1579 5235 1666 5290 vel
1695 5249 1974 5304 personae,
2030 5236 2115 5293 vel

522 5330 707 5400 capiti,
740 5326 1041 5383 inconfusis
1070 5327 1357 5398 gradibus,
1387 5336 1550 5398 atque
1579 5328 1987 5384 auctoritatibus
2015 5328 2113 5384 tri-

523 5423 652 5479 buo.
685 5444 704 5476 ι
740 5422 926 5495 (lbid.)
949 5421 1146 5480 Verum
1169 5423 1421 5495 gentiles,
1441 5422 1635 5493 quibus
1664 5421 1793 5477 nihil
1823 5423 2113 5495 antiquius,

523 5530 684 5584 quam
727 5513 928 5585 optima
954 5529 1180 5585 qumque
1206 5514 1340 5569 diris
1367 5528 1612 5568 errorum
1644 5528 1864 5568 suorum
1890 5513 2112 5571 inficere

521 5608 777 5673 venenis,
834 5606 957 5662 inde
1005 5606 1425 5662 sacratissimum
1486 5606 1869 5661 incarnationis
1913 5603 2110 5661 Christi

522 5698 835 5769 mysterium
858 5697 1109 5753 vellicare
1133 5696 1489 5754 conabantur.
1506 5696 1828 5753 Christianis
1843 5696 2109 5768 siquidem

519 5789 849 5860 objiciebant
914 5790 1115 5859 (Ibid.,
1167 5789 1255 5843 lib.
1291 5805 1364 5855 ιι,
1407 5806 1527 5862 pag.
1575 5788 1688 5859 96),
1728 5789 1773 5845 si
1812 5803 1901 5845 res
1940 5788 2009 5843 ita
2050 5805 2109 5845 se

512 5881 733 5948 habent,
762 5880 962 5936 nullam
990 5879 1108 5936 dari
1136 5895 1296 5954 posse
1333 5881 1596 5939 rationem
1640 5895 1737 5939 cur
1780 5877 2031 5939 Christus
2071 5898 2101 5939 a

2222 3383 2376 3426 sacra
2398 3412 2414 3436 ,
2440 3387 2561 3441 quae
2588 3383 2805 3429 constat
2827 3375 2993 3430 certis
3020 3376 3356 3448 temporibus
3385 3379 3668 3437 instituta?
3690 3382 3832 3449 Qua:

2222 3461 2266 3515 si
2298 3472 2495 3533 negant
2537 3463 2740 3535 aliquid
2786 3465 3054 3536 profuisse
3095 3467 3163 3522 ad
3190 3468 3508 3529 animarum
3551 3473 3827 3543 salutem,

2222 3553 2502 3610 nobiscum
2542 3570 2605 3612 ea
2654 3556 2970 3624 destruunt,
3029 3567 3086 3615 et
3137 3560 3316 3615 inania
3367 3576 3489 3619 esse
3543 3567 3822 3624 confiteri.

2223 3654 2427 3701 tur.....
2461 3647 2518 3703 Si
2567 3663 2699 3703 vero
2740 3663 2805 3705 ea
2833 3648 3160 3717 defendunt,
3212 3661 3267 3707 et
3317 3654 3593 3723 sapienter
3644 3668 3819 3730 atque

2221 3737 2426 3793 utiliter
2454 3751 2702 3795 asserunt
2748 3741 2991 3797 instituta
3010 3783 3025 3809 ,
3058 3758 3244 3814 quer
3272 3745 3401 3817 quid
3447 3757 3626 3803 actum
3656 3751 3733 3806 sit
3758 3752 3833 3809 de

2224 3829 2308 3885 his
2328 3871 2343 3894 ,
2372 3831 2464 3901 qui
2491 3841 2783 3905 antequam
2815 3834 2930 3892 haec
2958 3838 3197 3893 instituta
3218 3848 3433 3907 essent,
3466 3851 3646 3899 morte
3667 3843 3825 3902 obie-

2222 3930 2383 3987 rant;
2418 3924 2519 3979 hac
2541 3924 2684 3980 enim
2714 3926 2902 3996 utique
2928 3927 3106 3984 salute
3132 3937 3293 4000 atque
3323 3930 3553 3987 utilitate
3577 3932 3823 3993 fraudati

2221 4024 2367 4071 sunt.
2401 4015 2459 4072 Si
2483 4026 2665 4074 autem
2715 4029 3006 4091 potuerunt
3049 4022 3155 4077 alio
3208 4024 3367 4080 modo
3414 4028 3670 4097 purgari,
3724 4045 3830 4087 cur

2221 4123 2330 4163 non
2373 4109 2514 4165 idem
2566 4111 2759 4167 modus
2811 4115 3185 4185 perseveravit
3238 4118 3292 4170 in
3346 4119 3636 4189 posteros?
3679 4121 3829 4190 Quid

2220 4215 2358 4272 opus
2395 4212 2514 4258 erat
2570 4203 2852 4260 instituere
2903 4206 3133 4264 novitias
3182 4210 3650 4280 consecrationes,
3699 4231 3828 4286 qua:

2220 4297 2516 4366 antiquitus
2543 4313 2648 4355 non
2678 4298 2934 4370 fuerunt?
2974 4320 2995 4354 ι

2292 4388 2644 4461 Respondere
2686 4401 2865 4448 autem
2920 4408 3026 4450 non
3080 4405 3329 4466 poterant
3376 4400 3576 4457 nullam
3622 4402 3823 4462 horum

2220 4495 2381 4551 posse
2411 4482 2526 4537 dari
2559 4484 2844 4541 rationem.
2878 4484 2958 4542 Eo
2978 4487 3121 4543 enim
3153 4490 3269 4558 ipso
3309 4491 3544 4562 aliquam
3586 4494 3657 4551 de
3694 4510 3828 4554 sero

2217 4572 2423 4629 Christi
2442 4574 2674 4630 adventu
2697 4591 2727 4630 a
2754 4576 3066 4634 christianis
3094 4595 3201 4635 non
3231 4581 3349 4638 sine
3378 4584 3572 4655 injuria
3599 4588 3827 4660 exigere

2142 4660 2698 4727 Dconvincebantur.
2731 4671 2974 4744 Siquam
3025 4690 3153 4730 vero
3203 4676 3514 4747 proferant,
3568 4682 3823 4741 eamdem

2221 4772 2277 4818 et
2304 4763 2580 4819 christiani
2610 4766 2905 4834 proferent.
2933 4766 3069 4823 Hinc
3093 4766 3364 4826 Arnobius
3393 4782 3577 4829 noster
3603 4792 3617 4828 :
3657 4794 3678 4827 ι
3710 4775 3826 4833 Ra-

2219 4855 2452 4922 tionem,
2485 4875 2506 4909 ι
2540 4856 2613 4912 ait
2654 4855 2923 4931 (Arnob.,
2967 4860 3068 4914 loc.
3114 4862 3200 4916 cit.
3224 4861 3267 4934 ),
3320 4881 3341 4915 ‹
3370 4864 3601 4937 aliquam
3649 4869 3824 4928 fuisse

2218 4947 2429 5005 dicetis.
2457 4947 2614 5005 Ratio
2643 4965 2775 5022 ergo
2803 4961 2858 5007 et
2888 4951 2973 5008 hic
3000 4952 3128 5021 fuit,
3181 4970 3278 5011 cur
3321 4972 3428 5012 non
3472 4974 3665 5031 nuper,
3713 4966 3819 5021 sed

2219 5040 2380 5098 hodie
2426 5043 2718 5113 soSpitator
2765 5045 2933 5100 nostri
2982 5047 3197 5117 generis
3251 5049 3557 5109 adveniret.
3614 5072 3634 5106 ι
3696 5057 3818 5113 Αιι.

2218 5136 2465 5207 gustinus
2516 5152 2682 5193 vero:
2713 5156 2732 5190 t
2766 5137 2876 5193 Cur
2916 5138 3054 5195 hanc
3099 5144 3453 5210 quaestionem
3503 5145 3822 5209 christiana:

2218 5231 2464 5302 religioni
2492 5230 2763 5303 ingerunt,
2796 5233 2850 5288 in
2873 5249 3031 5305 quam
3055 5235 3212 5292 nobis
3230 5236 3331 5309 ipsi
3352 5254 3452 5309 pro
3468 5239 3571 5296 diis
3586 5242 3702 5299 suis
3722 5256 3820 5302 aut

2217 5325 2543 5396 respondere
2564 5341 2669 5381 non
2693 5336 2937 5398 possunt,
2956 5329 3107 5384 autsi
3128 5341 3373 5401 possunt,
3409 5331 3463 5387 in
3489 5348 3556 5389 eo
3576 5335 3697 5407 ipso
3712 5338 3819 5395 sibi

2215 5416 2377 5472 etiam
2406 5432 2504 5487 pro
2546 5418 2803 5489 religione
2846 5430 3025 5475 nostra
3055 5422 3424 5494 respondent?
3453 5446 3471 5478 ι
3509 5426 3765 5500 (August.
3792 5475 3812 5495 ,

2217 5511 2319 5566 loc.
2351 5507 2475 5583 cit.)
2508 5509 2684 5566 Fateri
2706 5511 2868 5582 igitur
2894 5512 3165 5569 debebant
3194 5514 3273 5571 fas
3300 5532 3407 5572 non
3453 5532 3573 5574 esse
3598 5519 3807 5581 homini

2216 5605 2442 5659 scrutari
2473 5604 2694 5659 consilia
2728 5603 2859 5670 Dei,
2892 5608 2982 5677 qui
3010 5620 3235 5665 noverat
3261 5613 3522 5682 temporis
3548 5629 3655 5685 quo
3700 5615 3801 5674 hu-

2216 5712 2375 5752 mano
2417 5697 2598 5767 generi
2636 5696 2922 5754 subvenire
2966 5699 3151 5756 debuit
3191 5706 3648 5772 opportunitatem
3678 5710 3812 5779 (Ar-

2214 5790 2371 5858 nob.,
2416 5790 2542 5845 ibid.
2566 5789 2609 5864 ).
2668 5792 2839 5849 Simili
2895 5808 3109 5865 quoque
3162 5811 3427 5868 responso
3474 5801 3809 5871 Augustinus

2213 5880 2339 5940 huic
2381 5883 2664 5957 quaestioni
2709 5883 2971 5943 satisfacit
3000 5905 3014 5945 :
3046 5905 3067 5940 ι
3096 5887 3228 5946 Cum
3267 5902 3376 5944 non
3407 5887 3629 5949 fortuito
3650 5893 3757 5952 labi
3785 5936 3808 5968 ,
