  <div class='ocr_page' id='page_1' title='image "/cluster/home/n/w/nwhite01/storage/ocr_20150623/5/umn.31951002477299b/246.png"; bbox 0 0 4030 6286; ppageno 0'>
   <div class='ocr_carea' id='block_1_1' title="bbox 171 601 1771 682">
    <p class='ocr_par' dir='ltr' id='par_1_1' title="bbox 171 601 1771 682">
     <span class='ocr_line' id='line_1_1' title="bbox 171 601 1771 682; baseline 0.012 -28"><span class='ocrx_word' id='word_1_1' title='bbox 171 601 306 669; x_wconf 89' lang='lat' dir='ltr'><strong>quid</strong></span> <span class='ocrx_word' id='word_1_2' title='bbox 338 605 532 675; x_wconf 78' lang='lat' dir='ltr'><strong>cuique</strong></span> <span class='ocrx_word' id='word_1_3' title='bbox 557 609 784 676; x_wconf 78' lang='lat' dir='ltr'><strong>tempori</strong></span> <span class='ocrx_word' id='word_1_4' title='bbox 824 619 1006 680; x_wconf 90' lang='lat' dir='ltr'><strong>aptum</strong></span> <span class='ocrx_word' id='word_1_5' title='bbox 1035 621 1090 665; x_wconf 90' lang='lat' dir='ltr'><strong>et</strong></span> <span class='ocrx_word' id='word_1_6' title='bbox 1117 623 1475 682; x_wconf 89' lang='lat' dir='ltr'><strong>opportunum</strong></span> <span class='ocrx_word' id='word_1_7' title='bbox 1521 617 1623 682; x_wconf 91' lang='lat' dir='ltr'><strong>sit,</strong></span> <span class='ocrx_word' id='word_1_8' title='bbox 1673 618 1771 672; x_wconf 90' lang='lat' dir='ltr'><strong>hu-</strong></span> 
     </span>
    </p>
   </div>
   <div class='ocr_carea' id='block_1_2' title="bbox 173 699 1770 780">
    <p class='ocr_par' dir='ltr' id='par_1_2' title="bbox 173 699 1770 780">
     <span class='ocr_line' id='line_1_2' title="bbox 173 699 1770 780; baseline 0.012 -33"><span class='ocrx_word' id='word_1_9' title='bbox 173 708 404 750; x_wconf 89' lang='lat' dir='ltr'><strong>manum</strong></span> <span class='ocrx_word' id='word_1_10' title='bbox 453 699 733 754; x_wconf 87' lang='lat' dir='ltr'><strong>consilium</strong></span> <span class='ocrx_word' id='word_1_11' title='bbox 784 703 1234 774; x_wconf 76' lang='lat' dir='ltr'><strong>prtetergreditur,</strong></span> <span class='ocrx_word' id='word_1_12' title='bbox 1288 717 1342 760; x_wconf 90' lang='lat' dir='ltr'><strong>et</strong></span> <span class='ocrx_word' id='word_1_13' title='bbox 1383 707 1532 762; x_wconf 90' lang='lat' dir='ltr'><strong>illinc</strong></span> <span class='ocrx_word' id='word_1_14' title='bbox 1563 710 1770 780; x_wconf 88' lang='lat' dir='ltr'><strong>disper-</strong></span> 
     </span>
    </p>
   </div>
   <div class='ocr_carea' id='block_1_3' title="bbox 173 787 1764 860">
    <p class='ocr_par' dir='ltr' id='par_1_3' title="bbox 173 787 1764 860">
     <span class='ocr_line' id='line_1_3' title="bbox 173 787 1764 860; baseline 0.009 -22"><span class='ocrx_word' id='word_1_15' title='bbox 173 787 354 850; x_wconf 87' lang='lat' dir='ltr'><strong>titur,</strong></span> <span class='ocrx_word' id='word_1_16' title='bbox 411 789 551 844; x_wconf 91' lang='lat' dir='ltr'><strong>unde</strong></span> <span class='ocrx_word' id='word_1_17' title='bbox 617 791 731 860; x_wconf 90' lang='lat' dir='ltr'><strong>ipsa</strong></span> <span class='ocrx_word' id='word_1_18' title='bbox 796 794 1132 860; x_wconf 69' lang='lat' dir='ltr'><strong>providentia</strong></span> <span class='ocrx_word' id='word_1_19' title='bbox 1205 797 1365 852; x_wconf 89' lang='lat' dir='ltr'>rebus</span> <span class='ocrx_word' id='word_1_20' title='bbox 1429 801 1680 855; x_wconf 73' lang='lat' dir='ltr'><strong>consulit.</strong></span> <span class='ocrx_word' id='word_1_21' title='bbox 1745 820 1764 852; x_wconf 80' lang='grc' dir='ltr'><strong>ι</strong></span> 
     </span>
    </p>
   </div>
   <div class='ocr_carea' id='block_1_4' title="bbox 174 878 1766 958">
    <p class='ocr_par' dir='ltr' id='par_1_4' title="bbox 174 878 1766 958">
     <span class='ocr_line' id='line_1_4' title="bbox 174 878 1766 958; baseline 0.012 -26"><span class='ocrx_word' id='word_1_22' title='bbox 174 878 443 951; x_wconf 84' lang='lat' dir='ltr'><strong>(August.</strong></span> <span class='ocrx_word' id='word_1_23' title='bbox 471 923 487 948; x_wconf 92' lang='lat'><strong>,</strong></span> <span class='ocrx_word' id='word_1_24' title='bbox 537 884 662 938; x_wconf 85' lang='lat' dir='ltr'><strong>ibid.</strong></span> <span class='ocrx_word' id='word_1_25' title='bbox 695 903 747 956; x_wconf 85' lang='lat' dir='ltr'><strong>p.</strong></span> <span class='ocrx_word' id='word_1_26' title='bbox 794 885 964 958; x_wconf 75' lang='grc'><strong>277.)</strong></span> <span class='ocrx_word' id='word_1_27' title='bbox 999 889 1111 944; x_wconf 92' lang='lat' dir='ltr'><strong>lluc</strong></span> <span class='ocrx_word' id='word_1_28' title='bbox 1159 892 1320 946; x_wconf 90' lang='lat' dir='ltr'><strong>etiam</strong></span> <span class='ocrx_word' id='word_1_29' title='bbox 1361 894 1584 949; x_wconf 91' lang='lat' dir='ltr'><strong>accedat</strong></span> <span class='ocrx_word' id='word_1_30' title='bbox 1637 898 1766 950; x_wconf 89' lang='lat' dir='ltr'><strong>Am-</strong></span> 
     </span>
    </p>
   </div>
   <div class='ocr_carea' id='block_1_5' title="bbox 173 972 1768 1049">
    <p class='ocr_par' dir='ltr' id='par_1_5' title="bbox 173 972 1768 1049">
     <span class='ocr_line' id='line_1_5' title="bbox 173 972 1768 1049; baseline 0.011 -21"><span class='ocrx_word' id='word_1_31' title='bbox 173 972 525 1045; x_wconf 87' lang='lat' dir='ltr'><strong>brosius,qui</strong></span> <span class='ocrx_word' id='word_1_32' title='bbox 555 978 605 1032; x_wconf 92' lang='lat' dir='ltr'><strong>in</strong></span> <span class='ocrx_word' id='word_1_33' title='bbox 629 979 860 1049; x_wconf 90' lang='lat' dir='ltr'><strong>quodam</strong></span> <span class='ocrx_word' id='word_1_34' title='bbox 883 998 1134 1040; x_wconf 87' lang='lat' dir='ltr'><strong>sermone</strong></span> <span class='ocrx_word' id='word_1_35' title='bbox 1162 986 1212 1039; x_wconf 93' lang='lat' dir='ltr'><strong>in</strong></span> <span class='ocrx_word' id='word_1_36' title='bbox 1245 985 1360 1042; x_wconf 65' lang='lat' dir='ltr'><strong>haec</strong></span> <span class='ocrx_word' id='word_1_37' title='bbox 1379 988 1570 1047; x_wconf 82' lang='lat' dir='ltr'><strong>nsaluti</strong></span> <span class='ocrx_word' id='word_1_38' title='bbox 1595 991 1768 1045; x_wconf 87' lang='lat' dir='ltr'><strong>centi-</strong></span> 
     </span>
    </p>
   </div>
   <div class='ocr_carea' id='block_1_6' title="bbox 171 1065 1767 1150">
    <p class='ocr_par' dir='ltr' id='par_1_6' title="bbox 171 1065 1767 1150">
     <span class='ocr_line' id='line_1_6' title="bbox 171 1065 1767 1150; baseline 0.012 -31"><span class='ocrx_word' id='word_1_39' title='bbox 171 1065 302 1121; x_wconf 90' lang='lat' dir='ltr'><strong>simi</strong></span> <span class='ocrx_word' id='word_1_40' title='bbox 326 1069 517 1123; x_wconf 86' lang='lat' dir='ltr'><strong>decimi</strong></span> <span class='ocrx_word' id='word_1_41' title='bbox 542 1071 710 1125; x_wconf 81' lang='lat' dir='ltr'><strong>octavi</strong></span> <span class='ocrx_word' id='word_1_42' title='bbox 733 1073 894 1127; x_wconf 83' lang='lat' dir='ltr'><strong>verba</strong></span> <span class='ocrx_word' id='word_1_43' title='bbox 926 1075 1186 1148; x_wconf 67' lang='lat' dir='ltr'><strong>:Tempus</strong></span> <span class='ocrx_word' id='word_1_44' title='bbox 1206 1079 1429 1148; x_wconf 78' lang='lat' dir='ltr'><strong>faciendi</strong></span> <span class='ocrx_word' id='word_1_45' title='bbox 1453 1123 1468 1146; x_wconf 91' lang='lat'><strong>,</strong></span> <span class='ocrx_word' id='word_1_46' title='bbox 1523 1081 1767 1150; x_wconf 80' lang='lat' dir='ltr'><strong>Domine,</strong></span> 
     </span>
    </p>
   </div>
   <div class='ocr_carea' id='block_1_7' title="bbox 170 1159 1768 1248">
    <p class='ocr_par' dir='ltr' id='par_1_7' title="bbox 170 1159 1768 1248">
     <span class='ocr_line' id='line_1_7' title="bbox 170 1159 1768 1248; baseline 0.014 -38"><span class='ocrx_word' id='word_1_47' title='bbox 170 1159 430 1216; x_wconf 90' lang='lat' dir='ltr'><strong>similiter</strong></span> <span class='ocrx_word' id='word_1_48' title='bbox 451 1161 662 1218; x_wconf 78' lang='lat' dir='ltr'><strong>dixerat</strong></span> <span class='ocrx_word' id='word_1_49' title='bbox 690 1182 703 1217; x_wconf 94' lang='lat'>:</span> <span class='ocrx_word' id='word_1_50' title='bbox 741 1185 758 1217; x_wconf 74' lang='grc' dir='ltr'><strong>ι</strong></span> <span class='ocrx_word' id='word_1_51' title='bbox 793 1165 908 1222; x_wconf 84' lang='grc' dir='ltr'>Νοιι</span> <span class='ocrx_word' id='word_1_52' title='bbox 935 1169 1157 1240; x_wconf 89' lang='lat' dir='ltr'><strong>jubendi</strong></span> <span class='ocrx_word' id='word_1_53' title='bbox 1180 1213 1195 1239; x_wconf 95' lang='lat'><strong>,</strong></span> <span class='ocrx_word' id='word_1_54' title='bbox 1218 1173 1309 1229; x_wconf 88' lang='lat' dir='ltr'><strong>sed</strong></span> <span class='ocrx_word' id='word_1_55' title='bbox 1338 1175 1604 1241; x_wconf 82' lang='lat' dir='ltr'><strong>faciendi,</strong></span> <span class='ocrx_word' id='word_1_56' title='bbox 1640 1179 1768 1248; x_wconf 88' lang='lat' dir='ltr'><strong>quia</strong></span> 
     </span>
    </p>
   </div>
   <div class='ocr_carea' id='block_1_8' title="bbox 169 1253 1771 1330">
    <p class='ocr_par' dir='ltr' id='par_1_8' title="bbox 169 1253 1771 1330">
     <span class='ocr_line' id='line_1_8' title="bbox 169 1253 1771 1330; baseline 0.012 -25"><span class='ocrx_word' id='word_1_57' title='bbox 169 1265 283 1307; x_wconf 93' lang='lat' dir='ltr'><strong>non</strong></span> <span class='ocrx_word' id='word_1_58' title='bbox 317 1253 543 1326; x_wconf 81' lang='lat' dir='ltr'><strong>legatus,</strong></span> <span class='ocrx_word' id='word_1_59' title='bbox 578 1273 751 1328; x_wconf 89' lang='lat' dir='ltr'><strong>neque</strong></span> <span class='ocrx_word' id='word_1_60' title='bbox 783 1263 1020 1330; x_wconf 87' lang='lat' dir='ltr'><strong>nuntius,</strong></span> <span class='ocrx_word' id='word_1_61' title='bbox 1055 1264 1147 1319; x_wconf 92' lang='lat' dir='ltr'><strong>scd</strong></span> <span class='ocrx_word' id='word_1_62' title='bbox 1182 1265 1437 1320; x_wconf 88' lang='lat' dir='ltr'><strong>Dominus</strong></span> <span class='ocrx_word' id='word_1_63' title='bbox 1464 1267 1771 1325; x_wconf 81' lang='lat' dir='ltr'><strong>salvaturus</strong></span> 
     </span>
    </p>
   </div>
   <div class='ocr_carea' id='block_1_9' title="bbox 167 1347 1767 1427">
    <p class='ocr_par' dir='ltr' id='par_1_9' title="bbox 167 1347 1767 1427">
     <span class='ocr_line' id='line_1_9' title="bbox 167 1347 1767 1427; baseline 0.013 -31"><span class='ocrx_word' id='word_1_64' title='bbox 167 1353 292 1397; x_wconf 88' lang='lat' dir='ltr'><strong>erat</strong></span> <span class='ocrx_word' id='word_1_65' title='bbox 326 1347 581 1415; x_wconf 89' lang='lat' dir='ltr'><strong>populum</strong></span> <span class='ocrx_word' id='word_1_66' title='bbox 611 1365 790 1404; x_wconf 90' lang='lat' dir='ltr'><strong>suum.</strong></span> <span class='ocrx_word' id='word_1_67' title='bbox 820 1351 886 1406; x_wconf 89' lang='lat' dir='ltr'><strong>Et</strong></span> <span class='ocrx_word' id='word_1_68' title='bbox 915 1353 1002 1408; x_wconf 91' lang='lat' dir='ltr'><strong>ille</strong></span> <span class='ocrx_word' id='word_1_69' title='bbox 1019 1355 1238 1424; x_wconf 90' lang='lat' dir='ltr'><strong>quidem</strong></span> <span class='ocrx_word' id='word_1_70' title='bbox 1267 1365 1478 1427; x_wconf 86' lang='lat' dir='ltr'><strong>tempus</strong></span> <span class='ocrx_word' id='word_1_71' title='bbox 1523 1360 1767 1426; x_wconf 87' lang='lat' dir='ltr'><strong>sciebat,</strong></span> 
     </span>
    </p>
   </div>
   <div class='ocr_carea' id='block_1_10' title="bbox 167 1438 1769 1522">
    <p class='ocr_par' dir='ltr' id='par_1_10' title="bbox 167 1438 1769 1522">
     <span class='ocr_line' id='line_1_10' title="bbox 167 1438 1769 1522; baseline 0.011 -32"><span class='ocrx_word' id='word_1_72' title='bbox 167 1443 224 1490; x_wconf 89' lang='lat' dir='ltr'><strong>et</strong></span> <span class='ocrx_word' id='word_1_73' title='bbox 256 1451 368 1490; x_wconf 92' lang='lat' dir='ltr'><strong>non</strong></span> <span class='ocrx_word' id='word_1_74' title='bbox 393 1438 703 1507; x_wconf 80' lang='lat' dir='ltr'><strong>dilfcrcbat,</strong></span> <span class='ocrx_word' id='word_1_75' title='bbox 735 1443 831 1500; x_wconf 89' lang='lat' dir='ltr'><strong>sed</strong></span> <span class='ocrx_word' id='word_1_76' title='bbox 866 1460 965 1500; x_wconf 90' lang='lat' dir='ltr'><strong>nos</strong></span> <span class='ocrx_word' id='word_1_77' title='bbox 1010 1449 1380 1504; x_wconf 82' lang='lat' dir='ltr'><strong>nesciebamus</strong></span> <span class='ocrx_word' id='word_1_78' title='bbox 1421 1467 1527 1522; x_wconf 89' lang='lat' dir='ltr'><strong>quo</strong></span> <span class='ocrx_word' id='word_1_79' title='bbox 1576 1453 1769 1508; x_wconf 85' lang='lat' dir='ltr'><strong>melius</strong></span> 
     </span>
    </p>
   </div>
   <div class='ocr_carea' id='block_1_11' title="bbox 168 1533 1769 1611">
    <p class='ocr_par' dir='ltr' id='par_1_11' title="bbox 168 1533 1769 1611">
     <span class='ocr_line' id='line_1_11' title="bbox 168 1533 1769 1611; baseline 0.012 -31"><span class='ocrx_word' id='word_1_80' title='bbox 168 1535 424 1597; x_wconf 90' lang='lat' dir='ltr'><strong>tempore</strong></span> <span class='ocrx_word' id='word_1_81' title='bbox 473 1533 804 1590; x_wconf 82' lang='lat' dir='ltr'><strong>subveniret.</strong></span> <span class='ocrx_word' id='word_1_82' title='bbox 866 1556 885 1589; x_wconf 74' lang='grc' dir='ltr'><strong>ι</strong></span> <span class='ocrx_word' id='word_1_83' title='bbox 933 1538 951 1609; x_wconf 92' lang='grc'>(</span> <span class='ocrx_word' id='word_1_84' title='bbox 1000 1539 1277 1610; x_wconf 80' lang='lat' dir='ltr'><strong>Ambros.,</strong></span> <span class='ocrx_word' id='word_1_85' title='bbox 1337 1559 1490 1598; x_wconf 87' lang='lat' dir='ltr'><strong>serm.</strong></span> <span class='ocrx_word' id='word_1_86' title='bbox 1542 1545 1640 1611; x_wconf 87' lang='lat' dir='ltr'><strong>l6,</strong></span> <span class='ocrx_word' id='word_1_87' title='bbox 1716 1546 1769 1599; x_wconf 86' lang='lat' dir='ltr'><strong>in</strong></span> 
     </span>
    </p>
   </div>
   <div class='ocr_carea' id='block_1_12' title="bbox 168 1623 1184 1705">
    <p class='ocr_par' dir='ltr' id='par_1_12' title="bbox 168 1623 1184 1705">
     <span class='ocr_line' id='line_1_12' title="bbox 168 1623 1184 1705; baseline 0.015 -32"><span class='ocrx_word' id='word_1_88' title='bbox 168 1623 310 1690; x_wconf 88' lang='lat' dir='ltr'><strong>psal.</strong></span> <span class='ocrx_word' id='word_1_89' title='bbox 364 1638 550 1686; x_wconf 83' lang='lat' dir='ltr'><strong>cxvnt.</strong></span> <span class='ocrx_word' id='word_1_90' title='bbox 599 1627 631 1696; x_wconf 69' lang='grc' dir='ltr'><strong><em>Ῡ</em></strong></span> <span class='ocrx_word' id='word_1_91' title='bbox 683 1627 806 1698; x_wconf 72' lang='grc'><strong>126,</strong></span> <span class='ocrx_word' id='word_1_92' title='bbox 851 1631 1184 1705; x_wconf 81' lang='lat' dir='ltr'><strong>pag.llSl.)</strong></span> 
     </span>
    </p>
   </div>
   <div class='ocr_carea' id='block_1_13' title="bbox 244 1712 1768 1786">
    <p class='ocr_par' dir='ltr' id='par_1_13' title="bbox 244 1712 1768 1786">
     <span class='ocr_line' id='line_1_13' title="bbox 244 1712 1768 1786; baseline 0.01 -19"><span class='ocrx_word' id='word_1_93' title='bbox 244 1712 431 1786; x_wconf 79' lang='lat' dir='ltr'><strong>Pergit</strong></span> <span class='ocrx_word' id='word_1_94' title='bbox 473 1717 774 1785; x_wconf 84' lang='lat' dir='ltr'><strong>Arnobius,</strong></span> <span class='ocrx_word' id='word_1_95' title='bbox 825 1731 879 1776; x_wconf 88' lang='lat' dir='ltr'><strong>et</strong></span> <span class='ocrx_word' id='word_1_96' title='bbox 924 1723 1084 1778; x_wconf 89' lang='lat' dir='ltr'><strong>aliam</strong></span> <span class='ocrx_word' id='word_1_97' title='bbox 1131 1739 1228 1780; x_wconf 91' lang='lat' dir='ltr'><strong>cur</strong></span> <span class='ocrx_word' id='word_1_98' title='bbox 1252 1723 1499 1782; x_wconf 91' lang='lat' dir='ltr'><strong>Christus</strong></span> <span class='ocrx_word' id='word_1_99' title='bbox 1530 1735 1684 1784; x_wconf 88' lang='lat' dir='ltr'><strong>antea</strong></span> <span class='ocrx_word' id='word_1_100' title='bbox 1715 1729 1768 1784; x_wconf 90' lang='lat' dir='ltr'><strong>in</strong></span> 
     </span>
    </p>
   </div>
   <div class='ocr_carea' id='block_1_14' title="bbox 166 1809 1768 1892">
    <p class='ocr_par' dir='ltr' id='par_1_14' title="bbox 166 1809 1768 1892">
     <span class='ocr_line' id='line_1_14' title="bbox 166 1809 1768 1892; baseline 0.011 -31"><span class='ocrx_word' id='word_1_101' title='bbox 166 1809 435 1864; x_wconf 91' lang='lat' dir='ltr'><strong>mundum</strong></span> <span class='ocrx_word' id='word_1_102' title='bbox 459 1826 566 1866; x_wconf 92' lang='lat' dir='ltr'><strong>non</strong></span> <span class='ocrx_word' id='word_1_103' title='bbox 589 1814 823 1881; x_wconf 87' lang='lat' dir='ltr'><strong>venerit,</strong></span> <span class='ocrx_word' id='word_1_104' title='bbox 847 1817 1052 1887; x_wconf 85' lang='lat' dir='ltr'><strong>profert</strong></span> <span class='ocrx_word' id='word_1_105' title='bbox 1074 1820 1336 1876; x_wconf 89' lang='lat' dir='ltr'><strong>rationem</strong></span> <span class='ocrx_word' id='word_1_106' title='bbox 1356 1821 1440 1876; x_wconf 89' lang='lat' dir='ltr'><strong>bis</strong></span> <span class='ocrx_word' id='word_1_107' title='bbox 1458 1836 1768 1892; x_wconf 85' lang='lat' dir='ltr'><strong>expressam</strong></span> 
     </span>
    </p>
   </div>
   <div class='ocr_carea' id='block_1_15' title="bbox 221 406 2300 488">
    <p class='ocr_par' dir='ltr' id='par_1_15' title="bbox 221 406 2300 488">
     <span class='ocr_line' id='line_1_15' title="bbox 221 406 2300 488; baseline 0.02 -45"><span class='ocrx_word' id='word_1_108' title='bbox 221 406 284 471; x_wconf 66' lang='grc' dir='ltr'><strong><em>ω</em></strong></span> <span class='ocrx_word' id='word_1_109' title='bbox 1457 406 1519 462; x_wconf 76' lang='lat' dir='ltr'><strong>IN</strong></span> <span class='ocrx_word' id='word_1_110' title='bbox 1560 408 1931 484; x_wconf 80' lang='lat' dir='ltr'><strong>ABNOBIUM,</strong></span> <span class='ocrx_word' id='word_1_111' title='bbox 1973 422 2125 481; x_wconf 68' lang='grc' dir='ltr'>(ιΑρ.</span> <span class='ocrx_word' id='word_1_112' title='bbox 2173 429 2300 488; x_wconf 72' lang='grc' dir='ltr'>ιτιιι.</span> 
     </span>
    </p>
   </div>
   <div class='ocr_carea' id='block_1_16' title="bbox 1874 639 3461 734">
    <p class='ocr_par' dir='ltr' id='par_1_16' title="bbox 1874 639 3461 734">
     <span class='ocr_line' id='line_1_16' title="bbox 1874 639 3461 734; baseline 0.016 -40"><span class='ocrx_word' id='word_1_113' title='bbox 1874 639 2254 715; x_wconf 77' lang='lat' dir='ltr'><strong>quinquaginta</strong></span> <span class='ocrx_word' id='word_1_114' title='bbox 2269 649 2543 707; x_wconf 87' lang='lat' dir='ltr'><strong>hominum</strong></span> <span class='ocrx_word' id='word_1_115' title='bbox 2563 654 2852 711; x_wconf 90' lang='lat' dir='ltr'><strong>clamorem</strong></span> <span class='ocrx_word' id='word_1_116' title='bbox 2871 657 3181 730; x_wconf 87' lang='lat' dir='ltr'><strong>adaequaret</strong></span> <span class='ocrx_word' id='word_1_117' title='bbox 3197 659 3461 734; x_wconf 63' lang='lat' dir='ltr'><strong>(Nomen,</strong></span> 
     </span>
    </p>
   </div>
   <div class='ocr_carea' id='block_1_17' title="bbox 1874 733 3464 816">
    <p class='ocr_par' dir='ltr' id='par_1_17' title="bbox 1874 733 3464 816">
     <span class='ocr_line' id='line_1_17' title="bbox 1874 733 3464 816; baseline 0.016 -29"><span class='ocrx_word' id='word_1_118' title='bbox 1874 733 2059 800; x_wconf 85' lang='lat' dir='ltr'><strong>Iliad.,</strong></span> <span class='ocrx_word' id='word_1_119' title='bbox 2091 738 2140 801; x_wconf 67' lang='grc' dir='ltr'>ὅ,</span> <span class='ocrx_word' id='word_1_120' title='bbox 2176 751 2294 794; x_wconf 87' lang='lat' dir='ltr'><strong>ante</strong></span> <span class='ocrx_word' id='word_1_121' title='bbox 2320 743 2410 809; x_wconf 79' lang='lat' dir='ltr'><strong>ﬁn.</strong></span> <span class='ocrx_word' id='word_1_122' title='bbox 2435 742 2477 816; x_wconf 93' lang='lat'><strong>).</strong></span> <span class='ocrx_word' id='word_1_123' title='bbox 2508 745 2677 814; x_wconf 91' lang='lat' dir='ltr'><strong>Quam</strong></span> <span class='ocrx_word' id='word_1_124' title='bbox 2720 762 2850 805; x_wconf 89' lang='lat' dir='ltr'><strong>sane</strong></span> <span class='ocrx_word' id='word_1_125' title='bbox 2897 750 2967 805; x_wconf 92' lang='lat' dir='ltr'><strong>ob</strong></span> <span class='ocrx_word' id='word_1_126' title='bbox 3013 733 3225 808; x_wconf 87' lang='lat' dir='ltr'><strong>causam</strong></span> <span class='ocrx_word' id='word_1_127' title='bbox 3269 754 3464 812; x_wconf 88' lang='lat' dir='ltr'><strong>alicubi</strong></span> 
     </span>
    </p>
   </div>
   <div class='ocr_carea' id='block_1_18' title="bbox 1873 829 2409 892">
    <p class='ocr_par' dir='ltr' id='par_1_18' title="bbox 1873 829 2409 892">
     <span class='ocr_line' id='line_1_18' title="bbox 1873 829 2409 892; baseline 0.009 -7"><span class='ocrx_word' id='word_1_128' title='bbox 1873 829 2150 889; x_wconf 83' lang='lat' dir='ltr'><strong>Juvenalis</strong></span> <span class='ocrx_word' id='word_1_129' title='bbox 2173 835 2366 890; x_wconf 89' lang='lat' dir='ltr'><strong>cecinit</strong></span> <span class='ocrx_word' id='word_1_130' title='bbox 2396 855 2409 892; x_wconf 88' lang='lat'><strong>:</strong></span> 
     </span>
    </p>
   </div>
   <div class='ocr_carea' id='block_1_19' title="bbox 1967 996 3277 1072">
    <p class='ocr_par' dir='ltr' id='par_1_19' title="bbox 1967 996 3277 1072">
     <span class='ocr_line' id='line_1_19' title="bbox 1967 996 3277 1072; baseline 0.01 -26"><span class='ocrx_word' id='word_1_131' title='bbox 1967 996 2059 1052; x_wconf 83' lang='lat' dir='ltr'><strong>&#39;l&#39;u.</strong></span> <span class='ocrx_word' id='word_1_132' title='bbox 2087 999 2253 1061; x_wconf 88' lang='lat' dir='ltr'><strong>miser,</strong></span> <span class='ocrx_word' id='word_1_133' title='bbox 2276 999 2539 1061; x_wconf 81' lang='lat' dir='ltr'><strong>exclamas,</strong></span> <span class='ocrx_word' id='word_1_134' title='bbox 2559 1009 2613 1053; x_wconf 91' lang='lat' dir='ltr'><strong>ut</strong></span> <span class='ocrx_word' id='word_1_135' title='bbox 2633 1004 2861 1055; x_wconf 87' lang='lat' dir='ltr'><strong>Stentora</strong></span> <span class='ocrx_word' id='word_1_136' title='bbox 2884 1008 3086 1057; x_wconf 88' lang='lat' dir='ltr'><strong>vincere</strong></span> <span class='ocrx_word' id='word_1_137' title='bbox 3103 1009 3277 1072; x_wconf 86' lang='lat' dir='ltr'><strong>possis.</strong></span> 
     </span>
    </p>
   </div>
   <div class='ocr_carea' id='block_1_20' title="bbox 2495 1087 3267 1157">
    <p class='ocr_par' dir='ltr' id='par_1_20' title="bbox 2495 1087 3267 1157">
     <span class='ocr_line' id='line_1_20' title="bbox 2495 1087 3267 1157; baseline 0.01 -22"><span class='ocrx_word' id='word_1_138' title='bbox 2495 1087 2714 1149; x_wconf 68' lang='lat' dir='ltr'><strong>(lucem,</strong></span> <span class='ocrx_word' id='word_1_139' title='bbox 2751 1087 2890 1141; x_wconf 85' lang='lat' dir='ltr'><strong>sutir.</strong></span> <span class='ocrx_word' id='word_1_140' title='bbox 2914 1092 2989 1150; x_wconf 78' lang='lat' dir='ltr'><strong>l3,</strong></span> <span class='ocrx_word' id='word_1_141' title='bbox 3016 1103 3143 1143; x_wconf 82' lang='lat' dir='ltr'><strong>vers.</strong></span> <span class='ocrx_word' id='word_1_142' title='bbox 3168 1094 3267 1157; x_wconf 75' lang='lat'><strong>22.)</strong></span> 
     </span>
    </p>
   </div>
   <div class='ocr_carea' id='block_1_21' title="bbox 1875 1231 3463 1305">
    <p class='ocr_par' dir='ltr' id='par_1_21' title="bbox 1875 1231 3463 1305">
     <span class='ocr_line' id='line_1_21' title="bbox 1875 1231 3463 1305; baseline 0.008 -19"><span class='ocrx_word' id='word_1_143' title='bbox 1875 1231 1940 1286; x_wconf 89' lang='lat' dir='ltr'><strong>Et</strong></span> <span class='ocrx_word' id='word_1_144' title='bbox 1980 1231 2095 1287; x_wconf 70' lang='lat' dir='ltr'><strong>haec</strong></span> <span class='ocrx_word' id='word_1_145' title='bbox 2122 1233 2334 1303; x_wconf 85' lang='lat' dir='ltr'><strong>quidem</strong></span> <span class='ocrx_word' id='word_1_146' title='bbox 2366 1234 2563 1291; x_wconf 82' lang='lat' dir='ltr'><strong>idcirco</strong></span> <span class='ocrx_word' id='word_1_147' title='bbox 2592 1247 2943 1305; x_wconf 88' lang='lat' dir='ltr'><strong>annotamus,</strong></span> <span class='ocrx_word' id='word_1_148' title='bbox 3003 1250 3059 1295; x_wconf 88' lang='lat' dir='ltr'><strong>ut</strong></span> <span class='ocrx_word' id='word_1_149' title='bbox 3104 1240 3171 1296; x_wconf 90' lang='lat' dir='ltr'><strong>ab</strong></span> <span class='ocrx_word' id='word_1_150' title='bbox 3214 1242 3463 1299; x_wconf 89' lang='lat' dir='ltr'><strong>omnibus</strong></span> 
     </span>
    </p>
   </div>
   <div class='ocr_carea' id='block_1_22' title="bbox 1875 1328 3460 1406">
    <p class='ocr_par' dir='ltr' id='par_1_22' title="bbox 1875 1328 3460 1406">
     <span class='ocr_line' id='line_1_22' title="bbox 1875 1328 3460 1406; baseline 0.006 -24"><span class='ocrx_word' id='word_1_151' title='bbox 1875 1328 2206 1396; x_wconf 78' lang='lat' dir='ltr'><strong>intelligatur</strong></span> <span class='ocrx_word' id='word_1_152' title='bbox 2250 1345 2355 1400; x_wconf 91' lang='lat' dir='ltr'><strong>quo</strong></span> <span class='ocrx_word' id='word_1_153' title='bbox 2402 1331 2520 1402; x_wconf 92' lang='lat' dir='ltr'><strong>jure</strong></span> <span class='ocrx_word' id='word_1_154' title='bbox 2562 1333 2832 1389; x_wconf 82' lang='lat' dir='ltr'><strong>Arnobius</strong></span> <span class='ocrx_word' id='word_1_155' title='bbox 2873 1333 3065 1389; x_wconf 79' lang='lat' dir='ltr'><strong>dixerit</strong></span> <span class='ocrx_word' id='word_1_156' title='bbox 3117 1335 3460 1406; x_wconf 87' lang='lat' dir='ltr'><strong>imminutas,</strong></span> 
     </span>
    </p>
   </div>
   <div class='ocr_carea' id='block_1_23' title="bbox 1874 1421 3461 1494">
    <p class='ocr_par' dir='ltr' id='par_1_23' title="bbox 1874 1421 3461 1494">
     <span class='ocr_line' id='line_1_23' title="bbox 1874 1421 3461 1494; baseline 0.009 -20"><span class='ocrx_word' id='word_1_157' title='bbox 1874 1421 2163 1478; x_wconf 88' lang='lat' dir='ltr'><strong>fatentibus</strong></span> <span class='ocrx_word' id='word_1_158' title='bbox 2194 1425 2465 1491; x_wconf 86' lang='lat' dir='ltr'><strong>Ethnicis,</strong></span> <span class='ocrx_word' id='word_1_159' title='bbox 2499 1427 2774 1482; x_wconf 85' lang='lat' dir='ltr'><strong>hominum</strong></span> <span class='ocrx_word' id='word_1_160' title='bbox 2805 1429 2945 1483; x_wconf 90' lang='lat' dir='ltr'><strong>vires</strong></span> <span class='ocrx_word' id='word_1_161' title='bbox 2965 1471 2980 1494; x_wconf 94' lang='lat'><strong>,</strong></span> <span class='ocrx_word' id='word_1_162' title='bbox 3012 1443 3074 1483; x_wconf 88' lang='lat' dir='ltr'><strong>ac</strong></span> <span class='ocrx_word' id='word_1_163' title='bbox 3103 1430 3371 1485; x_wconf 86' lang='lat' dir='ltr'><strong>Christum</strong></span> <span class='ocrx_word' id='word_1_164' title='bbox 3394 1445 3461 1487; x_wconf 87' lang='lat' dir='ltr'><strong>eo</strong></span> 
     </span>
    </p>
   </div>
   <div class='ocr_carea' id='block_1_24' title="bbox 1873 1515 3460 1594">
    <p class='ocr_par' dir='ltr' id='par_1_24' title="bbox 1873 1515 3460 1594">
     <span class='ocr_line' id='line_1_24' title="bbox 1873 1515 3460 1594; baseline 0.004 -24"><span class='ocrx_word' id='word_1_165' title='bbox 1873 1515 2098 1572; x_wconf 84' lang='lat' dir='ltr'><strong>forsitan</strong></span> <span class='ocrx_word' id='word_1_166' title='bbox 2149 1528 2389 1587; x_wconf 92' lang='lat' dir='ltr'><strong>tempore</strong></span> <span class='ocrx_word' id='word_1_167' title='bbox 2437 1517 2703 1576; x_wconf 87' lang='lat' dir='ltr'><strong>hominem</strong></span> <span class='ocrx_word' id='word_1_168' title='bbox 2752 1520 2981 1587; x_wconf 89' lang='lat' dir='ltr'><strong>factum,</strong></span> <span class='ocrx_word' id='word_1_169' title='bbox 3027 1537 3133 1592; x_wconf 91' lang='lat' dir='ltr'><strong>quo</strong></span> <span class='ocrx_word' id='word_1_170' title='bbox 3179 1523 3392 1594; x_wconf 78' lang='lat' dir='ltr'><strong>fractior</strong></span> <span class='ocrx_word' id='word_1_171' title='bbox 3415 1531 3460 1576; x_wconf 85' lang='lat' dir='ltr'><strong>et</strong></span> 
     </span>
    </p>
   </div>
   <div class='ocr_carea' id='block_1_25' title="bbox 1872 1612 3460 1688">
    <p class='ocr_par' dir='ltr' id='par_1_25' title="bbox 1872 1612 3460 1688">
     <span class='ocr_line' id='line_1_25' title="bbox 1872 1612 3460 1688; baseline 0.005 -24"><span class='ocrx_word' id='word_1_172' title='bbox 1872 1613 2128 1680; x_wconf 80' lang='lat' dir='ltr'><strong>inﬁrmior</strong></span> <span class='ocrx_word' id='word_1_173' title='bbox 2155 1613 2250 1667; x_wconf 86' lang='lat' dir='ltr'><strong>fuit</strong></span> <span class='ocrx_word' id='word_1_174' title='bbox 2281 1612 2510 1668; x_wconf 88' lang='lat' dir='ltr'><strong>humana</strong></span> <span class='ocrx_word' id='word_1_175' title='bbox 2560 1626 2746 1671; x_wconf 90' lang='lat' dir='ltr'><strong>natura</strong></span> <span class='ocrx_word' id='word_1_176' title='bbox 2767 1657 2782 1683; x_wconf 96' lang='lat'><strong>,</strong></span> <span class='ocrx_word' id='word_1_177' title='bbox 2813 1615 3088 1688; x_wconf 81' lang='lat' dir='ltr'><strong>magisque</strong></span> <span class='ocrx_word' id='word_1_178' title='bbox 3115 1617 3233 1688; x_wconf 84' lang='lat' dir='ltr'><strong>ejus</strong></span> <span class='ocrx_word' id='word_1_179' title='bbox 3263 1617 3460 1673; x_wconf 80' lang='lat' dir='ltr'><strong>auxilio</strong></span> 
     </span>
    </p>
   </div>
   <div class='ocr_carea' id='block_1_26' title="bbox 1873 1705 2160 1776">
    <p class='ocr_par' dir='ltr' id='par_1_26' title="bbox 1873 1705 2160 1776">
     <span class='ocr_line' id='line_1_26' title="bbox 1873 1705 2160 1776; baseline 0.007 -16"><span class='ocrx_word' id='word_1_180' title='bbox 1873 1705 2160 1776; x_wconf 83' lang='lat' dir='ltr'><strong>indigebat.</strong></span> 
     </span>
    </p>
   </div>
   <div class='ocr_carea' id='block_1_27' title="bbox 1944 1798 3456 1871">
    <p class='ocr_par' dir='ltr' id='par_1_27' title="bbox 1944 1798 3456 1871">
     <span class='ocr_line' id='line_1_27' title="bbox 1944 1798 3456 1871; baseline 0.004 -18"><span class='ocrx_word' id='word_1_181' title='bbox 1944 1798 2112 1854; x_wconf 89' lang='lat' dir='ltr'><strong>Porro</strong></span> <span class='ocrx_word' id='word_1_182' title='bbox 2140 1807 2316 1854; x_wconf 88' lang='lat' dir='ltr'><strong>autem</strong></span> <span class='ocrx_word' id='word_1_183' title='bbox 2350 1800 2508 1854; x_wconf 90' lang='lat' dir='ltr'><strong>aliam</strong></span> <span class='ocrx_word' id='word_1_184' title='bbox 2558 1800 2649 1856; x_wconf 90' lang='lat' dir='ltr'><strong>ille</strong></span> <span class='ocrx_word' id='word_1_185' title='bbox 2691 1802 2909 1871; x_wconf 89' lang='lat' dir='ltr'><strong>insuper</strong></span> <span class='ocrx_word' id='word_1_186' title='bbox 2951 1802 3126 1858; x_wconf 90' lang='lat' dir='ltr'><strong>reddit</strong></span> <span class='ocrx_word' id='word_1_187' title='bbox 3155 1801 3456 1869; x_wconf 86' lang='lat' dir='ltr'><strong>rationem,</strong></span> 
     </span>
    </p>
   </div>
   <div class='ocr_carea' id='block_1_28' title="bbox 167 1891 3457 1993">
    <p class='ocr_par' dir='ltr' id='par_1_28' title="bbox 167 1891 3457 1993">
     <span class='ocr_line' id='line_1_28' title="bbox 167 1891 3457 1993; baseline 0.01 -36"><span class='ocrx_word' id='word_1_188' title='bbox 167 1903 379 1958; x_wconf 79' lang='lat' dir='ltr'><strong>verbis.</strong></span> <span class='ocrx_word' id='word_1_189' title='bbox 413 1923 432 1956; x_wconf 74' lang='grc' dir='ltr'><strong>ι</strong></span> <span class='ocrx_word' id='word_1_190' title='bbox 462 1905 643 1960; x_wconf 85' lang='lat' dir='ltr'><strong>Potest</strong></span> <span class='ocrx_word' id='word_1_191' title='bbox 667 1909 812 1974; x_wconf 92' lang='lat' dir='ltr'><strong>lieri,</strong></span> <span class='ocrx_word' id='word_1_192' title='bbox 845 1919 899 1964; x_wconf 87' lang='lat' dir='ltr'><strong>ut</strong></span> <span class='ocrx_word' id='word_1_193' title='bbox 942 1921 1052 1965; x_wconf 89' lang='lat' dir='ltr'><strong>tum</strong></span> <span class='ocrx_word' id='word_1_194' title='bbox 1081 1911 1298 1969; x_wconf 84' lang='lat' dir='ltr'><strong>demum</strong></span> <span class='ocrx_word' id='word_1_195' title='bbox 1332 1891 1573 1970; x_wconf 88' lang='lat' dir='ltr'><strong>emiserit</strong></span> <span class='ocrx_word' id='word_1_196' title='bbox 1603 1915 1764 1971; x_wconf 88' lang='lat' dir='ltr'><strong>Chri-</strong></span> <span class='ocrx_word' id='word_1_197' title='bbox 1797 1934 1844 1993; x_wconf 82' lang='grc' dir='ltr'><strong>Β</strong></span> <span class='ocrx_word' id='word_1_198' title='bbox 1871 1907 1969 1993; x_wconf 62' lang='grc' dir='ltr'><strong>οιξν</strong></span> <span class='ocrx_word' id='word_1_199' title='bbox 1995 1891 2242 1993; x_wconf 48' lang='grc' dir='ltr'><strong>Ο¹¹¹ξξῗ¹¹¹⁵</strong></span> <span class='ocrx_word' id='word_1_200' title='bbox 2269 1907 2374 1993; x_wconf 58' lang='grc' dir='ltr'><strong>’³9η</strong></span> <span class='ocrx_word' id='word_1_201' title='bbox 2405 1893 2551 1963; x_wconf 57' lang='lat' dir='ltr'><strong>prius</strong></span> <span class='ocrx_word' id='word_1_202' title='bbox 2593 1893 2863 1993; x_wconf 36' lang='lat' dir='ltr'><strong>hominem</strong></span> <span class='ocrx_word' id='word_1_203' title='bbox 2891 1895 3155 1993; x_wconf 35' lang='lat' dir='ltr'><strong>induerit}</strong></span> <span class='ocrx_word' id='word_1_204' title='bbox 3207 1896 3331 1966; x_wconf 63' lang='lat' dir='ltr'><strong>quia</strong></span> <span class='ocrx_word' id='word_1_205' title='bbox 3375 1895 3457 1993; x_wconf 49' lang='lat' dir='ltr'><strong>ili-</strong></span> 
     </span>
    </p>
   </div>
   <div class='ocr_carea' id='block_1_29' title="bbox 166 1999 1765 2078">
    <p class='ocr_par' dir='ltr' id='par_1_29' title="bbox 166 1999 1765 2078">
     <span class='ocr_line' id='line_1_29' title="bbox 166 1999 1765 2078; baseline 0.01 -29"><span class='ocrx_word' id='word_1_206' title='bbox 166 2005 314 2050; x_wconf 88' lang='lat' dir='ltr'><strong>stum</strong></span> <span class='ocrx_word' id='word_1_207' title='bbox 349 1999 606 2052; x_wconf 89' lang='lat' dir='ltr'><strong>Dominus</strong></span> <span class='ocrx_word' id='word_1_208' title='bbox 627 2002 968 2071; x_wconf 88' lang='lat' dir='ltr'><strong>omnipotens</strong></span> <span class='ocrx_word' id='word_1_209' title='bbox 989 2047 1003 2070; x_wconf 93' lang='lat'><strong>,</strong></span> <span class='ocrx_word' id='word_1_210' title='bbox 1035 2015 1314 2075; x_wconf 84' lang='lat' dir='ltr'><strong>postquam</strong></span> <span class='ocrx_word' id='word_1_211' title='bbox 1337 2023 1468 2078; x_wconf 82' lang='lat' dir='ltr'><strong>gens</strong></span> <span class='ocrx_word' id='word_1_212' title='bbox 1490 2009 1765 2065; x_wconf 86' lang='lat' dir='ltr'><strong>hominum</strong></span> 
     </span>
    </p>
   </div>
   <div class='ocr_carea' id='block_1_30' title="bbox 168 2087 1760 2166">
    <p class='ocr_par' dir='ltr' id='par_1_30' title="bbox 168 2087 1760 2166">
     <span class='ocr_line' id='line_1_30' title="bbox 168 2087 1760 2166; baseline 0.009 -25"><span class='ocrx_word' id='word_1_213' title='bbox 168 2087 424 2155; x_wconf 80' lang='lat' dir='ltr'><strong>fractior,</strong></span> <span class='ocrx_word' id='word_1_214' title='bbox 471 2101 525 2145; x_wconf 90' lang='lat' dir='ltr'><strong>et</strong></span> <span class='ocrx_word' id='word_1_215' title='bbox 573 2092 836 2148; x_wconf 86' lang='lat' dir='ltr'><strong>infirmior</strong></span> <span class='ocrx_word' id='word_1_216' title='bbox 885 2099 1049 2166; x_wconf 62' lang='lat' dir='ltr'><strong>coepit</strong></span> <span class='ocrx_word' id='word_1_217' title='bbox 1099 2113 1219 2153; x_wconf 91' lang='lat' dir='ltr'><strong>esse</strong></span> <span class='ocrx_word' id='word_1_218' title='bbox 1270 2111 1452 2155; x_wconf 90' lang='lat' dir='ltr'><strong>nostra</strong></span> <span class='ocrx_word' id='word_1_219' title='bbox 1501 2113 1705 2157; x_wconf 91' lang='lat' dir='ltr'><strong>natura.</strong></span> <span class='ocrx_word' id='word_1_220' title='bbox 1742 2123 1760 2156; x_wconf 72' lang='grc' dir='ltr'><strong>ι</strong></span> 
     </span>
    </p>
   </div>
   <div class='ocr_carea' id='block_1_31' title="bbox 169 2182 1764 2265">
    <p class='ocr_par' dir='ltr' id='par_1_31' title="bbox 169 2182 1764 2265">
     <span class='ocr_line' id='line_1_31' title="bbox 169 2182 1764 2265; baseline 0.01 -33"><span class='ocrx_word' id='word_1_221' title='bbox 169 2182 400 2251; x_wconf 78' lang='lat' dir='ltr'><strong>(Arnob.</strong></span> <span class='ocrx_word' id='word_1_222' title='bbox 421 2223 434 2248; x_wconf 94' lang='lat'><strong>,</strong></span> <span class='ocrx_word' id='word_1_223' title='bbox 461 2183 549 2237; x_wconf 85' lang='lat' dir='ltr'><strong>lib.</strong></span> <span class='ocrx_word' id='word_1_224' title='bbox 583 2200 639 2252; x_wconf 85' lang='grc' dir='ltr'>ιι,</span> <span class='ocrx_word' id='word_1_225' title='bbox 674 2203 792 2255; x_wconf 86' lang='lat' dir='ltr'><strong>pag.</strong></span> <span class='ocrx_word' id='word_1_226' title='bbox 823 2187 945 2256; x_wconf 82' lang='lat'><strong>97.)</strong></span> <span class='ocrx_word' id='word_1_227' title='bbox 988 2190 1229 2245; x_wconf 86' lang='lat' dir='ltr'><strong>Arnobio</strong></span> <span class='ocrx_word' id='word_1_228' title='bbox 1281 2203 1471 2248; x_wconf 91' lang='lat' dir='ltr'><strong>nostro</strong></span> <span class='ocrx_word' id='word_1_229' title='bbox 1503 2193 1764 2265; x_wconf 74' lang='lat' dir='ltr'><strong>suffraga-</strong></span> 
     </span>
    </p>
   </div>
   <div class='ocr_carea' id='block_1_32' title="bbox 168 2276 1769 2357">
    <p class='ocr_par' dir='ltr' id='par_1_32' title="bbox 168 2276 1769 2357">
     <span class='ocr_line' id='line_1_32' title="bbox 168 2276 1769 2357; baseline 0.009 -29"><span class='ocrx_word' id='word_1_230' title='bbox 168 2283 261 2328; x_wconf 89' lang='lat' dir='ltr'><strong>tur</strong></span> <span class='ocrx_word' id='word_1_231' title='bbox 294 2276 472 2331; x_wconf 87' lang='lat' dir='ltr'><strong>adhuc</strong></span> <span class='ocrx_word' id='word_1_232' title='bbox 503 2277 845 2345; x_wconf 90' lang='lat' dir='ltr'><strong>Ambrosius,</strong></span> <span class='ocrx_word' id='word_1_233' title='bbox 878 2282 964 2350; x_wconf 91' lang='lat' dir='ltr'><strong>qui</strong></span> <span class='ocrx_word' id='word_1_234' title='bbox 998 2281 1089 2335; x_wconf 91' lang='lat' dir='ltr'><strong>ubi</strong></span> <span class='ocrx_word' id='word_1_235' title='bbox 1139 2281 1207 2337; x_wconf 89' lang='lat' dir='ltr'><strong>de</strong></span> <span class='ocrx_word' id='word_1_236' title='bbox 1257 2284 1632 2341; x_wconf 88' lang='lat' dir='ltr'><strong>benedictione</strong></span> <span class='ocrx_word' id='word_1_237' title='bbox 1671 2302 1769 2357; x_wconf 86' lang='lat' dir='ltr'><strong>pa-</strong></span> 
     </span>
    </p>
   </div>
   <div class='ocr_carea' id='block_1_33' title="bbox 168 2366 1766 2442">
    <p class='ocr_par' dir='ltr' id='par_1_33' title="bbox 168 2366 1766 2442">
     <span class='ocr_line' id='line_1_33' title="bbox 168 2366 1766 2442; baseline 0.01 -23"><span class='ocrx_word' id='word_1_238' title='bbox 168 2366 428 2422; x_wconf 76' lang='lat' dir='ltr'><strong>triarcha:</strong></span> <span class='ocrx_word' id='word_1_239' title='bbox 477 2367 676 2438; x_wconf 86' lang='lat' dir='ltr'><strong>Joseph</strong></span> <span class='ocrx_word' id='word_1_240' title='bbox 709 2387 1014 2426; x_wconf 88' lang='lat' dir='ltr'><strong>sermonem</strong></span> <span class='ocrx_word' id='word_1_241' title='bbox 1049 2372 1211 2442; x_wconf 83' lang='lat' dir='ltr'><strong>fecit,</strong></span> <span class='ocrx_word' id='word_1_242' title='bbox 1267 2375 1382 2430; x_wconf 69' lang='lat' dir='ltr'><strong>hwc</strong></span> <span class='ocrx_word' id='word_1_243' title='bbox 1432 2377 1562 2432; x_wconf 91' lang='lat' dir='ltr'><strong>citat</strong></span> <span class='ocrx_word' id='word_1_244' title='bbox 1587 2377 1766 2435; x_wconf 87' lang='lat' dir='ltr'><strong>Cene-</strong></span> 
     </span>
    </p>
   </div>
   <div class='ocr_carea' id='block_1_34' title="bbox 167 2458 1769 2537">
    <p class='ocr_par' dir='ltr' id='par_1_34' title="bbox 167 2458 1769 2537">
     <span class='ocr_line' id='line_1_34' title="bbox 167 2458 1769 2537; baseline 0.009 -25"><span class='ocrx_word' id='word_1_245' title='bbox 167 2472 302 2514; x_wconf 88' lang='lat' dir='ltr'><strong>seos</strong></span> <span class='ocrx_word' id='word_1_246' title='bbox 324 2458 488 2512; x_wconf 88' lang='lat' dir='ltr'><strong>verba</strong></span> <span class='ocrx_word' id='word_1_247' title='bbox 520 2478 532 2514; x_wconf 93' lang='lat'>:</span> <span class='ocrx_word' id='word_1_248' title='bbox 561 2460 777 2515; x_wconf 77' lang='lat' dir='ltr'><strong>Amabat</strong></span> <span class='ocrx_word' id='word_1_249' title='bbox 805 2480 915 2517; x_wconf 86' lang='lat' dir='ltr'><strong>eum</strong></span> <span class='ocrx_word' id='word_1_250' title='bbox 939 2463 1101 2519; x_wconf 85' lang='lat' dir='ltr'><strong>Jacob</strong></span> <span class='ocrx_word' id='word_1_251' title='bbox 1123 2510 1136 2530; x_wconf 85' lang='lat'><strong>,</strong></span> <span class='ocrx_word' id='word_1_252' title='bbox 1171 2469 1290 2535; x_wconf 85' lang='lat' dir='ltr'><strong>quia</strong></span> <span class='ocrx_word' id='word_1_253' title='bbox 1321 2469 1462 2537; x_wconf 77' lang='lat' dir='ltr'><strong>[ilius</strong></span> <span class='ocrx_word' id='word_1_254' title='bbox 1498 2474 1769 2527; x_wconf 79' lang='lat' dir='ltr'><strong>senectutis</strong></span> 
     </span>
    </p>
   </div>
   <div class='ocr_carea' id='block_1_35' title="bbox 168 2551 1769 2629">
    <p class='ocr_par' dir='ltr' id='par_1_35' title="bbox 168 2551 1769 2629">
     <span class='ocr_line' id='line_1_35' title="bbox 168 2551 1769 2629; baseline 0.011 -25"><span class='ocrx_word' id='word_1_255' title='bbox 168 2563 285 2604; x_wconf 79' lang='lat' dir='ltr'><strong>erat</strong></span> <span class='ocrx_word' id='word_1_256' title='bbox 319 2551 443 2618; x_wconf 90' lang='lat' dir='ltr'><strong>illi;</strong></span> <span class='ocrx_word' id='word_1_257' title='bbox 470 2567 534 2607; x_wconf 88' lang='lat' dir='ltr'><strong>ac</strong></span> <span class='ocrx_word' id='word_1_258' title='bbox 583 2556 924 2612; x_wconf 90' lang='lat' dir='ltr'><strong>continenter</strong></span> <span class='ocrx_word' id='word_1_259' title='bbox 970 2559 1195 2629; x_wconf 88' lang='lat' dir='ltr'><strong>adjicit:</strong></span> <span class='ocrx_word' id='word_1_260' title='bbox 1233 2580 1250 2611; x_wconf 75' lang='grc' dir='ltr'><strong>ε</strong></span> <span class='ocrx_word' id='word_1_261' title='bbox 1290 2562 1446 2629; x_wconf 87' lang='lat' dir='ltr'><strong>Quod</strong></span> <span class='ocrx_word' id='word_1_262' title='bbox 1489 2565 1652 2620; x_wconf 85' lang='lat' dir='ltr'><strong>etiam</strong></span> <span class='ocrx_word' id='word_1_263' title='bbox 1701 2566 1769 2621; x_wconf 90' lang='lat' dir='ltr'><strong>ad</strong></span> 
     </span>
    </p>
   </div>
   <div class='ocr_carea' id='block_1_36' title="bbox 166 2643 1767 2729">
    <p class='ocr_par' dir='ltr' id='par_1_36' title="bbox 166 2643 1767 2729">
     <span class='ocr_line' id='line_1_36' title="bbox 166 2643 1767 2729; baseline 0.01 -31"><span class='ocrx_word' id='word_1_264' title='bbox 166 2643 450 2701; x_wconf 90' lang='lat' dir='ltr'><strong>Christum</strong></span> <span class='ocrx_word' id='word_1_265' title='bbox 484 2646 735 2703; x_wconf 80' lang='lat' dir='ltr'><strong>refertur.</strong></span> <span class='ocrx_word' id='word_1_266' title='bbox 765 2648 1078 2706; x_wconf 86' lang='lat' dir='ltr'><strong>Senescenti</strong></span> <span class='ocrx_word' id='word_1_267' title='bbox 1106 2654 1248 2708; x_wconf 86' lang='lat' dir='ltr'><strong>enim</strong></span> <span class='ocrx_word' id='word_1_268' title='bbox 1289 2655 1511 2723; x_wconf 90' lang='lat' dir='ltr'><strong>mundo,</strong></span> <span class='ocrx_word' id='word_1_269' title='bbox 1563 2667 1617 2712; x_wconf 90' lang='lat' dir='ltr'><strong>et</strong></span> <span class='ocrx_word' id='word_1_270' title='bbox 1656 2658 1767 2729; x_wconf 90' lang='lat' dir='ltr'><strong>jam</strong></span> 
     </span>
    </p>
   </div>
   <div class='ocr_carea' id='block_1_37' title="bbox 166 2737 1769 2823">
    <p class='ocr_par' dir='ltr' id='par_1_37' title="bbox 166 2737 1769 2823">
     <span class='ocr_line' id='line_1_37' title="bbox 166 2737 1769 2823; baseline 0.011 -32"><span class='ocrx_word' id='word_1_271' title='bbox 166 2737 444 2792; x_wconf 88' lang='lat' dir='ltr'><strong>occidenti</strong></span> <span class='ocrx_word' id='word_1_272' title='bbox 484 2738 806 2796; x_wconf 87' lang='lat' dir='ltr'><strong>illucescens</strong></span> <span class='ocrx_word' id='word_1_273' title='bbox 854 2743 945 2798; x_wconf 91' lang='lat' dir='ltr'><strong>Dei</strong></span> <span class='ocrx_word' id='word_1_274' title='bbox 996 2745 1135 2800; x_wconf 91' lang='lat' dir='ltr'><strong>lilius</strong></span> <span class='ocrx_word' id='word_1_275' title='bbox 1155 2789 1169 2812; x_wconf 97' lang='lat'><strong>,</strong></span> <span class='ocrx_word' id='word_1_276' title='bbox 1201 2763 1297 2817; x_wconf 89' lang='lat' dir='ltr'><strong>per</strong></span> <span class='ocrx_word' id='word_1_277' title='bbox 1327 2747 1506 2803; x_wconf 72' lang='lat' dir='ltr'><strong>Maria:</strong></span> <span class='ocrx_word' id='word_1_278' title='bbox 1534 2750 1769 2823; x_wconf 78' lang='lat' dir='ltr'><strong>Virginis</strong></span> 
     </span>
    </p>
   </div>
   <div class='ocr_carea' id='block_1_38' title="bbox 167 2834 1767 2909">
    <p class='ocr_par' dir='ltr' id='par_1_38' title="bbox 167 2834 1767 2909">
     <span class='ocr_line' id='line_1_38' title="bbox 167 2834 1767 2909; baseline 0.009 -24"><span class='ocrx_word' id='word_1_279' title='bbox 167 2841 394 2902; x_wconf 85' lang='lat' dir='ltr'><strong>partum</strong></span> <span class='ocrx_word' id='word_1_280' title='bbox 442 2847 597 2889; x_wconf 88' lang='lat' dir='ltr'><strong>serus</strong></span> <span class='ocrx_word' id='word_1_281' title='bbox 643 2834 894 2902; x_wconf 79' lang='lat' dir='ltr'><strong>advenit,</strong></span> <span class='ocrx_word' id='word_1_282' title='bbox 945 2839 1094 2907; x_wconf 89' lang='lat' dir='ltr'><strong>quasi</strong></span> <span class='ocrx_word' id='word_1_283' title='bbox 1144 2839 1284 2893; x_wconf 87' lang='lat' dir='ltr'><strong>lilius</strong></span> <span class='ocrx_word' id='word_1_284' title='bbox 1310 2843 1638 2909; x_wconf 85' lang='lat' dir='ltr'><strong>senectutis,</strong></span> <span class='ocrx_word' id='word_1_285' title='bbox 1676 2859 1767 2898; x_wconf 86' lang='lat' dir='ltr'><strong>se-</strong></span> 
     </span>
    </p>
   </div>
   <div class='ocr_carea' id='block_1_39' title="bbox 168 2925 1770 3004">
    <p class='ocr_par' dir='ltr' id='par_1_39' title="bbox 168 2925 1770 3004">
     <span class='ocr_line' id='line_1_39' title="bbox 168 2925 1770 3004; baseline 0.008 -24"><span class='ocrx_word' id='word_1_286' title='bbox 168 2925 410 2980; x_wconf 89' lang='lat' dir='ltr'><strong>cundum</strong></span> <span class='ocrx_word' id='word_1_287' title='bbox 440 2939 841 2984; x_wconf 88' lang='lat' dir='ltr'><strong>sacramentum</strong></span> <span class='ocrx_word' id='word_1_288' title='bbox 865 2932 1102 3000; x_wconf 85' lang='lat' dir='ltr'><strong>suscepit</strong></span> <span class='ocrx_word' id='word_1_289' title='bbox 1127 2947 1344 3003; x_wconf 87' lang='lat' dir='ltr'><strong>corpus,</strong></span> <span class='ocrx_word' id='word_1_290' title='bbox 1375 2935 1604 3004; x_wconf 89' lang='lat' dir='ltr'><strong>quierat</strong></span> <span class='ocrx_word' id='word_1_291' title='bbox 1642 2947 1770 2994; x_wconf 90' lang='lat' dir='ltr'><strong>ante</strong></span> 
     </span>
    </p>
   </div>
   <div class='ocr_carea' id='block_1_40' title="bbox 170 3017 1771 3095">
    <p class='ocr_par' dir='ltr' id='par_1_40' title="bbox 170 3017 1771 3095">
     <span class='ocr_line' id='line_1_40' title="bbox 170 3017 1771 3095; baseline 0.009 -24"><span class='ocrx_word' id='word_1_292' title='bbox 170 3017 376 3072; x_wconf 79' lang='lat' dir='ltr'><strong>saecula</strong></span> <span class='ocrx_word' id='word_1_293' title='bbox 418 3033 634 3088; x_wconf 88' lang='lat' dir='ltr'><strong>semper</strong></span> <span class='ocrx_word' id='word_1_294' title='bbox 674 3022 812 3091; x_wconf 89' lang='lat' dir='ltr'><strong>apud</strong></span> <span class='ocrx_word' id='word_1_295' title='bbox 855 3022 1086 3078; x_wconf 88' lang='lat' dir='ltr'><strong>Patrem.</strong></span> <span class='ocrx_word' id='word_1_296' title='bbox 1123 3045 1140 3077; x_wconf 76' lang='grc' dir='ltr'><strong>ι</strong></span> <span class='ocrx_word' id='word_1_297' title='bbox 1211 3027 1509 3095; x_wconf 63' lang='lat' dir='ltr'><strong>(Ambros,</strong></span> <span class='ocrx_word' id='word_1_298' title='bbox 1567 3030 1656 3084; x_wconf 87' lang='lat' dir='ltr'><strong>lib.</strong></span> <span class='ocrx_word' id='word_1_299' title='bbox 1708 3033 1771 3086; x_wconf 85' lang='lat' dir='ltr'><strong>de</strong></span> 
     </span>
    </p>
   </div>
   <div class='ocr_carea' id='block_1_41' title="bbox 168 3108 1632 3193">
    <p class='ocr_par' dir='ltr' id='par_1_41' title="bbox 168 3108 1632 3193">
     <span class='ocr_line' id='line_1_41' title="bbox 168 3108 1632 3193; baseline 0.007 -29"><span class='ocrx_word' id='word_1_300' title='bbox 168 3108 442 3166; x_wconf 78' lang='lat' dir='ltr'><strong>Benedict.</strong></span> <span class='ocrx_word' id='word_1_301' title='bbox 489 3110 784 3167; x_wconf 80' lang='lat' dir='ltr'><strong>Patriarclt.</strong></span> <span class='ocrx_word' id='word_1_302' title='bbox 809 3155 822 3179; x_wconf 94' lang='lat'><strong>,</strong></span> <span class='ocrx_word' id='word_1_303' title='bbox 856 3132 974 3185; x_wconf 87' lang='lat' dir='ltr'><strong>cap.</strong></span> <span class='ocrx_word' id='word_1_304' title='bbox 1007 3117 1097 3183; x_wconf 78' lang='lat' dir='ltr'><strong>ll,</strong></span> <span class='ocrx_word' id='word_1_305' title='bbox 1137 3118 1164 3189; x_wconf 86' lang='lat'>§</span> <span class='ocrx_word' id='word_1_306' title='bbox 1207 3118 1297 3186; x_wconf 76' lang='grc'><strong>48,</strong></span> <span class='ocrx_word' id='word_1_307' title='bbox 1325 3137 1444 3190; x_wconf 88' lang='lat' dir='ltr'><strong>pag.</strong></span> <span class='ocrx_word' id='word_1_308' title='bbox 1478 3121 1632 3193; x_wconf 73' lang='lat'><strong>5‘27.)</strong></span> 
     </span>
    </p>
   </div>
   <div class='ocr_carea' id='block_1_42' title="bbox 242 3203 1764 3282">
    <p class='ocr_par' dir='ltr' id='par_1_42' title="bbox 242 3203 1764 3282">
     <span class='ocr_line' id='line_1_42' title="bbox 242 3203 1764 3282; baseline 0.008 -24"><span class='ocrx_word' id='word_1_309' title='bbox 242 3203 454 3275; x_wconf 80' lang='lat' dir='ltr'><strong>Negare</strong></span> <span class='ocrx_word' id='word_1_310' title='bbox 475 3215 654 3261; x_wconf 87' lang='lat' dir='ltr'><strong>autem</strong></span> <span class='ocrx_word' id='word_1_311' title='bbox 683 3206 900 3262; x_wconf 89' lang='lat' dir='ltr'><strong>Ethnici</strong></span> <span class='ocrx_word' id='word_1_312' title='bbox 929 3224 1034 3264; x_wconf 92' lang='lat' dir='ltr'><strong>non</strong></span> <span class='ocrx_word' id='word_1_313' title='bbox 1065 3221 1341 3280; x_wconf 90' lang='lat' dir='ltr'><strong>poterant,</strong></span> <span class='ocrx_word' id='word_1_314' title='bbox 1373 3212 1448 3267; x_wconf 89' lang='lat' dir='ltr'><strong>ait</strong></span> <span class='ocrx_word' id='word_1_315' title='bbox 1477 3214 1764 3282; x_wconf 87' lang='lat' dir='ltr'><strong>Arnobius,</strong></span> 
     </span>
    </p>
   </div>
   <div class='ocr_carea' id='block_1_43' title="bbox 1871 1986 3457 2057">
    <p class='ocr_par' dir='ltr' id='par_1_43' title="bbox 1871 1986 3457 2057">
     <span class='ocr_line' id='line_1_43' title="bbox 1871 1986 3457 2057; baseline 0.002 -16"><span class='ocrx_word' id='word_1_316' title='bbox 1871 1988 2063 2041; x_wconf 90' lang='lat' dir='ltr'><strong>mirum</strong></span> <span class='ocrx_word' id='word_1_317' title='bbox 2095 1986 2182 2042; x_wconf 90' lang='lat' dir='ltr'><strong>ille</strong></span> <span class='ocrx_word' id='word_1_318' title='bbox 2209 2001 2273 2041; x_wconf 90' lang='lat' dir='ltr'><strong>eo</strong></span> <span class='ocrx_word' id='word_1_319' title='bbox 2306 1989 2420 2057; x_wconf 91' lang='lat' dir='ltr'><strong>ipso</strong></span> <span class='ocrx_word' id='word_1_320' title='bbox 2454 2000 2696 2056; x_wconf 87' lang='lat' dir='ltr'><strong>tempore</strong></span> <span class='ocrx_word' id='word_1_321' title='bbox 2737 1987 2877 2044; x_wconf 92' lang='lat' dir='ltr'><strong>hunc</strong></span> <span class='ocrx_word' id='word_1_322' title='bbox 2906 1989 2957 2042; x_wconf 92' lang='lat' dir='ltr'><strong>in</strong></span> <span class='ocrx_word' id='word_1_323' title='bbox 2986 1988 3242 2044; x_wconf 90' lang='lat' dir='ltr'><strong>mundum</strong></span> <span class='ocrx_word' id='word_1_324' title='bbox 3270 1989 3457 2055; x_wconf 80' lang='lat' dir='ltr'><strong>venit,</strong></span> 
     </span>
    </p>
   </div>
   <div class='ocr_carea' id='block_1_44' title="bbox 1870 2081 3458 2152">
    <p class='ocr_par' dir='ltr' id='par_1_44' title="bbox 1870 2081 3458 2152">
     <span class='ocr_line' id='line_1_44' title="bbox 1870 2081 3458 2152; baseline 0 -16"><span class='ocrx_word' id='word_1_325' title='bbox 1870 2081 2012 2152; x_wconf 91' lang='lat' dir='ltr'><strong>quod</strong></span> <span class='ocrx_word' id='word_1_326' title='bbox 2037 2082 2388 2136; x_wconf 87' lang='lat' dir='ltr'><strong>constitutum</strong></span> <span class='ocrx_word' id='word_1_327' title='bbox 2421 2082 2593 2138; x_wconf 81' lang='lat' dir='ltr'><strong>fuerat</strong></span> <span class='ocrx_word' id='word_1_328' title='bbox 2639 2083 3061 2137; x_wconf 88' lang='lat' dir='ltr'><strong>inconnnutabili</strong></span> <span class='ocrx_word' id='word_1_329' title='bbox 3084 2082 3301 2138; x_wconf 89' lang='lat' dir='ltr'><strong>decreto</strong></span> <span class='ocrx_word' id='word_1_330' title='bbox 3327 2081 3458 2148; x_wconf 90' lang='lat' dir='ltr'><strong>Dei,</strong></span> 
     </span>
    </p>
   </div>
   <div class='ocr_carea' id='block_1_45' title="bbox 1870 2175 3460 2248">
    <p class='ocr_par' dir='ltr' id='par_1_45' title="bbox 1870 2175 3460 2248">
     <span class='ocr_line' id='line_1_45' title="bbox 1870 2175 3460 2248; baseline 0.001 -18"><span class='ocrx_word' id='word_1_331' title='bbox 1870 2176 1990 2239; x_wconf 87' lang='lat' dir='ltr'><strong>cui,</strong></span> <span class='ocrx_word' id='word_1_332' title='bbox 2022 2184 2206 2248; x_wconf 87' lang='lat' dir='ltr'><strong>utpote</strong></span> <span class='ocrx_word' id='word_1_333' title='bbox 2244 2186 2479 2244; x_wconf 64' lang='lat' dir='ltr'><strong>artemo,</strong></span> <span class='ocrx_word' id='word_1_334' title='bbox 2534 2176 2665 2232; x_wconf 88' lang='lat' dir='ltr'><strong>nihil</strong></span> <span class='ocrx_word' id='word_1_335' title='bbox 2719 2185 3098 2247; x_wconf 65' lang='lat' dir='ltr'><strong>prcematurum</strong></span> <span class='ocrx_word' id='word_1_336' title='bbox 3127 2187 3220 2232; x_wconf 89' lang='lat' dir='ltr'><strong>aut</strong></span> <span class='ocrx_word' id='word_1_337' title='bbox 3248 2175 3460 2232; x_wconf 87' lang='lat' dir='ltr'><strong>tardum</strong></span> 
     </span>
    </p>
   </div>
   <div class='ocr_carea' id='block_1_46' title="bbox 1870 2271 3456 2344">
    <p class='ocr_par' dir='ltr' id='par_1_46' title="bbox 1870 2271 3456 2344">
     <span class='ocr_line' id='line_1_46' title="bbox 1870 2271 3456 2344; baseline -0.001 -18"><span class='ocrx_word' id='word_1_338' title='bbox 1870 2272 1976 2327; x_wconf 91' lang='lat' dir='ltr'><strong>dici</strong></span> <span class='ocrx_word' id='word_1_339' title='bbox 2024 2281 2220 2342; x_wconf 87' lang='lat' dir='ltr'><strong>potest.</strong></span> <span class='ocrx_word' id='word_1_340' title='bbox 2277 2271 2487 2327; x_wconf 81' lang='lat' dir='ltr'><strong>Nullum</strong></span> <span class='ocrx_word' id='word_1_341' title='bbox 2535 2274 2732 2344; x_wconf 85' lang='lat' dir='ltr'><strong>quippe</strong></span> <span class='ocrx_word' id='word_1_342' title='bbox 2797 2283 3009 2342; x_wconf 90' lang='lat' dir='ltr'><strong>tempus</strong></span> <span class='ocrx_word' id='word_1_343' title='bbox 3059 2271 3220 2326; x_wconf 89' lang='lat' dir='ltr'><strong>habet</strong></span> <span class='ocrx_word' id='word_1_344' title='bbox 3267 2271 3456 2338; x_wconf 76' lang='lat' dir='ltr'><strong>series,</strong></span> 
     </span>
    </p>
   </div>
   <div class='ocr_carea' id='block_1_47' title="bbox 1871 2364 3460 2439">
    <p class='ocr_par' dir='ltr' id='par_1_47' title="bbox 1871 2364 3460 2439">
     <span class='ocr_line' id='line_1_47' title="bbox 1871 2364 3460 2439; baseline -0.003 -17"><span class='ocrx_word' id='word_1_345' title='bbox 1871 2368 2030 2423; x_wconf 90' lang='lat' dir='ltr'><strong>sicuti</strong></span> <span class='ocrx_word' id='word_1_346' title='bbox 2051 2367 2288 2438; x_wconf 89' lang='lat' dir='ltr'><strong>loquitur</strong></span> <span class='ocrx_word' id='word_1_347' title='bbox 2307 2367 2546 2439; x_wconf 83' lang='lat' dir='ltr'><strong>(Arnob.,</strong></span> <span class='ocrx_word' id='word_1_348' title='bbox 2575 2367 2659 2422; x_wconf 88' lang='lat' dir='ltr'><strong>lib.</strong></span> <span class='ocrx_word' id='word_1_349' title='bbox 2689 2383 2744 2433; x_wconf 85' lang='grc' dir='ltr'>ιι,</span> <span class='ocrx_word' id='word_1_350' title='bbox 2769 2383 2886 2439; x_wconf 88' lang='lat' dir='ltr'><strong>pag.</strong></span> <span class='ocrx_word' id='word_1_351' title='bbox 2913 2367 3028 2437; x_wconf 88' lang='lat'><strong>97),</strong></span> <span class='ocrx_word' id='word_1_352' title='bbox 3073 2376 3121 2420; x_wconf 83' lang='lat' dir='ltr'><strong>et</strong></span> <span class='ocrx_word' id='word_1_353' title='bbox 3147 2364 3460 2420; x_wconf 84' lang='lat' dir='ltr'><strong>continuatio</strong></span> 
     </span>
    </p>
   </div>
   <div class='ocr_carea' id='block_1_48' title="bbox 1871 2456 3458 2526">
    <p class='ocr_par' dir='ltr' id='par_1_48' title="bbox 1871 2456 3458 2526">
     <span class='ocr_line' id='line_1_48' title="bbox 1871 2456 3458 2526; baseline 0.001 -14"><span class='ocrx_word' id='word_1_354' title='bbox 1871 2460 2202 2514; x_wconf 84' lang='lat' dir='ltr'><strong>immoderata</strong></span> <span class='ocrx_word' id='word_1_355' title='bbox 2223 2501 2239 2526; x_wconf 95' lang='lat'><strong>,</strong></span> <span class='ocrx_word' id='word_1_356' title='bbox 2270 2459 2320 2513; x_wconf 90' lang='lat' dir='ltr'><strong>id</strong></span> <span class='ocrx_word' id='word_1_357' title='bbox 2349 2467 2432 2514; x_wconf 88' lang='lat' dir='ltr'><strong>est</strong></span> <span class='ocrx_word' id='word_1_358' title='bbox 2451 2501 2465 2526; x_wconf 94' lang='lat'><strong>,</strong></span> <span class='ocrx_word' id='word_1_359' title='bbox 2499 2460 2614 2515; x_wconf 88' lang='lat' dir='ltr'><strong>sine</strong></span> <span class='ocrx_word' id='word_1_360' title='bbox 2636 2459 2828 2526; x_wconf 90' lang='lat' dir='ltr'><strong>modo,</strong></span> <span class='ocrx_word' id='word_1_361' title='bbox 2853 2475 2915 2514; x_wconf 91' lang='lat' dir='ltr'><strong>ac</strong></span> <span class='ocrx_word' id='word_1_362' title='bbox 2935 2460 3052 2515; x_wconf 89' lang='lat' dir='ltr'><strong>sine</strong></span> <span class='ocrx_word' id='word_1_363' title='bbox 3079 2459 3233 2514; x_wconf 90' lang='lat' dir='ltr'><strong>initio</strong></span> <span class='ocrx_word' id='word_1_364' title='bbox 3253 2467 3306 2514; x_wconf 89' lang='lat' dir='ltr'><strong>et</strong></span> <span class='ocrx_word' id='word_1_365' title='bbox 3333 2456 3458 2525; x_wconf 81' lang='lat' dir='ltr'><strong>line,</strong></span> 
     </span>
    </p>
   </div>
   <div class='ocr_carea' id='block_1_49' title="bbox 1871 2554 2194 2607">
    <p class='ocr_par' dir='ltr' id='par_1_49' title="bbox 1871 2554 2194 2607">
     <span class='ocr_line' id='line_1_49' title="bbox 1871 2554 2194 2607; baseline 0.003 -2"><span class='ocrx_word' id='word_1_366' title='bbox 1871 2554 2194 2607; x_wconf 60' lang='lat' dir='ltr'><strong>saeculorum.</strong></span> 
     </span>
    </p>
   </div>
   <div class='ocr_carea' id='block_1_50' title="bbox 1946 2645 3455 2717">
    <p class='ocr_par' dir='ltr' id='par_1_50' title="bbox 1946 2645 3455 2717">
     <span class='ocr_line' id='line_1_50' title="bbox 1946 2645 3455 2717; baseline -0.001 -17"><span class='ocrx_word' id='word_1_367' title='bbox 1946 2647 2094 2702; x_wconf 90' lang='lat' dir='ltr'><strong>&#39;l‘unc</strong></span> <span class='ocrx_word' id='word_1_368' title='bbox 2151 2647 2329 2717; x_wconf 88' lang='lat' dir='ltr'><strong>itaque</strong></span> <span class='ocrx_word' id='word_1_369' title='bbox 2381 2645 2626 2702; x_wconf 88' lang='lat' dir='ltr'><strong>Christus</strong></span> <span class='ocrx_word' id='word_1_370' title='bbox 2679 2649 2731 2702; x_wconf 91' lang='lat' dir='ltr'><strong>in</strong></span> <span class='ocrx_word' id='word_1_371' title='bbox 2787 2646 3040 2702; x_wconf 90' lang='lat' dir='ltr'><strong>mundum</strong></span> <span class='ocrx_word' id='word_1_372' title='bbox 3093 2645 3290 2701; x_wconf 87' lang='lat' dir='ltr'><strong>missus</strong></span> <span class='ocrx_word' id='word_1_373' title='bbox 3338 2652 3455 2710; x_wconf 88' lang='lat' dir='ltr'><strong>est,</strong></span> 
     </span>
    </p>
   </div>
   <div class='ocr_carea' id='block_1_51' title="bbox 1871 2736 3454 2808">
    <p class='ocr_par' dir='ltr' id='par_1_51' title="bbox 1871 2736 3454 2808">
     <span class='ocr_line' id='line_1_51' title="bbox 1871 2736 3454 2808; baseline -0.001 -16"><span class='ocrx_word' id='word_1_374' title='bbox 1871 2739 2087 2808; x_wconf 85' lang='lat' dir='ltr'><strong>quando</strong></span> <span class='ocrx_word' id='word_1_375' title='bbox 2112 2740 2250 2794; x_wconf 90' lang='lat' dir='ltr'><strong>Deus</strong></span> <span class='ocrx_word' id='word_1_376' title='bbox 2279 2754 2400 2793; x_wconf 89' lang='lat' dir='ltr'><strong>eum</strong></span> <span class='ocrx_word' id='word_1_377' title='bbox 2448 2739 2720 2795; x_wconf 88' lang='lat' dir='ltr'><strong>hominem</strong></span> <span class='ocrx_word' id='word_1_378' title='bbox 2764 2738 2878 2794; x_wconf 87' lang='lat' dir='ltr'><strong>ﬁeri</strong></span> <span class='ocrx_word' id='word_1_379' title='bbox 2918 2738 3114 2794; x_wconf 87' lang='lat' dir='ltr'><strong>debere</strong></span> <span class='ocrx_word' id='word_1_380' title='bbox 3154 2736 3454 2806; x_wconf 87' lang='lat' dir='ltr'><strong>judicavit:</strong></span> 
     </span>
    </p>
   </div>
   <div class='ocr_carea' id='block_1_52' title="bbox 1879 2829 3458 2902">
    <p class='ocr_par' dir='ltr' id='par_1_52' title="bbox 1879 2829 3458 2902">
     <span class='ocr_line' id='line_1_52' title="bbox 1879 2829 3458 2902; baseline 0 -18"><span class='ocrx_word' id='word_1_381' title='bbox 1879 2851 1896 2884; x_wconf 75' lang='grc' dir='ltr'><strong>ε</strong></span> <span class='ocrx_word' id='word_1_382' title='bbox 1931 2833 2081 2887; x_wconf 81' lang='lat' dir='ltr'><strong>Nihil</strong></span> <span class='ocrx_word' id='word_1_383' title='bbox 2125 2848 2386 2902; x_wconf 88' lang='lat' dir='ltr'><strong>namque,</strong></span> <span class='ocrx_word' id='word_1_384' title='bbox 2423 2831 2620 2898; x_wconf 79' lang='lat' dir='ltr'><strong>Deum,</strong></span> <span class='ocrx_word' id='word_1_385' title='bbox 2655 2853 2674 2885; x_wconf 74' lang='grc' dir='ltr'><strong>ι</strong></span> <span class='ocrx_word' id='word_1_386' title='bbox 2732 2843 2788 2887; x_wconf 87' lang='grc' dir='ltr'><strong>ιιι</strong></span> <span class='ocrx_word' id='word_1_387' title='bbox 2836 2833 2908 2886; x_wconf 87' lang='lat' dir='ltr'><strong>ait</strong></span> <span class='ocrx_word' id='word_1_388' title='bbox 2960 2832 3136 2886; x_wconf 87' lang='lat' dir='ltr'><strong>adhuc</strong></span> <span class='ocrx_word' id='word_1_389' title='bbox 3190 2829 3458 2886; x_wconf 84' lang='lat' dir='ltr'><strong>Arnobius</strong></span> 
     </span>
    </p>
   </div>
   <div class='ocr_carea' id='block_1_53' title="bbox 1876 2925 3462 2998">
    <p class='ocr_par' dir='ltr' id='par_1_53' title="bbox 1876 2925 3462 2998">
     <span class='ocr_line' id='line_1_53' title="bbox 1876 2925 3462 2998; baseline -0.001 -19"><span class='ocrx_word' id='word_1_390' title='bbox 1876 2925 2086 2998; x_wconf 84' lang='lat' dir='ltr'><strong>(lbid.),</strong></span> <span class='ocrx_word' id='word_1_391' title='bbox 2125 2945 2142 2977; x_wconf 76' lang='grc' dir='ltr'><strong>ι</strong></span> <span class='ocrx_word' id='word_1_392' title='bbox 2178 2927 2402 2995; x_wconf 81' lang='lat' dir='ltr'><strong>cogebat</strong></span> <span class='ocrx_word' id='word_1_393' title='bbox 2429 2925 2764 2982; x_wconf 87' lang='lat' dir='ltr'><strong>necessarias</strong></span> <span class='ocrx_word' id='word_1_394' title='bbox 2794 2935 3093 2995; x_wconf 88' lang='lat' dir='ltr'><strong>temporum</strong></span> <span class='ocrx_word' id='word_1_395' title='bbox 3125 2938 3230 2978; x_wconf 91' lang='lat' dir='ltr'><strong>non</strong></span> <span class='ocrx_word' id='word_1_396' title='bbox 3258 2937 3462 2992; x_wconf 81' lang='lat' dir='ltr'><strong>exspe-</strong></span> 
     </span>
    </p>
   </div>
   <div class='ocr_carea' id='block_1_54' title="bbox 1872 3017 3464 3089">
    <p class='ocr_par' dir='ltr' id='par_1_54' title="bbox 1872 3017 3464 3089">
     <span class='ocr_line' id='line_1_54' title="bbox 1872 3017 3464 3089; baseline -0.001 -14"><span class='ocrx_word' id='word_1_397' title='bbox 1872 3029 2020 3075; x_wconf 87' lang='lat' dir='ltr'><strong>ctare</strong></span> <span class='ocrx_word' id='word_1_398' title='bbox 2068 3037 2367 3076; x_wconf 88' lang='lat' dir='ltr'><strong>mensuras.</strong></span> <span class='ocrx_word' id='word_1_399' title='bbox 2403 3041 2421 3073; x_wconf 76' lang='grc' dir='ltr'><strong>ι</strong></span> <span class='ocrx_word' id='word_1_400' title='bbox 2449 3021 2635 3076; x_wconf 86' lang='lat' dir='ltr'><strong>Nonne</strong></span> <span class='ocrx_word' id='word_1_401' title='bbox 2663 3036 2795 3076; x_wconf 89' lang='lat' dir='ltr'><strong>vero</strong></span> <span class='ocrx_word' id='word_1_402' title='bbox 2818 3018 3006 3075; x_wconf 85' lang='lat' dir='ltr'><strong>eadem</strong></span> <span class='ocrx_word' id='word_1_403' title='bbox 3053 3019 3150 3074; x_wconf 86' lang='lat' dir='ltr'><strong>fuit</strong></span> <span class='ocrx_word' id='word_1_404' title='bbox 3180 3017 3464 3089; x_wconf 85' lang='lat' dir='ltr'><strong>Augustini</strong></span> 
     </span>
    </p>
   </div>
   <div class='ocr_carea' id='block_1_55' title="bbox 1873 3112 3462 3187">
    <p class='ocr_par' dir='ltr' id='par_1_55' title="bbox 1873 3112 3462 3187">
     <span class='ocr_line' id='line_1_55' title="bbox 1873 3112 3462 3187; baseline -0.002 -17"><span class='ocrx_word' id='word_1_405' title='bbox 1873 3115 2174 3183; x_wconf 89' lang='lat' dir='ltr'><strong>sententia,</strong></span> <span class='ocrx_word' id='word_1_406' title='bbox 2232 3131 2389 3187; x_wconf 87' lang='lat' dir='ltr'><strong>quam</strong></span> <span class='ocrx_word' id='word_1_407' title='bbox 2441 3116 2531 3172; x_wconf 85' lang='lat' dir='ltr'><strong>ille</strong></span> <span class='ocrx_word' id='word_1_408' title='bbox 2575 3116 2660 3171; x_wconf 88' lang='lat' dir='ltr'><strong>his</strong></span> <span class='ocrx_word' id='word_1_409' title='bbox 2709 3115 2960 3186; x_wconf 85' lang='lat' dir='ltr'><strong>explicuit</strong></span> <span class='ocrx_word' id='word_1_410' title='bbox 3001 3113 3219 3168; x_wconf 79' lang='lat' dir='ltr'><strong>verbis:</strong></span> <span class='ocrx_word' id='word_1_411' title='bbox 3259 3133 3278 3163; x_wconf 75' lang='grc' dir='ltr'><strong>ι</strong></span> <span class='ocrx_word' id='word_1_412' title='bbox 3307 3112 3462 3180; x_wconf 86' lang='lat' dir='ltr'><strong>Quod</strong></span> 
     </span>
    </p>
   </div>
   <div class='ocr_carea' id='block_1_56' title="bbox 1873 3205 3464 3276">
    <p class='ocr_par' dir='ltr' id='par_1_56' title="bbox 1873 3205 3464 3276">
     <span class='ocr_line' id='line_1_56' title="bbox 1873 3205 3464 3276; baseline -0.003 -14"><span class='ocrx_word' id='word_1_413' title='bbox 1873 3207 1980 3263; x_wconf 87' lang='lat' dir='ltr'><strong>dixi</strong></span> <span class='ocrx_word' id='word_1_414' title='bbox 2007 3218 2132 3264; x_wconf 92' lang='lat' dir='ltr'><strong>tunc</strong></span> <span class='ocrx_word' id='word_1_415' title='bbox 2162 3210 2394 3264; x_wconf 84' lang='lat' dir='ltr'><strong>voluisse</strong></span> <span class='ocrx_word' id='word_1_416' title='bbox 2430 3208 2736 3264; x_wconf 87' lang='lat' dir='ltr'><strong>hominibus</strong></span> <span class='ocrx_word' id='word_1_417' title='bbox 2775 3220 3034 3276; x_wconf 90' lang='lat' dir='ltr'><strong>apparere</strong></span> <span class='ocrx_word' id='word_1_418' title='bbox 3059 3205 3364 3270; x_wconf 91' lang='lat' dir='ltr'><strong>Christum,</strong></span> <span class='ocrx_word' id='word_1_419' title='bbox 3407 3213 3464 3259; x_wconf 88' lang='lat' dir='ltr'><strong>et</strong></span> 
     </span>
    </p>
   </div>
   <div class='ocr_carea' id='block_1_57' title="bbox 171 3294 3454 3382">
    <p class='ocr_par' dir='ltr' id='par_1_57' title="bbox 171 3294 3454 3382">
     <span class='ocr_line' id='line_1_57' title="bbox 171 3294 3454 3382; baseline 0.003 -31"><span class='ocrx_word' id='word_1_420' title='bbox 171 3299 387 3352; x_wconf 82' lang='lat' dir='ltr'><strong>variam</strong></span> <span class='ocrx_word' id='word_1_421' title='bbox 438 3313 534 3366; x_wconf 92' lang='lat' dir='ltr'><strong>pro</strong></span> <span class='ocrx_word' id='word_1_422' title='bbox 577 3298 893 3355; x_wconf 87' lang='lat' dir='ltr'><strong>diversitate</strong></span> <span class='ocrx_word' id='word_1_423' title='bbox 945 3311 1245 3372; x_wconf 89' lang='lat' dir='ltr'><strong>temporum</strong></span> <span class='ocrx_word' id='word_1_424' title='bbox 1294 3303 1458 3360; x_wconf 87' lang='lat' dir='ltr'><strong>fuisse</strong></span> <span class='ocrx_word' id='word_1_425' title='bbox 1491 3305 1768 3362; x_wconf 89' lang='lat' dir='ltr'><strong>hominum</strong></span> <span class='ocrx_word' id='word_1_426' title='bbox 1796 3319 1842 3382; x_wconf 62' lang='grc' dir='ltr'><strong>(ς</strong></span> <span class='ocrx_word' id='word_1_427' title='bbox 1875 3303 2014 3372; x_wconf 80' lang='lat' dir='ltr'><strong>apud</strong></span> <span class='ocrx_word' id='word_1_428' title='bbox 2041 3317 2134 3356; x_wconf 87' lang='lat' dir='ltr'><strong>eos</strong></span> <span class='ocrx_word' id='word_1_429' title='bbox 2163 3302 2440 3372; x_wconf 67' lang='lat' dir='ltr'><strong>praedicari</strong></span> <span class='ocrx_word' id='word_1_430' title='bbox 2469 3301 2767 3356; x_wconf 89' lang='lat' dir='ltr'><strong>doctrinam</strong></span> <span class='ocrx_word' id='word_1_431' title='bbox 2791 3313 2964 3362; x_wconf 86' lang='lat' dir='ltr'><strong>suam.</strong></span> <span class='ocrx_word' id='word_1_432' title='bbox 2987 3295 3204 3368; x_wconf 88' lang='lat' dir='ltr'><strong>quando</strong></span> <span class='ocrx_word' id='word_1_433' title='bbox 3232 3294 3454 3360; x_wconf 61' lang='lat' dir='ltr'><strong>sciebat.</strong></span> 
     </span>
    </p>
   </div>
   <div class='ocr_carea' id='block_1_58' title="bbox 167 3390 1770 3466">
    <p class='ocr_par' dir='ltr' id='par_1_58' title="bbox 167 3390 1770 3466">
     <span class='ocr_line' id='line_1_58' title="bbox 167 3390 1770 3466; baseline 0.006 -20"><span class='ocrx_word' id='word_1_434' title='bbox 167 3390 564 3458; x_wconf 89' lang='lat' dir='ltr'><strong>conditionem,</strong></span> <span class='ocrx_word' id='word_1_435' title='bbox 587 3390 857 3461; x_wconf 86' lang='lat' dir='ltr'><strong>aliamque</strong></span> <span class='ocrx_word' id='word_1_436' title='bbox 881 3393 1176 3461; x_wconf 90' lang='lat' dir='ltr'><strong>priscorum</strong></span> <span class='ocrx_word' id='word_1_437' title='bbox 1192 3436 1208 3461; x_wconf 93' lang='lat'><strong>,</strong></span> <span class='ocrx_word' id='word_1_438' title='bbox 1234 3411 1390 3466; x_wconf 90' lang='lat' dir='ltr'><strong>quam</strong></span> <span class='ocrx_word' id='word_1_439' title='bbox 1411 3399 1770 3455; x_wconf 89' lang='lat' dir='ltr'><strong>recentiorum</strong></span> 
     </span>
    </p>
   </div>
   <div class='ocr_carea' id='block_1_59' title="bbox 168 3484 1769 3558">
    <p class='ocr_par' dir='ltr' id='par_1_59' title="bbox 168 3484 1769 3558">
     <span class='ocr_line' id='line_1_59' title="bbox 168 3484 1769 3558; baseline 0.006 -20"><span class='ocrx_word' id='word_1_440' title='bbox 168 3484 439 3555; x_wconf 82' lang='lat' dir='ltr'><strong>ﬁguram,</strong></span> <span class='ocrx_word' id='word_1_441' title='bbox 489 3493 544 3539; x_wconf 89' lang='lat' dir='ltr'><strong>et</strong></span> <span class='ocrx_word' id='word_1_442' title='bbox 587 3484 820 3553; x_wconf 90' lang='lat' dir='ltr'><strong>majores</strong></span> <span class='ocrx_word' id='word_1_443' title='bbox 867 3485 1115 3552; x_wconf 92' lang='lat' dir='ltr'><strong>illorum,</strong></span> <span class='ocrx_word' id='word_1_444' title='bbox 1163 3504 1320 3558; x_wconf 88' lang='lat' dir='ltr'><strong>quam</strong></span> <span class='ocrx_word' id='word_1_445' title='bbox 1369 3490 1593 3545; x_wconf 91' lang='lat' dir='ltr'><strong>istorum</strong></span> <span class='ocrx_word' id='word_1_446' title='bbox 1629 3492 1769 3548; x_wconf 87' lang='lat' dir='ltr'><strong>vires</strong></span> 
     </span>
    </p>
   </div>
   <div class='ocr_carea' id='block_1_60' title="bbox 167 3577 1769 3655">
    <p class='ocr_par' dir='ltr' id='par_1_60' title="bbox 167 3577 1769 3655">
     <span class='ocr_line' id='line_1_60' title="bbox 167 3577 1769 3655; baseline 0.007 -26"><span class='ocrx_word' id='word_1_447' title='bbox 167 3581 190 3646; x_wconf 94' lang='lat'><strong>(</strong></span> <span class='ocrx_word' id='word_1_448' title='bbox 215 3577 439 3640; x_wconf 89' lang='lat' dir='ltr'><strong>Arnob.,</strong></span> <span class='ocrx_word' id='word_1_449' title='bbox 463 3577 552 3631; x_wconf 87' lang='lat' dir='ltr'><strong>lib.</strong></span> <span class='ocrx_word' id='word_1_450' title='bbox 577 3592 631 3642; x_wconf 90' lang='grc' dir='ltr'>ιι,</span> <span class='ocrx_word' id='word_1_451' title='bbox 657 3594 776 3648; x_wconf 88' lang='lat' dir='ltr'><strong>pag.</strong></span> <span class='ocrx_word' id='word_1_452' title='bbox 802 3577 918 3650; x_wconf 89' lang='lat'><strong>97).</strong></span> <span class='ocrx_word' id='word_1_453' title='bbox 964 3579 1244 3636; x_wconf 89' lang='lat' dir='ltr'><strong>Traditum</strong></span> <span class='ocrx_word' id='word_1_454' title='bbox 1269 3582 1530 3652; x_wconf 86' lang='lat' dir='ltr'><strong>siquidem</strong></span> <span class='ocrx_word' id='word_1_455' title='bbox 1553 3585 1769 3655; x_wconf 87' lang='lat' dir='ltr'><strong>scriptis</strong></span> 
     </span>
    </p>
   </div>
   <div class='ocr_carea' id='block_1_61' title="bbox 168 3668 1762 3746">
    <p class='ocr_par' dir='ltr' id='par_1_61' title="bbox 168 3668 1762 3746">
     <span class='ocr_line' id='line_1_61' title="bbox 168 3668 1762 3746; baseline 0.005 -22"><span class='ocrx_word' id='word_1_456' title='bbox 168 3669 450 3725; x_wconf 89' lang='lat' dir='ltr'><strong>habebant</strong></span> <span class='ocrx_word' id='word_1_457' title='bbox 475 3668 642 3724; x_wconf 85' lang='lat' dir='ltr'><strong>fuisse</strong></span> <span class='ocrx_word' id='word_1_458' title='bbox 669 3672 798 3725; x_wconf 92' lang='lat' dir='ltr'><strong>olim</strong></span> <span class='ocrx_word' id='word_1_459' title='bbox 838 3673 1109 3728; x_wconf 90' lang='lat' dir='ltr'><strong>semideos</strong></span> <span class='ocrx_word' id='word_1_460' title='bbox 1131 3715 1144 3739; x_wconf 95' lang='lat'><strong>,</strong></span> <span class='ocrx_word' id='word_1_461' title='bbox 1173 3685 1229 3729; x_wconf 91' lang='lat' dir='ltr'><strong>et</strong></span> <span class='ocrx_word' id='word_1_462' title='bbox 1273 3673 1463 3730; x_wconf 86' lang='lat' dir='ltr'><strong>heroas</strong></span> <span class='ocrx_word' id='word_1_463' title='bbox 1511 3677 1762 3746; x_wconf 90' lang='lat' dir='ltr'><strong>immani,</strong></span> 
     </span>
    </p>
   </div>
   <div class='ocr_carea' id='block_1_62' title="bbox 167 3765 1766 3835">
    <p class='ocr_par' dir='ltr' id='par_1_62' title="bbox 167 3765 1766 3835">
     <span class='ocr_line' id='line_1_62' title="bbox 167 3765 1766 3835; baseline 0.006 -14"><span class='ocrx_word' id='word_1_464' title='bbox 167 3766 286 3821; x_wconf 87' lang='lat' dir='ltr'><strong>sive</strong></span> <span class='ocrx_word' id='word_1_465' title='bbox 329 3765 581 3835; x_wconf 85' lang='lat' dir='ltr'><strong>giganteo</strong></span> <span class='ocrx_word' id='word_1_466' title='bbox 626 3779 884 3835; x_wconf 89' lang='lat' dir='ltr'><strong>corpore,</strong></span> <span class='ocrx_word' id='word_1_467' title='bbox 937 3777 993 3822; x_wconf 90' lang='lat' dir='ltr'><strong>et</strong></span> <span class='ocrx_word' id='word_1_468' title='bbox 1039 3769 1269 3825; x_wconf 82' lang='lat' dir='ltr'><strong>infantes</strong></span> <span class='ocrx_word' id='word_1_469' title='bbox 1315 3781 1618 3828; x_wconf 87' lang='lat' dir='ltr'><strong>stentoreos</strong></span> <span class='ocrx_word' id='word_1_470' title='bbox 1649 3773 1766 3830; x_wconf 87' lang='lat' dir='ltr'><strong>edi-</strong></span> 
     </span>
    </p>
   </div>
   <div class='ocr_carea' id='block_1_63' title="bbox 167 3857 1768 3935">
    <p class='ocr_par' dir='ltr' id='par_1_63' title="bbox 167 3857 1768 3935">
     <span class='ocr_line' id='line_1_63' title="bbox 167 3857 1768 3935; baseline 0.006 -22"><span class='ocrx_word' id='word_1_471' title='bbox 167 3858 320 3913; x_wconf 88' lang='lat' dir='ltr'><strong>disse</strong></span> <span class='ocrx_word' id='word_1_472' title='bbox 366 3857 608 3927; x_wconf 89' lang='lat' dir='ltr'><strong>vagitus,</strong></span> <span class='ocrx_word' id='word_1_473' title='bbox 659 3873 956 3930; x_wconf 81' lang='lat' dir='ltr'><strong>eorurnque</strong></span> <span class='ocrx_word' id='word_1_474' title='bbox 1004 3875 1128 3917; x_wconf 86' lang='lat' dir='ltr'><strong>ossa</strong></span> <span class='ocrx_word' id='word_1_475' title='bbox 1172 3872 1332 3917; x_wconf 81' lang='lat' dir='ltr'><strong>tanta:</strong></span> <span class='ocrx_word' id='word_1_476' title='bbox 1387 3865 1768 3935; x_wconf 85' lang='lat' dir='ltr'><strong>magnitudinis</strong></span> 
     </span>
    </p>
   </div>
   <div class='ocr_carea' id='block_1_64' title="bbox 166 3954 1765 4026">
    <p class='ocr_par' dir='ltr' id='par_1_64' title="bbox 166 3954 1765 4026">
     <span class='ocr_line' id='line_1_64' title="bbox 166 3954 1765 4026; baseline 0.005 -16"><span class='ocrx_word' id='word_1_477' title='bbox 166 3954 339 4010; x_wconf 79' lang='lat' dir='ltr'><strong>variis</strong></span> <span class='ocrx_word' id='word_1_478' title='bbox 369 3956 422 4009; x_wconf 91' lang='lat' dir='ltr'><strong>in</strong></span> <span class='ocrx_word' id='word_1_479' title='bbox 455 3955 766 4026; x_wconf 72' lang='lat' dir='ltr'><strong>regimtibus</strong></span> <span class='ocrx_word' id='word_1_480' title='bbox 809 3966 958 4010; x_wconf 92' lang='lat' dir='ltr'><strong>eruta</strong></span> <span class='ocrx_word' id='word_1_481' title='bbox 982 3997 997 4021; x_wconf 93' lang='lat'><strong>,</strong></span> <span class='ocrx_word' id='word_1_482' title='bbox 1032 3967 1089 4012; x_wconf 93' lang='lat' dir='ltr'><strong>ut</strong></span> <span class='ocrx_word' id='word_1_483' title='bbox 1118 3961 1348 4013; x_wconf 90' lang='lat' dir='ltr'><strong>humana</strong></span> <span class='ocrx_word' id='word_1_484' title='bbox 1379 3976 1499 4016; x_wconf 74' lang='lat' dir='ltr'><strong>esse</strong></span> <span class='ocrx_word' id='word_1_485' title='bbox 1531 3964 1616 4017; x_wconf 78' lang='lat' dir='ltr'><strong>vix</strong></span> <span class='ocrx_word' id='word_1_486' title='bbox 1643 3979 1765 4018; x_wconf 87' lang='lat' dir='ltr'><strong>cre-</strong></span> 
     </span>
    </p>
   </div>
   <div class='ocr_carea' id='block_1_65' title="bbox 167 4047 1763 4124">
    <p class='ocr_par' dir='ltr' id='par_1_65' title="bbox 167 4047 1763 4124">
     <span class='ocr_line' id='line_1_65' title="bbox 167 4047 1763 4124; baseline 0.005 -22"><span class='ocrx_word' id='word_1_487' title='bbox 167 4047 450 4103; x_wconf 88' lang='lat' dir='ltr'><strong>derentur.</strong></span> <span class='ocrx_word' id='word_1_488' title='bbox 483 4047 555 4102; x_wconf 90' lang='lat' dir='ltr'><strong>De</strong></span> <span class='ocrx_word' id='word_1_489' title='bbox 575 4048 656 4102; x_wconf 92' lang='lat' dir='ltr'><strong>his</strong></span> <span class='ocrx_word' id='word_1_490' title='bbox 677 4049 890 4103; x_wconf 82' lang='lat' dir='ltr'><strong>ossibus</strong></span> <span class='ocrx_word' id='word_1_491' title='bbox 911 4060 1106 4120; x_wconf 73' lang='lat' dir='ltr'><strong>prmtcr</strong></span> <span class='ocrx_word' id='word_1_492' title='bbox 1129 4050 1486 4117; x_wconf 88' lang='lat' dir='ltr'><strong>Herodotum,</strong></span> <span class='ocrx_word' id='word_1_493' title='bbox 1515 4055 1763 4124; x_wconf 91' lang='lat' dir='ltr'><strong>Plinium,</strong></span> 
     </span>
    </p>
   </div>
   <div class='ocr_carea' id='block_1_66' title="bbox 168 4142 1765 4216">
    <p class='ocr_par' dir='ltr' id='par_1_66' title="bbox 168 4142 1765 4216">
     <span class='ocr_line' id='line_1_66' title="bbox 168 4142 1765 4216; baseline 0.004 -17"><span class='ocrx_word' id='word_1_494' title='bbox 168 4153 225 4199; x_wconf 93' lang='lat' dir='ltr'><strong>et</strong></span> <span class='ocrx_word' id='word_1_495' title='bbox 254 4143 500 4199; x_wconf 91' lang='lat' dir='ltr'><strong>Solinum</strong></span> <span class='ocrx_word' id='word_1_496' title='bbox 524 4185 538 4210; x_wconf 94' lang='lat'><strong>,</strong></span> <span class='ocrx_word' id='word_1_497' title='bbox 572 4142 689 4199; x_wconf 58' lang='lat' dir='ltr'><strong>haec</strong></span> <span class='ocrx_word' id='word_1_498' title='bbox 723 4143 1050 4213; x_wconf 81' lang='lat' dir='ltr'><strong>A.Cellius,</strong></span> <span class='ocrx_word' id='word_1_499' title='bbox 1082 4162 1202 4216; x_wconf 73' lang='lat' dir='ltr'><strong>qua:</strong></span> <span class='ocrx_word' id='word_1_500' title='bbox 1229 4148 1294 4201; x_wconf 89' lang='lat' dir='ltr'><strong>ad</strong></span> <span class='ocrx_word' id='word_1_501' title='bbox 1321 4149 1567 4204; x_wconf 80' lang='lat' dir='ltr'><strong>Auctoris</strong></span> <span class='ocrx_word' id='word_1_502' title='bbox 1597 4151 1765 4206; x_wconf 87' lang='lat' dir='ltr'><strong>nostri</strong></span> 
     </span>
    </p>
   </div>
   <div class='ocr_carea' id='block_1_67' title="bbox 170 4234 1762 4310">
    <p class='ocr_par' dir='ltr' id='par_1_67' title="bbox 170 4234 1762 4310">
     <span class='ocr_line' id='line_1_67' title="bbox 170 4234 1762 4310; baseline 0.006 -21"><span class='ocrx_word' id='word_1_503' title='bbox 170 4235 510 4306; x_wconf 89' lang='lat' dir='ltr'><strong>propositum</strong></span> <span class='ocrx_word' id='word_1_504' title='bbox 551 4234 786 4301; x_wconf 86' lang='lat' dir='ltr'><strong>faciunt,</strong></span> <span class='ocrx_word' id='word_1_505' title='bbox 836 4237 1026 4292; x_wconf 88' lang='lat' dir='ltr'><strong>litteris</strong></span> <span class='ocrx_word' id='word_1_506' title='bbox 1073 4241 1439 4310; x_wconf 85' lang='lat' dir='ltr'><strong>consignavit:</strong></span> <span class='ocrx_word' id='word_1_507' title='bbox 1473 4261 1490 4293; x_wconf 75' lang='grc' dir='ltr'><strong>ι</strong></span> <span class='ocrx_word' id='word_1_508' title='bbox 1523 4242 1762 4298; x_wconf 85' lang='lat' dir='ltr'><strong>Herodo-</strong></span> 
     </span>
    </p>
   </div>
   <div class='ocr_carea' id='block_1_68' title="bbox 169 4319 1762 4402">
    <p class='ocr_par' dir='ltr' id='par_1_68' title="bbox 169 4319 1762 4402">
     <span class='ocr_line' id='line_1_68' title="bbox 169 4319 1762 4402; baseline 0.006 -18"><span class='ocrx_word' id='word_1_509' title='bbox 169 4341 284 4398; x_wconf 91' lang='lat' dir='ltr'><strong>tus,</strong></span> <span class='ocrx_word' id='word_1_510' title='bbox 328 4331 494 4386; x_wconf 86' lang='lat' dir='ltr'><strong>bomo</strong></span> <span class='ocrx_word' id='word_1_511' title='bbox 532 4330 816 4399; x_wconf 88' lang='lat' dir='ltr'><strong>fabulator,</strong></span> <span class='ocrx_word' id='word_1_512' title='bbox 846 4333 896 4385; x_wconf 93' lang='lat' dir='ltr'><strong>in</strong></span> <span class='ocrx_word' id='word_1_513' title='bbox 922 4333 1093 4402; x_wconf 92' lang='lat' dir='ltr'><strong>primo</strong></span> <span class='ocrx_word' id='word_1_514' title='bbox 1115 4319 1458 4390; x_wconf 84' lang='lat' dir='ltr'><strong>historiarum</strong></span> <span class='ocrx_word' id='word_1_515' title='bbox 1491 4338 1762 4394; x_wconf 86' lang='lat' dir='ltr'><strong>inventum</strong></span> 
     </span>
    </p>
   </div>
   <div class='ocr_carea' id='block_1_69' title="bbox 169 4423 1765 4502">
    <p class='ocr_par' dir='ltr' id='par_1_69' title="bbox 169 4423 1765 4502">
     <span class='ocr_line' id='line_1_69' title="bbox 169 4423 1765 4502; baseline 0.006 -25"><span class='ocrx_word' id='word_1_516' title='bbox 169 4439 290 4479; x_wconf 87' lang='lat' dir='ltr'><strong>esse</strong></span> <span class='ocrx_word' id='word_1_517' title='bbox 315 4423 418 4479; x_wconf 88' lang='lat' dir='ltr'><strong>sub</strong></span> <span class='ocrx_word' id='word_1_518' title='bbox 447 4432 588 4478; x_wconf 89' lang='lat' dir='ltr'><strong>terra</strong></span> <span class='ocrx_word' id='word_1_519' title='bbox 617 4425 834 4491; x_wconf 76' lang='lat' dir='ltr'><strong>scripsit</strong></span> <span class='ocrx_word' id='word_1_520' title='bbox 862 4424 1036 4480; x_wconf 87' lang='lat' dir='ltr'><strong>Oresti</strong></span> <span class='ocrx_word' id='word_1_521' title='bbox 1081 4442 1278 4498; x_wconf 85' lang='lat' dir='ltr'><strong>corpus</strong></span> <span class='ocrx_word' id='word_1_522' title='bbox 1317 4429 1492 4484; x_wconf 85' lang='lat' dir='ltr'><strong>cubita</strong></span> <span class='ocrx_word' id='word_1_523' title='bbox 1531 4431 1765 4502; x_wconf 86' lang='lat' dir='ltr'><strong>longitu-</strong></span> 
     </span>
    </p>
   </div>
   <div class='ocr_carea' id='block_1_70' title="bbox 169 4516 1763 4588">
    <p class='ocr_par' dir='ltr' id='par_1_70' title="bbox 169 4516 1763 4588">
     <span class='ocr_line' id='line_1_70' title="bbox 169 4516 1763 4588; baseline 0.005 -18"><span class='ocrx_word' id='word_1_524' title='bbox 169 4517 308 4571; x_wconf 90' lang='lat' dir='ltr'><strong>dinis</strong></span> <span class='ocrx_word' id='word_1_525' title='bbox 333 4516 537 4571; x_wconf 90' lang='lat' dir='ltr'><strong>habens</strong></span> <span class='ocrx_word' id='word_1_526' title='bbox 568 4527 772 4586; x_wconf 87' lang='lat' dir='ltr'><strong>septem</strong></span> <span class='ocrx_word' id='word_1_527' title='bbox 795 4559 808 4583; x_wconf 97' lang='lat'><strong>,</strong></span> <span class='ocrx_word' id='word_1_528' title='bbox 841 4533 960 4586; x_wconf 70' lang='lat' dir='ltr'><strong>quae</strong></span> <span class='ocrx_word' id='word_1_529' title='bbox 985 4518 1184 4574; x_wconf 88' lang='lat' dir='ltr'><strong>faciunt</strong></span> <span class='ocrx_word' id='word_1_530' title='bbox 1211 4520 1375 4588; x_wconf 87' lang='lat' dir='ltr'><strong>pedes</strong></span> <span class='ocrx_word' id='word_1_531' title='bbox 1403 4521 1682 4577; x_wconf 89' lang='lat' dir='ltr'><strong>duodecim</strong></span> <span class='ocrx_word' id='word_1_532' title='bbox 1711 4535 1763 4579; x_wconf 90' lang='lat' dir='ltr'><strong>et</strong></span> 
     </span>
    </p>
   </div>
   <div class='ocr_carea' id='block_1_71' title="bbox 169 4608 1761 4682">
    <p class='ocr_par' dir='ltr' id='par_1_71' title="bbox 169 4608 1761 4682">
     <span class='ocr_line' id='line_1_71' title="bbox 169 4608 1761 4682; baseline 0.005 -21"><span class='ocrx_word' id='word_1_533' title='bbox 169 4609 556 4678; x_wconf 75' lang='lat' dir='ltr'><strong>quadrantem,</strong></span> <span class='ocrx_word' id='word_1_534' title='bbox 592 4609 693 4663; x_wconf 92' lang='lat' dir='ltr'><strong>nisi</strong></span> <span class='ocrx_word' id='word_1_535' title='bbox 740 4609 816 4671; x_wconf 86' lang='lat' dir='ltr'><strong>si,</strong></span> <span class='ocrx_word' id='word_1_536' title='bbox 854 4618 910 4663; x_wconf 93' lang='lat' dir='ltr'><strong>ut</strong></span> <span class='ocrx_word' id='word_1_537' title='bbox 957 4608 1222 4665; x_wconf 86' lang='lat' dir='ltr'><strong>Homerus</strong></span> <span class='ocrx_word' id='word_1_538' title='bbox 1248 4613 1494 4682; x_wconf 85' lang='lat' dir='ltr'><strong>opinatus</strong></span> <span class='ocrx_word' id='word_1_539' title='bbox 1523 4608 1633 4681; x_wconf 85' lang='lat' dir='ltr'><strong>est,</strong></span> <span class='ocrx_word' id='word_1_540' title='bbox 1668 4631 1761 4670; x_wconf 91' lang='lat' dir='ltr'><strong>va-</strong></span> 
     </span>
    </p>
   </div>
   <div class='ocr_carea' id='block_1_72' title="bbox 1873 3392 3457 3468">
    <p class='ocr_par' dir='ltr' id='par_1_72' title="bbox 1873 3392 3457 3468">
     <span class='ocr_line' id='line_1_72' title="bbox 1873 3392 3457 3468; baseline -0.007 -13"><span class='ocrx_word' id='word_1_541' title='bbox 1873 3409 1927 3455; x_wconf 90' lang='lat' dir='ltr'><strong>et</strong></span> <span class='ocrx_word' id='word_1_542' title='bbox 1975 3399 2063 3454; x_wconf 92' lang='lat' dir='ltr'><strong>ubi</strong></span> <span class='ocrx_word' id='word_1_543' title='bbox 2111 3399 2314 3454; x_wconf 90' lang='lat' dir='ltr'><strong>sciebat</strong></span> <span class='ocrx_word' id='word_1_544' title='bbox 2359 3414 2510 3466; x_wconf 86' lang='lat' dir='ltr'><strong>esse,</strong></span> <span class='ocrx_word' id='word_1_545' title='bbox 2544 3399 2634 3468; x_wconf 91' lang='lat' dir='ltr'><strong>qui</strong></span> <span class='ocrx_word' id='word_1_546' title='bbox 2666 3399 2718 3452; x_wconf 92' lang='lat' dir='ltr'><strong>in</strong></span> <span class='ocrx_word' id='word_1_547' title='bbox 2763 3411 2883 3452; x_wconf 91' lang='lat' dir='ltr'><strong>eum</strong></span> <span class='ocrx_word' id='word_1_548' title='bbox 2929 3394 3140 3450; x_wconf 88' lang='lat' dir='ltr'><strong>fuerant</strong></span> <span class='ocrx_word' id='word_1_549' title='bbox 3167 3392 3457 3456; x_wconf 85' lang='lat' dir='ltr'><strong>credituri;</strong></span> 
     </span>
    </p>
   </div>
   <div class='ocr_carea' id='block_1_73' title="bbox 1871 3489 3458 3566">
    <p class='ocr_par' dir='ltr' id='par_1_73' title="bbox 1871 3489 3458 3566">
     <span class='ocr_line' id='line_1_73' title="bbox 1871 3489 3458 3566; baseline -0.006 -16"><span class='ocrx_word' id='word_1_550' title='bbox 1871 3505 2047 3566; x_wconf 91' lang='lat' dir='ltr'><strong>potest</strong></span> <span class='ocrx_word' id='word_1_551' title='bbox 2071 3496 2230 3550; x_wconf 90' lang='lat' dir='ltr'><strong>etiam</strong></span> <span class='ocrx_word' id='word_1_552' title='bbox 2257 3497 2334 3549; x_wconf 91' lang='lat' dir='ltr'><strong>sic</strong></span> <span class='ocrx_word' id='word_1_553' title='bbox 2363 3493 2466 3550; x_wconf 93' lang='lat' dir='ltr'><strong>dici</strong></span> <span class='ocrx_word' id='word_1_554' title='bbox 2503 3505 2628 3548; x_wconf 82' lang='lat' dir='ltr'><strong>ttmc</strong></span> <span class='ocrx_word' id='word_1_555' title='bbox 2654 3492 2890 3547; x_wconf 85' lang='lat' dir='ltr'><strong>voluisse</strong></span> <span class='ocrx_word' id='word_1_556' title='bbox 2919 3489 3167 3546; x_wconf 88' lang='lat' dir='ltr'><strong>homines</strong></span> <span class='ocrx_word' id='word_1_557' title='bbox 3197 3501 3458 3559; x_wconf 89' lang='lat' dir='ltr'><strong>apparere</strong></span> 
     </span>
    </p>
   </div>
   <div class='ocr_carea' id='block_1_74' title="bbox 1870 3585 3456 3660">
    <p class='ocr_par' dir='ltr' id='par_1_74' title="bbox 1870 3585 3456 3660">
     <span class='ocr_line' id='line_1_74' title="bbox 1870 3585 3456 3660; baseline -0.005 -16"><span class='ocrx_word' id='word_1_558' title='bbox 1870 3589 2142 3646; x_wconf 89' lang='lat' dir='ltr'><strong>Christum</strong></span> <span class='ocrx_word' id='word_1_559' title='bbox 2165 3633 2179 3654; x_wconf 89' lang='lat'><strong>,</strong></span> <span class='ocrx_word' id='word_1_560' title='bbox 2213 3602 2268 3645; x_wconf 92' lang='lat' dir='ltr'><strong>et</strong></span> <span class='ocrx_word' id='word_1_561' title='bbox 2299 3590 2438 3660; x_wconf 88' lang='lat' dir='ltr'><strong>apud</strong></span> <span class='ocrx_word' id='word_1_562' title='bbox 2475 3603 2572 3645; x_wconf 93' lang='lat' dir='ltr'><strong>eos</strong></span> <span class='ocrx_word' id='word_1_563' title='bbox 2601 3587 2882 3658; x_wconf 76' lang='lat' dir='ltr'><strong>praedicari</strong></span> <span class='ocrx_word' id='word_1_564' title='bbox 2927 3585 3228 3640; x_wconf 88' lang='lat' dir='ltr'><strong>doctrinam</strong></span> <span class='ocrx_word' id='word_1_565' title='bbox 3272 3596 3456 3647; x_wconf 89' lang='lat' dir='ltr'><strong>suam,</strong></span> 
     </span>
    </p>
   </div>
   <div class='ocr_carea' id='block_1_75' title="bbox 1870 3677 3459 3756">
    <p class='ocr_par' dir='ltr' id='par_1_75' title="bbox 1870 3677 3459 3756">
     <span class='ocr_line' id='line_1_75' title="bbox 1870 3677 3459 3756; baseline -0.006 -16"><span class='ocrx_word' id='word_1_566' title='bbox 1870 3686 2086 3756; x_wconf 89' lang='lat' dir='ltr'><strong>quando</strong></span> <span class='ocrx_word' id='word_1_567' title='bbox 2108 3685 2348 3752; x_wconf 87' lang='lat' dir='ltr'><strong>sciebat,</strong></span> <span class='ocrx_word' id='word_1_568' title='bbox 2377 3692 2432 3740; x_wconf 90' lang='lat' dir='ltr'><strong>et</strong></span> <span class='ocrx_word' id='word_1_569' title='bbox 2460 3683 2550 3738; x_wconf 90' lang='lat' dir='ltr'><strong>ubi</strong></span> <span class='ocrx_word' id='word_1_570' title='bbox 2578 3681 2781 3738; x_wconf 87' lang='lat' dir='ltr'><strong>sciebat</strong></span> <span class='ocrx_word' id='word_1_571' title='bbox 2825 3695 2977 3746; x_wconf 88' lang='lat' dir='ltr'><strong>esse,</strong></span> <span class='ocrx_word' id='word_1_572' title='bbox 3025 3679 3114 3750; x_wconf 91' lang='lat' dir='ltr'><strong>qui</strong></span> <span class='ocrx_word' id='word_1_573' title='bbox 3147 3677 3304 3733; x_wconf 89' lang='lat' dir='ltr'><strong>electi</strong></span> <span class='ocrx_word' id='word_1_574' title='bbox 3341 3677 3459 3730; x_wconf 86' lang='lat' dir='ltr'><strong>fue-</strong></span> 
     </span>
    </p>
   </div>
   <div class='ocr_carea' id='block_1_76' title="bbox 1869 3769 3498 3849">
    <p class='ocr_par' dir='ltr' id='par_1_76' title="bbox 1869 3769 3498 3849">
     <span class='ocr_line' id='line_1_76' title="bbox 1869 3769 3498 3849; baseline -0.007 -17"><span class='ocrx_word' id='word_1_575' title='bbox 1869 3790 1988 3832; x_wconf 85' lang='lat' dir='ltr'><strong>rant</strong></span> <span class='ocrx_word' id='word_1_576' title='bbox 2019 3779 2070 3832; x_wconf 90' lang='lat' dir='ltr'><strong>in</strong></span> <span class='ocrx_word' id='word_1_577' title='bbox 2096 3779 2212 3849; x_wconf 90' lang='lat' dir='ltr'><strong>ipso</strong></span> <span class='ocrx_word' id='word_1_578' title='bbox 2241 3789 2369 3832; x_wconf 90' lang='lat' dir='ltr'><strong>ante</strong></span> <span class='ocrx_word' id='word_1_579' title='bbox 2393 3775 2575 3831; x_wconf 89' lang='lat' dir='ltr'><strong>mundi</strong></span> <span class='ocrx_word' id='word_1_580' title='bbox 2601 3773 3059 3830; x_wconf 89' lang='lat' dir='ltr'><strong>constitutionem.</strong></span> <span class='ocrx_word' id='word_1_581' title='bbox 3091 3791 3109 3822; x_wconf 82' lang='grc'><strong>»</strong></span> <span class='ocrx_word' id='word_1_582' title='bbox 3135 3769 3454 3844; x_wconf 84' lang='lat' dir='ltr'><strong>(Augustin.,</strong></span> <span class='ocrx_word' id='word_1_583' title='bbox 3489 3826 3498 3836; x_wconf 30' lang='grc' dir='ltr'>η</span> 
     </span>
    </p>
   </div>
   <div class='ocr_carea' id='block_1_77' title="bbox 1870 3863 3454 3940">
    <p class='ocr_par' dir='ltr' id='par_1_77' title="bbox 1870 3863 3454 3940">
     <span class='ocr_line' id='line_1_77' title="bbox 1870 3863 3454 3940; baseline -0.006 -17"><span class='ocrx_word' id='word_1_584' title='bbox 1870 3868 2042 3936; x_wconf 82' lang='lat' dir='ltr'><strong>Epist.</strong></span> <span class='ocrx_word' id='word_1_585' title='bbox 2090 3870 2211 3934; x_wconf 71' lang='lat'><strong>102,</strong></span> <span class='ocrx_word' id='word_1_586' title='bbox 2265 3887 2385 3940; x_wconf 89' lang='lat' dir='ltr'><strong>pag.</strong></span> <span class='ocrx_word' id='word_1_587' title='bbox 2427 3869 2552 3934; x_wconf 75' lang='lat'><strong>‘278,</strong></span> <span class='ocrx_word' id='word_1_588' title='bbox 2588 3879 2633 3922; x_wconf 87' lang='lat' dir='ltr'><strong>et</strong></span> <span class='ocrx_word' id='word_1_589' title='bbox 2687 3868 2777 3922; x_wconf 90' lang='lat' dir='ltr'><strong>lib.</strong></span> <span class='ocrx_word' id='word_1_590' title='bbox 2831 3867 2894 3920; x_wconf 84' lang='lat' dir='ltr'><strong>de</strong></span> <span class='ocrx_word' id='word_1_591' title='bbox 2937 3863 3188 3919; x_wconf 75' lang='lat' dir='ltr'><strong>Prwdest.</strong></span> <span class='ocrx_word' id='word_1_592' title='bbox 3247 3871 3454 3928; x_wconf 86' lang='lat' dir='ltr'><strong>sonct.,</strong></span> 
     </span>
    </p>
   </div>
   <div class='ocr_carea' id='block_1_78' title="bbox 1867 3961 2396 4034">
    <p class='ocr_par' dir='ltr' id='par_1_78' title="bbox 1867 3961 2396 4034">
     <span class='ocr_line' id='line_1_78' title="bbox 1867 3961 2396 4034; baseline -0.002 -19"><span class='ocrx_word' id='word_1_593' title='bbox 1867 3979 1981 4025; x_wconf 81' lang='lat' dir='ltr'><strong>cap.</strong></span> <span class='ocrx_word' id='word_1_594' title='bbox 2011 3963 2065 4026; x_wconf 85' lang='lat'><strong>9,</strong></span> <span class='ocrx_word' id='word_1_595' title='bbox 2096 3980 2214 4033; x_wconf 85' lang='lat' dir='ltr'><strong>pug.</strong></span> <span class='ocrx_word' id='word_1_596' title='bbox 2244 3961 2396 4034; x_wconf 75' lang='lat'><strong>805.)</strong></span> 
     </span>
    </p>
   </div>
   <div class='ocr_carea' id='block_1_79' title="bbox 1938 4050 3459 4122">
    <p class='ocr_par' dir='ltr' id='par_1_79' title="bbox 1938 4050 3459 4122">
     <span class='ocr_line' id='line_1_79' title="bbox 1938 4050 3459 4122; baseline -0.002 -14"><span class='ocrx_word' id='word_1_597' title='bbox 1938 4053 2092 4122; x_wconf 85' lang='lat' dir='ltr'><strong>Quod</strong></span> <span class='ocrx_word' id='word_1_598' title='bbox 2122 4064 2302 4110; x_wconf 90' lang='lat' dir='ltr'><strong>autem</strong></span> <span class='ocrx_word' id='word_1_599' title='bbox 2331 4054 2397 4108; x_wconf 89' lang='lat' dir='ltr'><strong>ad</strong></span> <span class='ocrx_word' id='word_1_600' title='bbox 2449 4054 2695 4109; x_wconf 90' lang='lat' dir='ltr'><strong>homines</strong></span> <span class='ocrx_word' id='word_1_601' title='bbox 2743 4062 2870 4108; x_wconf 88' lang='lat' dir='ltr'><strong>ante</strong></span> <span class='ocrx_word' id='word_1_602' title='bbox 2893 4050 3166 4107; x_wconf 86' lang='lat' dir='ltr'><strong>Christum</strong></span> <span class='ocrx_word' id='word_1_603' title='bbox 3217 4059 3459 4106; x_wconf 89' lang='lat' dir='ltr'><strong>mortuos</strong></span> 
     </span>
    </p>
   </div>
   <div class='ocr_carea' id='block_1_80' title="bbox 1869 4130 3457 4218">
    <p class='ocr_par' dir='ltr' id='par_1_80' title="bbox 1869 4130 3457 4218">
     <span class='ocr_line' id='line_1_80' title="bbox 1869 4130 3457 4218; baseline -0.004 -16"><span class='ocrx_word' id='word_1_604' title='bbox 1869 4157 2110 4218; x_wconf 82' lang='lat' dir='ltr'><strong>spectat,</strong></span> <span class='ocrx_word' id='word_1_605' title='bbox 2159 4146 2429 4202; x_wconf 89' lang='lat' dir='ltr'><strong>Arnobius</strong></span> <span class='ocrx_word' id='word_1_606' title='bbox 2475 4130 2711 4202; x_wconf 87' lang='lat' dir='ltr'><strong>breviter</strong></span> <span class='ocrx_word' id='word_1_607' title='bbox 2758 4143 3053 4214; x_wconf 90' lang='lat' dir='ltr'><strong>respondet</strong></span> <span class='ocrx_word' id='word_1_608' title='bbox 3100 4161 3113 4197; x_wconf 90' lang='lat'><strong>:</strong></span> <span class='ocrx_word' id='word_1_609' title='bbox 3169 4163 3186 4194; x_wconf 77' lang='grc' dir='ltr'><strong>ι</strong></span> <span class='ocrx_word' id='word_1_610' title='bbox 3235 4141 3372 4210; x_wconf 90' lang='lat' dir='ltr'><strong>Quid</strong></span> <span class='ocrx_word' id='word_1_611' title='bbox 3410 4143 3457 4195; x_wconf 92' lang='lat' dir='ltr'><strong>si</strong></span> 
     </span>
    </p>
   </div>
   <div class='ocr_carea' id='block_1_81' title="bbox 1871 4236 3457 4311">
    <p class='ocr_par' dir='ltr' id='par_1_81' title="bbox 1871 4236 3457 4311">
     <span class='ocr_line' id='line_1_81' title="bbox 1871 4236 3457 4311; baseline -0.004 -15"><span class='ocrx_word' id='word_1_612' title='bbox 1871 4242 2069 4311; x_wconf 80' lang='lat' dir='ltr'><strong>priscis</strong></span> <span class='ocrx_word' id='word_1_613' title='bbox 2098 4242 2257 4296; x_wconf 89' lang='lat' dir='ltr'><strong>aliter</strong></span> <span class='ocrx_word' id='word_1_614' title='bbox 2287 4240 2602 4308; x_wconf 89' lang='lat' dir='ltr'><strong>subveniri,</strong></span> <span class='ocrx_word' id='word_1_615' title='bbox 2634 4240 2791 4295; x_wconf 89' lang='lat' dir='ltr'><strong>aliter</strong></span> <span class='ocrx_word' id='word_1_616' title='bbox 2834 4239 3020 4294; x_wconf 88' lang='lat' dir='ltr'><strong>debuit</strong></span> <span class='ocrx_word' id='word_1_617' title='bbox 3064 4236 3457 4308; x_wconf 88' lang='lat' dir='ltr'><strong>posterioribus</strong></span> 
     </span>
    </p>
   </div>
   <div class='ocr_carea' id='block_1_82' title="bbox 1866 4332 3459 4406">
    <p class='ocr_par' dir='ltr' id='par_1_82' title="bbox 1866 4332 3459 4406">
     <span class='ocr_line' id='line_1_82' title="bbox 1866 4332 3459 4406; baseline -0.003 -16"><span class='ocrx_word' id='word_1_618' title='bbox 1866 4337 2096 4390; x_wconf 75' lang='lat' dir='ltr'><strong>consuli.</strong></span> <span class='ocrx_word' id='word_1_619' title='bbox 2130 4356 2148 4387; x_wconf 71' lang='grc' dir='ltr'><strong>ι</strong></span> <span class='ocrx_word' id='word_1_620' title='bbox 2177 4335 2195 4406; x_wconf 92' lang='grc'><strong>(</strong></span> <span class='ocrx_word' id='word_1_621' title='bbox 2222 4336 2414 4390; x_wconf 84' lang='lat' dir='ltr'><strong>Arnob.</strong></span> <span class='ocrx_word' id='word_1_622' title='bbox 2438 4377 2450 4394; x_wconf 85' lang='lat'><strong>.</strong></span> <span class='ocrx_word' id='word_1_623' title='bbox 2487 4336 2586 4389; x_wconf 86' lang='lat' dir='ltr'><strong>loc.</strong></span> <span class='ocrx_word' id='word_1_624' title='bbox 2611 4332 2737 4405; x_wconf 88' lang='lat' dir='ltr'><strong>cit.)</strong></span> <span class='ocrx_word' id='word_1_625' title='bbox 2761 4334 2866 4391; x_wconf 88' lang='lat' dir='ltr'><strong>Sed</strong></span> <span class='ocrx_word' id='word_1_626' title='bbox 2899 4332 3042 4403; x_wconf 88' lang='lat' dir='ltr'><strong>quod</strong></span> <span class='ocrx_word' id='word_1_627' title='bbox 3071 4333 3159 4388; x_wconf 90' lang='lat' dir='ltr'><strong>ille</strong></span> <span class='ocrx_word' id='word_1_628' title='bbox 3187 4332 3459 4401; x_wconf 86' lang='lat' dir='ltr'><strong>explicare</strong></span> 
     </span>
    </p>
   </div>
   <div class='ocr_carea' id='block_1_83' title="bbox 1868 4427 3454 4496">
    <p class='ocr_par' dir='ltr' id='par_1_83' title="bbox 1868 4427 3454 4496">
     <span class='ocr_line' id='line_1_83' title="bbox 1868 4427 3454 4496; baseline -0.002 -13"><span class='ocrx_word' id='word_1_629' title='bbox 1868 4439 1957 4484; x_wconf 87' lang='lat' dir='ltr'><strong>aut</strong></span> <span class='ocrx_word' id='word_1_630' title='bbox 2007 4429 2211 4496; x_wconf 90' lang='lat' dir='ltr'><strong>noluit,</strong></span> <span class='ocrx_word' id='word_1_631' title='bbox 2266 4440 2357 4484; x_wconf 92' lang='lat' dir='ltr'><strong>aut</strong></span> <span class='ocrx_word' id='word_1_632' title='bbox 2406 4428 2639 4484; x_wconf 88' lang='lat' dir='ltr'><strong>fortasse</strong></span> <span class='ocrx_word' id='word_1_633' title='bbox 2683 4429 2829 4482; x_wconf 93' lang='lat' dir='ltr'><strong>omni</strong></span> <span class='ocrx_word' id='word_1_634' title='bbox 2877 4427 3166 4485; x_wconf 89' lang='lat' dir='ltr'><strong>christiana</strong></span> <span class='ocrx_word' id='word_1_635' title='bbox 3210 4427 3454 4480; x_wconf 88' lang='lat' dir='ltr'><strong>doctrina</strong></span> 
     </span>
    </p>
   </div>
   <div class='ocr_carea' id='block_1_84' title="bbox 1867 4520 3456 4594">
    <p class='ocr_par' dir='ltr' id='par_1_84' title="bbox 1867 4520 3456 4594">
     <span class='ocr_line' id='line_1_84' title="bbox 1867 4520 3456 4594; baseline -0.004 -16"><span class='ocrx_word' id='word_1_636' title='bbox 1867 4524 2104 4578; x_wconf 90' lang='lat' dir='ltr'><strong>nondum</strong></span> <span class='ocrx_word' id='word_1_637' title='bbox 2130 4525 2288 4594; x_wconf 89' lang='lat' dir='ltr'><strong>plane</strong></span> <span class='ocrx_word' id='word_1_638' title='bbox 2307 4524 2664 4589; x_wconf 87' lang='lat' dir='ltr'><strong>informatus,</strong></span> <span class='ocrx_word' id='word_1_639' title='bbox 2698 4537 2804 4576; x_wconf 91' lang='lat' dir='ltr'><strong>non</strong></span> <span class='ocrx_word' id='word_1_640' title='bbox 2835 4523 3005 4590; x_wconf 88' lang='lat' dir='ltr'><strong>potuit</strong></span> <span class='ocrx_word' id='word_1_641' title='bbox 3026 4563 3040 4586; x_wconf 87' lang='lat'><strong>,</strong></span> <span class='ocrx_word' id='word_1_642' title='bbox 3074 4520 3176 4575; x_wconf 91' lang='lat' dir='ltr'><strong>hoc</strong></span> <span class='ocrx_word' id='word_1_643' title='bbox 3203 4520 3456 4575; x_wconf 79' lang='lat' dir='ltr'><strong>enuclea-</strong></span> 
     </span>
    </p>
   </div>
   <div class='ocr_carea' id='block_1_85' title="bbox 1865 4613 3453 4686">
    <p class='ocr_par' dir='ltr' id='par_1_85' title="bbox 1865 4613 3453 4686">
     <span class='ocr_line' id='line_1_85' title="bbox 1865 4613 3453 4686; baseline -0.003 -15"><span class='ocrx_word' id='word_1_644' title='bbox 1865 4618 1972 4672; x_wconf 86' lang='lat' dir='ltr'><strong>tius</strong></span> <span class='ocrx_word' id='word_1_645' title='bbox 2019 4627 2073 4673; x_wconf 87' lang='lat' dir='ltr'><strong>et</strong></span> <span class='ocrx_word' id='word_1_646' title='bbox 2107 4618 2329 4673; x_wconf 88' lang='lat' dir='ltr'><strong>uberius</strong></span> <span class='ocrx_word' id='word_1_647' title='bbox 2359 4633 2387 4671; x_wconf 90' lang='lat' dir='ltr'><strong>a</strong></span> <span class='ocrx_word' id='word_1_648' title='bbox 2429 4617 2727 4686; x_wconf 87' lang='lat' dir='ltr'><strong>theologis,</strong></span> <span class='ocrx_word' id='word_1_649' title='bbox 2786 4625 2947 4684; x_wconf 88' lang='lat' dir='ltr'><strong>atque</strong></span> <span class='ocrx_word' id='word_1_650' title='bbox 2976 4613 3238 4683; x_wconf 87' lang='lat' dir='ltr'><strong>imprimis</strong></span> <span class='ocrx_word' id='word_1_651' title='bbox 3269 4615 3453 4683; x_wconf 88' lang='lat' dir='ltr'><strong>Augu-</strong></span> 
     </span>
    </p>
   </div>
   <div class='ocr_carea' id='block_1_86' title="bbox 170 4696 3454 4778">
    <p class='ocr_par' dir='ltr' id='par_1_86' title="bbox 170 4696 3454 4778">
     <span class='ocr_line' id='line_1_86' title="bbox 170 4696 3454 4778; baseline 0.002 -24"><span class='ocrx_word' id='word_1_652' title='bbox 170 4699 335 4755; x_wconf 88' lang='lat' dir='ltr'><strong>stiora</strong></span> <span class='ocrx_word' id='word_1_653' title='bbox 365 4700 764 4770; x_wconf 80' lang='lat' dir='ltr'><strong>prolixioraque</strong></span> <span class='ocrx_word' id='word_1_654' title='bbox 803 4701 1004 4756; x_wconf 89' lang='lat' dir='ltr'><strong>fuerint</strong></span> <span class='ocrx_word' id='word_1_655' title='bbox 1044 4716 1271 4772; x_wconf 87' lang='lat' dir='ltr'><strong>corpora</strong></span> <span class='ocrx_word' id='word_1_656' title='bbox 1305 4706 1579 4760; x_wconf 89' lang='lat' dir='ltr'><strong>hominum</strong></span> <span class='ocrx_word' id='word_1_657' title='bbox 1619 4709 1761 4762; x_wconf 86' lang='lat' dir='ltr'><strong>anti-</strong></span> <span class='ocrx_word' id='word_1_658' title='bbox 1789 4707 1843 4767; x_wconf 91' lang='lat' dir='ltr'><strong>D</strong></span> <span class='ocrx_word' id='word_1_659' title='bbox 1868 4710 2011 4765; x_wconf 90' lang='lat' dir='ltr'><strong>stino</strong></span> <span class='ocrx_word' id='word_1_660' title='bbox 2038 4710 2090 4764; x_wconf 90' lang='lat' dir='ltr'><strong>in</strong></span> <span class='ocrx_word' id='word_1_661' title='bbox 2130 4696 2295 4765; x_wconf 71' lang='lat' dir='ltr'><strong>citata</strong></span> <span class='ocrx_word' id='word_1_662' title='bbox 2320 4725 2350 4764; x_wconf 90' lang='lat' dir='ltr'><strong>a</strong></span> <span class='ocrx_word' id='word_1_663' title='bbox 2382 4708 2538 4763; x_wconf 89' lang='lat' dir='ltr'><strong>nobis</strong></span> <span class='ocrx_word' id='word_1_664' title='bbox 2573 4708 2800 4778; x_wconf 87' lang='lat' dir='ltr'><strong>epistola</strong></span> <span class='ocrx_word' id='word_1_665' title='bbox 2845 4707 3186 4778; x_wconf 83' lang='lat' dir='ltr'><strong>explanatur.</strong></span> <span class='ocrx_word' id='word_1_666' title='bbox 3218 4705 3292 4761; x_wconf 91' lang='lat' dir='ltr'><strong>lbi</strong></span> <span class='ocrx_word' id='word_1_667' title='bbox 3323 4721 3454 4762; x_wconf 90' lang='lat' dir='ltr'><strong>vero</strong></span> 
     </span>
    </p>
   </div>
   <div class='ocr_carea' id='block_1_87' title="bbox 171 4794 1763 4866">
    <p class='ocr_par' dir='ltr' id='par_1_87' title="bbox 171 4794 1763 4866">
     <span class='ocr_line' id='line_1_87' title="bbox 171 4794 1763 4866; baseline 0.006 -19"><span class='ocrx_word' id='word_1_668' title='bbox 171 4807 431 4863; x_wconf 90' lang='lat' dir='ltr'><strong>quorum;</strong></span> <span class='ocrx_word' id='word_1_669' title='bbox 456 4802 511 4849; x_wconf 90' lang='lat' dir='ltr'><strong>et</strong></span> <span class='ocrx_word' id='word_1_670' title='bbox 532 4808 674 4848; x_wconf 92' lang='lat' dir='ltr'><strong>nunc</strong></span> <span class='ocrx_word' id='word_1_671' title='bbox 695 4795 844 4864; x_wconf 82' lang='lat' dir='ltr'><strong>quasi</strong></span> <span class='ocrx_word' id='word_1_672' title='bbox 870 4794 980 4863; x_wconf 90' lang='lat' dir='ltr'><strong>jam</strong></span> <span class='ocrx_word' id='word_1_673' title='bbox 1005 4797 1203 4851; x_wconf 91' lang='lat' dir='ltr'><strong>mundo</strong></span> <span class='ocrx_word' id='word_1_674' title='bbox 1224 4809 1564 4866; x_wconf 86' lang='lat' dir='ltr'><strong>senescente,</strong></span> <span class='ocrx_word' id='word_1_675' title='bbox 1586 4817 1763 4857; x_wconf 90' lang='lat' dir='ltr'><strong>rerum</strong></span> 
     </span>
    </p>
   </div>
   <div class='ocr_carea' id='block_1_88' title="bbox 169 4887 1761 4966">
    <p class='ocr_par' dir='ltr' id='par_1_88' title="bbox 169 4887 1761 4966">
     <span class='ocr_line' id='line_1_88' title="bbox 169 4887 1761 4966; baseline 0.009 -28"><span class='ocrx_word' id='word_1_676' title='bbox 169 4893 330 4956; x_wconf 83' lang='lat' dir='ltr'><strong>atque</strong></span> <span class='ocrx_word' id='word_1_677' title='bbox 360 4887 636 4943; x_wconf 90' lang='lat' dir='ltr'><strong>hominum</strong></span> <span class='ocrx_word' id='word_1_678' title='bbox 665 4888 1006 4944; x_wconf 88' lang='lat' dir='ltr'><strong>decrementa</strong></span> <span class='ocrx_word' id='word_1_679' title='bbox 1037 4901 1181 4946; x_wconf 90' lang='lat' dir='ltr'><strong>sunt.</strong></span> <span class='ocrx_word' id='word_1_680' title='bbox 1211 4909 1230 4942; x_wconf 76' lang='grc' dir='ltr'><strong>ι</strong></span> <span class='ocrx_word' id='word_1_681' title='bbox 1258 4892 1547 4963; x_wconf 77' lang='lat' dir='ltr'><strong>(Herodal.</strong></span> <span class='ocrx_word' id='word_1_682' title='bbox 1571 4937 1586 4960; x_wconf 93' lang='lat'><strong>,</strong></span> <span class='ocrx_word' id='word_1_683' title='bbox 1615 4897 1702 4951; x_wconf 89' lang='lat' dir='ltr'><strong>lib.</strong></span> <span class='ocrx_word' id='word_1_684' title='bbox 1723 4915 1761 4966; x_wconf 89' lang='grc' dir='ltr'>ι,</span> 
     </span>
    </p>
   </div>
   <div class='ocr_carea' id='block_1_89' title="bbox 173 4977 1760 5060">
    <p class='ocr_par' dir='ltr' id='par_1_89' title="bbox 173 4977 1760 5060">
     <span class='ocr_line' id='line_1_89' title="bbox 173 4977 1760 5060; baseline 0.009 -30"><span class='ocrx_word' id='word_1_685' title='bbox 173 4977 202 5046; x_wconf 79' lang='lat'><strong>§</strong></span> <span class='ocrx_word' id='word_1_686' title='bbox 238 4977 329 5040; x_wconf 83' lang='lat'><strong>68,</strong></span> <span class='ocrx_word' id='word_1_687' title='bbox 364 4995 483 5050; x_wconf 87' lang='lat' dir='ltr'><strong>pag.</strong></span> <span class='ocrx_word' id='word_1_688' title='bbox 513 4979 601 5046; x_wconf 69' lang='lat'><strong>27;</strong></span> <span class='ocrx_word' id='word_1_689' title='bbox 657 4979 801 5033; x_wconf 87' lang='lat' dir='ltr'><strong>Plin.</strong></span> <span class='ocrx_word' id='word_1_690' title='bbox 827 5021 842 5045; x_wconf 95' lang='lat'><strong>,</strong></span> <span class='ocrx_word' id='word_1_691' title='bbox 875 4981 963 5035; x_wconf 84' lang='lat' dir='ltr'><strong>lib.</strong></span> <span class='ocrx_word' id='word_1_692' title='bbox 993 4997 1064 5036; x_wconf 88' lang='lat' dir='ltr'><strong>vu</strong></span> <span class='ocrx_word' id='word_1_693' title='bbox 1106 4981 1245 5036; x_wconf 79' lang='lat' dir='ltr'><strong>Hist.</strong></span> <span class='ocrx_word' id='word_1_694' title='bbox 1269 4993 1435 5038; x_wconf 84' lang='lat' dir='ltr'><strong>natur.</strong></span> <span class='ocrx_word' id='word_1_695' title='bbox 1461 5028 1474 5049; x_wconf 90' lang='lat'><strong>,</strong></span> <span class='ocrx_word' id='word_1_696' title='bbox 1521 5003 1638 5060; x_wconf 81' lang='lat' dir='ltr'><strong>cap.</strong></span> <span class='ocrx_word' id='word_1_697' title='bbox 1673 4991 1760 5056; x_wconf 79' lang='grc'><strong>16,</strong></span> 
     </span>
    </p>
   </div>
   <div class='ocr_carea' id='block_1_90' title="bbox 171 5071 1759 5148">
    <p class='ocr_par' dir='ltr' id='par_1_90' title="bbox 171 5071 1759 5148">
     <span class='ocr_line' id='line_1_90' title="bbox 171 5071 1759 5148; baseline 0.01 -25"><span class='ocrx_word' id='word_1_698' title='bbox 171 5087 290 5142; x_wconf 87' lang='lat' dir='ltr'><strong>pag.</strong></span> <span class='ocrx_word' id='word_1_699' title='bbox 311 5071 412 5138; x_wconf 79' lang='lat'><strong>55;</strong></span> <span class='ocrx_word' id='word_1_700' title='bbox 447 5071 598 5127; x_wconf 87' lang='lat' dir='ltr'><strong>Solin</strong></span> <span class='ocrx_word' id='word_1_701' title='bbox 629 5090 780 5144; x_wconf 87' lang='lat' dir='ltr'><strong>,cap.</strong></span> <span class='ocrx_word' id='word_1_702' title='bbox 807 5073 895 5138; x_wconf 72' lang='lat'><strong>10,</strong></span> <span class='ocrx_word' id='word_1_703' title='bbox 927 5092 1048 5146; x_wconf 83' lang='lat' dir='ltr'><strong>pag.</strong></span> <span class='ocrx_word' id='word_1_704' title='bbox 1070 5076 1208 5143; x_wconf 73' lang='lat'><strong>256;</strong></span> <span class='ocrx_word' id='word_1_705' title='bbox 1240 5078 1304 5132; x_wconf 86' lang='grc' dir='ltr'><strong>Α.</strong></span> <span class='ocrx_word' id='word_1_706' title='bbox 1336 5077 1554 5147; x_wconf 82' lang='lat' dir='ltr'><strong>Gellius,</strong></span> <span class='ocrx_word' id='word_1_707' title='bbox 1577 5083 1759 5148; x_wconf 86' lang='lat' dir='ltr'><strong>lib.tn,</strong></span> 
     </span>
    </p>
   </div>
   <div class='ocr_carea' id='block_1_91' title="bbox 172 5163 1759 5237">
    <p class='ocr_par' dir='ltr' id='par_1_91' title="bbox 172 5163 1759 5237">
     <span class='ocr_line' id='line_1_91' title="bbox 172 5163 1759 5237; baseline 0.012 -24"><span class='ocrx_word' id='word_1_708' title='bbox 172 5178 288 5232; x_wconf 86' lang='lat' dir='ltr'><strong>cap.</strong></span> <span class='ocrx_word' id='word_1_709' title='bbox 332 5164 381 5228; x_wconf 80' lang='lat' dir='ltr'><strong>l,</strong></span> <span class='ocrx_word' id='word_1_710' title='bbox 426 5180 544 5235; x_wconf 82' lang='lat' dir='ltr'><strong>pag.</strong></span> <span class='ocrx_word' id='word_1_711' title='bbox 579 5163 661 5236; x_wconf 88' lang='lat'><strong>9.)</strong></span> <span class='ocrx_word' id='word_1_712' title='bbox 696 5165 969 5237; x_wconf 80' lang='lat' dir='ltr'><strong>Frequens</strong></span> <span class='ocrx_word' id='word_1_713' title='bbox 1011 5181 1190 5224; x_wconf 89' lang='lat' dir='ltr'><strong>autem</strong></span> <span class='ocrx_word' id='word_1_714' title='bbox 1231 5180 1312 5225; x_wconf 91' lang='lat' dir='ltr'><strong>est</strong></span> <span class='ocrx_word' id='word_1_715' title='bbox 1353 5187 1412 5225; x_wconf 90' lang='lat' dir='ltr'><strong>ea</strong></span> <span class='ocrx_word' id='word_1_716' title='bbox 1450 5172 1664 5230; x_wconf 89' lang='lat' dir='ltr'><strong>Homeri</strong></span> <span class='ocrx_word' id='word_1_717' title='bbox 1709 5179 1759 5232; x_wconf 90' lang='lat' dir='ltr'><strong>in</strong></span> 
     </span>
    </p>
   </div>
   <div class='ocr_carea' id='block_1_92' title="bbox 173 5260 1766 5335">
    <p class='ocr_par' dir='ltr' id='par_1_92' title="bbox 173 5260 1766 5335">
     <span class='ocr_line' id='line_1_92' title="bbox 173 5260 1766 5335; baseline 0.011 -21"><span class='ocrx_word' id='word_1_718' title='bbox 173 5260 337 5316; x_wconf 87' lang='lat' dir='ltr'><strong>Iliade</strong></span> <span class='ocrx_word' id='word_1_719' title='bbox 385 5263 734 5332; x_wconf 86' lang='lat' dir='ltr'><strong>conquestio,</strong></span> <span class='ocrx_word' id='word_1_720' title='bbox 766 5281 886 5335; x_wconf 74' lang='lat' dir='ltr'><strong>qttzc</strong></span> <span class='ocrx_word' id='word_1_721' title='bbox 914 5283 943 5320; x_wconf 92' lang='lat' dir='ltr'><strong>a</strong></span> <span class='ocrx_word' id='word_1_722' title='bbox 974 5267 1146 5322; x_wconf 88' lang='lat' dir='ltr'><strong>Plinio</strong></span> <span class='ocrx_word' id='word_1_723' title='bbox 1192 5278 1246 5324; x_wconf 87' lang='lat' dir='ltr'><strong>et</strong></span> <span class='ocrx_word' id='word_1_724' title='bbox 1288 5269 1545 5325; x_wconf 76' lang='lat' dir='ltr'><strong>Jurenale</strong></span> <span class='ocrx_word' id='word_1_725' title='bbox 1591 5274 1766 5331; x_wconf 90' lang='lat' dir='ltr'><strong>adhuc</strong></span> 
     </span>
    </p>
   </div>
   <div class='ocr_carea' id='block_1_93' title="bbox 174 5353 1762 5436">
    <p class='ocr_par' dir='ltr' id='par_1_93' title="bbox 174 5353 1762 5436">
     <span class='ocr_line' id='line_1_93' title="bbox 174 5353 1762 5436; baseline 0.01 -30"><span class='ocrx_word' id='word_1_726' title='bbox 174 5362 390 5408; x_wconf 86' lang='lat' dir='ltr'><strong>notatur</strong></span> <span class='ocrx_word' id='word_1_727' title='bbox 457 5353 684 5426; x_wconf 83' lang='lat' dir='ltr'><strong>(Plin.,</strong></span> <span class='ocrx_word' id='word_1_728' title='bbox 737 5359 847 5412; x_wconf 88' lang='lat' dir='ltr'><strong>loco</strong></span> <span class='ocrx_word' id='word_1_729' title='bbox 905 5361 1099 5426; x_wconf 87' lang='lat' dir='ltr'><strong>citato;</strong></span> <span class='ocrx_word' id='word_1_730' title='bbox 1151 5361 1336 5418; x_wconf 69' lang='lat' dir='ltr'><strong>Iuven.</strong></span> <span class='ocrx_word' id='word_1_731' title='bbox 1377 5407 1392 5432; x_wconf 97' lang='lat'><strong>,</strong></span> <span class='ocrx_word' id='word_1_732' title='bbox 1447 5367 1593 5422; x_wconf 82' lang='lat' dir='ltr'><strong>satir.</strong></span> <span class='ocrx_word' id='word_1_733' title='bbox 1658 5369 1762 5436; x_wconf 73' lang='lat'><strong>15,</strong></span> 
     </span>
    </p>
   </div>
   <div class='ocr_carea' id='block_1_94' title="bbox 172 5444 456 5518">
    <p class='ocr_par' dir='ltr' id='par_1_94' title="bbox 172 5444 456 5518">
     <span class='ocr_line' id='line_1_94' title="bbox 172 5444 456 5518; baseline 0.014 -20"><span class='ocrx_word' id='word_1_734' title='bbox 172 5461 300 5500; x_wconf 82' lang='lat' dir='ltr'><strong>vers.</strong></span> <span class='ocrx_word' id='word_1_735' title='bbox 342 5444 456 5518; x_wconf 87' lang='lat'><strong>69.)</strong></span> 
     </span>
    </p>
   </div>
   <div class='ocr_carea' id='block_1_95' title="bbox 247 5537 1764 5617">
    <p class='ocr_par' dir='ltr' id='par_1_95' title="bbox 247 5537 1764 5617">
     <span class='ocr_line' id='line_1_95' title="bbox 247 5537 1764 5617; baseline 0.01 -27"><span class='ocrx_word' id='word_1_736' title='bbox 247 5537 302 5590; x_wconf 93' lang='lat' dir='ltr'><strong>ln</strong></span> <span class='ocrx_word' id='word_1_737' title='bbox 338 5539 705 5610; x_wconf 88' lang='lat' dir='ltr'><strong>manuscripto</strong></span> <span class='ocrx_word' id='word_1_738' title='bbox 733 5549 912 5597; x_wconf 89' lang='lat' dir='ltr'><strong>autem</strong></span> <span class='ocrx_word' id='word_1_739' title='bbox 944 5543 1130 5600; x_wconf 89' lang='lat' dir='ltr'><strong>codice</strong></span> <span class='ocrx_word' id='word_1_740' title='bbox 1166 5548 1312 5617; x_wconf 88' lang='lat' dir='ltr'><strong>regio</strong></span> <span class='ocrx_word' id='word_1_741' title='bbox 1345 5563 1441 5617; x_wconf 90' lang='lat' dir='ltr'><strong>pro</strong></span> <span class='ocrx_word' id='word_1_742' title='bbox 1487 5560 1764 5606; x_wconf 79' lang='lat' dir='ltr'><strong>stentoreos</strong></span> 
     </span>
    </p>
   </div>
   <div class='ocr_carea' id='block_1_96' title="bbox 169 5633 1763 5704">
    <p class='ocr_par' dir='ltr' id='par_1_96' title="bbox 169 5633 1763 5704">
     <span class='ocr_line' id='line_1_96' title="bbox 169 5633 1763 5704; baseline 0.009 -19"><span class='ocrx_word' id='word_1_743' title='bbox 169 5633 399 5702; x_wconf 85' lang='lat' dir='ltr'><strong>vagitus,</strong></span> <span class='ocrx_word' id='word_1_744' title='bbox 450 5633 643 5703; x_wconf 90' lang='lat' dir='ltr'><strong>legitur</strong></span> <span class='ocrx_word' id='word_1_745' title='bbox 683 5639 1028 5704; x_wconf 87' lang='lat' dir='ltr'><strong>centenarios,</strong></span> <span class='ocrx_word' id='word_1_746' title='bbox 1076 5640 1172 5694; x_wconf 82' lang='lat' dir='ltr'><strong>scd</strong></span> <span class='ocrx_word' id='word_1_747' title='bbox 1216 5642 1371 5696; x_wconf 88' lang='lat' dir='ltr'><strong>solita</strong></span> <span class='ocrx_word' id='word_1_748' title='bbox 1419 5645 1557 5698; x_wconf 89' lang='lat' dir='ltr'><strong>haud</strong></span> <span class='ocrx_word' id='word_1_749' title='bbox 1602 5645 1763 5701; x_wconf 90' lang='lat' dir='ltr'><strong>dubie</strong></span> 
     </span>
    </p>
   </div>
   <div class='ocr_carea' id='block_1_97' title="bbox 175 5725 1761 5807">
    <p class='ocr_par' dir='ltr' id='par_1_97' title="bbox 175 5725 1761 5807">
     <span class='ocr_line' id='line_1_97' title="bbox 175 5725 1761 5807; baseline 0.009 -28"><span class='ocrx_word' id='word_1_750' title='bbox 175 5725 379 5780; x_wconf 90' lang='lat' dir='ltr'><strong>incuria</strong></span> <span class='ocrx_word' id='word_1_751' title='bbox 413 5725 617 5781; x_wconf 90' lang='lat' dir='ltr'><strong>librarii</strong></span> <span class='ocrx_word' id='word_1_752' title='bbox 639 5767 653 5788; x_wconf 93' lang='lat'><strong>,</strong></span> <span class='ocrx_word' id='word_1_753' title='bbox 701 5728 790 5796; x_wconf 91' lang='lat' dir='ltr'><strong>qui</strong></span> <span class='ocrx_word' id='word_1_754' title='bbox 819 5729 1033 5799; x_wconf 88' lang='lat' dir='ltr'><strong>quidem</strong></span> <span class='ocrx_word' id='word_1_755' title='bbox 1065 5732 1194 5802; x_wconf 91' lang='lat' dir='ltr'><strong>quid</strong></span> <span class='ocrx_word' id='word_1_756' title='bbox 1225 5737 1483 5791; x_wconf 90' lang='lat' dir='ltr'><strong>stentorei</strong></span> <span class='ocrx_word' id='word_1_757' title='bbox 1514 5739 1721 5807; x_wconf 83' lang='lat' dir='ltr'><strong>vagitus</strong></span> <span class='ocrx_word' id='word_1_758' title='bbox 1745 5779 1761 5806; x_wconf 96' lang='lat'><strong>,</strong></span> 
     </span>
    </p>
   </div>
   <div class='ocr_carea' id='block_1_98' title="bbox 181 5819 1761 5900">
    <p class='ocr_par' dir='ltr' id='par_1_98' title="bbox 181 5819 1761 5900">
     <span class='ocr_line' id='line_1_98' title="bbox 181 5819 1761 5900; baseline 0.009 -26"><span class='ocrx_word' id='word_1_759' title='bbox 181 5829 236 5874; x_wconf 88' lang='lat' dir='ltr'><strong>et</strong></span> <span class='ocrx_word' id='word_1_760' title='bbox 258 5819 359 5876; x_wconf 87' lang='lat' dir='ltr'><strong>alia</strong></span> <span class='ocrx_word' id='word_1_761' title='bbox 391 5821 543 5888; x_wconf 83' lang='lat' dir='ltr'><strong>plura</strong></span> <span class='ocrx_word' id='word_1_762' title='bbox 575 5821 980 5892; x_wconf 84' lang='lat' dir='ltr'><strong>significarent,</strong></span> <span class='ocrx_word' id='word_1_763' title='bbox 1012 5826 1224 5894; x_wconf 87' lang='lat' dir='ltr'><strong>penitus</strong></span> <span class='ocrx_word' id='word_1_764' title='bbox 1265 5829 1562 5900; x_wconf 87' lang='lat' dir='ltr'><strong>ignorabat.</strong></span> <span class='ocrx_word' id='word_1_765' title='bbox 1604 5831 1761 5888; x_wconf 83' lang='lat' dir='ltr'><strong>Sten-</strong></span> 
     </span>
    </p>
   </div>
   <div class='ocr_carea' id='block_1_99' title="bbox 171 5914 1762 5992">
    <p class='ocr_par' dir='ltr' id='par_1_99' title="bbox 171 5914 1762 5992">
     <span class='ocr_line' id='line_1_99' title="bbox 171 5914 1762 5992; baseline 0.009 -26"><span class='ocrx_word' id='word_1_766' title='bbox 171 5914 303 5970; x_wconf 85' lang='lat' dir='ltr'><strong>torei</strong></span> <span class='ocrx_word' id='word_1_767' title='bbox 347 5923 525 5972; x_wconf 88' lang='lat' dir='ltr'><strong>autem</strong></span> <span class='ocrx_word' id='word_1_768' title='bbox 569 5915 776 5988; x_wconf 82' lang='lat' dir='ltr'><strong>vagitus</strong></span> <span class='ocrx_word' id='word_1_769' title='bbox 824 5915 947 5974; x_wconf 89' lang='lat' dir='ltr'><strong>ideo</strong></span> <span class='ocrx_word' id='word_1_770' title='bbox 988 5917 1262 5987; x_wconf 90' lang='lat' dir='ltr'><strong>dicuntur,</strong></span> <span class='ocrx_word' id='word_1_771' title='bbox 1292 5922 1414 5992; x_wconf 91' lang='lat' dir='ltr'><strong>quia</strong></span> <span class='ocrx_word' id='word_1_772' title='bbox 1443 5921 1665 5982; x_wconf 87' lang='lat' dir='ltr'><strong>Stentor</strong></span> <span class='ocrx_word' id='word_1_773' title='bbox 1693 5929 1762 5982; x_wconf 87' lang='lat' dir='ltr'><strong>ab</strong></span> 
     </span>
    </p>
   </div>
   <div class='ocr_carea' id='block_1_100' title="bbox 1869 4799 3454 4872">
    <p class='ocr_par' dir='ltr' id='par_1_100' title="bbox 1869 4799 3454 4872">
     <span class='ocr_line' id='line_1_100' title="bbox 1869 4799 3454 4872; baseline -0.001 -16"><span class='ocrx_word' id='word_1_774' title='bbox 1869 4801 1986 4856; x_wconf 71' lang='lat' dir='ltr'><strong>lucc</strong></span> <span class='ocrx_word' id='word_1_775' title='bbox 2033 4811 2230 4872; x_wconf 64' lang='lat' dir='ltr'><strong>praeter</strong></span> <span class='ocrx_word' id='word_1_776' title='bbox 2277 4801 2380 4855; x_wconf 89' lang='lat' dir='ltr'><strong>alia</strong></span> <span class='ocrx_word' id='word_1_777' title='bbox 2431 4801 2579 4870; x_wconf 88' lang='lat' dir='ltr'><strong>plura</strong></span> <span class='ocrx_word' id='word_1_778' title='bbox 2629 4800 2845 4870; x_wconf 89' lang='lat' dir='ltr'><strong>scripsit</strong></span> <span class='ocrx_word' id='word_1_779' title='bbox 2880 4818 2892 4854; x_wconf 93' lang='lat'>:</span> <span class='ocrx_word' id='word_1_780' title='bbox 2934 4819 2952 4851; x_wconf 75' lang='grc' dir='ltr'><strong>ι</strong></span> <span class='ocrx_word' id='word_1_781' title='bbox 2989 4799 3071 4854; x_wconf 85' lang='lat' dir='ltr'><strong>Ab</strong></span> <span class='ocrx_word' id='word_1_782' title='bbox 3100 4799 3325 4854; x_wconf 74' lang='lat' dir='ltr'><strong>exordio</strong></span> <span class='ocrx_word' id='word_1_783' title='bbox 3354 4814 3454 4870; x_wconf 84' lang='lat' dir='ltr'><strong>ge-</strong></span> 
     </span>
    </p>
   </div>
   <div class='ocr_carea' id='block_1_101' title="bbox 1869 4891 3456 4968">
    <p class='ocr_par' dir='ltr' id='par_1_101' title="bbox 1869 4891 3456 4968">
     <span class='ocr_line' id='line_1_101' title="bbox 1869 4891 3456 4968; baseline 0 -18"><span class='ocrx_word' id='word_1_784' title='bbox 1869 4895 2019 4950; x_wconf 90' lang='lat' dir='ltr'><strong>neris</strong></span> <span class='ocrx_word' id='word_1_785' title='bbox 2064 4894 2302 4959; x_wconf 89' lang='lat' dir='ltr'><strong>humani,</strong></span> <span class='ocrx_word' id='word_1_786' title='bbox 2356 4894 2681 4964; x_wconf 89' lang='lat' dir='ltr'><strong>quicumque</strong></span> <span class='ocrx_word' id='word_1_787' title='bbox 2719 4894 2774 4949; x_wconf 92' lang='lat' dir='ltr'><strong>in</strong></span> <span class='ocrx_word' id='word_1_788' title='bbox 2813 4909 2934 4949; x_wconf 90' lang='lat' dir='ltr'><strong>eum</strong></span> <span class='ocrx_word' id='word_1_789' title='bbox 2965 4891 3308 4968; x_wconf 84' lang='lat' dir='ltr'><strong>(Chrisuuu),</strong></span> <span class='ocrx_word' id='word_1_790' title='bbox 3337 4908 3456 4950; x_wconf 85' lang='lat' dir='ltr'><strong>cre-</strong></span> 
     </span>
    </p>
   </div>
   <div class='ocr_carea' id='block_1_102' title="bbox 1866 4993 3454 5064">
    <p class='ocr_par' dir='ltr' id='par_1_102' title="bbox 1866 4993 3454 5064">
     <span class='ocr_line' id='line_1_102' title="bbox 1866 4993 3454 5064; baseline 0.001 -16"><span class='ocrx_word' id='word_1_791' title='bbox 1866 4994 2151 5059; x_wconf 85' lang='lat' dir='ltr'><strong>diderunt,</strong></span> <span class='ocrx_word' id='word_1_792' title='bbox 2213 5008 2444 5064; x_wconf 89' lang='lat' dir='ltr'><strong>eumque</strong></span> <span class='ocrx_word' id='word_1_793' title='bbox 2482 5003 2772 5064; x_wconf 88' lang='lat' dir='ltr'><strong>utcumque</strong></span> <span class='ocrx_word' id='word_1_794' title='bbox 2821 4993 3237 5060; x_wconf 86' lang='lat' dir='ltr'><strong>intellexerunt,</strong></span> <span class='ocrx_word' id='word_1_795' title='bbox 3270 5003 3326 5049; x_wconf 89' lang='lat' dir='ltr'><strong>et</strong></span> <span class='ocrx_word' id='word_1_796' title='bbox 3363 5009 3454 5050; x_wconf 88' lang='lat' dir='ltr'><strong>se-</strong></span> 
     </span>
    </p>
   </div>
   <div class='ocr_carea' id='block_1_103' title="bbox 1867 5085 3456 5157">
    <p class='ocr_par' dir='ltr' id='par_1_103' title="bbox 1867 5085 3456 5157">
     <span class='ocr_line' id='line_1_103' title="bbox 1867 5085 3456 5157; baseline 0.001 -17"><span class='ocrx_word' id='word_1_797' title='bbox 1867 5088 2100 5142; x_wconf 79' lang='lat' dir='ltr'><strong>cundum</strong></span> <span class='ocrx_word' id='word_1_798' title='bbox 2131 5087 2250 5156; x_wconf 90' lang='lat' dir='ltr'><strong>ejus</strong></span> <span class='ocrx_word' id='word_1_799' title='bbox 2280 5095 2547 5157; x_wconf 83' lang='lat' dir='ltr'><strong>praecepta</strong></span> <span class='ocrx_word' id='word_1_800' title='bbox 2587 5087 2672 5157; x_wconf 91' lang='lat' dir='ltr'><strong>pie</strong></span> <span class='ocrx_word' id='word_1_801' title='bbox 2703 5096 2756 5142; x_wconf 88' lang='lat' dir='ltr'><strong>et</strong></span> <span class='ocrx_word' id='word_1_802' title='bbox 2781 5085 2926 5156; x_wconf 86' lang='lat' dir='ltr'><strong>juste</strong></span> <span class='ocrx_word' id='word_1_803' title='bbox 2954 5088 3243 5152; x_wconf 83' lang='lat' dir='ltr'><strong>vixerunt,</strong></span> <span class='ocrx_word' id='word_1_804' title='bbox 3287 5101 3456 5157; x_wconf 87' lang='lat' dir='ltr'><strong>quan-</strong></span> 
     </span>
    </p>
   </div>
   <div class='ocr_carea' id='block_1_104' title="bbox 1872 5178 3454 5250">
    <p class='ocr_par' dir='ltr' id='par_1_104' title="bbox 1872 5178 3454 5250">
     <span class='ocr_line' id='line_1_104' title="bbox 1872 5178 3454 5250; baseline -0.002 -16"><span class='ocrx_word' id='word_1_805' title='bbox 1872 5179 2076 5235; x_wconf 86' lang='lat' dir='ltr'><strong>dolibet</strong></span> <span class='ocrx_word' id='word_1_806' title='bbox 2122 5188 2176 5235; x_wconf 87' lang='lat' dir='ltr'><strong>et</strong></span> <span class='ocrx_word' id='word_1_807' title='bbox 2221 5180 2447 5235; x_wconf 88' lang='lat' dir='ltr'><strong>ubilibet</strong></span> <span class='ocrx_word' id='word_1_808' title='bbox 2494 5179 2730 5246; x_wconf 89' lang='lat' dir='ltr'><strong>fuerint,</strong></span> <span class='ocrx_word' id='word_1_809' title='bbox 2787 5195 2880 5250; x_wconf 87' lang='lat' dir='ltr'><strong>per</strong></span> <span class='ocrx_word' id='word_1_810' title='bbox 2921 5195 3044 5235; x_wconf 89' lang='lat' dir='ltr'><strong>eum</strong></span> <span class='ocrx_word' id='word_1_811' title='bbox 3101 5178 3454 5249; x_wconf 90' lang='lat' dir='ltr'><strong>proculdubio</strong></span> 
     </span>
    </p>
   </div>
   <div class='ocr_carea' id='block_1_105' title="bbox 1869 5272 3450 5336">
    <p class='ocr_par' dir='ltr' id='par_1_105' title="bbox 1869 5272 3450 5336">
     <span class='ocr_line' id='line_1_105' title="bbox 1869 5272 3450 5336; baseline 0.001 -8"><span class='ocrx_word' id='word_1_812' title='bbox 1869 5275 2002 5329; x_wconf 90' lang='lat' dir='ltr'><strong>salvi</strong></span> <span class='ocrx_word' id='word_1_813' title='bbox 2055 5274 2177 5330; x_wconf 90' lang='lat' dir='ltr'><strong>facti</strong></span> <span class='ocrx_word' id='word_1_814' title='bbox 2225 5284 2370 5330; x_wconf 82' lang='lat' dir='ltr'><strong>sunt.</strong></span> <span class='ocrx_word' id='word_1_815' title='bbox 2401 5273 2554 5330; x_wconf 91' lang='lat' dir='ltr'><strong>Sicut</strong></span> <span class='ocrx_word' id='word_1_816' title='bbox 2605 5275 2748 5329; x_wconf 90' lang='lat' dir='ltr'><strong>enim</strong></span> <span class='ocrx_word' id='word_1_817' title='bbox 2779 5288 2878 5327; x_wconf 86' lang='lat' dir='ltr'><strong>nos</strong></span> <span class='ocrx_word' id='word_1_818' title='bbox 2909 5274 2961 5327; x_wconf 92' lang='lat' dir='ltr'><strong>in</strong></span> <span class='ocrx_word' id='word_1_819' title='bbox 2989 5287 3113 5328; x_wconf 91' lang='lat' dir='ltr'><strong>eum</strong></span> <span class='ocrx_word' id='word_1_820' title='bbox 3143 5272 3412 5329; x_wconf 89' lang='lat' dir='ltr'><strong>credimus</strong></span> <span class='ocrx_word' id='word_1_821' title='bbox 3435 5313 3450 5336; x_wconf 91' lang='lat'><strong>.</strong></span> 
     </span>
    </p>
   </div>
   <div class='ocr_carea' id='block_1_106' title="bbox 1869 5364 3452 5437">
    <p class='ocr_par' dir='ltr' id='par_1_106' title="bbox 1869 5364 3452 5437">
     <span class='ocr_line' id='line_1_106' title="bbox 1869 5364 3452 5437; baseline -0.003 -15"><span class='ocrx_word' id='word_1_822' title='bbox 1869 5378 1924 5422; x_wconf 91' lang='lat' dir='ltr'><strong>et</strong></span> <span class='ocrx_word' id='word_1_823' title='bbox 1949 5367 2090 5436; x_wconf 89' lang='lat' dir='ltr'><strong>apud</strong></span> <span class='ocrx_word' id='word_1_824' title='bbox 2121 5367 2336 5423; x_wconf 87' lang='lat' dir='ltr'><strong>Patrem</strong></span> <span class='ocrx_word' id='word_1_825' title='bbox 2370 5377 2679 5423; x_wconf 88' lang='lat' dir='ltr'><strong>manentem</strong></span> <span class='ocrx_word' id='word_1_826' title='bbox 2701 5408 2716 5430; x_wconf 87' lang='lat'><strong>,</strong></span> <span class='ocrx_word' id='word_1_827' title='bbox 2745 5377 2800 5421; x_wconf 88' lang='lat' dir='ltr'><strong>et</strong></span> <span class='ocrx_word' id='word_1_828' title='bbox 2825 5368 2912 5437; x_wconf 89' lang='lat' dir='ltr'><strong>qui</strong></span> <span class='ocrx_word' id='word_1_829' title='bbox 2943 5366 2995 5420; x_wconf 90' lang='lat' dir='ltr'><strong>in</strong></span> <span class='ocrx_word' id='word_1_830' title='bbox 3028 5378 3190 5420; x_wconf 84' lang='lat' dir='ltr'><strong>carne</strong></span> <span class='ocrx_word' id='word_1_831' title='bbox 3217 5364 3327 5434; x_wconf 89' lang='lat' dir='ltr'><strong>jam</strong></span> <span class='ocrx_word' id='word_1_832' title='bbox 3355 5378 3452 5418; x_wconf 87' lang='lat' dir='ltr'><strong>ve-</strong></span> 
     </span>
    </p>
   </div>
   <div class='ocr_carea' id='block_1_107' title="bbox 1869 5457 3452 5531">
    <p class='ocr_par' dir='ltr' id='par_1_107' title="bbox 1869 5457 3452 5531">
     <span class='ocr_line' id='line_1_107' title="bbox 1869 5457 3452 5531; baseline -0.005 -13"><span class='ocrx_word' id='word_1_833' title='bbox 1869 5464 2007 5518; x_wconf 86' lang='lat' dir='ltr'><strong>nerit</strong></span> <span class='ocrx_word' id='word_1_834' title='bbox 2044 5483 2057 5518; x_wconf 90' lang='lat'>:</span> <span class='ocrx_word' id='word_1_835' title='bbox 2093 5463 2172 5518; x_wconf 92' lang='lat' dir='ltr'><strong>sic</strong></span> <span class='ocrx_word' id='word_1_836' title='bbox 2215 5463 2510 5518; x_wconf 90' lang='lat' dir='ltr'><strong>credebant</strong></span> <span class='ocrx_word' id='word_1_837' title='bbox 2556 5463 2606 5517; x_wconf 92' lang='lat' dir='ltr'><strong>in</strong></span> <span class='ocrx_word' id='word_1_838' title='bbox 2656 5477 2777 5517; x_wconf 91' lang='lat' dir='ltr'><strong>eum</strong></span> <span class='ocrx_word' id='word_1_839' title='bbox 2825 5461 3028 5531; x_wconf 88' lang='lat' dir='ltr'><strong>antiqui</strong></span> <span class='ocrx_word' id='word_1_840' title='bbox 3070 5468 3124 5514; x_wconf 93' lang='lat' dir='ltr'><strong>et</strong></span> <span class='ocrx_word' id='word_1_841' title='bbox 3167 5457 3307 5530; x_wconf 89' lang='lat' dir='ltr'><strong>apud</strong></span> <span class='ocrx_word' id='word_1_842' title='bbox 3351 5458 3452 5512; x_wconf 90' lang='lat' dir='ltr'><strong>Pa-</strong></span> 
     </span>
    </p>
   </div>
   <div class='ocr_carea' id='block_1_108' title="bbox 1869 5551 3448 5625">
    <p class='ocr_par' dir='ltr' id='par_1_108' title="bbox 1869 5551 3448 5625">
     <span class='ocr_line' id='line_1_108' title="bbox 1869 5551 3448 5625; baseline -0.003 -15"><span class='ocrx_word' id='word_1_843' title='bbox 1869 5565 2005 5612; x_wconf 90' lang='lat' dir='ltr'><strong>trcm</strong></span> <span class='ocrx_word' id='word_1_844' title='bbox 2037 5565 2368 5622; x_wconf 85' lang='lat' dir='ltr'><strong>manentem,</strong></span> <span class='ocrx_word' id='word_1_845' title='bbox 2391 5566 2444 5609; x_wconf 82' lang='lat' dir='ltr'><strong>et</strong></span> <span class='ocrx_word' id='word_1_846' title='bbox 2477 5557 2529 5610; x_wconf 93' lang='lat' dir='ltr'><strong>in</strong></span> <span class='ocrx_word' id='word_1_847' title='bbox 2554 5570 2714 5609; x_wconf 86' lang='lat' dir='ltr'><strong>carne</strong></span> <span class='ocrx_word' id='word_1_848' title='bbox 2734 5564 3041 5608; x_wconf 88' lang='lat' dir='ltr'><strong>venturum.</strong></span> <span class='ocrx_word' id='word_1_849' title='bbox 3078 5573 3094 5604; x_wconf 80' lang='grc' dir='ltr'><strong>ι</strong></span> <span class='ocrx_word' id='word_1_850' title='bbox 3125 5551 3448 5625; x_wconf 74' lang='lat' dir='ltr'><strong>(Augustin.,</strong></span> 
     </span>
    </p>
   </div>
   <div class='ocr_carea' id='block_1_109' title="bbox 1867 5643 3453 5720">
    <p class='ocr_par' dir='ltr' id='par_1_109' title="bbox 1867 5643 3453 5720">
     <span class='ocr_line' id='line_1_109' title="bbox 1867 5643 3453 5720; baseline -0.002 -17"><span class='ocrx_word' id='word_1_851' title='bbox 1867 5648 2036 5719; x_wconf 75' lang='lat' dir='ltr'><strong>Epist.</strong></span> <span class='ocrx_word' id='word_1_852' title='bbox 2067 5649 2190 5710; x_wconf 70' lang='lat'><strong>102,</strong></span> <span class='ocrx_word' id='word_1_853' title='bbox 2228 5666 2345 5720; x_wconf 81' lang='lat' dir='ltr'><strong>pag.</strong></span> <span class='ocrx_word' id='word_1_854' title='bbox 2377 5647 2534 5719; x_wconf 72' lang='lat'><strong>277.)</strong></span> <span class='ocrx_word' id='word_1_855' title='bbox 2559 5647 2704 5700; x_wconf 77' lang='lat' dir='ltr'><strong>Alias</strong></span> <span class='ocrx_word' id='word_1_856' title='bbox 2733 5661 2896 5716; x_wconf 88' lang='lat' dir='ltr'><strong>porro</strong></span> <span class='ocrx_word' id='word_1_857' title='bbox 2944 5644 3181 5699; x_wconf 86' lang='lat' dir='ltr'><strong>rationes</strong></span> <span class='ocrx_word' id='word_1_858' title='bbox 3227 5644 3316 5713; x_wconf 91' lang='lat' dir='ltr'><strong>qui</strong></span> <span class='ocrx_word' id='word_1_859' title='bbox 3359 5643 3453 5700; x_wconf 89' lang='lat' dir='ltr'><strong>de-</strong></span> 
     </span>
    </p>
   </div>
   <div class='ocr_carea' id='block_1_110' title="bbox 1864 5737 3452 5812">
    <p class='ocr_par' dir='ltr' id='par_1_110' title="bbox 1864 5737 3452 5812">
     <span class='ocr_line' id='line_1_110' title="bbox 1864 5737 3452 5812; baseline -0.004 -13"><span class='ocrx_word' id='word_1_860' title='bbox 1864 5746 2153 5810; x_wconf 87' lang='lat' dir='ltr'><strong>siderabit,</strong></span> <span class='ocrx_word' id='word_1_861' title='bbox 2184 5744 2344 5799; x_wconf 81' lang='lat' dir='ltr'><strong>adeat</strong></span> <span class='ocrx_word' id='word_1_862' title='bbox 2390 5743 2671 5812; x_wconf 85' lang='lat' dir='ltr'><strong>theologos</strong></span> <span class='ocrx_word' id='word_1_863' title='bbox 2720 5742 2771 5794; x_wconf 92' lang='lat' dir='ltr'><strong>in</strong></span> <span class='ocrx_word' id='word_1_864' title='bbox 2803 5740 2896 5796; x_wconf 92' lang='lat' dir='ltr'><strong>lib.</strong></span> <span class='ocrx_word' id='word_1_865' title='bbox 2932 5756 3012 5794; x_wconf 87' lang='grc' dir='ltr'>ιιι.</span> <span class='ocrx_word' id='word_1_866' title='bbox 3048 5739 3319 5805; x_wconf 81' lang='lat' dir='ltr'><strong>Sentent.,</strong></span> <span class='ocrx_word' id='word_1_867' title='bbox 3370 5737 3452 5793; x_wconf 56' lang='lat' dir='ltr'><strong>di-</strong></span> 
     </span>
    </p>
   </div>
   <div class='ocr_carea' id='block_1_111' title="bbox 1865 5831 3453 5908">
    <p class='ocr_par' dir='ltr' id='par_1_111' title="bbox 1865 5831 3453 5908">
     <span class='ocr_line' id='line_1_111' title="bbox 1865 5831 3453 5908; baseline -0.004 -14"><span class='ocrx_word' id='word_1_868' title='bbox 1865 5840 2019 5894; x_wconf 88' lang='lat' dir='ltr'><strong>tinet.</strong></span> <span class='ocrx_word' id='word_1_869' title='bbox 2054 5855 2093 5903; x_wconf 87' lang='grc' dir='ltr'>ι,</span> <span class='ocrx_word' id='word_1_870' title='bbox 2123 5847 2288 5908; x_wconf 88' lang='lat' dir='ltr'><strong>atque</strong></span> <span class='ocrx_word' id='word_1_871' title='bbox 2318 5838 2370 5892; x_wconf 90' lang='lat' dir='ltr'><strong>in</strong></span> <span class='ocrx_word' id='word_1_872' title='bbox 2406 5836 2472 5892; x_wconf 91' lang='lat' dir='ltr'><strong>D.</strong></span> <span class='ocrx_word' id='word_1_873' title='bbox 2503 5834 2769 5890; x_wconf 85' lang='lat' dir='ltr'><strong>Thomam</strong></span> <span class='ocrx_word' id='word_1_874' title='bbox 2800 5833 2920 5905; x_wconf 71' lang='lat' dir='ltr'><strong>l,2,</strong></span> <span class='ocrx_word' id='word_1_875' title='bbox 2942 5841 3134 5904; x_wconf 77' lang='lat' dir='ltr'><strong>qumst.</strong></span> <span class='ocrx_word' id='word_1_876' title='bbox 3164 5832 3254 5896; x_wconf 89' lang='lat'><strong>98.</strong></span> <span class='ocrx_word' id='word_1_877' title='bbox 3283 5841 3388 5887; x_wconf 84' lang='lat' dir='ltr'><strong>art.</strong></span> <span class='ocrx_word' id='word_1_878' title='bbox 3418 5831 3453 5888; x_wconf 85' lang='lat'><strong>6</strong></span> 
     </span>
    </p>
   </div>
   <div class='ocr_carea' id='block_1_112' title="bbox 1863 5926 3452 6001">
    <p class='ocr_par' dir='ltr' id='par_1_112' title="bbox 1863 5926 3452 6001">
     <span class='ocr_line' id='line_1_112' title="bbox 1863 5926 3452 6001; baseline -0.004 -13"><span class='ocrx_word' id='word_1_879' title='bbox 1863 5933 1971 5989; x_wconf 66' lang='grc' dir='ltr'><strong>«ειὸ</strong></span> <span class='ocrx_word' id='word_1_880' title='bbox 1997 5940 2167 6001; x_wconf 87' lang='lat' dir='ltr'><strong>part.,</strong></span> <span class='ocrx_word' id='word_1_881' title='bbox 2197 5937 2390 6001; x_wconf 81' lang='lat' dir='ltr'><strong>quaest.</strong></span> <span class='ocrx_word' id='word_1_882' title='bbox 2422 5926 2477 5998; x_wconf 71' lang='lat'><strong>2,</strong></span> <span class='ocrx_word' id='word_1_883' title='bbox 2505 5937 2608 5984; x_wconf 88' lang='lat' dir='ltr'><strong>art.</strong></span> <span class='ocrx_word' id='word_1_884' title='bbox 2639 5928 2674 5983; x_wconf 83' lang='lat'><strong>5</strong></span> <span class='ocrx_word' id='word_1_885' title='bbox 2701 5938 2756 5984; x_wconf 86' lang='lat' dir='ltr'><strong>et</strong></span> <span class='ocrx_word' id='word_1_886' title='bbox 2785 5928 2854 5996; x_wconf 80' lang='lat'><strong>6;</strong></span> <span class='ocrx_word' id='word_1_887' title='bbox 2887 5926 3184 5993; x_wconf 78' lang='lat' dir='ltr'><strong>Patavium,</strong></span> <span class='ocrx_word' id='word_1_888' title='bbox 3215 5934 3347 5983; x_wconf 91' lang='lat' dir='ltr'><strong>tom.</strong></span> <span class='ocrx_word' id='word_1_889' title='bbox 3373 5940 3452 5998; x_wconf 83' lang='lat' dir='ltr'><strong>tv,</strong></span> 
     </span>
    </p>
   </div>
  </div>
