3980 6304
496 416 608 475 475

1747 406 2200 481 DlSSERTA'f‘lO
2236 419 2512 480 Pomm

3692 431 3802 488 476

498 527 764 601 Theolog.
808 527 1042 602 dogmat.
1069 570 1083 599 ,
1117 547 1237 603 cap.
1272 537 1358 602 i7,
1393 549 1517 608 pag.
1547 536 1650 593 198
1694 545 1750 594 et
1794 552 1973 610 seqq.,
2030 548 2086 595 et
2112 544 2163 604 Λ
2189 537 2272 593 his
2301 536 2443 594 aliud
2472 538 2793 611 adjiciemus
2813 585 2827 610 ,
2856 558 3019 615 quam
3047 559 3109 600 ea
3133 585 3148 611 ,
3192 560 3312 616 quae
3337 545 3407 601 ab
3432 546 3670 605 Oratore
3724 550 3806 606 la-

502 621 698 678 eitatos
725 623 792 680 ah
818 623 898 680 eis
926 627 1178 701 antiquos
1196 628 1455 685 Ecclesiae
1483 630 1692 688 Patres.

1092 811 1376 871 CAPUT
1414 812 1519 869 IX.

1038 952 1119 1008 De
1160 954 1378 1011 hominis
1405 953 1607 1011 Anima.

958 1122 1650 1170 ART!CULUSPBIHU&

507 1274 639 1336 Quas
662 1270 911 1325 Arnobius
924 1272 1070 1325 falsas
1091 1282 1338 1330 veterum,
1363 1273 1429 1324 de
1452 1274 1680 1325 humanae
1708 1276 1881 1326 animm
1906 1283 2096 1331 natura,

568 1338 765 1401 origine
790 1346 844 1388 et
865 1337 1228 1401 immortalitate
1270 1339 1532 1401 opiniones
1551 1344 1833 1398 recenseat,
1857 1349 1913 1387 ac
1937 1344 2102 1387 utrum

573 1415 659 1451 eas
679 1406 818 1451 recte
836 1400 1048 1452 refellat.

581 1547 774 1602 Mirum
804 1546 967 1603 dubio
1009 1548 1194 1619 procul
1226 1540 1544 1620 quihusdam
1575 1548 1809 1614 videtur,
1857 1562 1960 1620 qua
2002 1546 2104 1603 Ar-

511 1641 707 1699 nobius
736 1642 946 1698 ratione
990 1651 1099 1697 tam
1140 1642 1347 1700 diserte
1391 1652 1674 1700 asseverat
1701 1644 1975 1699 Christum
2008 1643 2104 1697 do-

512 1736 724 1802 cuisse,
761 1754 780 1788 ‹
816 1737 942 1807 quid
986 1736 1222 1793 hominis
1266 1738 1479 1804 anima;
1531 1737 1867 1793 advolaritne
1906 1734 1973 1791 ad
2007 1752 2104 1790 nos

512 1836 742 1899 spente,
776 1842 845 1883 an
873 1842 994 1884 cum
1028 1830 1159 1900 ipsis
1184 1840 1300 1885 sata
1354 1831 1459 1898 sit,
1517 1839 1571 1886 et
1618 1839 1899 1900 procreata
1930 1828 2105 1885 visce-

2202 632 2313 686 tino
2337 633 2551 703 scriptis
2578 636 2889 707 consignata
2913 680 2927 704 ,
2961 636 3028 691 ad
3060 638 3437 708 explicandam
3466 640 3805 700 conﬁrman-

2200 723 2430 796 damque
2478 727 2732 784 Auctoris
2781 729 2952 783 nostri
3003 730 3327 785 sententiam
3377 734 3543 805 magis
3596 735 3807 791 condu-

2200 824 2349 870 cunt.
2406 815 2465 870 in
2524 819 2701 888 primo
2752 818 2930 890 itaque
2970 819 3396 877 Tusculanarum
3439 825 3815 899 quaestionum.

2200 909 2339 965 libro
2391 909 2507 966 lucc
2562 910 2763 969 habet:
2800 931 2818 964 ‹
2863 912 3001 968 Sunt
3054 914 3145 985 qui
3193 914 3493 970 discessum
3546 918 3723 972 animi
3779 933 3810 973 a

2201 1019 2425 1077 corpore
2468 1015 2655 1077 putent
2694 1022 2815 1063 esse
2850 1017 3099 1064 mortem.
3130 1008 3267 1064 Sunt
3313 1010 3402 1081 qui
3435 1009 3648 1066 nullum
3681 1027 3812 1068 cen-

2202 1109 2357 1155 seant
2411 1100 2523 1156 fieri
2577 1100 2913 1165 discessum,
2961 1102 3056 1157 sed
3105 1118 3209 1158 una
3249 1103 3489 1159 animum
3521 1113 3578 1159 et
3605 1120 3812 1177 corpus

2202 1191 2483 1262 occidere,
2532 1194 2880 1266 animumque
2927 1211 3049 1249 cum
3095 1210 3324 1267 corpore
3373 1195 3662 1268 extingui;
3719 1198 3813 1269 qui

2202 1289 2481 1345 discedere
2511 1288 2747 1344 animum
2776 1294 3031 1359 censent,
3064 1289 3153 1344 alii
3183 1288 3362 1344 statim
3392 1290 3685 1360 dissipari,
3715 1291 3811 1347 alii

2204 1382 2295 1437 diu
2321 1398 2667 1453 permanere,
2700 1383 2788 1437 alii
2816 1399 3050 1452 semper.
3086 1404 3105 1436 ι
3135 1382 3360 1457 (Cicer.,
3386 1383 3475 1439 lib.
3503 1400 3523 1439 ι
3566 1384 3810 1454 Tuscul.,

2204 1474 2359 1549 pag.l
2379 1476 2460 1543 i8,
2493 1478 2587 1533 lin.
2612 1475 2695 1548 4.)
2714 1474 2851 1531 Tum
2876 1476 3071 1532 deinde
3092 1478 3333 1547 singulas
3357 1477 3811 1548 philos0phorum

2204 1568 2272 1624 de
2297 1568 2461 1624 animi
2489 1577 2677 1624 natura
2702 1569 2987 1641 opiniones
3010 1570 3266 1641 explicat.
3293 1569 3657 1643 Posteaquam
3686 1586 3814 1628 vero

2207 1661 2482 1728 Platonis,
2517 1661 2757 1718 Socratis
2826 1671 2881 1718 et
2910 1660 3131 1717 Catonis
3175 1662 3243 1717 de
3290 1662 3485 1718 anima:
3528 1664 3813 1719 immorta-

2206 1754 2358 1811 litate
2383 1756 2681 1811 sententias
2712 1756 2928 1824 retulit,
2962 1754 3044 1812 his
3070 1758 3145 1812 ait
3179 1758 3579 1814 contradixisse
3610 1760 3815 1831 Epicu-

2207 1860 2350 1913 reos,
2381 1858 2543 1919 atque
2568 1846 2834 1919 imprimis
2867 1848 3260 1915 Dicmarchum,
3284 1850 3372 1921 qui
3392 1850 3579 1906 docuit
3601 1851 3817 1906 animos

515 1922 701 1989 ribus;
756 1923 948 1978 mortis
1000 1925 1271 1996 particeps
1317 1924 1507 1995 degat,
1560 1938 1625 1979 an
1674 1923 2101 1980 immortalitatis

2225 1956 2328 1997 :sse
2371 1936 2626 1997 mortales
2653 1961 2664 1996 :
2705 1962 2723 1996 ι
2760 1941 2928 2000 Stoici
2957 1952 3170 2010 autem,
3209 1963 3228 1996 ι
3266 1945 3440 2016 pergit
3468 1945 3559 2001 ille
3587 1944 3776 2019 (Ibid.
3797 1987 3814 2015 ,

517 2017 882 2088 perpetuitate
930 2014 1127 2074 donata
1159 2019 1249 2074 sit.
1290 2038 1309 2072 ι
1349 2017 1600 2093 (Δγ-ποὺ..
1639 2019 1728 2073 lib.
1764 2034 1797 2084 ι,
1830 2035 1950 2091 pag.
1978 2018 2100 2088 2‘2.)

518 2107 639 2163 Non
667 2109 811 2165 enim
838 2124 1001 2166 ausus
1028 2108 1097 2166 sit
1122 2124 1228 2166 tam
1260 2120 1639 2168 asseveranter
1686 2110 1959 2166 affirmare
1993 2111 2108 2167 lucc

514 2199 795 2257 Christum
843 2200 1134 2271 docuisse;
1186 2205 1287 2260 nisi
1333 2216 1396 2261 ea
1445 2221 1565 2276 qua:
1610 2200 1676 2260 ah
1704 2204 1792 2259 illo
1820 2204 1887 2260 de
1914 2205 2109 2259 animm

520 2295 759 2366 origine,
791 2304 980 2352 natura
1024 2307 1078 2353 et
1130 2297 1537 2354 immortalitate
1564 2298 1718 2355 nobis
1740 2294 1935 2353 tradita
1962 2304 2107 2362 sunt,

521 2387 823 2459 legeritaut
850 2392 1083 2446 noverit.
1113 2394 1182 2446 At
1211 2390 1359 2459 haec,
1407 2391 1685 2464 lnquient,
1719 2391 1765 2447 si
1809 2390 1969 2462 legit,
2022 2398 2112 2443 aut

521 2483 700 2549 novit,
731 2498 828 2539 cur
852 2483 917 2540 ad
945 2487 1127 2542 varios
1156 2487 1225 2542 de
1250 2487 1439 2543 eadem
1472 2489 1649 2541 anima
1692 2498 1941 2541 errorum
1989 2496 2111 2539 sco-

522 2579 679 2650 pulos
710 2578 1004 2636 offendisse
1052 2582 1332 2652 arguitur?
1358 2581 1465 2637 Sed
1496 2590 1674 2635 utrum
1724 2580 1817 2634 ille
1854 2578 1977 2650 jure
2027 2575 2111 2631 vei

523 2670 720 2740 injuria
750 2673 1094 2743 corripiatur,
1125 2674 1439 2745 priusquam
1468 2673 1841 2737 excutiamus,
1870 2672 2023 2741 juvat
2048 2683 2113 2722 ex

522 2765 851 2839 Hieronymo
872 2767 1179 2836 observare,
1206 2784 1325 2839 quae
1346 2765 1473 2824 olim
1499 2765 1702 2823 fuerint
1720 2766 1787 2821 de
1807 2765 2113 2820 animarum

524 2858 732 2929 origine
766 2863 1051 2916 sententiae
1078 2871 1133 2916 et
1173 2875 1411 2917 errores.
1444 2859 1524 2915 Ab
1568 2858 1661 2914 illo
1690 2867 1869 2914 autem
1917 2858 1968 2911 iu
2016 2870 2111 2910 sua

524 2951 591 3007 ad
632 2952 984 3023 Augustinum
1050 2954 1277 3022 epistola
1336 2953 1419 3010 his
1476 2952 1660 3009 verbis
1702 2960 2055 3007 recensentur
2097 2962 2113 3004 :

532 3063 551 3097 ι
587 3044 766 3116 Super
792 3045 988 3101 animle
1014 3055 1157 3102 statu
1197 3048 1419 3103 memini
1448 3058 1643 3103 veStrac
1673 3043 2077 3115 quaastiuuculze
2097 3086 2111 3110 ,

526 3137 696 3194 immo
754 3140 1006 3195 maximae
1073 3141 1456 3198 ecclesiastica:
1528 3140 1864 3210 quaestionis.
1921 3134 2115 3194 Utrum

524 3234 675 3304 lapsa
704 3233 770 3290 de
801 3235 941 3290 coelo
971 3235 1071 3301 sit,
1120 3244 1181 3291 ut
1227 3234 1556 3308 Pythagoras
1584 3233 1965 3306 philoSOphus,
1997 3246 2117 3286 om-

2212 2052 2331 2107 pog.
2359 2035 2510 2107 127),
2572 2054 2590 2088 ‹
2629 2051 2845 2091 usuram
2879 2037 3035 2093 nobis
3065 2038 3367 2109 largiuntur
3399 2052 3679 2113 tamquam
3720 2056 3813 2097 co-

2211 2128 2531 2185 turnicibus.
2568 2128 2666 2184 Diu
2692 2144 2979 2186 mansuros
3004 2129 3156 2186 aiunt
3176 2130 3385 2186 animos
3405 2174 3419 2197 ,
3448 2147 3694 2203 semper,
3730 2148 3815 2189 ne-

2209 2230 2356 2294 gant.
2394 2241 2411 2274 l
2435 2222 2566 2290 Quis
2586 2239 2716 2278 vero
2745 2240 2850 2279 non
2873 2223 3017 2279 videt
3033 2225 3252 2280 easdem
3275 2225 3608 2295 aCiceroue,
3634 2238 3688 2283 et
3704 2228 3812 2298 jam

2210 2312 2374 2373 citato
2388 2314 2735 2389 Hieronymo,
2755 2328 2913 2390 atque
2930 2317 2997 2374 ab
3014 2318 3253 2375 Arnohio
3273 2330 3480 2386 nostro,
3504 2322 3557 2377 in
3578 2323 3812 2379 medium

2212 2410 2445 2481 proferri
2475 2406 2920 2482 philosophorum
2945 2412 3010 2467 de
3038 2413 3216 2467 anima
3242 2414 3549 2483 opiniones,
3569 2425 3733 2487 atque
3749 2415 3813 2471 ab

2214 2492 2320 2560 illis
2337 2502 2558 2560 indicari
2575 2504 2664 2577 qui
2683 2518 2869 2561 eorum
2891 2516 3140 2561 auctores
3155 2506 3579 2580 defensoresque
3596 2508 3811 2564 fuerint.

2284 2595 2584 2653 Absurdam
2629 2614 2756 2654 vero
2797 2598 3009 2670 Epicuri
3058 2609 3491 2673 seetatorumque
3531 2602 3655 2674 ejus
3692 2602 3804 2672 cpio

2215 2692 2489 2748 nationem
2529 2684 2611 2747 his
2638 2688 2905 2749 Arnobius
2950 2702 3137 2748 noster
3173 2693 3368 2750 refellit
3403 2696 3675 2751 rationum
3703 2709 3812 2750 mo-

2216 2787 2460 2842 mentis:
2498 2805 2515 2837 (
2554 2786 2608 2842 Si
2654 2787 2847 2843 animae
2895 2782 3026 2842 iethi
3076 2788 3273 2842 adeant
3319 2789 3547 2860 januas,
3603 2790 3813 2862 Epicuri

2215 2892 2274 2935 ut
2303 2882 2567 2937 sententia
2596 2878 2873 2947 deﬁnitur,
2907 2898 3009 2938 nec
3035 2884 3114 2938 sic
3142 2898 3306 2939 causa
3350 2893 3434 2941 est
3463 2869 3810 2956 competens,

2216 2990 2316 3031 cur
2344 2976 2522 3047 expeti
2579 2973 2921 3047 philosophia
2972 2975 3198 3046 debeat;
3250 2977 3464 3033 etiamsi
3507 2995 3699 3036 verum
3737 2987 3816 3035 est

2218 3068 2435 3140 purgari
2478 3069 2578 3124 hac
2616 3068 2861 3137 animas,
2894 3078 3055 3141 atque
3096 3070 3164 3124 ab
3207 3071 3354 3127 omni
3403 3087 3569 3143 puras
3616 3071 3815 3129 vitiosi-

2217 3169 2329 3215 tate
2365 3156 2632 3230 praestari.
2687 3160 2819 3215 Nam
2865 3162 2908 3215 si
2962 3162 3323 3218 communiter
3376 3165 3620 3231 obeunt,
3662 3174 3716 3220 et
3762 3164 3811 3219 in

2219 3251 2350 3322 ipsis
2376 3250 2695 3323 corporibus
2744 3268 2935 3308 sensus
2980 3253 3059 3308 eis
3105 3253 3348 3323 deperit,
3378 3258 3815 3329 extinguiturque

525 3318 731 3400 aesque
760 3328 1024 3385 Platonici
1056 3338 1111 3386 et
1138 3330 1391 3401 Origines
1444 3339 1672 3402 putant:
1712 3345 1777 3384 an
1825 3344 1855 3382 a
1897 3325 2112 3397 propria

2225 3342 2432 3408 vitulis,
2466 3360 2571 3398 non
2598 3354 2799 3399 tantum
2831 3353 2915 3399 est
2943 3346 3146 3400 erroris
3170 3346 3426 3414 maximi,
3462 3364 3656 3404 verum
3704 3358 3813 3403 sto-

526 3419 621 3475 Dei
648 3422 983 3489 substantia,
1028 3431 1089 3476 ut
1133 3421 1331 3488 Stoici,
1383 3421 1746 3488 Mauicbzeus,
1793 3428 1848 3476 et
1880 3419 2115 3488 Hispana

527 3516 850 3572 Priscilliani
879 3518 1101 3573 haeresis
1128 3518 1507 3588 suSpicahtur;
1538 3530 1604 3571 an
1637 3516 1687 3570 in
1720 3514 1975 3569 thesauro
2021 3513 2119 3568 ha-

529 3609 758 3665 beantur
785 3610 876 3665 Dei
907 3610 1037 3665 olim
1079 3609 1348 3679 conditas,
1400 3619 1459 3665 ut
1501 3610 1718 3681 quidam
1768 3608 2120 3665 ecclesiastici

530 3702 692 3758 stulta
722 3703 1071 3771 persuasione
1090 3702 1365 3759 confidunt
1386 3718 1400 3769 ;
1431 3716 1497 3758 an
1517 3701 1755 3774 quotidie
1775 3716 1803 3755 a
1831 3700 1943 3757 Deo
1967 3696 2119 3763 fiant,

531 3804 587 3851 et
613 3793 892 3851 mittantur
935 3798 987 3851 in
1036 3810 1297 3866 corpora,
1348 3795 1643 3851 secundum
1711 3793 1843 3849 illud
1883 3791 2026 3863 quod
2068 3792 2121 3845 in

534 3887 828 3959 Evangelio
883 3890 1144 3960 scriptum
1186 3900 1302 3955 est;
1350 3889 1508 3945 Pater
1571 3900 1724 3944 meus
1790 3883 2123 3957 usquemodo

534 3993 810 4052 operatur,
856 3992 911 4037 et
948 3998 1048 4054 ego
1097 3998 1326 4053 operor;
1373 3998 1440 4038 an
1486 3993 1634 4038 certe
1679 3996 1745 4037 ex
1777 3979 2032 4044 traduce,
2067 3986 2125 4033 ut

533 4075 924 4143 Tertullianus,
972 4077 1367 4147 Appoilinaris,
1413 4084 1468 4130 et
1514 4075 1749 4130 maxima
1795 4087 1919 4144 pars
1965 4071 2118 4126 Occi-

533 4169 826 4226 dentalium
849 4180 1161 4237 autumant;
1196 4179 1252 4225 ut
1278 4169 1548 4241 quomodo
1567 4180 1762 4239 corpus
1786 4180 1850 4223 ex
1874 4176 2123 4236 corpore,

535 4264 615 4321 sic
638 4265 815 4319 anima
846 4272 1103 4319 nascatur
1127 4280 1195 4321 ex
1236 4264 1412 4319 anima
1434 4305 1448 4330 ,
1497 4270 1551 4320 et
1580 4263 1742 4319 simili
1787 4274 1909 4317 cum
1956 4260 2128 4316 brutis

534 4358 902 4414 animantibus
977 4357 1288 4413 conditione
1350 4357 1641 4412 subsistat?
1688 4373 1708 4409 ι
1758 4354 2123 4427 (Ηὶετοηῃηιλ

546 4452 712 4524 Epist.
726 4452 850 4521 165,
869 4468 924 4524 p.
938 4450 1163 4521 582.)Et
1181 4451 1296 4506 haec
1312 4451 1524 4521 quidem
1547 4451 1668 4507 ideo
1686 4448 1988 4511 retulimus,
2003 4444 2126 4515 quis

536 4563 645 4604 non
689 4546 932 4602 inutilem
967 4547 1073 4613 his,
1110 4562 1229 4617 qua:
1282 4544 1506 4601 dicenda
1551 4553 1695 4609 sunt,
1739 4542 1907 4598 facem
1934 4540 2127 4610 praefe-

536 4647 678 4697 rent.

2220 3425 2341 3493 lidze
2370 3439 2627 3492 caecitatis
2657 3436 2883 3494 fraenare
2914 3438 3181 3510 ingenitos
3203 3442 3507 3512 appetitus,
3562 3443 3813 3499 cohibere

2222 3532 2277 3585 in
2334 3530 2601 3603 anguStiis
2628 3533 2825 3598 vitam,
2889 3531 3023 3586 nihil
3079 3531 3361 3603 indulgere
3414 3545 3657 3601 natura},
3714 3549 3810 3590 non

2223 3621 2366 3693 quod
2398 3622 2676 3694 cupidines
2702 3623 2965 3695 jusserint
2989 3634 3151 3695 atque
3178 3626 3552 3698 instigaverint
3605 3628 3809 3703 facere;

2224 3724 2347 3770 cum
2380 3715 2521 3770 nulla
2545 3724 2598 3771 te
2616 3717 2834 3787 prmmia
2855 3718 2986 3773 tanti
3002 3717 3201 3775 laboris
3215 3729 3525 3790 expectent,
3558 3736 3682 3777 cum
3708 3720 3812 3775 dies

2225 3807 2418 3865 mortis
2440 3808 2740 3873 advenerit,
2764 3820 2819 3866 et
2844 3812 3216 3882 corporalibus
3242 3810 3409 3868 fueris
3422 3816 3652 3871 vinculis
3666 3828 3812 3869 exse.

2226 3903 2390 3959 lutus.
2422 3923 2441 3957 ι
2465 3903 2709 3977 (Arnob.,
2726 3902 2813 3960 lib.
2836 3922 2894 3972 ll,
2916 3924 2968 3977 p.
2984 3905 3051 3960 6i
3074 3915 3129 3961 et
3152 3904 3460 3971 65.)Talem
3474 3924 3640 3977 porro
3657 3908 3811 3964 fuisse

2227 3995 2446 4066 Epicuri
2475 3997 2542 4051 de
2564 3997 2738 4051 anima
2763 3996 2972 4053 mortali
3002 4000 3355 4054 assertionem
3379 3999 3545 4071 liquet
3565 4017 3633 4056 ex
3656 3999 3810 4057 Laer-

2229 4089 2541 4166 tio(Laert.,
2568 4090 2656 4147 lib.
2674 4109 2725 4159 κ,
2747 4092 2810 4146 de
2835 4088 2948 4146 Vita
2959 4101 3005 4146 et
3024 4091 3196 4165 dogm.
3214 4088 3494 4166 Epicuri,§
3519 4094 3589 4151 65
3618 4105 3665 4150 et
3688 4089 3808 4163 seq.)

2230 4194 2284 4242 et
2312 4180 2595 4255 Lucretio,
2654 4186 2808 4257 cujus
2852 4185 3123 4242 Arnobius
3176 4182 3417 4244 imitatus
3455 4196 3543 4247 est
3567 4183 3807 4262 loquendi

2229 4280 2448 4337 modum
2478 4278 2585 4336 hoc
2612 4279 2666 4334 in
2695 4279 2935 4335 carmine
2958 4277 3255 4335 adhibitum
3294 4300 3308 4336 :

2323 4416 2467 4469 Haud
2489 4418 2642 4482 igitur
2664 4417 2792 4468 lethi
2815 4416 3052 4481 prelum
3077 4423 3157 4469 est
3172 4418 3322 4480 janua
3338 4420 3513 4470 menti.

2902 4502 3139 4566 (ιω-ει..
3158 4501 3243 4557 lib.
3270 4519 3339 4565 In,
3352 4516 3479 4557 vero.
3503 4503 3643 4571 ω.)

2304 4634 2475 4703 Quam
2502 4630 2677 4689 valida
2710 4643 2889 4689 autem
2932 4632 3399 4704 argumentatione
3436 4633 3705 4691 Arnobius
3728 4643 3810 4685 re-

608 4733 803 4790 Narrat
844 4743 1024 4791 autem
1053 4733 1324 4790 Arnobius
1353 4734 1622 4805 triplicem
1670 4732 1798 4788 olim
1847 4731 2012 4789 fuisse
2039 4742 2128 4785 ve.
2156 4734 2213 4797 Ῑ)
2237 4727 2389 4783 fellat
2446 4728 2589 4783 hunc
2617 4727 2842 4798 impium
2871 4740 3113 4782 errorem
3137 4768 3152 4794 ,
3182 4740 3345 4782 nemo
3377 4726 3513 4783 adeo
3538 4741 3711 4783 caseus
3736 4727 3811 4778 est

542 4836 717 4883 terum
745 4827 1193 4898 philosophorum
1217 4827 1287 4883 de
1309 4829 1610 4882 animarum
1657 4824 1973 4882 conditione
2018 4823 2135 4893 Opl-

543 4920 759 4975 nionem
792 4938 805 4975 :
844 4936 863 4971 l
896 4920 994 4977 ille
1022 4922 1164 4975 enim
1185 4961 1198 4985 ,
1239 4938 1259 4973 ι
1290 4920 1454 4976 verba
1504 4920 1651 4975 illius
1704 4926 1827 4974 sunt
1871 4916 2094 4987 (Arnob.
2117 4958 2132 4981 ,

544 5014 635 5069 tib.
664 5028 725 5079 ιι,
758 5029 876 5083 pag.
909 5012 1049 5085 82.),
1075 5030 1095 5064 ι
1118 5024 1270 5069 retur
1298 5025 1352 5069 et
1378 5026 1498 5069 esse
1524 5022 1836 5083 perpetuas,
1864 5023 1918 5067 et
1944 5020 2139 5081 super-

545 5118 672 5163 esse
686 5106 993 5161 mortalium
1026 5105 1289 5162 fuuctioni
1325 5125 1339 5161 :
1368 5118 1657 5176 superesse
1683 5107 1773 5162 ille
1801 5120 1907 5162 non
1936 5103 2132 5169 credit,

547 5198 643 5254 sed
681 5212 803 5254 cum
832 5199 971 5267 ipsis.
985 5199 1308 5269 corporibus
1329 5199 1571 5253 interire.
1604 5200 1838 5256 Alterius
1865 5214 1996 5256 vero
2010 5210 2139 5254 sen-

550 5295 714 5350 tentia
732 5294 962 5351 estnihil
976 5311 1067 5352 eas
1082 5300 1341 5353 continuo
1363 5296 1591 5368 perpeti,
1607 5296 1702 5352 sed
1728 5306 1847 5367 post
1865 5294 2139 5350 hominem

554 5390 787 5459 positum
811 5390 1012 5462 aliquid
1037 5394 1116 5448 eis
1148 5392 1212 5447 ad
1242 5394 1403 5448 vitam
1422 5390 1925 5457 darl,?mortalitatis
1947 5389 2142 5446 deinde

552 5482 608 5538 in
643 5482 766 5553 jura
806 5486 1119 5541 succedere.
1158 5504 1177 5539 ι
1210 5487 1255 5542 A
1281 5486 1436 5541 nobis
1481 5476 1611 5540 vero
1650 5483 1773 5539 alibi
1828 5491 2141 5539 annotatum

554 5578 733 5632 varias
758 5577 828 5634 de
852 5581 1028 5634 anima
1052 5579 1367 5635 eorumdem
1397 5578 1839 5650 philoSOphorum
1863 5577 2147 5646 opiniones

556 5683 587 5723 a
615 5669 875 5730 Cicerone
895 5715 909 5740 ,
938 5672 1156 5729 Justino
1184 5684 1454 5745 martyre,
1481 5671 1834 5736 Tertulliano,
1860 5668 2148 5726 Ambrosio

559 5775 614 5817 et
634 5764 935 5835 Augustino
956 5765 1238 5821 enodatius
1256 5768 1452 5837 exponi
1468 5768 1618 5839 (tant.
1638 5780 1655 5820 ι
1675 5764 1922 5833 Apparat.
1936 5802 1950 5827 ,
1976 5760 2067 5817 lib.
2086 5778 2144 5831 li,

566 5852 766 5909 dissert.
800 5854 854 5920 Ξ,
887 5874 1003 5926 cap.
1034 5858 1089 5923 7,
1116 5857 1146 5928 ᾗ
1172 5857 1265 5922 29,
1298 5874 1418 5929 pag.
1444 5858 1584 5925 456;
1625 5856 1823 5912 Justiti.
1846 5894 1862 5920 ,
1916 5853 2111 5910 cohort.
2132 5896 2149 5923 ,

573 5962 694 6016 pag.
719 5946 772 6013 8,
818 5957 865 6001 et
910 5950 1000 6004 alii
1047 5950 1146 6006 ioc.
1198 5955 1282 6006 cit.
1314 5952 1625 6024 Apparet).
1654 5951 1994 6025 Quapropter
2019 5948 2152 6007 nihil

2236 4821 2329 4892 qui
2357 4835 2462 4875 non
2496 4820 2697 4876 videat.
2744 4818 2810 4875 Et
2838 4830 2986 4876 certe
3016 4816 3136 4891 quis
3174 4819 3348 4876 nescit
3373 4835 3493 4876 eam
3537 4822 3667 4877 tanti
3703 4829 3812 4873 esse

2238 4916 2498 4971 momenti
2525 4928 2586 4969 ac
2614 4912 2869 4985 ponderis
2887 4955 2900 4977 ,
2932 4918 2992 4967 ut
3018 4911 3086 4966 ab
3115 4911 3346 4982 ipsomet
3376 4913 3546 4969 Paulo
3573 4908 3812 4985 Apostolo

2241 5021 2352 5068 tota
2382 5010 2465 5066 his
2492 5006 2833 5079 paucioribus
2853 5006 3032 5062 verbis
3062 5006 3558 5075 comprehendatur
3587 5027 3602 5063 :
3641 5026 3659 5059 ι
3688 4997 3810 5072 Quid

2241 5104 2372 5161 mihi
2401 5102 2656 5175 prodest,
2705 5101 2751 5155 si
2793 5099 2989 5154 mortui
3030 5114 3137 5153 non
3172 5099 3503 5171 resurgunt?
3535 5097 3811 5155 manduce-

2245 5214 2387 5263 mus,
2419 5206 2472 5252 et
2500 5196 2784 5254 bibamus:
2814 5206 2938 5248 cras
2962 5193 3105 5248 enim
3150 5193 3467 5249 moriemur.
3507 5213 3527 5246 ι
3568 5190 3811 5264 (Epist:

2245 5294 2314 5351 all
2342 5289 2572 5347 Corinth.
2593 5331 2610 5357 ,
2642 5302 2735 5344 xv.
2764 5287 2854 5343 '52.
2887 5285 2907 5357 )

2318 5384 2469 5443 Alius
2499 5383 2567 5440 de
2593 5383 2771 5439 anima
2801 5394 2974 5448 error,
2998 5379 3075 5434 uti
3101 5378 3211 5450 jam
3239 5388 3306 5435 ex
3335 5377 3665 5451 Hieronymo
3692 5369 3811 5428 vidi-

2247 5494 2368 5534 mus
2392 5520 2407 5544 ,
2455 5485 2571 5532 erat
2608 5489 2699 5531 eas
2727 5488 2849 5529 esse
2883 5488 2946 5529 ex
2977 5470 3192 5543 propria
3230 5470 3325 5526 Dei
3365 5470 3659 5526 substantia
3683 5508 3697 5535 ,
3738 5457 3811 5515 νει

2252 5570 2347 5626 Dei
2378 5578 2582 5639 partem
2601 5610 2616 5633 ,
2650 5574 2709 5622 ut
2733 5565 2872 5621 bene
2902 5562 3229 5636 Augustinus
3256 5565 3512 5619 admonet
3531 5606 3545 5628 ,
3579 5563 3660 5618 vel
3686 5554 3808 5614 divi-

2252 5680 2365 5731 nas,
2395 5663 2479 5717 vel
2512 5662 2673 5717 etiam
2709 5661 2900 5725 Deum,
2932 5657 3091 5713 sicuti
3122 5673 3184 5713 ex
3216 5656 3300 5727 his
3330 5656 3492 5713 Tullii
3514 5656 3688 5712 verbis
3716 5649 3812 5705 dis-

2251 5760 2422 5815 cimus
2451 5772 2463 5810 :
2499 5770 2519 5807 ι
2556 5756 2782 5811 Animus
2803 5755 2891 5824 qui
2915 5795 2928 5817 ,
2955 5761 3012 5807 ut
3042 5762 3142 5822 ego
3166 5752 3288 5807 dico
3313 5795 3327 5817 ,
3361 5751 3610 5815 divinus;
3641 5757 3698 5805 ut
3720 5742 3812 5800 Eu-

2253 5852 2453 5923 ripides
2478 5849 2636 5904 audet
2663 5847 2879 5915 dicere,
2923 5845 3062 5901 Deus
3087 5854 3191 5901 est.
3226 5861 3245 5896 ι
3274 5842 3589 5917 (Augustin.
3618 5882 3632 5908 ,
3661 5834 3808 5923 Epist.

2256 5920 2395 6014 tes,
2444 5960 2562 6018 pag.
2617 5940 2756 6013 584;
2787 5941 2989 6010 (licet,
3018 5934 3153 5996 no.1
3198 5934 3457 6009 Tuscul.,
3484 5953 3607 6009 pag.
3651 5920 3809 5992 125.)
