4030 6286
240 426 345 485 477

1364 440 1370 449 ’
1446 430 1513 487 ΙΝ
1556 424 1933 501 ΑΒΝΟΒΙΠΜ,
1972 426 2126 489 CAP.
2170 426 2261 489 lx.

3414 430 3522 491 478

242 544 464 605 Falsam
486 546 687 620 'itaque
729 547 870 603 hanc
897 544 1207 618 Opinionem
1246 545 1388 601 haud
1422 546 1587 602 dubie
1626 547 1833 602 notavit
1859 544 1913 611 Λ
1935 560 2158 604 sennam
2182 547 2237 603 id
2266 543 2359 604 ille
2382 544 2555 613 dixit;
2606 544 2700 603 sed
2726 543 2968 603 eamdem
2998 540 3372 617 probationem
3405 545 3527 602 aliis

247 638 523 696 Arnobius
545 682 563 709 ,
591 641 680 695 ubi
703 648 863 711 negat
891 640 1090 694 animos
1116 638 1270 711 Regis
1296 640 1508 694 maximi
1538 655 1644 694 esse
1666 639 1825 709 tilias.

246 733 492 806 (Arnob.,
521 734 609 788 lib.
634 750 699 796 11,
728 751 847 804 pag.
877 732 947 789 68
972 736 1023 788 et
1048 732 1211 805 seqq.)
1251 733 1380 787 Eam
1421 742 1597 788 autem
1629 732 1732 788 hoc
1755 746 1841 788 ar-

248 837 504 899 gumento
531 827 838 884 convellit:
862 846 880 878 1
916 827 1071 896 Quod
1112 828 1157 881 si
1205 835 1411 894 essent,
1451 838 1510 881 ut
1545 826 1684 882 fama
1712 836 1795 881 est
1820 868 1835 893 ,

251 921 533 975 dominicm
562 920 727 988 prolis
745 928 799 973 et
822 919 1103 989 potestatis
1125 919 1319 973 anima:
1343 920 1616 989 generatio
1640 919 1839 989 princi-

251 1014 428 1086 palis,
478 1012 613 1070 nihil
654 1012 733 1070 eis
779 1012 847 1070 ad
899 1013 1287 1084 perfectionem
1332 1013 1596 1071 defuisset
1639 1017 1839 1070 virtute

251 1109 645 1181 perfectissima
693 1109 1007 1179 procreatis.
1063 1109 1239 1165 Unum
1270 1124 1459 1164 omnes
1505 1107 1835 1165 intellectum

251 1202 565 1260 habuissent
583 1246 598 1268 ,
633 1219 903 1274 unumque
930 1218 1278 1270 consensum,
1306 1202 1482 1259 aulam
1512 1218 1726 1273 semper
1754 1203 1840 1257 in-

250 1296 493 1353 colerent
520 1301 721 1366 regiam
740 1336 756 1361 ,
796 1311 897 1350 nec
925 1297 1304 1366 praetermissis
1334 1296 1679 1351 beatitudinis
1702 1294 1843 1351 sedi-

249 1388 373 1453 bus,
404 1388 460 1443 in
482 1390 677 1459 quibus
700 1389 1110 1459 angustissimas
1140 1398 1401 1443 noverant
1429 1388 1841 1459 retinebantquc

251 1482 544 1547 doctrinas,
574 1484 947 1554 imprudenter
975 1492 1292 1553 appeterent
1319 1492 1532 1538 terrena
1562 1483 1676 1537 11166
1698 1483 1835 1546 loca,

251 1576 553 1633 tenebrosis
596 1585 655 1631 ut
688 1576 1005 1644 corporibus
1043 1577 1326 1643 involutae,
1361 1577 1499 1631 inter
1532 1577 1749 1646 pituitas
1788 1582 1842 1630 et

248 1671 562 1740 sanguinem
609 1668 902 1739 degerent,
944 1671 1083 1725 inter
1121 1670 1377 1725 stercoris
1412 1670 1510 1725 hos
1555 1680 1739 1735 utres,
1786 1678 1841 1725 et

248 1763 446 1819 saccatl
470 1762 905 1817 obscaenissimas
930 1764 1119 1818 serias.
1158 1778 1176 1816 1
1220 1763 1409 1820 Nonne
1433 1779 1566 1819 vero
1589 1763 1840 1835 Augusti-

248 1868 351 1910 nus
398 1852 561 1909 simili
608 1854 1017 1925 argumentandi
1061 1856 1270 1910 ratione
1316 1855 1639 1911 Manichacus
1670 1899 1684 1923 ,
1745 1854 1834 1926 qui

1943 648 2122 697 tamen
2151 640 2329 696 verbis
2362 639 2478 696 fuse
2508 642 2700 711 repetit
2731 648 2785 695 et
2811 638 3064 695 inculcat.
3095 634 3334 712 (Arnob.,
3356 634 3444 692 lib.
3465 652 3524 708 tt,

1944 746 2061 806 pag.
2092 733 2162 789 76
2193 743 2238 788 et
2265 750 2399 806 seqq.
2426 734 2443 805 )

2014 826 2083 883 At
2104 827 2341 881 nonnulli
2371 827 2509 882 lianc
2539 826 3059 898 argumentationem
3090 833 3315 880 censent
3336 836 3526 881 eorum

1945 932 2103 986 esse,
2132 920 2221 990 qui
2249 919 2521 975 hominem
2551 930 2581 973 a
2606 920 2716 974 Deo
2744 920 2983 974 creatum
3015 920 3301 989 negabant.
3324 915 3431 972 Sed
3475 908 3527 972 id

1942 1018 2089 1066 certe
2120 1018 2176 1065 ut
2204 1012 2305 1066 rite
2333 1025 2395 1066 ac
2430 1012 2727 1081 prudenter
2754 1010 3076 1067 aunotarent
3105 1053 3121 1077 ,
3164 1008 3323 1065 nobis
3350 1023 3531 1065 osten-

1943 1103 2072 1159 dere
2116 1104 2419 1166 debehant.
2465 1104 2737 1174 quomodo
2778 1104 3045 1159 Arnobius
3088 1117 3151 1159 ea
3190 1110 3532 1174 argumenta-

1944 1198 2088 1253 tione
2113 1239 2126 1262 ,
2160 1198 2298 1254 sicut
2328 1198 2403 1253 illi
2436 1199 2583 1268 impii
2616 1200 2817 1253 erroris
2848 1198 3164 1254 defensores
3187 1238 3204 1263 ,
3254 1199 3527 1253 abutatur.

1942 1291 2074 1347 Nam
2118 1294 2160 1348 si
2191 1294 2262 1347 ibi
2310 1294 2399 1349 ille
2426 1306 2613 1348 eorum
2656 1298 2859 1349 tantum
2891 1294 2978 1363 qui
3010 1293 3215 1348 animas
3256 1292 3531 1348 hominum

1943 1395 1995 1440 et
2018 1386 2248 1451 divinos,
2282 1396 2336 1441 et
2362 1385 2668 1449 dominica},
2707 1388 2781 1441 uti
2814 1387 3050 1455 loquitur
3075 1384 3241 1458 prolis
3265 1429 3280 1453 ,
3312 1396 3407 1442 seu
3435 1386 3531 1443 Dei

1942 1480 2079 1534 tilias
2105 1496 2226 1535 esse
2255 1482 2560 1552 garriebant
2586 1522 2600 1545 ,
2639 1496 2882 1536 errorem
2908 1478 3075 1534 voluit
3114 1479 3380 1547 refellere,
3423 1496 3528 1535 non

1942 1573 2083 1627 male
2107 1571 2333 1627 forsitan
2364 1573 2481 1627 illos
2505 1616 2519 1638 ,
2547 1573 2701 1627 sicuti
2724 1572 3047 1643 Augustinus
3072 1613 3087 1638 ,
3118 1570 3202 1627 his
3231 1572 3530 1627 rationibus

1942 1663 2291 1733 impugnavit.
2328 1663 2468 1717 Nihil
2501 1666 2643 1718 6111111
2670 1707 2684 1731 ,
2722 1664 2820 1719 nisi
2856 1663 3325 1734 perfectissimum,
3358 1677 3387 1718 a
3422 1658 3530 1719 Deo

1943 1754 2210 1826 prolicl5ci
2238 1762 2434 1826 potest.
2466 1756 2665 1812 Verum
2689 1756 2809 1827 quia
2839 1754 2910 1810 ibi
2939 1754 3040 1811 hoc
3067 1755 3185 1825 ipso
3210 1765 3529 1826 argumento

1942 1850 2273 1917 probandum
2305 1851 2356 1904 in
2386 1854 2447 1904 se
2476 1846 2780 1920 suscepisse
2806 1848 3035 1916 videtur,
3070 1850 3276 1903 animas
3317 1859 3529 1903 nostras

250 1947 485 2002 animam
527 1956 735 2017 partem
772 1948 863 2001 Dei
892 1962 1014 2001 esse
1041 1948 1383 2018 garriebant,
1423 1958 1607 2018 aperte
1644 1949 1840 2003 obterit
1870 1932 1918 2001 Β
1944 1956 2050 1997 non
2093 1943 2162 1997 1111
2209 1945 2580 2014 omnipotente
2616 1945 2760 2007 Deo,
2808 1941 2901 1998 sed
2950 1940 3182 1996 ab'alils
3212 1938 3528 2011 quibusdam

245 2055 311 2096 ac
339 2039 650 2111 prosternit.
686 2034 809 2092 Iltee
838 2046 1017 2092 autem
1049 2037 1193 2092 illius
1224 2047 1347 2092 sunt
1368 2039 1432 2092 ad
1457 2038 1839 2109 Hieronymum

246 2135 315 2190 de
360 2135 538 2191 anima
585 2132 872 2188 scribentis
922 2130 1085 2186 verba
1140 2146 1154 2185 :
1209 2142 1229 2183 t
1281 2131 1398 2186 Non
1446 2142 1527 2186 est
1575 2142 1700 2201 pars
1746 2132 1839 2187 Dei

247 2227 446 2282 anima.
479 2226 538 2282 Si
565 2226 709 2279 enim
741 2224 842 2279 hoc
868 2236 1051 2293 esset,
1085 2225 1394 2279 omnimodo
1425 2223 1843 2279 incommutabi-

248 2322 315 2375 lis
340 2327 497 2389 atqoe
526 2316 939 2384 incorrttptlhilis
959 2325 1120 2372 esset.
1148 2314 1300 2386 Quod
1325 2318 1368 2371 si
1396 2326 1560 2382 esset,
1591 2328 1689 2371 nec
1718 2316 1821 2371 de-

254 2410 444 2466 ﬁceret
474 2411 525 2464 in
554 2410 815 2475 deterius,
849 2424 948 2464 nec
976 2410 1256 2479 proliceret
1283 2409 1339 2463 in
1367 2409 1592 2473 melius;
1622 2420 1722 2464 nec
1744 2410 1846 2463 all-

251 2501 382 2571 quid
419 2501 473 2554 in
516 2500 802 2568 semetipsa
850 2500 933 2555 vel
979 2500 1241 2570 inciperet
1280 2501 1512 2567 habere,
1545 2501 1687 2571 quod
1734 2516 1843 2555 non

253 2596 509 2662 habebat,
540 2596 625 2650 vel
649 2595 922 2650 desineret
947 2595 1167 2663 habere,
1196 2596 1337 2667 quod
1368 2597 1636 2664 habebat,
1668 2612 1843 2666 quan-

258 2703 370 2745 tum
409 2690 474 2745 ad
512 2690 628 2760 ejus
669 2689 837 2760 ipsius
864 2688 1176 2745 affectiones
1210 2692 1465 2761 pertinet.
1508 2692 1679 2759 Quam
1716 2704 1846 2745 vero

256 2784 416 2838 aliter
444 2798 506 2838 se
533 2783 759 2847 habeat,
811 2796 916 2838 non
947 2797 1080 2853 opus
1118 2793 1203 2838 est
1231 2783 1565 2839 extrinsecus
1601 2784 1845 2839 testimo-

259 2877 351 2932 nio
377 2893 391 2932 :
420 2876 668 2947 quisquis
704 2877 945 2946 seipsum
988 2875 1251 2943 advertit,
1291 2877 1587 2947 cognoscit.
1630 2895 1648 2927 1
1694 2877 1848 2948 (Au-

258 2972 479 3043 gustin.,
506 2971 655 3042 epist.
694 2969 817 3031 £66,
852 2984 971 3041 pag.
1004 2971 1130 3026 584.
1157 2969 1177 3043 )

332 3068 574 3123 Maxima:
626 3067 789 3134 etiam
829 3068 1148 3121 temeritatis
1186 3081 1281 3122 eos
1319 3074 1509 3121 anetor
1545 3075 1728 3121 noster
1758 3082 1847 3121 re-

262 3162 474 3231 (larguit
492 3202 508 3228 ,
540 3160 634 3231 qui
662 3161 925 3215 docebant
956 3159 1164 3215 animas
1190 3175 1311 3215 esse
1338 3162 1544 3231 genitas
1571 3177 1599 3214 a
1625 3161 1734 3216 Deo
1754 3202 1768 3226 ,
1796 3168 1851 3216 et

264 3255 368 3309 huc
398 3255 464 3308 ab
493 3253 587 3308 illo
622 3253 844 3319 missas,
876 3262 933 3307 nt
961 3260 1079 3324 quae
1107 3252 1301 3307 divina:
1336 3264 1397 3305 ae
1429 3253 1640 3322 penitus
1672 3255 1849 3307 incor-

1942 2035 2296 2106 pmeslatibus
2350 2035 2671 2106 procreari,
2745 2048 2850 2089 11011
2904 2034 3079 2089 minus
3131 2026 3315 2103 procul
3366 2026 3531 2086 dubio

1941 2132 2132 2185 vitiosa
2160 2140 2242 2186 est
2282 2130 2398 2187 huic
2428 2132 2570 2186 illius
2593 2131 2860 2201 probatio,
2891 2144 3051 2201 quam
3079 2124 3211 2182 falsa
3241 2126 3527 2182 sententia.

1941 2218 2136 2279 Utrum
2168 2232 2348 2277 autem
2377 2225 2448 2277 ita
2480 2224 2546 2277 de
2575 2222 2770 2276 animae
2800 2221 3007 2292 origine
3031 2228 3224 2276 revera
3255 2219 3529 2287 senserit,

1943 2316 2171 2371 articulo
2201 2317 2447 2387 sequenti
2479 2314 2935 2386 investigabimus.
3410 2326 3413 2329 ‘

2015 2409 2362 2465 Gravioribus
2385 2424 2547 2479 porro
2569 2410 2836 2464 rationum
2866 2407 3153 2463 momentis
3172 2407 3286 2477 ipse
3303 2413 3359 2461 et
3380 2405 3528 2459 hunc

1942 2502 2180 2557 concutit
2223 2506 2497 2568 errorem,
2540 2510 2646 2572 quo
2692 2502 2887 2556 anima.-
2936 2506 3135 2554 nosme
3181 2492 3534 2554 tradebantur

1944 2594 2160 2665 generis
2206 2606 2330 2649 esse
2377 2590 2547 2648 divitti
2594 2593 2615 2666 (
2639 2591 2803 2660 Ibid,
2851 2604 2971 2662 pug.
3000 2590 3071 2648 illi
3109 2602 3158 2645 et
3196 2600 3334 2660 seqq.
3368 2587 3431 2658 i;
3482 2588 3537 2643 et

1945 2686 2108 2742 alium
2135 2726 2149 2752 ,
2194 2702 2304 2759 quo
2334 2688 2501 2743 iidem
2531 2688 2672 2743 haud
2702 2688 2865 2743 dubie
2896 2682 3202 2758 philosophi
3230 2683 3539 2756 garriebant

1945 2792 2038 2834 eas
2075 2780 2166 2833 diu
2207 2789 2333 2835 ante
2372 2792 2567 2852 corpus
2597 2782 2892 2836 existentes
2919 2823 2933 2848 ,
2986 2780 3039 2835 in
3088 2777 3229 2835 hunc
3278 2778 3537 2834 mundum

1947 2870 2199 2926 omnibus
2228 2873 2469 2927 scientiis
2492 2914 2507 2940 ,
2538 2870 2835 2943 disciplinis
2858 2917 2871 2939 ,
2904 2882 2958 2928 et
2982 2870 3187 2928 artibus
3220 2870 3534 2943 plenissime

1949 2966 2237 3020 instructas
2264 2966 2547 3023 advolasse
2572 2984 2588 3034 ;
2618 2978 2780 3038 atque
2808 2968 2943 3023 adeo
2969 2967 3201 3021 hominis
3226 2968 3531 3034 scientiam,

1950 3058 2029 3112 uti
2072 3059 2376 3114 somniabat
2420 3059 2572 3114 Plato
2598 3102 2613 3127 ,
2662 3060 2792 3113 nihil
2825 3072 2944 3113 esse
2988 3058 3133 3113 aliud
3171 3060 3270 3114 nisi
3302 3058 3539 3128 priorum

1949 3150 2375 3205 recordationem
2404 3152 2423 3223 (
2460 3151 2650 3216 Plato,
2686 3153 2738 3205 in
2769 3142 3026 3205 Phaedon.
3052 3193 3066 3217 ,
3101 3158 3225 3204 tom.
3259 3167 3295 3213 l,
3324 3166 3443 3222 pag.
3470 3149 3542 3205 72

1951 3256 1998 3299 et
2028 3261 2161 3315 seqq.
2186 3261 2204 3310 ;
2225 3247 2279 3299 in
2311 3245 2545 3309 Menam,
2568 3254 2692 3300 tam.
2724 3254 2761 3300 11
2788 3288 2801 3311 ,
2826 3250 2945 3318 pug.
2976 3245 3039 3300 8!
3076 3250 3119 3298 et
3141 3258 3276 3315 seqq.
3305 3261 3321 3309 ;
3350 3244 3539 3311 (Περι,

259 3360 445 3415 porcae
477 3356 680 3401 naturae
710 3350 854 3411 sunt,
890 3347 942 3400 in
976 3345 1205 3400 humana
1237 3358 1464 3416 corpora
1491 3344 1850 3399 detruduntur
1877 3333 1922 3396 C
1954 3339 2041 3392 lib.
2077 3354 2130 3405 1,
2162 3336 2375 3393 Tuscul.
2405 3382 2419 3405 ,
2452 3352 2572 3411 pag.
2608 3340 2764 3406 l‘lb).
2824 3340 3031 3393 Animte
3065 3338 3263 3393 etenim
3295 3336 3543 3393 humanae

265 3442 542 3514 (Arnob.,
591 3440 677 3493 lib.
708 3452 780 3505 11,
829 3454 947 3508 pag.
984 3440 1115 3508 55).
1170 3439 1317 3494 Hanc
1366 3452 1495 3493 vero
1543 3438 1851 3508 opinionem

264 3534 454 3589 iisdem
485 3533 594 3588 fere
618 3548 681 3587 ac
710 3533 1104 3602 prrecedentem
1136 3532 1433 3587 rationibus
1455 3530 1689 3586 refutare
1723 3531 1852 3584 niti-

268 3637 372 3683 tur.
415 3626 556 3682 Nulli
598 3627 901 3696 siquidem,
932 3625 1048 3698 a?t(
1076 3624 1214 3681 Ibid.
1244 3669 1258 3693 ,
1306 3640 1423 3697 pag.
1466 3624 1535 3681 70
1565 3634 1611 3681 et
1651 3641 1787 3696 seqq.
1810 3625 1851 3696 ),

266 3720 524 3777 credibile
554 3721 681 3778 fiet.
725 3723 932 3775 animas
959 3721 1073 3775 illas
1114 3734 1141 3773 a
1171 3720 1282 3775 Deo
1313 3721 1367 3775 111
1398 3719 1653 3775 mundum
1684 3729 1855 3774 trans-

268 3814 443 3879 mitti,
497 3822 554 3868 ut
594 3828 661 3867 ex
692 3812 904 3867 feminis
947 3822 1079 3866 orta:
1101 3854 1114 3878 ,
1166 3812 1415 3867 omnibus
1438 3855 1451 3877 ,
1497 3827 1614 3881 qum
1642 3811 1709 3866 ab
1739 3810 1857 3881 ipso

271 3909 540 3964 uberrime
564 3914 925 3977 exponuntur,
956 3905 1192 3961 infantiae
1220 3915 1380 3977 atque
1412 3906 1634 3960 aliarum
1671 3915 1855 3975 postea

268 4012 485 4057 aetatum
514 4000 743 4056 miseriis
767 4044 781 4067 ,
810 4001 1062 4055 aerumnis
1088 4041 1101 4063 ,
1134 3998 1525 4053 calamitatibus
1546 4041 1560 4065 ,
1601 3999 1815 4053 casibus
1838 4042 1853 4064 ,

267 4096 501 4161 damnis,
534 4096 911 4159 incommodis,
953 4092 1128 4164 pravis
1168 4090 1329 4146 animi
1359 4091 1660 4158 affectibus,
1692 4091 1853 4157 vitiis,

267 4189 539 4260 peceatis,
584 4187 911 4250 sceleribus,
962 4184 1173 4257 ﬂagitiis
1200 4225 1213 4250 ,
1261 4182 1577 4250 maleﬁciis,
1629 4182 1858 4254 aliisque

267 4282 425 4337 malis
451 4281 557 4335 sint
590 4280 859 4335 obnoxiae.

341 4373 529 4443 Neque
574 4368 690 4426 vult
731 4364 831 4425 sibi
873 4365 1190 4440 responderi
1234 4368 1355 4423 illas
1400 4382 1495 4423 sua
1541 4366 1855 4433 voluntate,

267 4482 375 4523 non
407 4466 496 4521 Dei
523 4465 676 4535 jussu
704 4463 809 4518 huc
840 4462 1067 4517 venisse.
1096 4460 1116 4535 (
1144 4460 1281 4515 Ibid.
1305 4504 1319 4527 ,
1354 4472 1473 4532 pag.
1506 4456 1578 4514 75
1604 4466 1647 4514 et
1676 4474 1810 4530 seqq.
1840 4456 1861 4531 )

267 4561 405 4618 Nam
443 4559 487 4613 si
532 4572 619 4613 res
658 4558 727 4611 ita
756 4557 855 4615 sit.
898 4554 1242 4625 omnipotens
1271 4554 1408 4608 Deus
1438 4551 1716 4623 prtevidit,
1763 4562 1862 4606 nec

270 4654 408 4708 sicut
437 4658 663 4722 poterat,
692 4647 982 4719 prohibuit,
1014 4662 1081 4700 ne
1111 4646 1213 4700 illa:
1244 4645 1400 4716 primi
1430 4643 1663 4698 numinis
1689 4643 1852 4698 sobo-

1952 3433 1997 3487 si
2025 3441 2208 3487 essent
2232 3431 2428 3487 divinae
2452 3472 2464 3494 ,
2500 3443 2553 3487 et
2586 3434 2766 3487 omnia
2794 3433 2923 3485 olim
2948 3432 3323 3501 cognmissent
3347 3474 3360 3497 ,
3400 3432 3542 3485 nulla

1954 3540 2075 3581 esse
2112 3537 2294 3595 posset
2335 3528 2475 3580 inter
2506 3525 2757 3580 hominos
2785 3520 2891 3579 ulla
2932 3525 3000 3579 de
3029 3534 3086 3578 re
3114 3520 3399 3579 dissensio.
3443 3526 3535 3578 At-

1954 3619 2041 3690 qui
2084 3619 2186 3674 hoc
2223 3619 2567 3675 falsissimum
2614 3630 2734 3675 esse
2774 3620 2895 3689 quis
2933 3618 3132 3673 mentis
3170 3628 3282 3672 suae
3322 3626 3545 3687 compos

1958 3724 2205 3784 umquam
2238 3715 2452 3784 negabit
2474 3714 2498 3768 ‘l

2029 3806 2182 3861 Plato
2224 3814 2401 3861 tamen
2447 3807 2586 3863 hanc
2628 3807 2965 3878 quantumvis
3008 3806 3296 3861 absurdam
3332 3806 3544 3877 opinio-

1959 3914 2102 3963 netn,
2135 3912 2294 3972 atqde
2320 3908 2375 3955 ut
2395 3910 2545 3973 putat
2567 3904 2896 3969 Lactantius,
2923 3919 2987 3956 ex
3017 3908 3291 3971 poetarum
3319 3905 3543 3972 tigmen-

1960 3997 2029 4051 tis
2061 3995 2305 4050 haustam
2330 4041 2344 4061 ,
2380 3996 2703 4051 confirmare
2734 3998 2888 4051 sicuti
2931 3996 3120 4050 Cicero
3162 3995 3323 4049 etiam
3354 3996 3543 4049 obser-

1959 4096 2079 4153 vat,
2120 4089 2311 4143 nititur
2355 4089 2604 4160 exemplo
2654 4090 2929 4156 pusionis,
2981 4090 3070 4158 qui
3114 4090 3182 4143 de
3223 4088 3546 4158 geometrica

1960 4181 2295 4237 dimensione
2335 4184 2697 4255 interrogatus
2724 4226 2739 4250 ,
2788 4184 2866 4237 sit:
2894 4179 3219 4253 respondet,
3250 4178 3402 4252 quasi
3433 4180 3550 4238 sine

1961 4277 2219 4347 magistro
2259 4274 2612 4347 geometriam
2659 4276 2909 4332 didicerit
2949 4277 2970 4348 (
3000 4275 3173 4338 Plato,
3206 4276 3261 4329 in
3292 4268 3502 4329 Menon.
3531 4317 3548 4343 ,

1962 4378 2083 4422 tom.
2117 4384 2175 4434 11,
2203 4376 2320 4440 pag.
2354 4369 2423 4426 82
2450 4376 2495 4423 et
2517 4382 2679 4441 seqq;
2706 4368 2893 4434 Clem,
2923 4367 3011 4421 lib.
3040 4385 3053 4422 l
3080 4366 3288 4421 Tuscul.
3336 4376 3548 4437 quiest,

1963 4478 2080 4537 pag.
2116 4465 2220 4520 124
2242 4508 2256 4531 ,
2285 4465 2377 4519 lin.
2405 4464 2475 4519 24
2503 4463 2543 4534 ).
2579 4463 2770 4519 Verum
2798 4460 2931 4515 illud
2972 4459 3240 4530 opinionis
3271 4474 3551 4515 continen-

1963 4561 2072 4611 tum
2101 4558 2206 4612 alio
2235 4555 2417 4618 simili,
2448 4554 2541 4611 Sed
2568 4555 2725 4625 iunge
2752 4552 3041 4609 efficaciori
3073 4550 3325 4620 exemplo
3354 4553 3421 4605 ah
3445 4548 3550 4609 Ar-

1963 4652 2125 4708 noblo
2152 4662 2335 4707 nostro
2365 4650 2679 4706 destrttitur.
2709 4648 2811 4715 Sit,
2845 4648 3013 4718 inquit
3039 4648 3057 4719 (
3092 4642 3281 4701 Arnob.
3311 4688 3324 4711 ,
3359 4647 3447 4702 lib.
3480 4658 3536 4714 11,

272 4747 351 4802 les
372 4786 387 4812 ,
430 4716 482 4799 in
522 4752 598 4799 tot
623 4716 873 4812 tantaque
904 4740 1211 4795 laberentur
1243 4738 1465 4791 crimina
1487 4779 1502 4803 ,
1532 4744 1588 4793 et
1624 4735 1816 4806 flagitia
1843 4779 1859 4803 ,
1887 4716 1942 4792 Ῑ)
1967 4758 2088 4817 pag,
2119 4745 2187 4799 5'1
2219 4750 2264 4797 et
2296 4759 2432 4813 seqq.
2453 4740 2471 4813 )
2496 4785 2511 4808 ,
2543 4754 2675 4811 puer
2702 4738 2895 4811 aliquis
2920 4716 2977 4793 in
3006 4716 3370 4795 secretissimo
3410 4740 3551 4808 loco,

275 4850 447 4909 neque
474 4844 549 4891 tot
576 4845 829 4903 tantaque
866 4832 1058 4887 damna
1085 4874 1099 4897 ,
1134 4830 1354 4885 adversa
1380 4871 1395 4897 ,
1445 4842 1508 4883 ac
1542 4829 1861 4884 detrimenta

277 4940 614 5005 paterentur.
647 4933 714 4984 At
738 4944 867 4984 sane
905 4925 1168 4999 quisquis,
1202 4940 1321 4979 cum
1356 4933 1552 4993 potest,
1582 4922 1721 4977 mala
1756 4936 1863 4977 non

278 5025 535 5097 impedit,
576 5024 670 5081 sed
714 5022 1007 5095 permittit,
1052 5034 1238 5075 eorum
1286 5032 1446 5072 causa
1483 5027 1587 5071 est.
1634 5014 1861 5086 Impium

278 5136 411 5178 vero
454 5117 601 5174 dictu
640 5120 803 5174 Deum
833 5114 1287 5187 sapientissimum
1334 5122 1389 5167 et
1423 5111 1860 5181 benignissimum

279 5222 357 5270 tot
386 5220 759 5281 tantorumque
789 5209 1051 5263 malorum
1084 5222 1205 5263 esse
1230 5221 1446 5261 causam
1474 5248 1489 5273 ,
1517 5218 1689 5275 eoque
1710 5203 1864 5259 sieutl

281 5315 513 5379 poterat,
562 5319 666 5356 non
711 5301 1054 5373 prohibente,
1101 5305 1306 5355 animas
1356 5298 1502 5367 prius
1548 5298 1766 5363 felices,
1812 5298 1867 5353 et

280 5397 454 5455 omnis
484 5397 727 5451 humanm
753 5396 1085 5466 contagionis
1112 5402 1362 5464 espertes
1380 5435 1394 5459 ,
1441 5390 1505 5447 ad
1530 5392 1779 5447 miseram
1813 5398 1868 5446 et

282 5494 350 5549 ad
375 5506 537 5547 omne
584 5489 804 5545 sceleris
834 5504 1004 5560 genus
1033 5489 1320 5558 proclivem
1362 5486 1638 5541 hominum
1685 5483 1867 5539 condi.

282 5590 489 5643 tionem
537 5584 675 5639 mitti
704 5599 767 5639 ac
797 5583 987 5653 redigi.
1040 5580 1229 5638 Nonne
1258 5584 1396 5636 Deus
1430 5582 1660 5652 perlecta
1692 5580 1869 5634 omnia

284 5678 450 5747 facit,
477 5686 530 5733 et
554 5679 856 5748 integritatis
886 5693 991 5731 sua:
1015 5720 1030 5745 ,
1066 5677 1203 5731 sicut
1227 5678 1302 5731 ait
1328 5676 1597 5731 Arnobius
1620 5718 1635 5743 ,
1663 5690 1868 5729 consero

283 5774 457 5829 vnntin
478 5773 764 5825 mansiones
794 5770 919 5838 (ms.
952 5768 1103 5842 cod.)
1124 5769 1425 5835 mentiones,
1453 5782 1547 5823 seu
1578 5768 1872 5823 dimensio-

288 5886 405 5937 nes,
435 5866 592 5923 sicuti
622 5882 685 5921 cx
717 5863 975 5921 Cicerone
998 5862 1291 5935 probatur?
1329 5860 1348 5935 (
1380 5863 1542 5918 Cicer.
1573 5856 1662 5917 lib.
1696 5861 1869 5926 0rat.,

289 5980 410 6037 pag.
441 5958 615 6034 9.68.)
658 5954 769 6017 Nec
814 5958 982 6016 semel
1023 5956 1259 6031 quidem,
1291 5970 1391 6013 nec
1420 5955 1570 6027 quasi
1600 5966 1697 6028 per
1722 5958 1871 6012 trau-

1966 4846 2021 4894 et
2072 4838 2139 4891 ab
2190 4837 2466 4895 hominum
2512 4834 2750 4890 omnium
2805 4832 3138 4890 habitatione
3190 4833 3554 4889 remotissimo

1969 4940 2149 4996 natus,
2178 4944 2241 4984 ac
2273 4939 2534 5000 perpetuo
2558 4928 2610 4982 in
2633 4928 2847 4983 silentio
2868 4970 2882 4994 ,
2916 4929 3034 4984 sine
3056 4926 3160 4982 ulla
3194 4934 3380 4989 veste.
3414 4940 3552 4981 uno-

1966 5040 2071 5095 que
2094 5034 2299 5078 tantum
2328 5021 2471 5088 cibo,
2494 5031 2547 5076 et
2570 5037 2704 5093 aqua
2724 5022 2834 5076 sola
2861 5021 2925 5076 ad
2954 5022 3285 5077 tricesimum
3312 5020 3395 5076 vel
3425 5037 3556 5091 qua-

1966 5116 2324 5186 dragesimum
2347 5114 2521 5169 tetatis
2560 5126 2672 5169 sua:
2698 5118 2895 5169 annum
2922 5115 3181 5169 educatos
3210 5130 3271 5168 ac
3297 5112 3551 5168 nutritus.

1970 5207 2205 5263 Prodest
2231 5205 2434 5262 deinde
2472 5208 2524 5261 ltt
2559 5207 2837 5263 hominum
2863 5218 3060 5264 ctetum
3086 5250 3100 5274 ,
3134 5217 3293 5276 atque
3324 5207 3553 5261 interro-

1969 5315 2125 5374 getur
2145 5304 2213 5359 de
2238 5315 2392 5373 patre
2434 5319 2534 5359 suo
2558 5345 2574 5370 ,
2607 5302 2674 5359 de
2701 5318 2796 5359 sua
2823 5303 3139 5359 educatione
3177 5310 3233 5356 et
3259 5301 3420 5357 domo
3444 5344 3458 5367 ,
3487 5307 3555 5359 de

1970 5399 2135 5452 variis
2204 5398 2435 5454 vestiqu
2502 5397 2854 5468 ciborumque
2908 5397 3234 5468 generibus,
3286 5394 3356 5450 de
3404 5396 3553 5463 Sole,

1971 5493 2119 5562 luna,
2150 5502 2316 5559 terra,
2343 5494 2410 5550 de
2438 5493 2758 5564 geometria,
2787 5492 2941 5546 sicuti
2972 5491 3211 5545 Platonis
3254 5489 3432 5562 pusio,
3466 5501 3558 5546 aut

1972 5587 2075 5642 alia
2104 5587 2342 5657 qualibet
2370 5587 2651 5657 disciplina
2674 5627 2690 5651 ,
2722 5599 2898 5639 nonne
2930 5582 3021 5638 ille
3041 5598 3105 5638 ea
3135 5581 3317 5638 omnia
3340 5580 3552 5653 ignora-

1973 5680 2069 5746 bit,
2095 5690 2150 5735 et
2177 5682 2367 5751 magis,
2392 5696 2549 5752 quam
2575 5679 2757 5748 piscis,
2788 5684 2966 5732 mutus
2992 5676 3135 5730 erit?
3163 5676 3216 5731 Si
3244 5690 3403 5759 quam
3429 5691 3558 5731 vero

1974 5791 2162 5830 vocem
2193 5775 2442 5832 eutittcre
2473 5783 2715 5844 cogatur,
2742 5770 3027 5843 quamdam
3057 5770 3278 5825 minime
3307 5768 3560 5824 articuia.

1975 5874 2084 5923 tam
2116 5866 2324 5921 reddet.

2050 5958 2138 6016 ad
2172 5950 2420 6017 Platonis
2451 5962 2632 6016 autem
2664 5957 2945 6030 pusionem
2972 5954 3113 6029 quod
3146 5962 3388 6029 spectat,
3432 5966 3563 6011 cou-
