4030 6286
531 393 601 451 79
1611 445 1635 452 ρ

1742 392 2188 451 DISSERTATIO
2225 390 2451 451 PREVI
2463 397 2498 448 Λ

3678 398 3808 456 ιεθ

497 510 670 568 tendit
691 508 960 568 Arnobius
999 507 1181 573 illum,
1214 506 1258 562 si
1287 515 1434 563 recte
1472 507 1816 579 interrogatis
1852 524 2073 580 respon-
2104 515 2154 573 Λ
2181 511 2445 564 retinentia
2510 510 2670 563 nobis.
2746 509 2850 566 Sed
2908 509 3054 582 prior
3109 511 3266 566 lectio
3320 511 3544 568 Arnobii
3604 517 3798 573 nostri

497 605 612 672 det,
642 622 747 663 non
772 622 834 661 ex
867 605 966 671 iis,
999 619 1120 676 qua:
1149 604 1549 660 reminiscendo
1573 608 1947 677 recognoscit,
1981 608 2076 664 sed

495 712 566 752 ex
623 698 741 752 aliis
770 739 786 756 .
831 712 951 768 qua:
989 696 1306 766 quotidiano
1345 713 1442 751 usu
1482 697 1762 763 didicerat,
1817 699 1946 755 dare
1996 717 2081 756 re-

495 804 714 861 sponsa.
745 789 1082 860 Quapropter
1117 790 1241 845 hinc
1267 799 1456 846 auctor
1487 793 2080 849 noster'conclndittota

493 884 578 938 via
624 897 837 939 errasse
884 883 1162 939 Platonem
1193 883 1386 953 (Plat.,
1425 886 1480 938 in
1518 884 1707 940 'l'iinteo
1735 927 1750 949 ,
1808 895 1930 946 tom.
1982 904 2076 954 tit,

495 991 616 1046 pag.
647 977 709 1033 41
742 975 800 1047 ),
830 975 921 1046 qui
949 977 1201 1047 opinatur
1233 977 1440 1031 animas
1481 978 1757 1032 hominum
1789 979 1999 1033 divinas
2026 990 2081 1036 et

493 1072 730 1131 scientiis
761 1071 1014 1126 omnibus
1037 1071 1290 1137 imbutas,
1323 1072 1374 1125 in
1399 1073 1538 1128 lutnc
1569 1073 1824 1128 mundum
1857 1089 1920 1129 ex
1946 1076 2081 1129 vivis

493 1164 710 1240 prodire
743 1165 1062 1221 crateribns.
1115 1165 1222 1221 Sed
1267 1164 1540 1220 fatendum
1583 1178 1667 1222 est
1698 1167 1749 1221 in
1781 1167 1880 1222 hae
1919 1184 2077 1239 argu-

495 1261 828 1318 mentatione
859 1261 1160 1316 Arnobium
1191 1261 1426 1331 plurium
1458 1277 1638 1316 rerum
1665 1301 1680 1326 ,
1737 1277 1856 1332 qua:
1889 1277 2075 1332 parum

495 1353 563 1410 ad
612 1368 731 1409 eam
781 1352 1193 1421 conducebant,
1248 1355 1658 1410 enumeratione
1705 1355 1874 1410 multo
1923 1371 2075 1424 esse,

495 1462 654 1518 quam
687 1462 781 1516 par
808 1455 944 1513 erat,
979 1447 1295 1518 longiorem.

565 1539 813 1594 Pressius
841 1540 1021 1606 itaque
1056 1549 1109 1596 et
1143 1541 1319 1595 acrius
1352 1540 1443 1596 ille
1479 1541 1760 1597 Platonem
1794 1543 1872 1598 sic
1897 1551 2074 1614 urget.

491 1629 547 1686 Si
574 1631 748 1686 anima
781 1630 1110 1700 quibuslibet
1149 1632 1414 1688 doctrinis
1441 1633 1648 1689 erudita
1675 1678 1688 1698 ,
1735 1635 1787 1691 in
1816 1636 2073 1691 mundum

493 1723 662 1790 venit,
695 1722 889 1778 docere
913 1725 1109 1794 potius.
1139 1740 1298 1796 quam
1321 1725 1535 1781 discere
1564 1727 1782 1783 deberet
1809 1728 1828 1801 (
1857 1730 2074 1796 Arnob.,

493 1817 581 1872 lib.
615 1833 685 1882 tt,
732 1834 852 1889 pag.
897 1818 958 1873 6i
993 1818 1032 1891 ).
1085 1818 1270 1890 Neque
1313 1820 1468 1875 Plato
1508 1821 1732 1890 ejusque
1777 1832 2076 1878 sectatores

2184 604 2502 658 auctoritate
2552 605 2862 660 confirmari
2894 606 3126 662 videtur.
3184 607 3258 664 lbi
3288 617 3471 664 autem
3501 613 3806 681 repetentia

2181 698 2320 752 idem
2347 707 2505 768 atque
2529 699 2826 755 recordatio
2855 701 3136 770 signitlcat.

2786 830 3082 872 Αιιτιουιυε
3109 827 3191 870 ΙΙ.’

2183 946 2305 996 Num
2329 957 2464 998 recte
2491 950 2731 999 Arnobius
2747 949 2933 1000 dixerit
2950 952 3191 1000 incertam
3216 963 3328 1000 esse
3353 951 3579 1001 humanae
3605 955 3804 1004 animm

2242 1015 2507 1079 originem.
2525 1023 2672 1079 atque
2699 1015 2747 1062 in
2769 1013 2980 1062 Simonis
3003 1016 3151 1079 magi,
3197 1012 3470 1079 Saturnini,
3498 1014 3803 1079 Carpocra-

2243 1075 2324 1136 tis,
2352 1082 2402 1122 et
2425 1075 2848 1130 Seleucianorum,
2875 1090 2982 1124 eam
3007 1077 3069 1124 ah
3093 1075 3208 1135 alio,
3255 1090 3400 1136 quam
3426 1077 3536 1126 Deo
3561 1075 3802 1128 creatam

2246 1135 2395 1205 luisse
2419 1138 2773 1205 adiri-lantiunt,
2820 1151 3041 1186 errorem
3081 1135 3362 1202 impegerit,
3406 1154 3499 1190 nec
3521 1143 3798 1205 cognitum

2245 1201 2332 1262 ipsi
2357 1200 2502 1250 fuerit
2525 1199 2765 1262 originale
2783 1209 3054 1262 peccatum.

2255 1351 2420 1406 Nemo
2464 1367 2592 1406 sane
2630 1351 2942 1408 difﬁtebitnr
2981 1368 3166 1408 verum
3208 1368 3330 1410 esse
3355 1395 3370 1419 ,
3413 1354 3557 1424 quod
3599 1356 3776 1412 docet

2183 1444 2451 1500 Arnobius
2482 1445 2499 1514 (
2527 1445 2740 1510 Arnob.,
2788 1445 2874 1500 lib.
2907 1461 2966 1511 tt,
3010 1463 3130 1517 pag.
3172 1446 3282 1517 53)
3310 1489 3324 1512 ,
3367 1462 3560 1504 omnes
3603 1448 3799 1504 homi-

2184 1552 2308 1592 num
2359 1539 2566 1592 animas
2609 1553 2675 1592 ex
2721 1553 2827 1592 uno
2877 1537 3178 1609 eodemque
3226 1537 3374 1594 fonte
3419 1538 3784 1609 proﬂuxisse.

2183 1629 2314 1696 Quis
2354 1631 2421 1684 sit
2451 1640 2630 1684 autem
2664 1631 2750 1685 hic
2771 1629 2923 1697 fons,
2958 1631 3100 1685 unde
3129 1631 3232 1686 illa:
3264 1629 3618 1700 proﬂuxerint
3647 1676 3665 1698 ,
3706 1631 3786 1686 ita

2182 1724 2396 1793 quidem
2424 1725 2657 1793 explicat
2685 1734 2743 1780 ut
2770 1725 3074 1796 gravissimi
3103 1726 3308 1780 erroris
3328 1766 3344 1790 ,
3389 1741 3497 1796 quo
3531 1742 3657 1781 eum
3693 1727 3788 1780 itt-

2181 1826 2388 1872 certum
2417 1831 2538 1872 esse
2568 1817 2837 1888 signiﬁcat
2862 1859 2877 1884 ,
2929 1816 3070 1872 haud
3101 1818 3260 1888 plane
3287 1817 3559 1874 immerito
3585 1829 3787 1889 postu-

495 1908 826 1978 respondere
851 1918 1102 1980 poterant
1126 1927 1244 1966 eam
1264 1955 1278 1977 ,
1330 1929 1453 1968 eum
1482 1928 1713 1984 corpore
1736 1915 2082 1986 circumliga-
2112 1907 2158 1968 B
2189 1909 2346 1967 Ietur.

495 2007 585 2056 tur
605 2041 620 2065 ,
665 2015 735 2062 ex
764 1999 922 2055 docta
953 2000 1067 2056 ﬁeri
1096 2003 1480 2057 elementariam
1507 2047 1523 2072 ,
1558 2005 1608 2059 id
1637 2015 1722 2062 est
1746 2050 1760 2072 ,
1796 2017 1854 2062 ut
1883 2024 1949 2062 ex
1977 2008 2078 2063 Se-

495 2107 630 2150 neca
687 2094 1038 2166 intelligitur,
1097 2097 1287 2167 primis
1344 2098 1627 2154 elementis
1683 2100 2080 2156 informandam

498 2187 669 2265 (Sen.
694 2229 710 2255 ,
763 2191 914 2260 epist.
945 2189 1052 2247 506
1081 2232 1094 2256 ,
1139 2208 1258 2262 pag.
1290 2191 1396 2247 109.
1423 2193 1462 2263 ).
1513 2193 1613 2261 Qui
1652 2195 1796 2249 enim
1844 2195 2079 2250 discerni

499 2291 684 2352 posset
723 2292 905 2338 utrum
937 2283 1251 2340 recordetur
1281 2285 1518 2355 priorum
1545 2328 1560 2354 ,
1607 2288 1689 2342 vel
1724 2302 1858 2342 nova
1888 2287 2082 2344 docea—

503 2385 589 2433 tur
615 2377 676 2448 Ῥέξ

570 2470 650 2526 Ad
681 2469 796 2526 haec
826 2486 961 2527 vero
985 2513 1000 2540 ,
1046 2474 1223 2528 anima
1266 2475 1586 2547 incorporea
1631 2485 1687 2532 et
1714 2477 2039 2532 immortalis
2063 2518 2077 2541 ,

494 2563 672 2634 qualis
709 2564 777 2619 ab
804 2565 883 2620 eis
908 2580 1030 2622 esse
1059 2567 1322 2622 asseritnr
1341 2613 1356 2636 ,
1391 2571 1541 2624 nullo
1567 2571 1815 2640 corporis
1847 2571 2078 2639 impedi-

497 2664 682 2712 mento
725 2666 902 2727 potest
945 2661 1185 2715 omnium
1233 2662 1382 2731 prius
1425 2665 1761 2735 cognitorum
1807 2666 2078 2720 oblivisci.

495 2748 551 2805 Si
584 2749 637 2804 in
667 2765 729 2804 ea
760 2751 958 2807 etenim
1005 2760 1148 2808 tanta
1178 2754 1270 2808 tiat
1297 2756 1523 2810 mutatio
1543 2796 1558 2818 ,
1607 2755 1811 2827 aliquid
1850 2756 1918 2812 de
1946 2759 2079 2813 inte-

493 2843 688 2912 gritate
715 2859 810 2898 sua
843 2843 1065 2915 perdet,
1097 2853 1257 2917 atque
1288 2851 1360 2902 ita
1388 2849 1662 2919 corrumpi
1694 2851 1932 2920 poterit,
1981 2865 2083 2905 nec

491 2936 724 3008 amplius
753 2939 858 2994 erit
888 2939 1226 2996 immortalis.

565 3033 854 3103 Praeterea,
888 3035 933 3090 si
962 3051 1158 3106 corpus
1189 3037 1382 3093 animai
1411 3037 1607 3094 inferat
1633 3040 1874 3108 pristinm
1902 3041 2079 3098 omnis

492 3125 733 3183 scientiae
771 3137 826 3183 et
862 3129 1181 3200 cognitionis
1208 3131 1536 3188 oblivionem
1563 3175 1578 3199 ,
1628 3133 1900 3204 quomodo
1937 3135 2080 3190 scire

493 3229 674 3290 potest
698 3235 760 3276 se
792 3223 941 3292 prius
989 3225 1304 3280 instructam
1337 3226 1584 3282 scientiis
1604 3268 1618 3291 ,
1649 3228 1932 3283 obstaculo
1954 3244 2078 3284 cor-

491 3313 658 3382 poris,
687 3329 874 3370 earum
901 3318 1143 3372 omnium
1173 3333 1296 3373 esse
1316 3319 1536 3374 oblitam
1562 3319 1585 3372 ?

565 3405 807 3478 Denique
835 3409 879 3463 si
903 3409 1051 3462 senis
1077 3408 1310 3464 hominis
1332 3412 1506 3466 anima
1533 3411 1600 3467 ab
1625 3414 1915 3483 octoginta,
1945 3429 2010 3470 ac
2035 3416 2080 3470 si

493 3500 629 3554 velis
657 3502 945 3570 nonaginta
975 3513 1030 3557 et
1059 3504 1291 3572 amplius
1330 3507 1486 3560 annis
1516 3520 1746 3576 corpore
1784 3509 2034 3564 conclusa
2061 3553 2075 3577 ,

495 3607 677 3646 rerum
707 3593 845 3664 jante
886 3594 1267 3665 quinquaginta
1309 3606 1364 3650 et
1403 3599 1679 3667 sexaginta
1725 3613 1898 3655 annos
1936 3613 2082 3656 acta-

495 3699 635 3749 rum,
662 3685 1020 3756 nequidquam
1050 3687 1376 3757 impediente
1398 3705 1646 3760 corpore,
1677 3693 1952 3757 meminit;
1983 3710 2081 3749 cur

499 3779 680 3832 omnia
727 3793 850 3849 qua:
892 3789 1178 3852 antequam
1223 3783 1275 3837 in
1320 3797 1519 3858 corpus
1569 3785 1910 3852 mitteretur,
1960 3800 2078 3841 eam

496 3870 700 3940 optimc
728 3885 888 3927 nosse
919 3875 1100 3939 aiunt,
1137 3876 1235 3945 ipsi
1267 3884 1451 3945 postea
1479 3875 1749 3937 excidisse
1779 3887 1887 3933 tam
1917 3881 2081 3948 perti-

504 3961 714 4017 naciter
739 3965 1099 4020 asseverant?

575 4053 652 4109 Ea
685 4071 846 4126 porro
877 4069 1003 4112 sunt
1031 4061 1252 4114 Arnobii
1294 4074 1604 4132 argumenta
1645 4105 1661 4130 ,
1707 4080 1826 4134 quae
1864 4065 2079 4136 quidem

496 4151 675 4204 omnia
705 4151 806 4206 etsi
848 4167 955 4207 non
983 4154 1226 4223 ejusdem
1256 4156 1363 4210 sint
1383 4157 1638 4226 ponderis
1663 4201 1678 4223 ,
1709 4175 1872 4214 nemo
1900 4168 2082 4216 tamen

495 4242 816 4299 difﬁtcbitnr
842 4245 908 4300 iis
937 4247 1192 4301 omnibus
1213 4263 1454 4303 errorem
1479 4250 1716 4305 Platonis
1745 4253 1900 4321 plane
1930 4255 2082 4323 peni-

497 4343 690 4408 tusque
733 4337 959 4394 destrui.
1010 4337 1092 4394 Ad
1136 4340 1304 4410 ipsius
1337 4351 1514 4394 autem
1543 4343 1766 4398 Arnobii
1808 4344 1874 4398 de
1902 4345 2080 4398 homi-

493 4444 620 4483 num
664 4430 842 4484 anima
885 4430 1260 4501 ettplicandam
1305 4431 1614 4502 opinionem
1661 4444 1947 4505 antequam
1991 4451 2084 4506 ag-

494 4519 841 4590 grediamur,
893 4522 1049 4593 juvat
1099 4522 1360 4592 quosdam
1410 4524 1841 4582 animadvertere
1891 4529 2085 4585 modos

492 4611 746 4684 loquendi
772 4657 787 4678 ,
830 4630 967 4686 quos
999 4616 1090 4670 ille
1121 4615 1172 4671 in
1202 4615 1303 4672 liae
1333 4617 1696 4688 disputatione
1726 4635 1790 4674 ex
1822 4620 2079 4677 Lucretio

2257 2003 2494 2058 Primum
2521 2005 2662 2060 enim
2691 2003 2951 2060 Ethnieos
2977 2003 3204 2070 inducit,
3231 2005 3318 2074 qui
3342 2003 3410 2059 ab
3440 2003 3558 2074 ipso
3578 2005 3790 2074 exqui-

2187 2105 2311 2150 runt
2331 2136 2343 2158 ,
2369 2113 2474 2166 quo
2502 2107 2722 2151 auctore
2761 2097 3055 2168 progenita:
3078 2139 3093 2164 ,
3141 2105 3196 2152 et
3235 2095 3505 2168 quomodo
3530 2096 3785 2168 prolata:

2184 2191 2508 2244 sintanimze
2531 2231 2547 2256 ,
2572 2205 2635 2244 ac
2667 2199 2842 2244 utrum
2872 2190 3011 2245 Deus
3037 2190 3246 2244 illarum
3279 2204 3474 2259 parens
3515 2199 3570 2244 et
3620 2205 3790 2244 crea—

2187 2294 2270 2338 tor
2297 2284 2318 2356 (
2345 2283 2505 2347 lbid.,
2537 2300 2657 2354 pag.
2691 2283 2758 2337 75
2785 2293 2829 2336 et
2852 2299 2989 2352 seqq.
3017 2282 3056 2355 ).
3101 2282 3235 2351 Quid
3268 2298 3398 2338 vero
3426 2281 3509 2336 his
3541 2297 3786 2352 respon-

2183 2377 2311 2433 dere
2355 2377 2550 2447 putas?
2577 2377 2741 2432 Plane
2771 2381 2993 2431 omnino
3031 2387 3189 2448 atque
3217 2378 3444 2448 ingenue
3480 2377 3694 2430 fatetur
3727 2377 3788 2431 id

2183 2487 2290 2526 non
2321 2472 2492 2525 solum
2522 2471 2695 2536 nobis,
2726 2471 2819 2525 sed
2851 2471 3100 2525 omnibus
3123 2471 3306 2535 etiam,
3328 2485 3449 2541 qua:
3474 2469 3526 2523 in
3559 2469 3779 2524 mundo

2184 2572 2342 2626 sunt,
2397 2564 2750 2634 potestatibus
2794 2579 2916 2618 esse
2959 2565 3396 2634 incompertum,
3449 2576 3790 2630 omnemque

2182 2675 2366 2715 earum
2395 2671 2444 2713 et
2472 2669 2706 2713 nostram
2737 2673 2992 2726 superare
3023 2658 3406 2729 cognitionem.

2255 2756 2322 2808 At
2364 2755 2632 2811 instabant
2674 2755 2888 2810 Ethnici
2920 2773 2933 2808 :
2961 2754 3015 2810 Si
3051 2765 3228 2810 tecum
3263 2752 3546 2808 christiani
3577 2761 3794 2822 negent

2183 2849 2388 2903 animas
2423 2865 2450 2902 a
2487 2850 2595 2904 Deo
2624 2859 2834 2904 creatas
2857 2891 2869 2911 ,
2917 2848 3069 2903 vobis
3103 2847 3294 2902 saltem
3330 2844 3774 2916 patefaciendum

2184 2942 2441 2997 incumbit
2470 2960 2497 2996 a
2525 2958 2632 3012 quo
2662 2943 2771 2996 sint
2803 2952 3119 3012 procreatae.
3160 2939 3266 2996 Sed
3299 2939 3401 2993 hoc
3433 2952 3644 3008 quoque
3679 2937 3779 2991 ille

2183 3037 2394 3105 penitus
2421 3035 2714 3089 inliciatur.
2746 3034 2892 3090 Citra
2923 3048 3137 3088 omnem
3163 3032 3442 3086 enimvero
3469 3031 3775 3100 reprehen-

2182 3121 2389 3175 sionem
2417 3164 2431 3187 ,
2463 3122 2662 3191 inquit,
2697 3122 2908 3176 nescire
2954 3133 3237 3189 possumus
3266 3118 3569 3171 animarum
3598 3115 3777 3187 origi-

2183 3232 2304 3271 nem
2332 3257 2346 3279 ,
2394 3225 2447 3270 et
2471 3217 2610 3270 scire
2651 3224 2829 3270 tamen
2870 3230 2964 3270 eas
3007 3229 3112 3268 non
3145 3227 3265 3268 esse
3295 3212 3386 3267 Dei
3414 3211 3729 3282 progeniem
3756 3253 3778 3278 ,

2105 3304 2150 3366 C
2185 3327 2356 3380 neque
2404 3310 2472 3363 ab
2521 3309 2613 3364 illo
2653 3317 2985 3379 procreatas.
3039 3308 3107 3362 Et
3146 3315 3294 3362 certe
3325 3307 3414 3377 qui
3449 3306 3564 3360 illas
3593 3321 3622 3359 a
3657 3306 3778 3362 Deo

2184 3402 2350 3457 laetas
2372 3445 2386 3468 ,
2421 3411 2476 3456 et
2505 3403 2554 3455 in
2589 3400 2862 3454 hominum
2895 3415 3093 3470 corpus
3123 3401 3309 3455 venire
3333 3400 3727 3455 existimabant
3753 3443 3770 3466 ,

2185 3495 2313 3550 nihil
2363 3497 2518 3564 plane
2567 3494 2814 3548 dicebant
2859 3493 2992 3548 certi
3039 3502 3094 3548 et
3135 3492 3432 3561 explorati;
3482 3491 3578 3547 sed
3623 3493 3774 3561 quod

2183 3587 2488 3656 conjectura
2547 3595 2749 3640 tantum
2804 3601 2866 3641 ac
2924 3571 3232 3656 suspicione
3281 3585 3516 3640 assecuti
3586 3596 3774 3640 erant.

2183 3680 2312 3747 Qua:
2335 3690 2512 3734 autem
2540 3722 2554 3743 ,
2579 3681 2655 3735 ait
2683 3680 2977 3737 Arnobius.
3009 3679 3331 3749 suspicionis
3360 3689 3416 3734 et
3441 3679 3781 3750 conjectura!

2182 3783 2342 3844 atque
2375 3777 2592 3828 incerta:
2621 3773 2893 3842 Opinionis
2926 3783 2978 3827 et
3009 3772 3326 3842 ignorantiae
3354 3770 3661 3827 dill‘erentia
3685 3773 3711 3826 ?

2241 3866 2390 3940 Quid
2425 3880 2586 3936 porro
2626 3865 2843 3930 mirum,
2890 3865 3064 3935 pergit
3095 3865 3182 3918 ille
3214 3865 3233 3936 (
3265 3862 3401 3917 Ibid.
3430 3905 3444 3928 ,
3476 3881 3596 3936 pag.
3629 3864 3697 3918 '78
3728 3876 3776 3919 et

2183 3975 2320 4029 seqq.
2358 3960 2374 4029 )
2406 4001 2420 4020 ,
2468 3957 2512 4011 si
2563 3958 2896 4027 incomperta
2945 3956 3100 4010 nobis
3153 3960 3222 4010 sit
3271 3957 3463 4010 anima:
3520 3956 3777 4011 humana:

2183 4051 2332 4120 origo
2356 4094 2370 4116 ,
2398 4065 2518 4105 eum
2554 4065 2651 4104 nec
2679 4049 2846 4120 magis
2875 4058 3212 4119 perspectum
3245 4047 3536 4103 habeamus
3562 4092 3576 4114 ,
3626 4049 3778 4106 unde

2184 4143 2492 4198 animalium
2525 4144 2716 4197 anima:
2745 4143 2985 4196 oriantur
3007 4142 3029 4193 ?
3054 4139 3238 4210 Neque
3267 4141 3410 4195 enim
3441 4141 3522 4195 hat
3551 4156 3617 4195 ex
3643 4140 3774 4196 [icto

2186 4235 2422 4288 Platonis
2466 4244 2676 4288 cratere
2697 4275 2712 4298 .
2742 4233 2893 4301 cujus
2933 4233 3140 4286 scilicet
3171 4232 3224 4284 in
3261 4230 3464 4285 Timaeo
3493 4234 3769 4298 meminit,

2184 4328 2276 4383 sed
2305 4343 2368 4382 ex
2391 4327 2671 4383 eletnentis
2699 4326 2958 4394 originem
2980 4325 3179 4379 dueere
3203 4323 3554 4394 perhibentur
3581 4323 3771 4392 (Plato

2186 4425 2240 4476 in
2267 4422 2473 4487 Titum,
2501 4431 2722 4484 tom.ttt,
2753 4418 3204 4490 pag.4l).Vernm
3228 4417 3420 4488 quibus
3437 4433 3503 4472 ex
3528 4417 3765 4474 elemen-

2188 4515 2286 4579 tis,
2332 4511 2712 4583 autquomodo
2753 4513 2920 4577 liant,
2964 4511 3193 4564 maxima
3223 4519 3306 4565 est
3343 4510 3485 4565 inter
3513 4510 3768 4580 philoso-

2187 4607 2340 4676 phos,
2370 4607 2505 4660 sicut
2536 4616 2587 4659 et
2611 4603 2678 4659 de
2707 4605 2825 4658 aliis
2844 4603 3022 4657 multis
3049 4602 3433 4674 quaestionibus
3460 4603 3766 4658 contentio.

495 4717 768 4763 mutuatus
793 4719 898 4763 est.
943 4710 1315 4779 Scribitfenim
1335 4752 1349 4776 ,
1383 4711 1428 4765 si
1459 4711 1655 4766 anitnre
1685 4714 1965 4783 corporeis
1997 4715 2077 4768 in-

2195 4702 2261 4756 Ex
2290 4700 2484 4772 quibus
2512 4700 2601 4754 ille
2627 4699 2863 4768 colligit,
2898 4714 3052 4768 neque
3082 4713 3171 4752 eas
3221 4698 3350 4751 scire
3378 4698 3764 4765 compendium,

493 4801 831 4855 eursionibus
853 4801 1052 4858 cedunt
1079 4823 1092 4858 :
1128 4803 1236 4858 Usu
1267 4816 1313 4858 et
1341 4804 1445 4859 illis
1474 4817 1548 4860 est
1579 4807 1700 4870 vita,
1743 4822 1843 4860 non
1885 4809 2082 4861 manci-

495 4897 582 4964 pio
611 4895 839 4965 tradita(
867 4896 1083 4965 Arnob.,
1115 4898 1204 4963 lib,
1230 4914 1290 4967 tt,
1323 4917 1442 4970 pag.
1475 4899 1600 4969 62).
1637 4900 1920 4956 Lucretius
1949 4917 2078 4958 vero

495 4988 704 5044 dixerat
735 5007 747 5041 :

588 5099 797 5165 Vimque
821 5103 1062 5166 mancipio
1085 5102 1205 5153 nulli
1225 5104 1385 5162 datur,
1403 5107 1631 5156 omnibus
1653 5121 1760 5157 usu.

1143 5185 1376 5250 (Lucret.,
1402 5186 1484 5238 lib.
1525 5203 1592 5250 ιιι,
1617 5203 1743 5243 vers.
1763 5191 1897 5254 984.)

497 5311 600 5366 hoc
625 5320 728 5375 est,
761 5312 893 5368 nulli
917 5315 1040 5368 vitae
1071 5315 1393 5384 prolirietas,
1427 5316 1520 5371 sed
1551 5334 1677 5372 usus
1699 5318 1879 5374 datur.

569 5405 799 5461 Rursum
819 5417 996 5463 autem
1021 5410 1294 5464 Arnobius
1319 5430 1331 5462 :
1359 5409 1618 5477 Priorum,
1638 5413 1809 5476 inquit
1837 5415 2078 5484 (Arnob.,

497 5498 584 5553 lib.
615 5515 671 5564 tt,
706 5515 826 5570 pag,
855 5501 924 5556 65
953 5501 996 5572 ),
1025 5504 1352 5572 repetentium
1381 5503 1622 5558 detrahit.
1663 5505 1752 5561 Sic
1779 5516 1906 5560 ante
1940 5509 2076 5562 cita-

497 5599 608 5644 tum
633 5606 662 5644 a
695 5593 847 5648 nobis
875 5609 1093 5650 carmen
1122 5595 1402 5652 Lucretius
1432 5597 1644 5654 dixerat
1673 5617 1686 5650 :

594 5703 868 5768 interrupta
890 5708 1046 5758 semel
1071 5721 1179 5758 cum
1203 5711 1267 5759 sit
1285 5713 1567 5774 repetentia
1592 5717 1771 5759 nostra.

1160 5794 1392 5854 (LucreL,
1420 5791 1501 5845 lib.
1520 5810 1589 5854 ιιι,
1616 5805 1740 5842 vers.
1764 5791 1900 5854 864.)

501 5977 518 5989 ο
573 5911 798 5980 Quidam
829 5925 1006 5975 tamen
1035 5918 1106 5974 ibi
1132 5919 1332 5992 legunt,
1359 5921 1587 5993 repentia
1615 5917 1906 5988 nostra,alii
1933 5933 2065 5977 vero

2185 4811 2344 4865 neque
2376 4795 2610 4865 ignorare
2631 4792 2983 4847 detrimentum
3023 4807 3129 4845 esse
3153 4790 3337 4854 ullum,
3378 4807 3438 4843 ac
3464 4789 3576 4845 Deo
3615 4791 3779 4845 relin-

2185 4885 2432 4958 attendas.

2261 4985 2314 5041 Si
2345 4985 2480 5038 intra
2511 4983 2608 5038 hos
2633 4983 2765 5038 lines
2795 4996 2915 5036 sese
2943 4980 3211 5035 Arnobius
3241 4980 3619 5043 continuisset,
3663 4996 3776 5037 non

2186 5078 2372 5134 debuit
2420 5079 2602 5147 utique
2658 5076 2745 5130 illa
2801 5075 2965 5128 attimi
3015 5074 3155 5128 illius
3205 5072 3502 5128 moderatio
3551 5088 3777 5142 prorsus

2187 5171 2412 5241 culpari.
2455 5172 2609 5239 Stepe
2637 5170 2779 5222 enim
2812 5169 3006 5235 szepius
3038 5166 3368 5235 Augustinus
3403 5167 3617 5220 sincere
3651 5183 3778 5236 pro-

2188 5265 2362 5319 fessus
2401 5275 2484 5317 est
2525 5261 2962 5316 obscurissimam
3004 5275 3154 5323 esse,
3199 5269 3254 5315 ct
3279 5261 3388 5313 sine
3431 5263 3657 5330 periculo
3690 5261 3777 5317 la.

2190 5371 2290 5413 tere
2323 5359 2508 5411 auintte
2537 5358 2802 5426 originem.
2845 5355 2983 5422 Quin
3015 5356 3178 5408 immo
3206 5355 3256 5408 in
3291 5355 3464 5424 primo
3489 5355 3780 5411 Retracta-

2188 5454 2388 5508 tionum
2419 5467 2635 5506 suarum
2669 5451 2806 5503 libro
2831 5490 2844 5513 ,
2889 5464 3046 5520 quem
3073 5449 3184 5518 jam
3214 5464 3380 5504 senex
3409 5452 3773 5518 conscripsit,

2185 5543 2524 5615 apertissime
2551 5542 2790 5597 declarat
2814 5557 2871 5596 se
2897 5541 3132 5596 nondum
3162 5541 3360 5612 aliquid
3391 5541 3460 5597 de
3495 5543 3583 5597 illa
3615 5559 3777 5599 cont-

2188 5639 2393 5710 perisse
2419 5639 2549 5692 certi
2583 5636 2792 5705 penitus
2820 5645 2873 5690 et
2901 5635 3179 5690 indubitati
3208 5652 3222 5690 :
3249 5655 3266 5688 ς
3300 5637 3453 5704 Quod
3498 5637 3709 5701 attinet,
3751 5656 3772 5690 ι

2189 5733 2378 5804 inquit,
2409 5751 2425 5782 ι
2457 5730 2521 5786 ad
2563 5730 2723 5784 animi
2755 5730 3054 5801 originem,
3103 5745 3206 5797 qua
3237 5729 3294 5782 lit
3318 5772 3332 5793 ,
3368 5739 3424 5784 ut
3458 5730 3528 5785 sit
3566 5731 3616 5784 in
3649 5745 3776 5784 cor-

2188 5842 2352 5899 pore,
2383 5835 2559 5879 utrutn
2587 5823 2656 5879 de
2687 5823 2778 5879 illo
2802 5840 2910 5878 uno
2935 5823 3002 5877 sit
3026 5864 3040 5889 ,
3082 5825 3170 5894 qui
3203 5824 3402 5893 primus
3430 5833 3640 5879 creatus
3667 5835 3773 5894 est,

2191 5918 2406 5990 quando
2434 5919 2606 5974 laetus
2638 5926 2726 5974 est
2752 5916 2913 5972 homo
2945 5919 2996 5974 in
3027 5917 3257 5973 animam
3285 5917 3487 5984 vivam,
3517 5929 3584 5972 an
3620 5915 3777 5973 simi-
