4030 6294
203 291 302 348 481

1420 286 1484 343 ΙΝ
1513 283 1886 355 ΑιιΝοιςιυΜ,
1916 287 2068 344 CAP.
2112 286 2201 344 ΙΧ.

3378 291 3484 348 482

199 405 327 459 liter
355 402 425 458 ita
456 403 584 457 fiant
603 401 826 473 singulis
851 400 1080 472 singuli,
1113 413 1210 456 nec
1241 409 1366 456 tunc
1390 383 1628 458 sciebam
1650 444 1664 467 ,
1691 417 1791 457 nec
1820 417 1870 473 Α
1895 404 2086 459 scribit
2137 404 2410 459 Simonem
2464 402 2670 473 Magum
2717 401 3002 459 docuisse:
3054 423 3072 455 ι
3107 402 3358 460 Mundum
3414 406 3483 462 ab

204 499 382 554 adhuc
407 498 542 553 scio.
577 517 595 548 ι
628 499 646 566 (
681 497 869 551 Arnob.
893 539 908 562 ,
937 496 1027 550 lib.
1058 512 1095 550 ιι
1120 537 1135 564 ,
1168 514 1290 568 pag.
1335 497 1439 562 86;
1485 498 1787 569 Augustin.,

201 593 353 662 epist.
387 591 512 655 102,
537 608 656 662 pag.
685 589 825 655 587;
868 590 1018 660 epist.
1050 589 1186 654 119,
1247 607 1366 662 pag.
1398 590 1497 646 ’101
1536 591 1789 657 lictract.,

201 685 294 737 lib.
322 697 359 749 ι,
391 700 508 756 cap.
529 684 596 738 45
621 691 668 738 et
693 682 794 747 56;
818 682 909 735 lib.
934 698 988 747 χ,
1015 681 1078 735 de
1093 680 1278 736 Genes.
1301 681 1370 735 ad
1391 683 1570 747 litter.,
1595 699 1709 754 cap.
1734 685 1788 748 ὃς

203 777 293 832 lib.
324 793 396 845 tv,
420 777 484 831 de
507 775 678 829 Anim.
713 775 870 845 orig.,
899 791 1015 845 cap.
1052 774 1086 829 5
1111 784 1157 828 et
1186 775 1248 830 11
1278 791 1292 840 ;
1325 775 1415 828 lib.
1447 791 1524 842 nt,
1549 792 1669 846 cap.
1702 776 1788 842 10,

203 870 446 938 lib.§t.v,
489 880 656 924 contr.
724 867 922 923 Julian.
952 910 967 936 ,
1010 872 1129 938 cap;
1177 867 1315 930 104;
1363 869 1452 922 tib.
1488 884 1506 923 ι
1539 868 1789 936 Retract.,

203 983 324 1035 cap.
351 963 430 1036 1.)

201 1109 214 1115 -
275 1057 472 1112 Verum
501 1064 688 1110 auctor
719 1065 922 1123 noster,
975 1055 1198 1112 ulterius
1233 1070 1551 1127 progressus
1577 1097 1592 1121 ,
1643 1053 1793 1110 falsae

202 1148 495 1217 Opinionis,
537 1149 852 1218 errorisque
876 1149 1165 1218 scopulum
1206 1149 1498 1206 offendisse
1526 1151 1788 1220 arguitur.

200 1240 316 1295 Non
343 1241 588 1312 ambigue
617 1244 762 1296 enim
791 1257 890 1296 nec
915 1241 1223 1298 dubitanter
1253 1243 1600 1314 pronuntiat,
1633 1258 1732 1298 nos
1761 1260 1791 1297 a

201 1334 417 1391 Christo
444 1335 723 1402 didicisse,
751 1355 769 1389 ‹
802 1352 906 1391 non
939 1352 1062 1392 esse
1083 1338 1292 1393 animas
1321 1339 1482 1410 Regis
1513 1339 1786 1406 maximi,»

197 1446 299 1486 seu
330 1431 423 1485 Dei
453 1431 666 1495 sumini,
705 1449 723 1482 ‹
757 1430 928 1498 filias,
976 1445 1077 1487 nec
1097 1433 1164 1487 ab
1187 1447 1284 1500 eo,
1338 1433 1792 1502 quemadmodum

197 1525 413 1592 dicitur,
442 1537 724 1595 generatas
757 1527 990 1596 cmpisse
1015 1542 1074 1581 se
1105 1542 1286 1591 nosse,
1317 1537 1477 1598 atque
1509 1531 1559 1581 in
1587 1528 1671 1582 sui
1703 1541 1792 1582 no-

195 1620 360 1677 minis
411 1619 645 1674 essentia
696 1620 836 1692 (ms.
887 1635 998 1690 reg.
1049 1620 1171 1675 cod.
1216 1622 1267 1674 in
1311 1621 1391 1675 sui
1435 1621 1656 1674 nominis
1687 1636 1793 1674 esse

195 1714 470 1784 sententia)
519 1715 798 1784 praedicari
828 1733 840 1768 :
876 1716 969 1769 sed
995 1715 1226 1770 alterum
1251 1715 1556 1786 quempiam
1581 1715 1791 1785 genito-

1895 497 2101 566 angelis
2153 497 2264 550 suis
2314 497 2638 550 institutum.
2680 514 2698 547 ι
2732 495 3081 551 Saturninum
3128 512 3257 552 vero
3279 496 3481 568 (Ibid.,

1894 605 2012 658 cap.
2038 590 2132 658 48)
2161 607 2174 643 :
2198 588 2381 659 Longe
2423 589 2689 644 distantes
2713 604 2741 642 a
2766 589 2878 644 Deo
2905 590 3124 661 angelos
3170 589 3485 647 inferiorem

1895 682 2149 736 mundum
2210 681 2432 748 fecisse;
2499 701 2517 733 ι
2569 692 2738 752 atque
2790 681 3176 754 Carpocratem
3229 681 3480 738 dixisse:

1901 794 1919 826 ι
1959 774 2226 831 Distantes
2259 777 2416 846 longe
2442 792 2472 831 a
2498 777 2866 847 superioribus
2907 777 3194 832 virtutibus
3224 777 3484 834 mundum

1894 871 2053 927 istum
2083 871 2136 926 in
2169 871 2509 927 inferioribus
2540 871 2780 941 partibus
2809 871 3138 928 condidisse.
3175 890 3194 924 ι
3229 871 3333 928 Sed
3366 871 3485 928 hac

1894 965 1948 1019 in
2003 975 2158 1020 sexto
2203 981 2362 1036 supra
2409 965 2877 1037 quadragesimum
2930 966 3086 1036 hujus
3137 963 3260 1022 libri
3304 966 3485 1036 capite

1893 1060 2088 1130 scripta
2135 1070 2279 1114 sunt.
2305 1061 2354 1114 ,Α
2384 1061 2539 1115 nobis
2569 1069 2746 1116 autem
2774 1060 2897 1116 alibi
2928 1061 3272 1116 observatum
3301 1069 3386 1116 est
3415 1059 3483 1114 il-

1894 1153 2017 1219 lud,
2073 1163 2127 1209 et
2167 1155 2542 1224 subsequentia
2573 1154 2732 1225 hujus
2757 1155 2878 1210 libri
2907 1155 3080 1225 capita
3111 1155 3159 1209 ei
3199 1154 3267 1210 ab
3312 1154 3484 1222 impo—

1893 1256 2039 1302 store
2083 1247 2263 1318 aliquo
2301 1248 2468 1304 fuisse
2510 1247 2716 1318 adjecta
2745 1250 2893 1320 (tom.
2929 1251 2949 1303 l
2985 1249 3264 1318 Apparat.,
3297 1264 3419 1318 pag.
3447 1247 3482 1301 8

1894 1350 1940 1393 et
1972 1339 2086 1410 15).
2118 1341 2183 1395 Ει
2213 1358 2270 1396 re
2293 1343 2508 1412 quidem
2555 1358 2684 1398 vera
2711 1343 2763 1396 in
2791 1343 2972 1396 ultima
3020 1357 3243 1412 operum
3272 1340 3484 1396 Tertul-

1892 1433 2016 1488 liani
2045 1433 2282 1489 editione
2303 1446 2614 1490 annotatum
2642 1445 2723 1490 est
2744 1434 2858 1491 hate
2876 1435 3055 1491 omnia
3074 1438 3126 1490 in
3147 1433 3482 1491 vetutissimo

1893 1526 2160 1598 Agobardi
2187 1529 2373 1583 codice
2399 1545 2504 1583 non
2531 1529 2782 1598 reperiri.

1963 1621 2069 1675 Nos
2093 1622 2308 1692 quidem
2339 1639 2443 1677 non
2477 1623 2610 1692 fugit
2635 1623 2704 1677 ab
2726 1622 2916 1678 eodem
2949 1623 3280 1679 Tertulliano
3313 1623 3366 1678 in
3387 1639 3481 1695 ge-

1894 1715 2060 1768 nuino
2087 1715 2154 1770 de
2180 1717 2375 1771 Anima
2408 1717 2544 1771 libro
2574 1717 2688 1772 haec
2715 1717 2780 1771 de
2810 1717 3044 1772 Saturno
3069 1718 3283 1789 scriptis
3329 1733 3482 1772 man-

195 1826 312 1865 rem
355 1809 438 1864 his
480 1825 602 1866 esse
623 1850 637 1874 ,
690 1808 969 1880 dignitatis
998 1818 1053 1864 et
1079 1810 1334 1880 potentia:
1377 1809 1630 1880 gradibus
1659 1811 1790 1864 satis
1821 1806 1867 1865 B
1893 1805 2016 1860 data
2044 1825 2056 1861 :
2090 1826 2109 1857 ι
2139 1807 2420 1863 Hominem
2476 1809 2710 1864 affirmat
2743 1809 2811 1864 ab
2838 1810 3055 1881 Angelis
3107 1811 3324 1876 factum,
3366 1811 3479 1880 pri-

194 1905 448 1974 plurimis
477 1906 545 1960 ab
573 1907 919 1974 imperatore,
951 1924 972 1958 ›
1007 1905 1058 1959 id
1086 1914 1190 1972 est,
1218 1905 1352 1972 Deo,
1381 1923 1400 1957 ‹
1426 1905 1788 1975 disjunctum;

194 1998 316 2067 ejus
348 2007 529 2053 tamen
561 2013 625 2053 ex
653 1999 775 2052 aula
805 1997 1159 2052 eminentium
1191 1997 1426 2052 nobilem
1457 1997 1792 2052 sublimitate

195 2093 477 2148 natalium.
513 2111 531 2143 ι
584 2091 830 2162 (Arnob.,
862 2091 952 2146 lib.
986 2107 1044 2158 ιι,
1080 2108 1201 2161 pag.
1228 2088 1344 2160 68.)
1393 2089 1554 2145 Suam
1612 2090 1682 2144 ibi
1723 2089 1793 2145 de

195 2188 498 2242 animarum
553 2194 860 2240 nostrarum
902 2185 1111 2255 origine
1157 2192 1392 2238 mentem
1432 2197 1538 2237 non
1566 2182 1792 2238 obscure

193 2294 427 2353 prorsus
455 2278 648 2349 aperit.
680 2277 863 2334 Primo
892 2278 1157 2348 siquidem
1191 2291 1401 2342 eorum,
1424 2275 1492 2331 de
1520 2275 1713 2345 quibus
1738 2275 1791 2329 in

196 2371 467 2442 superiori
497 2371 746 2438 articulo,
772 2371 950 2440 rejieit
971 2371 1304 2440 opinionem,
1331 2370 1420 2438 qui
1451 2369 1790 2424 arbitraban-

198 2476 290 2521 tur
316 2464 438 2519 illas
463 2464 656 2518 summi
685 2462 778 2518 Dei
809 2463 946 2517 filias
970 2504 984 2528 ,
1019 2463 1163 2517 etab
1190 2477 1256 2518 eo
1282 2471 1567 2532 generatas
1586 2503 1600 2527 ,
1633 2477 1794 2516 nosse

198 2573 264 2613 se
295 2558 526 2628 coepisse
556 2565 845 2627 antequam
879 2556 930 2610 in
963 2570 1162 2624 corpus
1208 2554 1638 2610 infunderentur.
1692 2553 1792 2609 Se-

197 2651 380 2707 cundo
420 2651 612 2706 asserit
641 2665 730 2704 eas
761 2665 790 2704 a
821 2649 1074 2719 qquiam
1108 2658 1422 2718 procreatas
1446 2647 1612 2703 fuisse
1637 2647 1792 2718 geni-

199 2753 342 2809 tore,
377 2744 466 2814 qui
489 2758 554 2797 ex
584 2744 825 2813 ejusdem
876 2742 1069 2796 summi
1107 2741 1200 2796 Dei
1233 2741 1354 2795 aula
1385 2742 1502 2804 fuit,
1535 2741 1792 2794 natalium

197 2853 422 2893 suorum
450 2837 735 2907 splendore
765 2835 994 2900 nobilis,
1032 2834 1127 2889 sed
1175 2835 1306 2890 satis
1337 2834 1583 2902 plurimis
1611 2835 1790 2903 digni-

197 2934 327 2988 tatis
358 2941 412 2987 et
438 2932 689 3002 potentia:
711 2946 818 2985 suae
845 2929 1100 3001 gradibus
1128 2928 1196 2982 ab
1227 2929 1346 2998 ipso
1372 2927 1672 2997 sejunctus.

272 3027 456 3098 Neque
486 3025 536 3080 id
561 3026 629 3081 ab
658 3041 723 3081 eo
752 3026 963 3080 incaute
990 3032 1084 3078 aut
1113 3022 1430 3078 haesitanter
1457 3021 1659 3077 dictum
1693 3038 1789 3092 pu-

197 3119 422 3176 taveris.
461 3118 594 3174 Nam
629 3118 758 3174 illud
790 3135 920 3173 sane
946 3118 1075 3172 alibi
1104 3116 1243 3172 haud
1272 3115 1439 3172 semel
1471 3130 1791 3172 asseveran-

1894 1916 2088 1971 moque
2117 1917 2252 1971 opus
2275 1903 2424 1957 futile
2451 1913 2505 1957 et
2532 1902 2844 1969 invalidum,
2867 1913 2921 1958 et
2942 1903 3206 1968 instabile,
3256 1903 3308 1958 in
3339 1912 3480 1959 terra

1895 1993 2091 2048 vermis
2113 1994 2282 2048 instar
2304 1994 2614 2064 palpitasse,
2635 1994 2776 2065 quod
2802 1994 3132 2050 consistendi
3161 1995 3306 2050 vires
3325 1993 3482 2051 dees-

1895 2095 2038 2142 sent.
2070 2085 2272 2142 Dehine
2297 2102 2365 2141 ex
2396 2087 2764 2142 misericordia
2795 2102 3019 2142 summae
3065 2088 3345 2158 potestatis
3369 2130 3383 2155 ,
3412 2087 3480 2143 ad

1894 2177 2045 2248 cujus
2070 2177 2327 2250 efﬁgiem,
2362 2195 2462 2234 nee
2491 2189 2668 2235 tamen
2700 2181 2857 2250 plene
2887 2191 3246 2252 perspectam,
3278 2193 3482 2238 temere

1895 2279 2129 2327 structus
2155 2273 2365 2339 fuisset,
2396 2273 2742 2329 scintillulam
2773 2275 2899 2330 vitae
2927 2285 3276 2332 consecutum
3303 2319 3316 2342 ,
3362 2292 3482 2347 qua:

1896 2363 2023 2419 illud
2053 2366 2390 2421 exsuscitarit
2411 2376 2464 2422 et
2489 2368 2744 2432 erexerit,
2769 2377 2824 2423 et
2847 2369 3182 2426 constantius
3207 2370 3478 2437 animarit,

1894 2465 1947 2511 et
1989 2468 2111 2527 post
2152 2459 2435 2514 decessum
2489 2461 2611 2516 vitae
2641 2461 2709 2515 ad
2741 2461 3014 2517 matricem
3065 2463 3299 2518 relatura
3328 2464 3415 2518 sit.
3454 2482 3472 2510 ι

1894 2549 2160 2620 (Tertull.,
2193 2551 2282 2606 lib.
2311 2554 2374 2607 de
2394 2553 2593 2618 Anim,
2627 2570 2742 2624 cap.
2771 2555 2860 2620 25,
2892 2572 3012 2626 pag.
3043 2553 3196 2628 555.)
3240 2555 3346 2612 Sed
3394 2557 3482 2612 hic

1897 2657 2051 2698 error
2077 2655 2334 2714 quantum
2365 2646 2432 2700 ab
2457 2647 2718 2717 explicata
2742 2647 2967 2702 Arnohii
2997 2648 3250 2719 Opinione
3275 2649 3480 2706 discre-

1896 2745 2006 2803 pet,
2037 2751 2197 2791 nemo
2218 2752 2348 2792 sane
2369 2747 2452 2793 est
2483 2739 2572 2808 qui
2595 2755 2700 2794 non
2734 2739 2929 2795 videat.

1966 2829 2233 2885 Praeterea
2288 2831 2398 2885 alio
2446 2832 2499 2885 in
2551 2832 2692 2886 libro
2741 2833 3219 2889 animadvertimus
3260 2835 3406 2906 (tam.
3440 2852 3478 2901 ι,

1896 2925 2149 2993 Apparat.
2184 2923 2273 2978 lib.
2295 2941 2367 2990 ll;
2395 2925 2596 2981 dissert.
2634 2928 2685 2993 1,
2719 2944 2834 2997 cap.
2866 2928 2919 2993 5,
2973 2937 3072 2981 art.
3111 2929 3162 2995 -l,
3198 2946 3318 3002 pag.
3350 2929 3478 2994 286,

1896 3025 1942 3069 et
1979 3026 2079 3070 art.
2123 3018 2190 3083 5,
2229 3018 2358 3088 ξε,
2391 3035 2510 3089 pag.
2540 3018 2680 3080 292:
2710 3031 2760 3074 et
2789 3037 2903 3091 cap.
2934 3022 3000 3089 5,
3027 3023 3055 3095 θ
3085 3025 3144 3090 '5,
3175 3043 3293 3098 pag.
3325 3026 3476 3098 517).

1899 3109 2250 3166 Saturninum
2281 3111 2535 3167 docuisse
2578 3113 2849 3171 hominem
2878 3127 3179 3187 caeteraque
3203 3121 3380 3176 omnia
3413 3122 3483 3177 ab

198 3227 286 3274 tcr
315 3218 645 3290 pronuntiat.
681 3215 896 3271 Alicuhi
925 3213 1190 3285 siquidem
1226 3232 1238 3268 :
1275 3232 1294 3265 ε
1325 3212 1722 3282 Conspicimus,
1767 3231 1785 3264 ι
1822 3189 1867 3250 C
1899 3205 2102 3275 angelis
2131 3247 2146 3270 ,
2182 3217 2368 3274 praeter
2396 3208 2758 3262 conscientiam
2787 3209 2993 3277 Patris;
3024 3223 3078 3267 et
3101 3213 3480 3284 Carpocratem

197 3315 275 3368 ait
303 3311 492 3381 (Ibid.,
525 3329 645 3382 pag.
672 3308 787 3381 75),
819 3328 836 3360 ‹
869 3308 1135 3373 homines,
1172 3307 1223 3362 id
1248 3317 1350 3373 est,
1392 3307 1599 3361 animas
1627 3309 1788 3375 ipsas,

199 3407 354 3480 (quid
384 3408 527 3462 enim
556 3415 682 3462 sunt
712 3403 980 3469 homines,
1001 3403 1100 3458 nisi
1126 3403 1318 3456 anima:
1344 3400 1663 3470 corporibus
1693 3400 1794 3454 illi-

197 3498 402 3572 gatm?)
460 3499 706 3555 smvitate
747 3496 1125 3552 innumerabili
1153 3495 1408 3550 vitiorum
1441 3494 1585 3565 ipsos
1617 3509 1677 3549 se
1705 3495 1790 3549 in-

197 3597 384 3652 dicare
413 3612 517 3650 non
546 3609 666 3649 esse
693 3594 904 3664 patricii
932 3592 1148 3662 generis
1172 3634 1187 3656 ,
1222 3591 1316 3647 sed
1341 3605 1405 3644 ex
1429 3588 1793 3644 mediocribus

197 3689 418 3745 familiis
462 3696 796 3758 procreatos.
841 3705 858 3736 ι
914 3684 1055 3739 Alibi
1109 3699 1240 3738 vero
1285 3682 1470 3753 (lbid.,
1502 3699 1622 3752 pag.
1651 3681 1788 3750 79):

204 3801 226 3836 ε
262 3781 379 3837 Νοη
401 3781 602 3837 absone
623 3822 637 3846 ,
685 3793 857 3849 neque
887 3778 1117 3833 inaniter
1139 3777 1410 3832 credimus
1438 3775 1628 3831 mediae
1657 3791 1791 3845 qua-

197 3877 367 3932 litatis
421 3889 544 3930 esse
597 3873 805 3927 animas
855 3871 1161 3937 hominum,
1197 3878 1382 3940 utpote
1409 3885 1438 3923 τι
1473 3869 1635 3923 rebus
1685 3883 1792 3923 non

199 3968 584 4043 principalibus
627 3966 816 4021 editas.
854 3983 872 4014 ι
926 3963 1063 4031 Quid
1115 3962 1283 4017 vero?
1329 3961 1471 4032 quod
1506 3961 1794 4031 impietatis

198 4081 324 4124 eum
383 4071 638 4126 accusat,
689 4058 781 4128 qui
830 4057 1064 4111 animam
1093 4071 1120 4109 a
1149 4055 1256 4110 Deo
1293 4065 1530 4109 creatam
1575 4055 1792 4109 dixerit.

205 4179 223 4211 ι
261 4158 544 4228 Sacrilege
589 4153 789 4210 crimen
841 4149 1130 4221 impietatis
1163 4149 1410 4212 incurrit,
1446 4147 1694 4217 quisquis
1725 4145 1792 4202 ab

197 4270 265 4310 eo
293 4248 449 4324 (Deo)
479 4247 790 4316 conceperit
821 4244 1094 4298 hominem
1119 4257 1240 4297 esse
1263 4249 1584 4312 prognatum
1605 4281 1618 4303 ,
1669 4254 1782 4294 rem

199 4346 466 4402 infelicem
490 4353 544 4398 et
566 4343 840 4395 miseram.
869 4357 887 4389 ι
913 4337 1042 4405 Quis
1070 4336 1250 4406 itaque
1277 4333 1594 4389 difiitebitur
1623 4342 1793 4386 ratam

200 4439 280 4494 illi
306 4445 615 4505 certamque
646 4433 812 4486 fuisse
840 4430 979 4484 hanc
1008 4429 1335 4498 opinionem,
1357 4442 1515 4497 quam
1545 4425 1705 4480 toties
1732 4439 1794 4479 ac

198 4541 310 4586 tam
338 4529 483 4585 clare
505 4537 560 4581 et
579 4532 892 4580 constanter
917 4521 1132 4575 tradidit
1155 4529 1209 4575 et
1231 4517 1503 4574 asseruit?
1543 4517 1661 4571 Non
1689 4517 1794 4570 alio

1896 3297 1964 3352 ab
1987 3298 2210 3368 angelis,
2245 3314 2498 3368 supremo
2528 3310 2766 3369 parente,
2788 3318 2816 3356 a
2841 3318 2948 3373 quo
2974 3303 3302 3373 defecerant,
3327 3310 3482 3380 longe

1896 3391 2276 3458 inferioribus;
2332 3392 2656 3449 Marcionem
2689 3409 2820 3450 vero
2847 3396 2916 3451 ab
2942 3397 3112 3453 altero
3141 3399 3251 3455 Deo
3277 3411 3478 3457 creata.

1895 3483 2028 3552 Quae
2081 3483 2432 3554 proculdubio
2479 3486 2790 3555 opinionum
2837 3498 3076 3546 monstra
3123 3491 3193 3547 ab
3241 3495 3482 3551 Arnobio

1897 3578 2078 3647 potius
2106 3577 2308 3645 rejecta
2334 3594 2496 3649 quam
2528 3579 2778 3649 adoptata
2805 3591 2948 3637 sunt.

1969 3671 2273 3727 Seleuciani
2304 3689 2497 3743 porro,
2528 3683 2665 3730 teste
2694 3678 2992 3747 Augustino
3017 3696 3030 3732 :
3062 3698 3080 3731 ι
3115 3679 3223 3737 Nec
3248 3685 3482 3740 animam

1900 3766 2008 3821 Deo
2040 3767 2277 3822 tribuunt
2303 3769 2568 3833 creatori,
2621 3771 2714 3825 sed
2744 3783 3016 3830 creatures
3041 3790 3162 3832 esse
3185 3778 3482 3834 animarum

1896 3859 2119 3929 angelos
2146 3860 2331 3914 volunt
2355 3861 2423 3915 de
2453 3862 2574 3932 igne
2602 3871 2656 3917 et
2681 3865 2892 3933 spiritu.
2933 3886 2951 3918 ι
2986 3866 3226 3939 (August.
3251 3912 3267 3936 ,
3301 3871 3388 3925 lib;
3422 3875 3485 3927 de

1899 3949 2129 4019 (heram,
2164 3953 2192 4025 §
2226 3951 2341 4024 56.)
2374 3953 2478 4010 Sed
2511 3954 2562 4009 hi
2605 3955 2845 4013 haeretici
2893 3961 3131 4017 Arnobio
3160 3966 3484 4034 posteriores

1898 4043 2170 4099 videntur.
2205 4045 2273 4100 Et
2301 4046 2414 4101 haec
2444 4047 2660 4117 quidem
2688 4049 2742 4104 in
2768 4067 2953 4107 eorum
2981 4058 3202 4124 gratiam
3231 4057 3484 4114 observa-

1897 4153 2036 4205 mus,
2060 4139 2150 4209 qui
2173 4139 2295 4208 jure
2325 4140 2516 4196 inerito
2543 4143 2729 4198 volunt
2755 4145 2822 4201 de
2849 4148 3190 4217 antiquorum
3225 4152 3482 4210 Ecclesia:

1896 4229 2112 4284 Patrum
2140 4233 2356 4301 scriptis
2383 4242 2438 4287 et
2461 4237 2744 4292 sententiis
2774 4250 3022 4296 accurate
3053 4241 3346 4313 disputari,
3382 4261 3482 4303 nec

1896 4324 1975 4377 eis
2000 4323 2224 4391 alienos,
2254 4326 2322 4381 de
2341 4327 2538 4396 quibus
2561 4328 2690 4384 nihil
2721 4346 2970 4402 umquam
2988 4335 3308 4404 cogitarunt,
3333 4353 3483 4394 erro-

1897 4430 1984 4471 res
2015 4416 2233 4472 ascribi.

1968 4508 2236 4566 Caaterum
2264 4514 2405 4569 scire
2427 4529 2613 4584 parum
2645 4516 2869 4572 interest
2895 4528 3095 4587 utrum,
3121 4531 3175 4576 et
3196 4537 3261 4578 ex
3287 4525 3480 4592 quibus

199 4633 382 4680 autem
411 4619 761 4676 fundamento
789 4615 1011 4677 nititur;
1047 4612 1148 4666 nisi
1178 4610 1320 4681 quod
1348 4624 1687 4680 persuasum,
1714 4607 1790 4661 uti
1821 4580 1874 4641 D
1900 4603 2170 4663 haereticis
2199 4623 2349 4662 suam
2378 4609 2684 4678 opinionem
2712 4611 2984 4666 Arnobius
3007 4613 3341 4672 delibaverit.
3374 4619 3481 4674 No-

200 4721 456 4783 vidimus,
487 4717 645 4788 plane
675 4713 862 4768 habuit
886 4707 1151 4772 homines,
1186 4723 1280 4761 seu
1304 4706 1516 4760 animas
1545 4703 1792 4758 humanis

198 4810 522 4882 corporibus
546 4808 793 4878 illigatas,
821 4811 897 4856 tot
929 4800 1071 4854 vitiis
1095 4799 1422 4861 obnoxias,a
1455 4797 1563 4850 Deo
1589 4797 1792 4866 optimo

198 4904 457 4969 maxime,
476 4902 567 4971 qui
592 4900 724 4956 nihil
747 4896 850 4952 nisi
872 4893 1090 4951 omnino
1119 4890 1413 4962 perfectum
1445 4899 1496 4944 et
1526 4890 1788 4958 integrum

201 5002 382 5057 facere
410 5003 608 5069 potest,
641 5002 850 5050 creatas
881 5005 987 5045 non
1013 4989 1197 5043 fuisse.

277 5092 384 5149 Sed
435 5091 558 5144 huic
601 5087 826 5145 Arnobii
865 5082 1104 5155 opinioni
1133 5096 1237 5135 non
1267 5078 1441 5133 solum
1471 5077 1716 5131 falsitatis
1737 5086 1793 5132 et

201 5185 430 5251 erroris,
463 5182 556 5238 sed
589 5180 930 5236 deliramenti
963 5178 1154 5238 etiam,
1186 5170 1575 5240 horrendaeque
1606 5169 1791 5238 impie-

201 5282 352 5344 tatis,
376 5285 430 5332 et
456 5274 804 5344 blasphemia:
827 5279 950 5326 nota
976 5270 1044 5324 ab
1061 5263 1458 5323 Elmenhorstio
1482 5271 1535 5317 et
1563 5261 1796 5316 Heraldo

203 5373 456 5429 inuritur.
490 5366 570 5421 Ex
600 5365 835 5422 Simonis
866 5373 1044 5417 autem
1072 5357 1380 5423 Saturnini,
1415 5354 1790 5424 Carpocratis,

199 5457 493 5520 Marcionis
523 5501 535 5522 ,
594 5456 1034 5512 Seleucianorum
1078 5461 1132 5506 et
1181 5450 1594 5504 Hermianorum
1633 5447 1794 5514 insig-

204 5556 354 5613 nium
381 5551 754 5607 haereticorum
799 5548 981 5603 schola
1012 5548 1152 5599 hunc
1175 5558 1419 5598 errorem
1448 5541 1790 5610 deprointum

203 5645 530 5704 existimant.
564 5641 715 5710 Quod
745 5640 960 5712 quidem
1004 5638 1232 5708 probare
1260 5645 1524 5690 conantur
1555 5633 1791 5687 auctori~

204 5750 317 5796 tate
337 5736 672 5803 Tertulliani,
695 5737 784 5804 qui
817 5735 867 5789 in
895 5733 1032 5788 libro
1058 5731 1124 5787 de
1154 5727 1654 5798 l’raescriptionibus
1683 5724 1792 5779 Ine-

204 5834 497 5895 t‘eticorum
523 5829 762 5905 (Tertull.
795 5829 882 5884 tib.
931 5827 993 5882 de
1041 5823 1263 5882 Prazscr.
1297 5824 1472 5880 lueret.
1503 5865 1516 5891 ,
1550 5838 1667 5892 cap.
1695 5819 1791 5892 46)

1896 4699 1977 4755 bis
2006 4703 2148 4756 enim
2173 4716 2333 4758 nosse
2359 4702 2557 4757 sufficit
2575 4720 2693 4758 eam
2717 4703 2966 4761 falsitatis
2988 4717 3042 4764 et
3063 4713 3261 4766 erroris
3286 4716 3480 4772 merito

1895 4794 2268 4850 condemnari.
2288 4795 2370 4848 Ab
2387 4795 2688 4865 Augustino
2704 4797 2921 4868 quippe,
2947 4809 3002 4854 ut
3021 4800 3155 4858 alios
3185 4813 3477 4875 taceamus,

1896 4883 1978 4940 his
2006 4885 2186 4940 verbis
2219 4886 2573 4954 proscribitur
2602 4905 2615 4940 :
2650 4905 2670 4938 ί
2703 4888 2802 4956 Qui
2851 4889 3060 4946 Platoni
3097 4909 3196 4949 suo
3231 4899 3478 4966 credunt,

1894 4991 2000 5031 non
2027 4978 2094 5030 ab
2118 4977 2445 5037 illosummo
2481 4979 2610 5046 Deo,
2643 4981 2731 5051 qui
2764 4981 3057 5042 fabricatus
3085 4998 3166 5044 est
3197 4994 3477 5061 mundum,

1899 5068 1992 5122 sed
2014 5067 2082 5121 ab
2109 5067 2228 5123 aliis
2272 5069 2571 5126 minoribus
2593 5112 2608 5136 ,
2636 5087 2772 5143 quos
2795 5075 3011 5146 quidem
3043 5079 3157 5150 ipse
3180 5087 3479 5155 creaverit,

1898 5161 2162 5230 permissu
2204 5162 2318 5217 sive
2349 5162 2505 5232 jussu
2534 5163 2653 5234 ejus
2694 5167 2946 5224 animalia
2979 5171 3113 5228 facta
3143 5187 3332 5232 cuncta
3362 5195 3482 5236 esse

1897 5251 2172 5319 mortalia,
2205 5253 2258 5308 in
2287 5253 2482 5323 quibus
2523 5257 2687 5312 homo
2727 5261 3078 5332 praecipuum,
3111 5265 3321 5338 diisque
3351 5271 3480 5341 ipsis

1896 5354 2182 5414 cognatum
2205 5387 2218 5410 ,
2253 5356 2458 5401 teneret
2499 5347 2706 5416 locum,
2737 5352 2780 5404 si
2813 5356 3196 5423 superstitione
3223 5373 3477 5433 careant,

1897 5454 1999 5507 qua
2021 5449 2289 5506 quaerunt,
2314 5441 2458 5495 unde
2479 5440 2626 5510 juste
2653 5443 2937 5500 videantur
2964 5463 3114 5504 sacra
3140 5465 3188 5506 et
3215 5457 3479 5516 sacrificia

1896 5530 2095 5597 facere,
2120 5533 2272 5602 quasi
2295 5533 2662 5589 conditoribus
2691 5536 2825 5602 suis,
2847 5538 3004 5596 facile
3029 5544 3288 5602 carebunt
3314 5551 3477 5610 etiam

1896 5625 2052 5696 hujus
2081 5627 2348 5697 opinionis
2371 5644 2577 5685 errore.
2607 5629 2790 5700 Neque
2817 5633 2962 5689 enim
2991 5636 3070 5691 fas
3091 5649 3175 5695 est
3195 5642 3354 5700 ullius
3384 5663 3479 5702 na-

1898 5731 2054 5784 turae,
2078 5722 2372 5792 quamlibet
2392 5724 2625 5780 minimae
2655 5709 3005 5800 mortalisque
3033 5744 3350 5804 creatorem,
3373 5743 3474 5799 nisi

1895 5815 2064 5876 Deum
2116 5816 2341 5877 credere
2366 5832 2429 5874 ac
2454 5818 2634 5875 dicere
2655 5859 2670 5887 ,
2720 5829 2776 5877 et
2803 5833 3088 5896 antequam
3117 5831 3284 5901 possit
3311 5833 3473 5899 intcl~
