4030 6284
524 271 634 335 485
1766 254 2251 352 uoisssurarto
2285 269 2562 329 ramo
3722 265 3842 321 iss

529 386 676 459 ligio
709 386 978 461 (Aegatae,
1008 389 1098 447 lib.
1130 404 1226 456 xu,
1255 389 1319 447 de
1342 389 1651 463 Civit.,cap.
1675 391 1765 460 ει,
1800 409 1918 463 pag.
1949 390 2103 459 322.)
2131 399 2184 458 Α
2208 390 2368 445 etiam
2390 385 2715 444 .beterodoxi
2742 385 3039 455 scriptores
3065 383 3299 454 ingenue
3324 397 3387 437 ac
3410 379 3652 437 rotunde
3684 394 3843 436 con-

529 481 682 548 Quod
725 483 938 553 quidem
983 482 1321 552 Epiphanius
1371 484 1574 554 aliique
1614 485 1778 541 variis
1831 485 2108 555 certisque
2220 479 2457 539 ﬁtentur.
2511 476 2797 551 (ﬂoornb.,
2863 475 3093 531 Exarsit.
3150 475 3412 548 theolog.,
3464 474 3554 532 lib.
3586 489 3649 542 ι,
3686 472 3721 545 §
3760 487 3841 540 ιιι

531 587 701 631 sacras
724 572 1014 643 Scriptura:
1036 576 1355 633 tes1imoniis
1381 576 1777 634 demonstrant.
1799 577 2116 651 (Epiphan.,
2221 588 2340 644 pag.
2373 570 2526 644 150.)

533 665 711 723 nterea.
733 667 824 733 95,
855 665 961 739 55.
991 685 1111 740 pag.
1136 669 1207 727 65
1228 680 1274 723 et
1293 670 1456 743 seqq.)
2290 666 2400 722 Cur
2429 680 2578 737 ergo,
2617 666 2850 735 inquies,
2884 673 3033 720 tanto
3057 664 3262 733 labore,
3284 673 3442 720 tanta
3481 679 3673 736 opera,
3715 673 3840 719 tam

604 758 771 813 Porro
790 768 971 819 autem
999 762 1251 831 quamvis
1272 762 1545 820 Arnobius
1573 772 1678 821 tam
1708 763 1993 834 pra-fracte
2016 779 2117 819 ne-
2221 759 2394 829 longis
2445 760 2785 816 sermonibus
2831 760 3059 829 probare
3104 758 3389 814 contendit
3443 757 3689 814 hominis
3751 765 3839 813 tot

531 866 659 923 gare
692 851 936 915 videatur
961 854 1171 913 animas
1204 857 1480 913 hominum
1521 873 1550 913 a
1577 870 1791 913 summo
1814 858 1925 913 Deo
1956 858 2121 914 fuisse
2222 855 2488 924 tantisque
2547 855 2775 908 miseriis
2839 854 3058 909 obnoxii
3097 855 3328 910 animam
3357 868 3387 907 a
3416 852 3525 907 Deo
3567 866 3680 907 non
3733 866 3843 922 p04

532 953 738 1001 creatas
767 986 783 1011 ,
833 945 889 1005 in
935 946 1082 1005 illius
1123 958 1302 1007 tamen
1343 948 1718 1006 defensionem
1761 950 1946 1007 afferri
1979 949 2123 1006 haud
2224 948 2390 1001 tuisse
2418 947 2633 1001 creari?
2662 946 2853 1003 Nonne
2879 949 3009 1003 illud
3036 948 3148 1004 sola
3181 947 3386 1018 peceati
3417 945 3701 1017 originalis
3732 960 3840 1001 ex-

534 1036 756 1095 forsitan
784 1039 967 1110 inepte
990 1044 1330 1111 poteriteum
1352 1052 1559 1111 aperte,
1604 1053 1663 1099 ut
1690 1044 1929 1100 vidimus
1956 1044 2120 1117 (Sup.
2226 1041 2524 1111 positione,
2556 1042 2639 1096 vel
2669 1041 2878 1112 prolato
2926 1053 3130 1098 tantum
3163 1042 3382 1097 nomine
3412 1040 3691 1111 erplicare
3727 1054 3838 1109 po-

534 1130 698 1203 cap.),
728 1130 980 1188 docuisse
1003 1133 1169 1189 Deum
1203 1150 1472 1192 summum
1499 1150 1621 1193 esse
1650 1153 1832 1193 rerum
1858 1138 2122 1205 omnium,
2227 1136 2405 1190 terat?
2448 1134 2665 1204 Optime
2718 1136 2957 1206 quidem.
3001 1136 3109 1193 Sed
3164 1136 3585 1203 animadvertas,
3630 1134 3838 1201 velim,

534 1236 598 1275 ac
638 1222 957 1279 nominatim
987 1226 1139 1293 solis,
1186 1226 1351 1294 lunae,
1380 1236 1542 1295 atque
1569 1228 1854 1297 ipsiusmet
1890 1228 2126 1285 hominis
2227 1243 2350 1283 eum
2376 1229 2633 1285 adversus
2658 1230 2911 1286 Ethnieos
2933 1230 3229 1302 disputare,
3250 1232 3340 1302 qui
3370 1230 3578 1285 animas
3606 1240 3841 1284 nostras

537 1326 854 1371 creatorem.
892 1317 1016 1373 llaec
1045 1319 1323 1375 enimvero
1352 1330 1478 1377 sunt
1506 1322 1729 1379 totidem
1754 1323 1898 1380 illius
1919 1323 2123 1380 verba:
2230 1322 2579 1383 divinas,aut
2599 1323 2803 1393 prolem
2846 1323 3115 1389 divinam,
3163 1334 3257 1378 aut
3310 1323 3401 1378 Del
3443 1330 3655 1392 partem
3706 1335 3844 1376 esse

544 1424 563 1458 ι
593 1406 783 1465 Nonne
824 1409 947 1465 huic
976 1426 1165 1467 omnes
1192 1412 1451 1469 debemus
1474 1454 1490 1480 ,
1522 1414 1625 1471 hoc
1653 1416 1830 1484 ipsum
1860 1417 2123 1486 primum,
2231 1418 2650 1483 somniaverant,
2683 1416 2925 1487 nihilque
2951 1431 3019 1472 ne
3043 1415 3365 1471 somniando
3386 1414 3603 1487 quidem
3627 1414 3701 1470 de
3720 1415 3844 1470 ori-

537 1500 683 1570 qnod
714 1516 935 1570 sumus,
968 1504 1111 1575 quod
1141 1519 1265 1561 esse
1291 1505 1539 1563 homines
1578 1505 1843 1577 dicimur,
1889 1507 2032 1579 quod
2060 1507 2130 1563 ah
2233 1510 2394 1581 ginali
2420 1510 2787 1580 cogitaverant
2814 1519 3055 1580 peccato.
3091 1509 3230 1577 Quid
3275 1523 3437 1581 ergo,
3488 1510 3535 1564 si
3586 1507 3717 1563 illos
3769 1521 3847 1563 ex

538 1610 604 1650 eo
632 1596 715 1650 vel
747 1596 937 1666 missi,
991 1597 1077 1653 vel
1124 1598 1257 1668 lapsi
1309 1600 1554 1657 carcitate
1601 1599 1762 1670 hujus
1802 1604 1855 1657 in
1884 1602 2131 1671 corporis
2233 1606 2470 1675 ipsorum
2500 1615 2705 1661 tantum
2748 1607 2956 1678 placitis
2994 1607 3316 1678 redarguat,
3360 1615 3524 1676 atque
3553 1604 3622 1660 ad
3657 1604 3849 1660 homi-

539 1691 916 1746 continemur?
958 1690 1075 1748 Non
1100 1692 1245 1763 quod
1276 1693 1606 1759 incedimus,
1642 1695 1783 1764 quod
1829 1696 2129 1765 spiramus,
2238 1713 2382 1764 nem,
2414 1709 2471 1757 ut
2494 1699 2662 1764 aiunt,
2692 1708 3097 1770 argumentatus
3152 1700 3258 1766 sit,
3313 1713 3412 1754 nec
3458 1697 3735 1769 putaverit
3768 1696 3849 1753 ibi

540 1792 595 1837 et
626 1784 854 1840 vivimus
880 1784 948 1838 ab
975 1799 1041 1840 eo
1066 1784 1133 1841 ad
1163 1800 1262 1841 nos
1308 1786 1454 1842 venit
1484 1828 1500 1853 ,
1554 1787 1715 1854 vique
1761 1787 1876 1855 ipsa
1918 1787 2130 1843 vivendi
2162 1802 2210 1862 Β
2237 1793 2438 1863 peccati
2494 1793 2771 1864 originalis
2799 1834 2814 1858 ,
2873 1794 2967 1849 sed
3012 1792 3137 1848 alibi
3189 1792 3490 1848 faciendam
3523 1807 3649 1847 esse
3678 1806 3850 1845 men-

542 1877 707 1934 eilicit
733 1893 832 1935 nos
862 1893 1003 1946 esse,
1030 1888 1085 1934 et
1111 1879 1326 1935 animali
1360 1881 1654 1950 agitatione
1681 1881 1929 1939 moveri?
1958 1901 1978 1935 ι
2013 1882 2135 1952 (Ar-
2237 1886 2474 1945 tionem?
2516 1886 2654 1954 Quid
2698 1896 2879 1942 autem
2908 1903 2973 1945 ex
2999 1895 3231 1957 negante
3276 1894 3598 1956 argumento
3636 1884 3853 1939 conﬁci

545 1969 690 2037 nob.,
723 1969 813 2025 lib.
845 1985 883 2035 ι,
913 1988 1034 2045 pug.
1062 1968 1175 2042 l6.)
1205 1971 1274 2027 At
1301 1972 1345 2027 si
1379 1972 1518 2029 Deus
1549 1987 1812 2036 summus.
1836 1974 1905 2029 de
1928 1988 2033 2043 quo
2061 1973 2133 2029 ibi
2236 1990 2415 2052 potest
2460 1990 2649 2037 contra
2697 1997 2813 2037 rem
2842 1981 3075 2053 aliquam
3098 2022 3113 2048 ,
3155 1995 3316 2052 quam
3356 1988 3622 2035 assertam
3671 1976 3856 2034 habeo

544 2062 783 2131 disiiutat
808 2103 821 2129 ,
854 2062 926 2117 sit
955 2078 1136 2121 rerum
1169 2062 1409 2131 omnium
1436 2075 1671 2138 creatum,
1701 2066 1745 2123 si
1776 2065 1852 2123 illi
1873 2066 2135 2124 debemus
2238 2075 2400 2129 mus?

546 2155 688 2231 quod
714 2171 899 2215 sumus
930 2155 1202 2223 homines,
1226 2158 1271 2217 si
1297 2157 1367 2213 ab
1392 2172 1460 2213 eo
1487 2157 1553 2217 ad
1579 2173 1679 2215 nos
1707 2160 1853 2216 venit
1876 2160 2020 2230 quod
2047 2176 2137 2217 suo

548 2264 684 2315 lltllS,
718 2257 772 2305 et
801 2248 1049 2317 vivimus,
1082 2259 1228 2309 certe
1257 2248 1384 2307 inde
1404 2250 1647 2319 sequitur
1676 2251 1820 2321 quod
1848 2259 1907 2308 et
1932 2252 2137 2308 anima»

547 2359 663 2401 rum
688 2355 991 2409 nostrarum
1013 2355 1203 2403 auctor
1232 2346 1301 2399 sit
1325 2356 1380 2405 et
1407 2346 1797 2403 creator.Niliil
1827 2346 2047 2417 quippe,
2082 2354 2139 2402 ut

548 2440 615 2493 ab
644 2455 709 2497 eo
740 2439 1018 2497 deﬁnitum
1069 2440 1476 2501 observavimus
1501 2438 1688 2511 (Ibid,
1713 2440 1804 2497 lib.
1832 2457 1890 2507 ll,
1918 2458 2038 2513 pag.
2068 2441 2139 2496 5%

548 2542 595 2587 et
626 2533 743 2605 56).
775 2533 920 2595 aliud
948 2544 1075 2589 sunt
1100 2534 1346 2595 homines
1364 2574 1380 2602 ,
1408 2550 1570 2604 quam
1595 2534 1792 2593 animm
1820 2536 2140 2606 corporibus

550 2624 767 2692 clauem,
794 2625 876 2681 vel
898 2625 1152 2695 alligata}.

623 2716 760 2783 Quid
787 2717 958 2787 ergo?
983 2715 1255 2788 Numquid
1286 2717 1379 2783 ille
1405 2717 1509 2775 sibi
1530 2734 1641 2775 non
1658 2720 2004 2787 constitisse,
2043 2720 2140 2777 sed

2827 2180 3123 2224 ARTICULUB
3155 2182 3215 2222 111
3224 2209 3237 2223 .

2239 2280 2359 2341 Quae
2394 2279 2547 2330 fuerit
2568 2291 2684 2329 vera
2710 2278 2909 2329 Arnobii
2926 2280 2991 2329 de
3017 2280 3191 2329 anima
3223 2278 3450 2329 humanm
3471 2285 3650 2329 natura
3674 2283 3738 2328 et
3758 2279 3857 2327 im-

2238 2340 2271 2403 ρ
2299 2342 2600 2454 mortalilitate
2622 2345 2805 2456 opinio,
2833 2350 2887 2395 et
2909 2353 3071 2394 utrum
3091 2345 3143 2394 iu
3165 2342 3427 2409 quemdam
3460 2342 3527 2392 de
3566 2340 3659 2393 illa
3698 2354 3857 2391 erro.

2302 2421 2407 2456 rem
2454 2420 2599 2471 apsus
2616 2419 2660 2456 SI
2687 2442 2697 2454 .

2312 2511 2451 2581 Quid
2480 2511 2547 2567 de
2574 2512 2686 2582 ipsa
2716 2510 2964 2569 humanae
2986 2510 3179 2568 anima:
3209 2520 3418 2577 natura,
3451 2508 3709 2581 illiusque
3742 2510 3855 2566 im-

2241 2607 2571 2665 mortalitate
2585 2606 2781 2665 sentiat
2797 2605 3085 2671 Arnobius,
3100 2616 3155 2660 et
3175 2613 3353 2660 utrum
3375 2604 3428 2659 iu
3450 2618 3511 2658 ea
3531 2603 3857 2659 deﬁnienda

2243 2715 2432 2759 rursus
2462 2715 2558 2771 per
2586 2686 2851 2767 errorem,
2877 2706 2935 2755 ut
2960 2697 3175 2769 quidam
3198 2699 3512 2767 Opinantur,
3537 2697 3730 2767 lapsus
3756 2696 3854 2763 sit,

552 2811 786 2871 absurde
823 2813 1226 2871 contradixisse
1273 2813 1540 2873 dicendus
1569 2816 1689 2872 est?
1719 2816 1824 2873 Sed
1854 2815 1984 2886 quid
2012 2830 2140 2887 pro-
2244 2810 2274 2855 θ
2302 2796 2458 2853 "oms
2485 2794 2662 2857 adhuc
2687 2806 2772 2851 εει
2799 2792 2991 2887 sedul?
3029 2792 3427 2863 ἰηιιιιίτθυάυιιι·
3478 2790 3563 2846 ΑΙ)
3601 2789 3856 2847 ΒεντιΜο

556 2904 703 2961 bibet
731 2905 1019 2975 quominus
1040 2906 1159 2969 sine
1190 2906 1298 2961 ulla
1322 2906 1479 2976 plane
1506 2907 1671 2965 enim
1698 2886 2061 2965 ίυοοηειοηιεε
2087 2917 2144 2964 οι
2245 2902 2424 2948 autem
2467 2889 2717 2946 docuisse
2760 2886 3102 2945 insimulatur
3121 2900 3241 2939 eam
3264 2897 3584 2955 corpoream
3614 2897 3768 2947 esse,
3798 2891 3856 2939 et

554 2997 891 3055 νυιυωιίιειιθ
929 3012 1174 3059 asserere
1197 3001 1433 3070 ροιυειιίι
1457 3002 1665 3063 mima
1689 3016 1798 3061 ηοη
1819 3002 2146 3073 ammon,“
2248 2983 2551 3041 mortalem.
2597 2980 2707 3039 Sed
2737 2980 2853 3037 haec
2879 2978 3057 3051 gravis
3088 2978 3393 3035 criminatio
3433 2976 3687 3035 examine
3715 2990 3854 3047 pro-

555 3093 924 3166 omnipotentc
947 3094 1078 3165 Deo,
1102 3103 1373 3166 tamquam
1402 3110 1562 3156 causa
1587 3095 1965 3165 proxima,sed
1983 3110 2145 3153 causa

2267 3077 2503 3135 :uldubio
2528 3077 2752 3148 indiget.
3556 3162 3571 3173 .
3693 3161 3706 3173 .

556 3162 760 3245 tantum
788 3200 1015 3261 remota.
1041 3162 1092 3253 et
1121 3162 1362 3251 οιιηξίυω
1392 3162 1711 3260 primm-pe.-
1732 3190 1896 3246 ιιιωηι
1925 3205 1956 3245 θ
1977 3205 2141 3262 “De.
2171 3194 2217 3261 ο
2321 3172 2562 3227 Primum
2612 3171 2791 3240 itaque
2837 3176 2987 3238 putat
3025 3162 3856 3262 lleraldusanimasbominum

554 3280 788 3336 rioribus
815 3256 1172 3352 potestatibus
1199 3256 1431 3350 aliquem
1459 3256 1708 3338 creatas?
1762 3282 1957 3337 Verum
2009 3256 2148 3338 hanc

2267 3280 2537 3336 :orporeas
2562 3265 2630 3321 ab
2656 3274 2878 3321 auctore
2900 3268 3085 3319 nostro
3108 3261 3319 3315 censeri
3342 3300 3356 3328 ,
3396 3258 3517 3331 quia
3541 3257 3667 3313 illas
3696 3256 3858 3313 dolo-

557 3388 663 3427 non
692 3349 859 3429 fuisse
889 3372 1034 3431 illius
1061 3349 1371 3442 opinionem
1396 3373 1522 3431 inde
1541 3373 1735 3431 conllci
1758 3374 2147 3444 videtur,quod

2267 3359 2324 3415 'is
2350 3374 2510 3417 sensu
2546 3356 2690 3413 allici
2723 3354 3014 3411 arbitratus
3048 3364 3152 3409 est.
3184 3352 3414 3409 Ubinam
3446 3366 3577 3406 vero
3603 3349 3856 3423 gentium

558 3464 645 3519 illa
671 3464 863 3520 iisdem
886 3472 1160 3523 evertatur
1179 3465 1532 3536 argumentis,
1548 3465 1763 3535 quibus.
1785 3466 1861 3521 uti
1882 3466 2144 3533 diximus,

559 3559 676 3628 ipse
698 3560 930 3628 probare
959 3568 1203 3629 conatus
1251 3568 1368 3630 est,
1410 3560 1649 3627 animos,
1683 3568 1868 3630 utpote
1891 3560 2035 3617 vitiis
2057 3562 2152 3616 ob—

562 3655 793 3721 noxias,
834 3668 942 3713 non
993 3653 1286 3724 potuissea
1312 3669 1525 3715 summo
1577 3656 1686 3713 Deo
1724 3656 1920 3712 creari.
1963 3653 2153 3712 Nonne

564 3763 693 3818 ergo
718 3745 1065 3805 verisimilius
1094 3755 1178 3802 est
1206 3746 1361 3803 illum
1385 3746 1768 3818 disputationis
1797 3755 1934 3805 mnu
1962 3746 2154 3817 abrep-

567 3852 676 3897 tum
698 3882 715 3908 ,
757 3851 910 3897 extra
939 3850 1110 3899 statos
1138 3841 1338 3903 limites
1361 3851 1740 3913 argumentum
1770 3856 1930 3899 suum
1962 3856 2155 3912 urgere

566 3950 629 3989 ac
657 3934 945 4006 prosequi?
995 3935 1054 3990 Si
1093 3936 1214 4006 quis
1253 3945 1431 4003 tamen
1481 3935 1636 3995 nobis
1665 3945 1815 3995 certo
1844 3935 2157 4006 probaverit

569 4029 724 4087 illum
792 4027 1087 4084 credidisse
1157 4030 1364 4087 animas
1414 4028 1679 4085 humanas
1734 4044 2073 4100 nequaquam
2126 4044 2159 4084 a

458 4131 468 4142 '
569 4138 778 4178 summo
825 4123 972 4187 Deo,
1017 4122 1111 4178 sed
1135 4121 1204 4179 ab
1229 4122 1579 4179 inferioribus
1604 4131 1809 4183 tantum
1837 4121 2157 4193 quibusdam

572 4216 826 4273 natalium
853 4215 1145 4287 splendore
1174 4215 1528 4273 nobilissimis
1560 4216 1917 4285 potestatibus
1946 4224 2160 4272 creatas

573 4308 738 4365 fuisse
758 4350 772 4374 ,
796 4324 895 4364 nos
924 4308 1069 4364 illico
1098 4324 1221 4365 eum
1249 4323 1460 4365 errasse
1488 4307 1808 4375 fatebimur,
1841 4323 1942 4364 nec
1967 4323 2161 4379 seque-

574 4420 694 4459 llllll'
723 4413 994 4459 errantem
1004 4443 1018 4457 .

645 4501 714 4552 At
742 4513 846 4552 non
870 4470 1056 4553 deerit.
1072 4495 1303 4557 fortasse
1326 4495 1540 4566 aliquis,
1575 4495 1669 4566 qni
1713 4494 1869 4555 nobis
1914 4503 2166 4566 suggerat

2251 3454 2449 3523 scripto
2475 3450 2591 3507 haec
2624 3437 2892 3509 tradidit?
2939 3447 3030 3502 tibi
3059 3445 3129 3503 de
3155 3446 3383 3502 Platone
3407 3444 3484 3500 ait
3533 3442 3810 3499 lleraldus
3834 3483 3853 3509 ,

2253 3547 2370 3605 haec
2387 3545 2622 3617 loquitur
2645 3544 2699 3599 in
2731 3542 2923 3597 verba:
2953 3559 2970 3593 ι
2999 3539 3135 3597 lieni
3164 3536 3559 3596 ineuodabilem
3587 3535 3857 3607 suscipit:

2254 3649 2314 3696 ut
2341 3655 2464 3695 cum
2492 3637 2699 3695 animas
2724 3635 2868 3691 dicat
2891 3634 3225 3691 immortales
3246 3674 3261 3700 ,
3296 3641 3584 3702 perpetuas
3602 3670 3617 3695 ,
3646 3641 3706 3686 et
3733 3643 3861 3684 cor-

2256 3734 2428 3805 porali
2457 3730 2730 3789 soliditate
2758 3731 3029 3801 privatas;
3062 3727 3240 3805 puniri
3279 3734 3458 3784 tamen
3485 3740 3578 3783 eas
3600 3724 3770 3792 dicat,
3805 3731 3861 3779 et

2255 3828 2460 3888 doloris
2492 3827 2692 3884 alliciat
2729 3841 2914 3881 sensu.
2960 3824 3089 3893 Quis
3119 3831 3298 3879 autem
3322 3821 3600 3878 hominum
3628 3836 3742 3875 non
3773 3820 3862 3874 vi-

2257 3923 2349 3981 det
2375 3922 2519 3997 quod
2544 3923 2616 3979 sit
2641 3920 2968 3987 immortale,
2998 3918 3140 3990 quod
3171 3916 3423 3989 simplex.
3457 3915 3663 3971 nullum
3692 3929 3863 3987 posse

2258 4012 2500 4077 dolorem
2526 4017 2845 4083 admittere;
2869 4013 3015 4085 quod
3041 4022 3220 4067 autem
3247 4011 3447 4067 sentiat
3466 4008 3739 4073 dolorem,
3768 4008 3868 4064 im-

2261 4114 2645 4173 mortalitatem
2673 4110 2874 4167 itabere
2902 4124 3010 4165 non
3037 4105 3233 4178 posse?
3266 4125 3287 4160 ι
3332 4104 3562 4178 (Arnob.
3596 4145 3614 4171 ,
3659 4103 3758 4161 lib.
3788 4120 3827 4160 ιι
3847 4146 3865 4173 ,

2262 4226 2382 4280 pag.
2412 4208 2525 4276 52.)
2556 4206 2753 4262 Verum
2780 4203 3053 4261 Arnobius
3080 4213 3316 4258 mentem
3343 4213 3676 4269 sensumque
3702 4213 3869 4255 suum

2262 4304 2338 4363 ibi
2368 4318 2472 4360 non
2505 4300 2739 4371 explicat
2768 4316 2781 4355 :
2824 4298 2920 4355 sed
2963 4296 3200 4354 ostendit
3235 4293 3518 4350 Platonem
3544 4306 3734 4349 secum
3769 4308 3872 4364 pu.

2264 4414 2480 4473 gnasse,
2513 4411 2636 4453 cum
2658 4397 2866 4450 animas
2893 4392 2994 4449 etsi
3019 4390 3375 4457 immortales,
3405 4397 3462 4443 et
3483 4387 3867 4459 incorporeas,

2267 4493 2469 4551 doloris
2498 4505 2663 4547 sensu
2688 4487 2829 4543 afﬁci
2857 4484 3195 4542 adsseverat.
3223 4481 3379 4552 Quod
3431 4481 3575 4536 enim
3638 4478 3869 4547 dolore,

574 4592 873 4648 Aruobium
896 4592 949 4647 in
981 4590 1123 4647 hunc
1148 4590 1430 4662 delapsum
1452 4604 1576 4647 esse
1595 4589 2001 4659 errorem,quin
2020 4604 2161 4645 com-
2188 4603 2245 4664 Ῑ)
2270 4587 2472 4657 inquit,
2512 4584 2769 4649 afﬁcitur,
2807 4580 3035 4639 mortale
3078 4581 3183 4646 sit,
3232 4577 3389 4648 plane
3437 4582 3669 4645 oportet.
3724 4573 3870 4641 Quid

578 4694 782 4758 pertam
817 4700 922 4743 non
946 4684 1133 4741 habuit
1155 4684 1357 4755 peccati
1381 4682 1658 4753 originalis
1687 4681 1863 4741 labem
1883 4723 1897 4746 ,
1928 4698 2030 4752 qua
2058 4681 2164 4737 fae-

578 4792 687 4836 tum
717 4792 820 4849 est,
847 4790 905 4838 ut
933 4781 1095 4836 homo
1120 4789 1197 4834 tot
1226 4778 1486 4846 miseriis,
1520 4778 1950 4842 inﬁrmitatibus,
1975 4786 2032 4835 et
2060 4776 2165 4832 illi»

579 4873 702 4928 citis
751 4873 1133 4944 cupiditatibus
1181 4873 1252 4929 sit
1302 4872 1586 4929 obnoxius.
1646 4871 1842 4929 Verum
1895 4869 2168 4941 quomodo

580 4966 849 5024 Arnobius
897 4965 1160 5036 originale
1204 4976 1482 5035 peccatum
1512 4965 1688 5035 potuit
1712 4965 1980 5034 ignorare,
2010 4978 2039 5018 a
2062 4978 2168 5033 quo

582 5063 840 5131 scriptum
866 5059 1094 5131 legimus
1118 5075 1133 5115 :
1172 5078 1191 5113 ι
1218 5058 1353 5128 Quia
1380 5060 1534 5130 proni
1555 5058 1622 5119 ad
1648 5060 1858 5128 culpas.
1888 5069 1944 5115 et
1963 5058 2031 5113 ad
2051 5058 2171 5113 libi-

581 5156 724 5212 dinis
778 5155 956 5215 varios
999 5154 1270 5233 appetitus
1295 5154 1425 5213 vitio
1449 5169 1635 5211 sumus
1666 5153 1995 5211 inﬁrmitatis
2021 5153 2169 5222 inge.

585 5249 712 5305 nitai
733 5289 749 5313 ,
800 5249 1000 5319 patitur
1042 5247 1182 5304 Deus
1207 5263 1266 5307 se
1290 5262 1506 5317 semper
1532 5248 1738 5305 nostris
1758 5248 1872 5318 cogi
1883 5246 2172 5303 lotionibus

588 5342 836 5415 concipi;
872 5352 928 5397 nt
951 5341 1078 5401 dum
1109 5341 1257 5399 illum
1288 5357 1543 5410 oramus,
1579 5352 1633 5397 et
1675 5342 1868 5397 mereri
1905 5341 2023 5411 ejus
2043 5355 2176 5399 con-

592 5436 862 5492 tendimus
902 5451 1154 5500 munera,
1194 5436 1521 5506 accipiamus
1560 5437 1883 5493 innocentiae
1930 5435 2177 5491 volunta-

2267 4690 2446 4739 autem
2475 4679 2531 4734 in
2558 4676 2659 4734 hac
2683 4673 3046 4733 euolutatione
3064 4666 3573 4728 condemnandum?

2341 4775 2443 4839 At,
2487 4769 2726 4841 inquies,
2769 4767 2861 4823 ille
2898 4779 3090 4836 reapse
3124 4763 3332 4816 animus
3359 4770 3574 4816 uestras
3604 4756 3872 4813 mortales

2270 4881 2393 4925 esse
2417 4863 2756 4935 apertissime
2782 4860 2987 4917 docuit.
3028 4855 3162 4913 Nam
3184 4855 3383 4911 ibidem
3410 4852 3570 4925 paulo
3593 4862 3716 4920 post
3738 4849 3872 4904 sub-

2267 4959 2474 5031 jnqxit:
2507 4977 2526 5011 ‹
2548 4957 2687 5013 Sunt
2716 4954 2909 5011 mediae
2936 4949 3231 5022 qualitatis,
3254 4948 3393 5007 sicut
3413 4944 3623 5003 Christo
3642 4953 3872 4999 auctore

2271 5061 2604 5125 compertum
2653 5058 2773 5116 est,
2824 5056 2879 5103 et
2926 5046 3149 5101 interire
3178 5057 3298 5113 qua:
3325 5038 3568 5112 possint,
3605 5035 3649 5092 si
3698 5037 3869 5092 neum

2273 5146 2672 5219 ignoraverint;
2721 5144 2841 5199 vita:
2867 5140 3010 5197 etab
3031 5138 3194 5194 exitio
3221 5134 3471 5204 liberari,
3500 5132 3549 5189 si
3566 5130 3632 5186 ad
3662 5132 3784 5201 eius
3811 5145 3871 5187 se

2273 5243 2449 5299 minas
2478 5240 2605 5312 (ms.
2633 5235 2755 5293 cod.
2792 5249 2907 5305 reg.
2939 5228 3156 5303 δεηιᾱιια)
3187 5237 3352 5302 atque
3376 5224 3741 5299 indulgentias
3768 5238 3867 5294 ap-

2273 5334 2542 5407 plicarint.
2580 5350 2601 5387 ι
2639 5329 2690 5401 (1
2699 5327 2831 5399 bid.)

2345 5429 2540 5485 Postea
2563 5441 2693 5483 vero
2723 5421 3168 5494 philosophorum
3195 5415 3341 5473 haud
3369 5413 3529 5470 dubie
3559 5410 3872 5468 Platonico-

586 5536 714 5595 tcm,
744 5538 798 5585 et
827 5529 896 5587 ab
917 5529 1066 5587 omni
1099 5544 1199 5588 nos
1218 5503 1339 5587 labe
1359 5529 1679 5587 delictorum
1717 5530 1957 5586 omnium
1987 5544 2178 5600 ampu-
2278 5537 2433 5587 rum,
2471 5519 2562 5590 qui
2587 5518 2795 5573 animas
2823 5513 3161 5607 immortales
3194 5505 3660 5607 esse—asserebant
3687 5545 3703 5571 ο
3751 5503 3873 5607 filii:

591 5624 791 5681 latione
833 5641 1147 5700 purgemus.
1180 5645 1199 5687 ι
1235 5624 1424 5697 (liud,
1451 5626 1542 5683 lib.
1576 5643 1613 5691 ι,
1637 5642 1759 5697 pag.
1788 5597 2153 5696 {EJQuid—es

2281 5616 2497 5671 nionem
2529 5612 2650 5669 ideo
2676 5603 3085 5679 refellit'(lbid.,
3119 5622 3243 5678 pag.
3274 5604 3344 5660 6‘5
3369 5612 3416 5658 et
3443 5597 3611 5701 seqq.)
3675 5597 3799 5667 quia
3825 5597 3871 5651 si

590 5722 792 5781 autem,
825 5692 1051 5773 obsecro
1080 5725 1154 5783 te,
1183 5692 1316 5773 illud
1346 5717 1596 5790 ingenita:
1617 5692 1949 5772 inﬁrmitatis
1966 5715 2177 5783 vitium,
2283 5708 2336 5765 id
2358 5720 2545 5763 verum
2564 5705 2654 5769 εἱιο
2674 5702 2917 5774 (ιυίιίιιθιι
2947 5699 3272 5770 omnem)“
3296 5692 3679 5793 νίτίυίίωδξω
3708 5702 3873 5793 om,",°

575 5809 697 5869 .nisi
727 5809 1021 5880 ipsummet
1046 5780 1324 5883 peccatum
1366 5780 1664 5881 originale?
1697 5807 1859 5867 Certe
1883 5808 2099 5882 quidem
2127 5780 2181 5866 id
2283 5802 2574 5875 voluptatis
2598 5809 2655 5860 et
2682 5797 2866 5871 ﬂagitii
2912 5810 3084 5889 genus
3133 5806 3256 5853 sese
3301 5802 3490 5849 secure
3519 5794 3577 5844 et
3600 5780 3876 5855 intrepide
