4030 6290
135 299 242 358 485
1385 295 1454 352 ΙΝ
1493 291 1725 352 ARNOB

1833 293 1872 360 l,
1911 291 2064 350 CAP.
2107 293 2198 350 1X.
3322 291 3424 348 486

138 415 292 470 daret
321 411 671 484 prmcipitem.
687 411 846 476 Nullo
869 410 1134 482 siquidem
1152 423 1418 481 supremae
1445 411 1724 482 potestatis
1754 411 1804 474 Α
1832 409 2034 464 tuitatis
2059 410 2227 479 possit
2249 417 2303 465 et
2331 407 2580 479 spiritum
2611 405 2926 480 subrogare,
2961 405 3062 462 nisi
3091 406 3178 479 qui
3205 405 3428 463 immor-

139 516 284 562 tnetn
311 506 354 560 is
376 506 754 564 cohiberetur:
795 524 814 558 t
850 503 970 568 Cui,
1005 523 1023 556 ι
1052 504 1218 574 inquit
1247 502 1435 573 (lbid.,
1465 520 1587 572 pag.
1612 502 1727 572 64),
1835 503 1956 556 talis
1983 511 2033 557 et
2060 514 2352 572 perpetuus
2376 504 2525 558 solus
2557 511 2661 567 est,
2715 511 2768 556 et
2801 502 2996 557 nullius
3027 501 3282 571 temporis
3319 504 3429 555 eir-

144 613 459 668 persuasum
486 597 644 654 fuerit
671 606 777 652 tam
808 611 868 652 se
891 611 1012 652 esse
1037 595 1392 654 immortalem
1420 637 1436 662 ,
1465 610 1624 664 quam
1647 595 1732 665 ip-
1835 594 2252 663 cumscriptione
2275 594 2475 649 ﬁnitus.
2518 615 2535 645 ι
2577 593 2673 649 Ubi
2701 594 2874 648 obiter
2897 594 3124 648 observa
3157 611 3182 645 a
3212 593 3432 648 Petavio

141 708 260 744 sum
288 693 455 746 Deum
485 691 770 760 primum.»
791 688 929 748 Tum
959 703 1190 758 namque
1216 702 1276 744 se
1297 687 1371 743 ita
1405 689 1730 756 incorrupti-
1836 685 2087 740 traditum
2106 701 2170 740 eo
2194 689 2413 742 nomine
2439 688 2718 758 lonngas,
2743 686 2883 742 idem
2909 687 3093 742 abillo
3117 686 3429 756 signiﬁcari,

147 784 308 840 bilem
335 798 455 840 esse
484 785 680 847 sciret;
730 793 787 838 ut
831 783 978 837 nullo
1003 796 1222 852 prorsus
1251 780 1460 846 dolore,
1489 790 1543 836 et
1569 779 1733 834 animi
1837 792 1898 832 ac
1927 779 1970 831 si
1989 777 2216 833 dixisset
2244 789 2475 833 aeternas
2499 778 2730 851 (Petav.,
2753 788 2930 839 tom.t,
2961 777 3204 849 Tlteoiog.
3234 777 3434 850 dogm.,

149 881 551 950 perturbatione
582 886 765 948 posset
796 877 996 947 pulsari
1034 885 1087 932 et
1116 875 1338 946 agitari,
1370 889 1546 944 neque
1576 873 1736 928 ullius
1839 871 1927 924 lib.
1959 887 2048 936 ιιι,
2082 889 2198 943 cap.
2224 874 2286 938 5,
2325 891 2444 944 pag.
2479 872 2624 944 l9i).
2667 869 2736 927 At
2759 871 2873 926 hac
2897 887 3058 942 porro
3079 888 3200 927 esse
3228 871 3440 926 videtur

149 975 318 1044 turpis
346 973 570 1028 actionis
599 971 761 1040 pollui
790 969 1052 1026 i'tnditate.
1099 969 1430 1039 Corporaiem
1483 969 1737 1024 enimvero
1838 967 2068 1034 genuina
2129 967 2352 1022 Aruobii
2392 969 2560 1022 nostri
2607 967 2675 1021 de
2727 966 2918 1020 animm
2957 965 3205 1020 humana:
3246 977 3436 1019 natura

147 1066 504 1128 substantiam,
537 1065 612 1118 uti
644 1064 735 1118 ille
763 1065 835 1118 ait
859 1060 1074 1134 (Ibid.),
1107 1062 1200 1132 qui
1232 1077 1338 1117 non
1382 1061 1562 1126 habet,
1590 1061 1735 1116 utilia
1839 1057 2041 1125 opinio,
2068 1072 2225 1126 quam
2253 1069 2421 1122 certe,
2452 1061 2525 1113 uti
2549 1057 2839 1126 vides,nec
2859 1057 3047 1125 semel,
3067 1072 3165 1112 nec
3186 1057 3437 1125 obscure,

150 1158 308 1228 plane
340 1157 542 1226 peccati
573 1157 733 1212 sorde
755 1157 1108 1212 contaminari
1138 1165 1336 1226 potest.
1378 1155 1510 1211 lude
1558 1165 1737 1210 autem
1840 1149 2144 1219 eaplicavit.

145 1251 347 1306 factum
371 1250 521 1316 dicit,
554 1261 611 1306 ut
639 1250 901 1305 medietas
921 1292 937 1316 ,
981 1264 1286 1320 ancepsque
1317 1247 1615 1302 animarum
1647 1263 1742 1302 na-
1842 1270 1848 1304 τ
1913 1240 2020 1297 38d
2045 1243 2272 1311 Plotium
2300 1259 2361 1298 ea
2392 1242 2460 1299 de
2486 1258 2646 1299 causa
2680 1259 2923 1299 errorum
2958 1243 3283 1318 postulatur.
3318 1242 3442 1298 Pri-

147 1351 265 1400 tura
305 1343 518 1398 dederit
574 1341 930 1413 philomphize
981 1342 1156 1396 locum
1193 1339 1470 1397 asserendi
1494 1349 1548 1395 et
1569 1340 1742 1395 bonos
1843 1350 1989 1388 mum
2015 1336 2156 1390 enim
2190 1337 2438 1392 decernit
2464 1337 2670 1392 animas
2697 1338 2867 1393 solius
2910 1338 3000 1392 Dei
3033 1336 3298 1393 beneﬁcio
3323 1351 3448 1393 esse

148 1437 406 1506 prmmia,
436 1447 491 1491 et
531 1436 701 1491 malos
747 1451 935 1506 pmnas
991 1449 1228 1490 manere.
1260 1434 1333 1488 Ea
1365 1448 1496 1488 vero
1524 1447 1739 1502 persua-
1845 1433 2201 1501 immortales,
2251 1452 2346 1490 sua
2389 1452 2521 1491 vero
2551 1446 2740 1491 natura
2773 1436 3050 1501 mortales,
3076 1445 3128 1491 et
3152 1434 3346 1500 morti,
3380 1449 3448 1489 ex

146 1529 308 1584 sione
336 1529 706 1599 unusquisque
733 1531 784 1583 in
813 1529 994 1583 ofﬁcio
1023 1543 1122 1582 suo
1166 1527 1496 1583 continetur.
1543 1526 1743 1594 Quam—
1844 1544 1946 1597 qua
1974 1545 2002 1579 a
2063 1529 2180 1582 solo
2213 1528 2322 1583 Deo
2375 1530 2712 1600 eripiuntur,
2745 1530 3041 1599 .obuoxias.
3092 1529 3161 1583 At
3190 1527 3450 1600 quidquid

144 1624 339 1678 obrem
363 1623 454 1678 ille
480 1622 607 1677 inde
625 1623 898 1678 concludit
924 1639 938 1677 :
970 1642 988 1674 ‹
1018 1622 1142 1676 Hmc
1157 1638 1277 1677 cum
1305 1625 1373 1676 ita
1406 1637 1465 1677 se
1490 1621 1743 1689 habeant,
1845 1621 2077 1676 mortale
2097 1631 2200 1687 est,
2222 1622 2349 1677 illud
2381 1623 2735 1692 proculdubio
2761 1639 3084 1695 Corporeum
3115 1639 3236 1679 esse
3263 1622 3445 1678 debet.

145 1724 210 1770 et
236 1730 356 1770 cum
381 1731 411 1769 a
434 1730 647 1770 smnmo
671 1716 922 1770 traditum
949 1726 1226 1770 teneamus
1253 1725 1470 1770 auctore
1496 1730 1600 1769 non
1627 1729 1746 1769 esse
1849 1714 1980 1783 Quis
1999 1727 2176 1771 autem
2208 1719 2378 1772 nescit
2408 1717 2550 1773 hunc
2575 1727 2819 1774 veterum
2838 1717 3193 1790 quorumdam
3221 1716 3453 1786 scripto-

146 1809 360 1864 animas
392 1811 550 1881 longe
579 1811 647 1865 ab
671 1811 900 1864 hiatibus
919 1810 1106 1866 mortis
1132 1811 1446 1866 etfaucibus
1478 1809 1743 1865 constitu-
1777 1821 1824 1882 Β
1850 1823 1968 1862 rum
2021 1823 2262 1864 errorem
2303 1824 2424 1864 esse
2477 1811 2587 1881 jam
2619 1827 2646 1864 a
2683 1810 2844 1882 longo
2867 1820 3143 1884 tempore,
3190 1826 3290 1866 nec
3328 1810 3447 1865 sine

149 1913 274 1968 us;
325 1919 480 1971 posse
511 1913 685 1958 tamen
715 1904 986 1974 longzevas
1010 1905 1204 1960 summi
1236 1904 1496 1974 principis
1525 1919 1747 1958 munere
1853 1900 2144 1970 ignominia
2179 1901 2639 1958 condemnatum?

149 2012 221 2052 ac
249 1997 511 2052 beneﬁcio
541 1997 658 2052 ﬁeri
682 2039 695 2061 ,
722 1997 764 2051 si
789 1997 948 2052 modo
974 1997 1125 2052 illum
1157 2007 1364 2054 tentent
1393 2013 1456 2051 ac
1479 1996 1748 2052 mediten-
1925 1995 2125 2050 Deinde
2151 2012 2281 2050 vero
2317 1999 2586 2052 Arnobius
2623 2007 2777 2068 putat
2811 1998 3018 2052 animas
3043 1997 3319 2054 hominum
3361 1998 3458 2054 Dei

150 2099 245 2144 tur
282 2104 668 2160 agnoscere...
715 2100 825 2144 tum
855 2089 1051 2145 deinde
1079 2088 1292 2145 feritate
1315 2098 1473 2160 atque
1501 2088 1750 2142 iubuma-
1854 2096 2056 2141 tantum
2086 2089 2348 2144 beneﬁcio
2370 2131 2384 2157 ,
2414 2091 2459 2145 si
2506 2100 2683 2145 tamen
2715 2108 2839 2147 eum
2876 2095 3230 2163 agnoverint,
3264 2103 3318 2148 et
3359 2092 3462 2147 hoc

153 2185 330 2241 nitate
373 2185 630 2256 depositis
653 2227 669 2251 ,
718 2194 996 2240 resumam
1043 2184 1254 2255 ingenia
1302 2185 1544 2248 mitiora;
1595 2193 1651 2238 ut
1686 2183 1751 2237 ad
1855 2181 2154 2234 meruerint
2187 2181 2529 2249 beneﬁcium,
2571 2184 2906 2240 immortales
2937 2185 3076 2240 ﬁeri.
3110 2187 3181 2240 At
3212 2185 3338 2240 inde
3367 2184 3466 2240 ad-

152 2278 291 2333 illud
321 2279 460 2348 quod
499 2279 708 2333 dabitur
761 2294 884 2334 esse
944 2277 1148 2346 possint
1200 2287 1398 2347 parata:
1424 2318 1438 2340 ,
1496 2276 1623 2347 quid
1673 2286 1757 2331 est
1857 2275 1962 2327 huc
1992 2274 2233 2343 sequitur
2267 2290 2583 2344 persuasum
2617 2275 2690 2330 illi
2722 2275 2890 2332 fuisse
2929 2277 3139 2332 animas
3173 2277 3461 2348 impiorum

155 2373 307 2442 quod
337 2389 366 2426 a
392 2374 544 2428 vobis
588 2385 859 2444 tamquam
899 2373 1039 2427 bruti
1065 2383 1117 2427 et
1142 2372 1324 2427 stolidi
1359 2372 1682 2442 judicemur,
1712 2372 1755 2427 si
1859 2375 1914 2422 et
1939 2366 2230 2422 inﬁdelium
2265 2368 2517 2436 interire,
2569 2383 2670 2424 nec
2710 2384 2736 2422 a
2786 2370 2896 2424 Deo
2925 2371 3331 2427 immortalitate
3360 2370 3463 2426 do-

159 2477 389 2536 propter
415 2465 516 2520 hos
546 2475 720 2520 metus
770 2466 1044 2520 liberatori
1086 2465 1330 2520 dedimus
1353 2476 1406 2520 et
1437 2464 1760 2536 mancipavi-
1861 2464 1997 2517 nari.
2046 2463 2330 2518 Secundus
2372 2475 2551 2519 autem
2598 2464 2686 2520 hic
2709 2480 2864 2519 error
2906 2476 3030 2529 est,
3080 2481 3185 2521 non
3236 2465 3463 2533 minori,

165 2573 292 2614 unus
324 2573 422 2614 nos
445 2560 574 2613 Deo.
614 2577 633 2612 ι
662 2559 851 2629 (lbid.,
881 2576 1002 2630 pag.
1037 2559 1156 2632 65.)
1861 2571 2021 2627 quam
2047 2558 2282 2626 primus,
2326 2561 2588 2614 censoria:
2632 2561 2944 2616 severitatis
2973 2570 3098 2616 nota
3126 2562 3247 2633 jure
3274 2561 3469 2619 merito

242 2651 427 2722 Neque
465 2652 604 2707 hanc
630 2653 696 2706 de
716 2653 1017 2706 animarum
1047 2653 1335 2709 medietate
1365 2655 1670 2725 opinionem
1696 2656 1765 2711 ab
1863 2650 2094 2706 inustus.

166 2745 416 2801 Ethnicis
449 2745 599 2815 rejici
637 2760 793 2815 posse
833 2746 1106 2811 ostendit;
1148 2747 1269 2818 quia
1311 2749 1386 2802 illi
1437 2749 1569 2804 deos
1597 2766 1762 2815 suos,
1937 2743 2086 2810 Quod
2117 2749 2296 2799 autem
2342 2745 2410 2799 ad
2455 2745 2685 2816 primum
2735 2763 2976 2804 errorem
3020 2758 3264 2820 spectat,
3309 2750 3462 2806 dictu

167 2853 513 2909 quocumque
578 2838 796 2894 nomine
836 2839 904 2892 ab
954 2840 1084 2908 ipsis
1135 2841 1570 2910 appellarentur,
1622 2843 1767 2912 ejus—
1867 2833 2108 2903 profecto
2140 2836 2293 2890 facile
2323 2853 2428 2890 non
2477 2848 2560 2891 est
2600 2849 2782 2893 utrum
2820 2841 3094 2898 Arnobius
3126 2844 3177 2897 in
3208 2843 3360 2898 illum
3390 2841 3469 2896 in-

170 2929 302 2986 dem
350 2929 538 2984 mediae
575 2941 777 2984 natura:
829 2945 950 2985 esse
989 2931 1413 2987 existimabant:
1466 2951 1484 2984 ι
1518 2932 1618 3000 Qui
1649 2949 1766 2988 me.
1869 2926 2094 2993 cidet'it,
2150 2929 2250 2982 nisi
2284 2931 2430 2998 prius
2459 2941 2671 2985 constet
2701 2935 2826 3004 quid
2859 2934 3049 2990 mediae
3077 2936 3361 2991 mortalem
3393 2936 3477 2990 itt-

171 3023 306 3088 ἀίω,
343 3041 362 3074 ι
404 3023 577 3091 inquit
618 3022 768 3094 (ibid.
792 3065 806 3089 ,
853 3040 972 3095 pag.
1002 3023 1094 3096 67)
1118 3067 1133 3090 ,
1194 3043 1214 3076 ι
1251 3025 1528 3095 qualitatis
1555 3029 1766 3083 animas
1875 3027 1961 3076 ter
1985 3031 2039 3075 et
2062 3021 2421 3076 immortalem
2450 3033 2657 3078 natura:
2691 3028 2910 3080 nomine
2931 3027 3000 3082 ab
3027 3043 3092 3080 eo
3121 3029 3469 3100 intelligatur.

175 3132 310 3173 esse
351 3132 454 3172 non
483 3115 742 3182 creditis,
771 3125 826 3172 et
852 3117 905 3172 iu
942 3118 1117 3172 medio
1146 3117 1315 3174 limite
1345 3121 1466 3174 vita:
1497 3130 1656 3192 atque
1686 3123 1766 3177 iu-

1891 3113 1943 3166 it
1973 3128 2103 3168 sane
2125 3113 2371 3183 quamvis
2400 3116 2449 3168 id
2476 3116 2570 3170 ille
2598 3117 2757 3186 plane
2795 3127 2848 3173 et
2875 3119 3127 3175 distincte
3157 3137 3264 3174 non
3294 3121 3482 3176 delini-

177 3213 378 3268 ιθιιίιυε
419 3212 716 3278 contineri,
773 3230 952 3269 nonne
973 3228 1161 3269 omnes
1190 3217 1413 3270 omnino
1435 3258 1449 3282 ,
1495 3233 1629 3288 quos
1657 3219 1772 3289 Opi.
1801 3225 1846 3290 ρ
1877 3205 2050 3271 verit;
2108 3215 2316 3261 certum
2350 3216 2528 3262 tamen
2575 3219 2659 3264 est
2710 3209 2813 3265 hoc
2842 3211 2965 3266 ideo
2997 3213 3065 3266 al)
3095 3215 3208 3284 ips'o
3241 3228 3482 3284 pronun-

180 3308 337 3362 natio
363 3307 688 3375 suapicator,
723 3305 833 3373 dii,
876 3309 1100 3378 Angeli,
1137 3308 1413 3364 daemones
1438 3321 1531 3364 aut
1558 3313 1771 3367 nomine

1888 3297 2035 3365 tiari,
2083 3299 2203 3367 quia
2248 3309 2561 3355 constanter
2601 3303 2876 3372 credidit,
2928 3305 3069 3376 quod
3119 3305 3188 3360 ab
3213 3306 3479 3378 Apostolo

181 3414 528 3471 quocumque
571 3411 698 3456 sunt
748 3400 874 3465 alio,
909 3402 1182 3471 qualitatis
1209 3413 1261 3458 et
1287 3404 1383 3472 ipsi
1414 3414 1540 3458 sunt
1565 3405 1772 3473 medim,

1895 3398 2145 3444 assertum
2191 3391 2417 3462 legimus
2454 3393 2498 3461 (l
2538 3391 2787 3459 Timoth.,
2834 3412 2912 3459 vr,
2960 3396 3068 3469 i6),
3105 3397 3272 3452 Deum
3311 3397 3486 3452 solum

184 3504 247 3549 et
302 3495 353 3547 in
391 3493 656 3564 ambigua:
699 3495 864 3550 sortis
917 3497 1225 3552 conditione
1278 3498 1584 3554 mutabiles.
1627 3522 1644 3552 ι
1705 3502 1775 3556 lbi

1898 3498 2072 3540 revera
2098 3500 2219 3541 esse
2247 3487 2628 3542 immortalem.
2660 3489 2798 3556 Quid
2822 3493 2969 3544 enim
2994 3490 3078 3545 his
3103 3491 3220 3561 ejus
3251 3491 3489 3548 auctoris

184 3599 372 3644 autem
426 3588 666 3643 Platonis
711 3604 928 3644 sensum
984 3593 1164 3646 retulit
1193 3635 1206 3657 ,
1257 3609 1364 3648 non
1408 3596 1574 3650 verba
1630 3597 1741 3667 ipsa
1767 3641 1781 3663 ,
1889 3579 2055 3632 ηοδιτί
2085 3577 2268 3632 verbis
2290 3621 2304 3645 ι
2337 3588 2397 3632 ul
2433 3579 2532 3633 alia
2564 3580 2725 3635 ιιιίεείι
2755 3580 3046 3650 finiamus.
3092 3583 3296 3638 Clarius
3318 3595 3491 3639 ειθι·

189 3697 318 3751 qme
353 3681 404 3734 in
433 3695 502 3735 eo
526 3722 540 3745 ,
577 3697 735 3750 quem
779 3682 920 3738 haud
958 3685 1120 3740 dubie
1161 3686 1403 3742 laudavit
1429 3731 1443 3755 ν
1476 3690 1784 3762 philosophi
1891 3671 2164 3740 pressius?
2206 3688 2224 3720 ‹
2258 3669 2446 3726 Nonne
2487 3671 2636 3727 solus
2678 3674 2948 3744 ingenitus
2973 3718 2988 3742 ,
3033 3675 3354 3734 immortalis
3379 3719 3394 3743 ,
3439 3687 3496 3732 et

192 3775 439 3841 Timaeo,
470 3785 628 3844 atque
655 3776 725 3829 ab
755 3777 1118 3847 Athenagora,
1151 3779 1416 3837 Cicerone
1456 3793 1510 3838 et
1559 3784 1680 3839 aliis
1707 3787 1785 3841 ci-
1893 3777 2182 3836 Perpeluus
2210 3765 2356 3820 εοῘυε
2385 3766 2501 3820 es”
2536 3786 2555 3818 ’
2593 3766 2810 3833 Ᾱνηοθον
2843 3767 2930 3822 ίίθ·
2966 3785 3026 3836 Π»
3061 3788 3180 3844 Ραθ-
3213 3770 3333 3843 95-)
3355 3769 3495 3840 Ουίη

196 3879 310 3923 tata
343 3868 583 3922 invenies
639 3867 849 3937 (Plato,
882 3871 932 3924 in
975 3869 1186 3938 Timeo,
1223 3885 1345 3940 tom,
1377 3892 1458 3940 ιιι,
1491 3895 1610 3949 pag.
1647 3879 1709 3934 4i
1745 3890 1787 3933 et

1903 3860 2058 3912 immo
2090 3869 2145 3914 et
2182 3859 2356 3930 ipsum
2394 3865 2568 3916 solum
2602 3880 2982 3935 incorporeum
3013 3882 3138 3922 esse
3174 3877 3451 3922 asseverat
3481 3883 3494 3920 :

197 3977 372 4029 aeqq.;
401 3962 674 4032 Atlteuag.,
718 3965 816 4033 leg.
864 3979 958 4032 pro
994 3965 1255 4020 christian.
1283 4007 1298 4031 ,
1341 3986 1459 4039 pag.
1491 3971 1556 4037 6;
1602 3969 1788 4044 Cicer.,

1908 3970 1924 4004 r
1963 3951 2268 4023 lngenitus,
2307 3974 2325 4006 ι
2372 3955 2542 4026 inquit
2569 3955 2782 4027 (Idem,
2818 3958 2907 4014 lib.
2934 3975 2987 4026 ι,
3022 3978 3143 4033 pag.
3172 3960 3263 4032 l7)
3286 4002 3300 4027 ,
3348 3980 3368 4014 ι
3401 3959 3499 4014 iut-

204 4054 269 4108 (ιε
298 4052 528 4107 Uuivcrs.
560 4055 610 4107 in
638 4057 850 4125 fragm,
882 4064 1005 4110 (om.
1037 4072 1096 4123 ιι,
1129 4075 1248 4129 pag.
1273 4059 1388 4130 29).
1898 4047 2142 4102 mortalis
2167 4091 2180 4115 ,
2230 4060 2520 4119 perpetuus
2548 4093 2564 4116 ,
2617 4054 2767 4108 solus
2792 4096 2807 4120 ,
2859 4069 3019 4126 quem
3071 4056 3218 4111 nulla
3267 4055 3504 4110 delincat

285 4148 521 4216 Denique
541 4147 808 4201 Arnobius
836 4149 969 4202 hanc
985 4144 1133 4204 suam
1164 4150 1231 4206 de
1263 4151 1347 4205 ini.
1378 4153 1571 4210 anima,
1597 4166 1794 4212 ,ιοςιηε
1901 4139 2069 4194 forma
2101 4143 2420 4207 corporalis,
2457 4145 2600 4197 nulla
2633 4147 2961 4202 determinat
2988 4148 3440 4220 circumscriptio.
3476 4167 3495 4201 ι

207 4249 396 4297 natura
427 4242 746 4296 sententiam
794 4241 876 4296 his
904 4242 1220 4297 clarissimis
1263 4246 1594 4318 minimeque
1621 4253 1796 4305 ambi-
1972 4237 2042 4288 Αῑ
2065 4235 2109 4288 Si
2139 4236 2403 4290 Ᾱτηουίυε
2431 4253 2498 4292 εο
2527 4247 2737 4295 lanium
2769 4257 2930 4296 SCIIS"
2959 4243 3194 4299 animam
3239 4259 3360 4300 esse
3399 4245 3502 4298 ἰηι-

206 4334 329 4405 guis
361 4332 536 4387 verbis
561 4333 812 4400 exposuit
848 4351 860 4387 :
908 4353 926 4384 ‹
957 4334 1070 4388 Νοιι
1105 4336 1327 4402 absone,
1365 4355 1540 4409 neque
1569 4343 1801 4398 inaniter
1905 4329 2182 4383 mortalem
2231 4332 2476 4400 "383V".
2519 4335 2642 4404 qui“
2675 4335 2814 4402 alio.
2861 4352 3022 4406 (Ιυίιιη
3051 4336 3215 4402 Deus:
3247 4336 3409 4392 πηοίίο
3436 4338 3508 4393 Sil

211 4426 482 4482 credimus
505 4425 696 4480 mediae
723 4426 997 4496 qualitatis
1027 4442 1148 4482 esse
1174 4428 1378 4484 animas
1399 4431 1698 4500 hominum,
1721 4446 1802 4490 ut-

1916 4421 2256 4488 immortalis,
2299 4423 2429 4477 nihil
2462 4433 2607 4479 certe
2633 4425 2852 4495 protulit
2883 4429 2986 4481 nisi
3017 4444 3209 4483 sanum
3242 4441 3297 4482 et
3319 4429 3507 4483 ortho-

217 4527 396 4589 potea
428 4517 589 4572 rebus
616 4518 1128 4587 non-principalibus
1150 4522 1323 4576 editas
1343 4565 1356 4588 ,
1393 4523 1500 4593 juri
1532 4527 1806 4597 subjectas

1911 4513 2103 4569 doxum
2135 4534 2148 4569 :
2197 4537 2215 4566 ι
2245 4516 2436 4570 Anima
2468 4517 2665 4587 quippe
2693 4517 2957 4586 hominis,
2992 4540 3011 4572 ι
3050 4521 3125 4574 ait
3151 4521 3502 4589 Augustinus,

217 4615 428 4680 monis,
451 4620 800 4682 parvarumet
825 4611 1065 4665 lanitium
1104 4614 1296 4670 virium
1320 4620 1680 4687 pel-petilium
1709 4623 1806 4678 (ιο-
1836 4605 1890 4676 1)
1921 4625 1942 4659 ‹
1975 4607 2292 4662 immortalis
2321 4621 2402 4663 est
2431 4610 2726 4666 secundum
2757 4613 3043 4680 quemdam
3079 4613 3300 4666 modum
3328 4629 3507 4669 suum.

219 4709 360 4772 nari,
386 4706 433 4761 si
461 4721 614 4776 spem
640 4705 878 4760 muneris
909 4708 1042 4760 tanti
1069 4707 1236 4762 Deum
1265 4711 1332 4764 ad
1364 4713 1660 4782 principem
1689 4732 1812 4772 ροη.
1917 4700 2031 4756 Non
2063 4704 2203 4756 enim
2228 4702 2373 4756 omni
2399 4702 2580 4765 modo,
2614 4705 2772 4771 sicut,
2797 4705 2862 4760 de
2885 4724 2989 4777 quo
3017 4707 3222 4762 dictum
3250 4712 3508 4780 estquia:

224 4803 400 4858 ferant
425 4843 439 4862 .
493 4800 578 4854 eui
611 4801 710 4854 soli
743 4809 982 4869 potestas
1017 4812 1100 4856 est
1129 4803 1252 4856 talia
1282 4848 1297 4870 ,
1348 4809 1694 4878 corruptione
1721 4825 1816 4865 cx-
1920 4795 2079 4850 Stilus
2107 4795 2264 4849 ¹¹ί¹δθῑ
2288 4795 2762 4852 ί¹¹¹¹¹¹⁰τ¹³¹ίῑ⁵¹ίθ¹ηο
2793 4818 2810 4849 ³
2849 4800 3178 4870 (Ληθαδιίηος
3205 4801 3356 4868 9P5!“-
3385 4801 3512 4867 146.

223 4895 401 4956 clusa,
436 4894 615 4963 largiri
649 4912 667 4944 ι
707 4894 947 4964 (Aman,
980 4893 1068 4947 ub,
1100 4909 1157 4957 ιι,
1192 4895 1441 4967 pag,79),
1921 4904 2036 4958 pag.
2072 4886 2221 4957 584).
2267 4886 2401 4940 Tum
2445 4887 2640 4944 deinde
2679 4890 2920 4948 declarat
2955 4895 3230 4963 quomodo
3257 4895 3433 4951 anima
3461 4906 3516 4952 et

300 4986 487 5042 Nonne
517 5003 644 5058 ergo
673 5002 738 5043 ex
769 4988 1026 5043 hactenus
1053 4987 1208 5042 dictis
1230 4989 1360 5044 satis
1387 4991 1588 5060 liquido
1621 4994 1811 5063 proba-
1921 4995 2177 5050 σοιῬοιέίι
2210 4992 2262 5034 ei
2296 4982 2608 5051 ίηοονροτείι
2645 4985 2751 5038 αἰεί
2785 4987 2954 5056 Ροδδίῑ
3008 5003 3022 5039 ἒ
3081 5006 3099 5039 ι
3137 4987 3516 5062 Incorpoream

233 5081 632 5137 turArnobium
662 5081 798 5135 inea
827 5082 1278 5152 fuisseopinione,
1309 5083 1513 5138 animas
1538 5084 1816 5141 hominum
1922 5092 2044 5132 esse
2093 5077 2364 5140 animam.
2411 5097 2428 5129 ³
2479 5078 2552 5134 ila
2609 5079 2700 5135 ille
2755 5082 2819 5136 ad
2879 5080 3271 5152 Hieronymum
3331 5085 3521 5140 scribit

235 5172 428 5230 mediae
455 5173 730 5240 cujusdam
762 5175 1044 5230 mortalem
1075 5176 1214 5230 inter
1245 5186 1299 5230 et
1327 5175 1685 5233 immortalem
1703 5195 1823 5236 esse
1925 5172 2091 5242 (Ibid.
2122 5184 2167 5227 ει
2222 5173 2386 5246 seqq.)
2443 5191 2458 5229 ε
2491 5195 2508 5226 ι
2545 5176 2646 5231 etsi
2672 5177 2890 5234 difﬁcile
2923 5179 3252 5236 tardioribus
3297 5196 3521 5249 persua-

236 5267 516 5338 quahtatis
557 5277 612 5321 et
665 5269 921 5323 natum?
987 5269 1154 5324 Docet
1217 5279 1396 5324 autem
1450 5270 1586 5328 hanc
1639 5289 1823 5329 earum
1927 5269 2041 5324 deri
2073 5279 2288 5340 potest,
2323 5271 2452 5325 mihi
2485 5280 2661 5327 tamen
2691 5271 2866 5331 fateor
2888 5290 3011 5332 esse
3039 5290 3382 5346 persuasum.
3413 5274 3524 5331 Sed

240 5360 592 5416 medietatem
625 5359 676 5412 in
700 5374 764 5413 eo
792 5361 1016 5429 positam
1045 5377 1188 5427 esse,
1217 5362 1359 5432 quod
1385 5362 1562 5418 anima
1592 5365 1703 5435 ipsa
1731 5383 1826 5422 sua
1929 5378 1998 5417 ne
2048 5363 2194 5420 verbi
2243 5366 2666 5421 controversiam
2719 5368 2802 5422 vel
2855 5368 3129 5437 superfluo
3162 5369 3351 5425 iaciam
3378 5410 3396 5434 ,
3439 5367 3527 5425 νει

246 5463 436 5511 natura
470 5455 539 5507 sit
570 5454 812 5508 mortalis
836 5501 850 5524 ,
896 5464 951 5510 et
997 5457 1153 5511 unius
1194 5468 1396 5512 tantum
1451 5458 1542 5511 Dei
1577 5459 1720 5513 dono
1768 5475 1831 5516 ac
1933 5457 2126 5511 merito
2154 5457 2358 5526 patiar;
2407 5461 2658 5529 quoniam
2689 5475 2810 5514 cum
2844 5460 2910 5514 de
2941 5477 2999 5515 re
3023 5468 3263 5529 constat,
3307 5477 3416 5518 non
3446 5471 3532 5520 est

248 5546 510 5603 beneﬁcio
541 5547 856 5602 immortalis
878 5549 988 5603 ﬁat.
1028 5550 1367 5621 Quapropter
1392 5551 1480 5606 ille
1511 5551 1684 5607 adhuc
1715 5568 1836 5622 pos—
1935 5565 2071 5620 Opus
2099 5561 2310 5606 certare
2331 5551 2396 5606 de
2415 5552 2629 5607 nomine
2653 5571 2663 5605 :
2690 5554 2730 5605 si
2757 5568 2953 5623 corpus
2979 5564 3060 5608 est
3084 5555 3260 5608 omnis
3277 5555 3532 5612 substan-

251 5651 336 5696 tea
377 5640 661 5710 perspicue
701 5641 940 5697 declarat
973 5642 1173 5712 (Ibid.,
1206 5661 1326 5716 pag.
1350 5643 1456 5716 87)
1496 5661 1508 5698 :
1558 5664 1577 5696 ι
1610 5647 1838 5702 Servare
1944 5647 2016 5702 tia
2037 5689 2052 5716 ,
2095 5647 2180 5703 vel
2211 5648 2446 5702 essentia
2472 5689 2487 5714 ,
2543 5647 2626 5701 vel
2654 5647 2697 5701 si
2725 5647 2852 5719 quid
2883 5647 3059 5717 aptius
3088 5661 3428 5720 nuncupatur
3454 5649 3531 5718 id,

253 5735 461 5787 animas
488 5733 646 5798 alius,
699 5734 803 5789 nisi
831 5733 974 5790 Deus
996 5736 1342 5807 omnipotens
1371 5752 1478 5794 non
1513 5746 1707 5808 potest,
1742 5753 1838 5794 nec
1944 5741 2088 5812 quod
2130 5740 2473 5812 aliquomodo
2503 5752 2586 5796 est
2613 5741 2666 5794 in
2695 5756 2753 5795 se
2803 5740 2917 5810 ipso
2942 5784 2957 5807 ,
3001 5758 3194 5812 corpus
3223 5751 3308 5798 est
3332 5731 3536 5799 anima.

259 5838 518 5900 praeterea
565 5829 848 5900 quisquam
887 5837 972 5886 est
997 5832 1085 5901 qui
1115 5830 1384 5902 longaavas
1413 5830 1614 5902 facere,
1643 5848 1840 5904 perpe-
1948 5836 2078 5894 item
2109 5837 2298 5894 sicam
2339 5839 2509 5894 solam
2543 5837 2913 5907 incorpoream
2944 5837 3118 5909 placet
3148 5839 3422 5911 appellare
3445 5853 3540 5895 na-
