3980 6288
600 233 700 290 487
1872 245 2172 306 ΒΙΞΞΕΒΤΑ

2293 249 2323 308 )
2359 253 2636 318 pnazvm
3773 293 3865 353 488

602 361 776 477 turam
795 393 810 421 ,
859 366 978 426 quae
1009 366 1218 477 summe
1243 355 1808 477 incommutabilis,‘et
1834 363 2032 477 ubique
2073 373 2181 468 tota
2209 381 2264 440 Α
2288 390 2407 446 pag.
2441 378 2510 433 90
2537 389 2585 432 et
2609 378 2796 452 seqq.).
2826 382 3017 442 Utrum
3044 396 3222 446 autem
3253 391 3371 450 haec
3399 395 3512 466 ipsa
3543 415 3770 477 veraque
3795 411 3861 466 sit

603 455 728 514 est,
757 462 951 566 corp'us
995 458 1078 503 est
1105 453 1318 555 anima;
1364 453 1617 522 quoniam
1671 453 1776 560 tale
1829 455 2030 566 aliquid
2073 457 2186 566 ipsa
2291 467 2512 527 Arnobii
2539 475 2827 542 sententia,
2851 482 3124 551 expendas
3155 487 3349 555 velim,
3379 453 3442 546 ac
3468 453 3868 566 ἀείέιξιὶξέζέέᾷ

602 558 710 598 non
738 555 838 598 est.
880 543 1044 651 ξονι-ο
1075 545 1118 599 si
1149 560 1346 616 corpus
1373 563 1477 602 non
1507 557 1593 603 est
1613 589 1627 613 ,
1660 549 1760 605 nisi
1792 551 1932 621 quod
1962 566 2057 621 per
2085 552 2186 606 loci
2290 562 2506 620 interim
2539 567 2813 628 videamus
2843 543 3021 628 utrum
3070 592 3256 634 revera
3301 543 3868 651 putaverituim‘inorlta‘:

601 636 828 706 spatium
859 635 1034 706 aliqua
1063 637 1400 708 longitudine
1421 682 1436 707 ,
1467 640 1769 709 latitudine,
1806 644 2086 700 altitudine
2117 645 2185 698 ita
2292 656 2396 712 lem
2429 674 2651 728 prorsus
2681 679 2804 722 esse
2837 665 3070 724 hominis
3106 635 3362 731 animm'no

597 729 835 794 sistitur,
882 729 967 784 vel
1002 739 1268 797 movetur,
1313 740 1370 786 ut
1400 731 1605 804 majore
1634 733 1716 788 sui
1750 745 1899 804 parte
1925 735 2186 805 majorem

594 822 768 877 locum
789 830 1038 892 occupet,
1084 833 1137 878 et
1167 823 1415 879 breviore
1435 825 1738 881 breviorem
1757 867 1771 892 ,
1810 828 2091 898 minusque
2120 828 2190 884 sit
2886 822 3175 864 “"CUWS
3213 827 3285 867 “’-

597 915 649 970 ill
682 925 829 985 Parte
855 957 868 981 .
901 931 1062 986 quam
1100 915 1153 970 in
1190 925 1335 986 ιοῑο,
1379 933 1487 972 non
1527 928 1609 973 εει
1634 934 1829 990 corpus
1855 921 2050 975 anima-
2087 921 2188 976 Ρθΐ
2293 931 2470 1021 ιλιι-ιιιιιι
2508 935 2750 1021 Arnobius
2791 941 3016 1021 docuerit
3063 949 3248 1021 animas
3280 951 3534 1014 impiorum
3557 957 3806 1021 aliquando
3826 966 3866 1014 in

598 1019 766 1067 totum
795 1011 994 1083 quippe
1019 1027 1245 1083 cor-pus,
1278 1012 1420 1084 quod
1451 1014 1674 1081 animat,
1708 1031 1814 1069 non
1845 1016 1998 1070 locali
2026 1015 2170 1070 ditiu-

2309 997 2554 1068 hnihilum
2596 1003 2909 1074 redigendas,
2957 1015 3041 1057 aut
3085 997 3295 1062 futuram
3315 997 3864 1079 *Edr'pééﬁtﬁ'E'déiiGFuiﬁ

2292 1059 2316 1112 β’
2351 1069 2770 1112 resurrectionem
2802 1072 3076 1112 negaverit,

627 1104 638 1115 .
812 1076 830 1083 _
892 1076 944 1083 --
1118 1076 1132 1083 -
1233 1076 1238 1078 -
1280 1076 1310 1118 ,-
1379 1108 1388 1117 .
1441 1106 1452 1118 .
1621 1076 1671 1117 ,ν
1909 1109 1919 1119 ⁸
1963 1109 1973 1120 .
2289 1076 2316 1118 ξ·
2351 1076 2770 1121 resurrectionem
2802 1076 3078 1131 negaverit.

597 1121 789 1172 sione,
835 1105 932 1161 sed
981 1105 1211 1176 quadam
1243 1107 1390 1161 vntah
1439 1116 1742 1163 intensmue
1780 1120 2183 1180 porrigitur....,

595 1201 930 1270 Quapropter
947 1198 992 1254 si
1013 1199 1189 1254 anima
1211 1213 1410 1270 corpus
1437 1215 1560 1255 esse
1584 1199 1809 1255 dicenda
1835 1209 1938 1266 est,
1967 1218 2074 1256 non
2103 1211 2187 1256 est
2361 1183 2630 1251 Ουοδάίπη
2672 1205 2794 1246 cum
2850 1193 3084 1252 "enim"
3108 1198 3334 1272 aliisque
3377 1206 3654 1263 nonnuuis
3693 1212 3867 1268 avdire

595 1303 742 1349 certe
768 1309 964 1363 corpus
985 1335 1000 1362 ,
1044 1293 1202 1365 quale
1229 1305 1507 1350 terrenum
1538 1304 1659 1359 est,
1695 1311 1794 1350 nec
1825 1297 1984 1366 quale
2013 1295 2167 1351 humi

2292 1276 2443 1331 nobis
2469 1279 2732 1346 videmur,
2763 1287 2851 1354 qui
2883 1297 3072 1344 contra
3095 1295 3393 1362 expositam
3412 1314 3443 1352 a
3465 1299 3619 1354 nobis
3645 1303 3852 1359 Arnobii

594 1385 722 1442 dum
745 1427 761 1454 ,
815 1398 907 1442 aut
931 1402 1171 1453 aereum,
1219 1395 1313 1442 aut
1342 1388 1758 1444 ahenum..."
1807 1389 1960 1446 unde
1992 1391 2192 1446 ίηιθηί,
2291 1368 2358 1424 de
2387 1371 2580 1426 animm
2622 1372 2870 1431 humanae
2914 1380 3320 1441 immortalitate
3351 1389 3659 1458 opinionem
3689 1395 3869 1449 acriter

595 1479 738 1550 gitur
766 1481 970 1548 anima,
1012 1481 1125 1536 sive
1154 1496 1371 1553 corpus,
1410 1482 1525 1538 sive
1551 1499 1808 1553 corporea
1831 1483 2054 1539 dicenda
2095 1486 2164 1539 sit

2295 1475 2485 1534 urgent
2515 1467 2663 1523 illum
2709 1486 2898 1526 revera
2931 1474 3328 1534 existimavisse
3362 1482 3646 1552 impiorum
3677 1489 3867 1543 animas

595 1574 865 1644 propriam
919 1573 1208 1644 quamdam
1259 1573 1464 1630 habere
1506 1589 1774 1640 naturam,
1821 1576 2073 1631 omnibus
2106 1577 2189 1633 bis
2293 1560 2468 1625 mori,
2503 1575 2566 1614 ac
2587 1565 2835 1631 quamvis
2855 1582 2958 1621 non
2982 1570 3164 1624 statim
3194 1574 3599 1645 extinguantur,
3645 1581 3868 1636 consumi

597 1671 878 1727 mundanae
929 1672 1089 1727 molis
1135 1672 1422 1728 elementis
1459 1673 1844 1729 exeellenliore
1887 1674 2190 1729 substantia
2295 1657 2471 1750 ίίξ¹¹¹⁴ξ¹ξ
2503 1652 2801 1722 ¹⁰¹¹8ί⁵⁵ί¹¹³ί
2831 1661 3088 1729 ιειηιιοιδίε
3116 1665 3464 1724 CNCialibus-
3510 1669 3626 1726 Non
3653 1673 3864 1730 obscure

593 1773 852 1832 creatam,
876 1779 995 1832 Quae
1020 1765 1287 1820 veraciter
1311 1780 1414 1820 non
1443 1765 1610 1834 possit
1633 1767 1684 1819 in
1703 1766 1877 1836 aliqua
1905 1765 2186 1836 phantasia
2219 1789 2267 1850 Β
2293 1742 2556 1847 Siquidem
2586 1788 2599 1810 ν
2629 1749 2723 1850 scf]
2755 1749 2900 1850 {iam
2927 1763 2982 1808 ει
3008 1766 3196 1824 aperte
3223 1757 3290 1814 de
3319 1760 3384 1815 iis
3421 1762 3554 1817 άίιὶι
3581 1782 3594 1818 τ
3647 1784 3665 1816 ι
3695 1765 3746 1818 111
3773 1753 3888 1819 {lu--

594 1857 955 1926 corporalium
977 1857 1290 1928 Magium“,
1341 1874 1475 1930 quas
1513 1874 1608 1929 per
1631 1875 1824 1915 sensus
1846 1861 2028 1916 carnis
2062 1875 2186 1930 per,
2219 1843 2261 1850 '
2294 1843 2436 1892 mina
2471 1843 2729 1898 torrentia
2760 1844 3098 1903 flatnmarum
3123 1850 3432 1922 jaciuntur,
3474 1866 3530 1912 et
3565 1857 3629 1912 ad
3662 1857 3863 1913 nihilum

595 1948 857 2018 cipimus,
915 1951 1138 2021 cogitari
1171 1993 1185 2018 ’
1238 1951 1334 2007 sed
1389 1963 1571 2008 meme
1624 1953 1847 2024 intelligi
1882 1994 1896 2017 ’
1963 1955 2179 2024 vimque
2293 1933 2563 2003 redactaa,
2627 1938 2951 1996 interitionis
2987 1955 3259 2016 perpetua:
3304 1949 3652 2008 frustratione
3689 1969 3863 2009 vanes-

595 2041 806 2096 sentiri.
845 2060 864 2093 ›

2292 2038 2420 2082 cunt
2453 2047 2471 2080 ›
2519 2030 2770 2100 (.4rnob.,
2816 2035 2904 2088 lib.
2937 2052 3004 2102 ιι,
3051 2056 3168 2108 pag.
3206 2039 3319 2110 ΒΞ).
3370 2041 3482 2100 Nec
3535 2047 3724 2115 opponi
3776 2046 3860 2100 sibi

667 2135 887 2192 Fatetur
914 2137 1096 2208 itaque
1127 2139 1457 2209 Augustinus
1487 2140 1720 2195 animam
1761 2139 1996 2195 hominis
2023 2140 2190 2195 variis

2295 2121 2569 2189 patiuntur
2598 2123 2666 2177 ibi
2693 2125 2760 2178 ab
2782 2126 2872 2180 illo
2903 2130 3080 2184 minus
3103 2148 3278 2201 suam,
3303 2150 3468 2206 quam
3492 2137 3726 2194 Platonis
3747 2155 3859 2194 sen-

596 2227 848 2300 loquendi
902 2231 1077 2286 modis
1125 2231 1228 2286 dici
1271 2248 1432 2303 posse
1481 2249 1794 2302 corporea",
1840 2245 1894 2289 ει
1941 2233 2189 2304 ξηροτρο,
2295 2214 2512 2268 tentiam
2542 2215 2748 2271 referri.
2790 2218 2924 2274 Nam
2953 2222 3071 2278 hare
3103 2225 3302 2282 ibidem
3334 2229 3633 2300 subjunxit.
3677 2249 3694 2280 ι
3729 2231 3788 2286 Et
3813 2241 3860 2285 ut

595 2341 782 2392 mam,
837 2325 1119 2380 "mmlem
1171 2337 1225 2382 et
1279 2327 1658 2382 immormem
1725 2328 1865 2396 Quid
1919 2343 2094 2398 ergo,
2142 2327 2188 2382 si
2292 2308 2434 2376 quod
2460 2309 2696 2377 ignotum
2722 2322 2804 2366 est
2830 2324 3028 2384 pateat,
3056 2315 3171 2373 lucc
3197 2331 3279 2374 est
3302 2321 3536 2378 hominis
3565 2339 3704 2379 mors
3727 2339 3853 2387 vera,

596 2419 770 2488 primo
791 2434 951 2475 sensu
983 2417 1254 2474 Arnobius
1283 2419 1482 2476 dixem
1511 2437 1632 2476 esse
1657 2437 2003 2492 corpoream,
2029 2431 2188 2492 alque
2293 2399 2408 2455 haec
2431 2401 2558 2456 nihil
2589 2405 2859 2462 residuum
2893 2407 3115 2466 faciens.
3145 2413 3280 2471 Nam
3307 2417 3419 2484 illa,
3450 2435 3569 2489 qua:
3594 2420 3690 2473 sub
3709 2419 3854 2474 oculis

595 2528 655 2568 ca
680 2528 894 2584 quoque
925 2513 1133 2568 ratione
1159 2514 1481 2578 mortalem,
1528 2515 1648 2583 quia
1681 2515 1747 2568 ab
1786 2514 2014 2584 ipsumet
2053 2515 2163 2569 Deo

2291 2495 2548 2564 cernitur,
2580 2499 2880 2556 animarum
2897 2511 3026 2558 esta
3053 2520 3282 2576 corpore
3308 2510 3586 2582 dijugatio,
3625 2527 3724 2568 non
3753 2511 3852 2565 finis

593 2621 622 2660 a
673 2621 780 2676 quo
823 2619 1002 2663 creata
1048 2615 1167 2674 est,
1216 2606 1373 2662 siculi
1426 2606 1491 2660 de
1537 2607 1764 2662 Tatiano
1813 2607 2165 2662 annotavimu:

2291 2589 2597 2646 abolitionis
2624 2604 2922 2652 extremus.
2942 2597 3091 2665 Haec,
3115 2600 3352 2672 inquam,
3379 2603 3703 2660 esthominis
3727 2618 3850 2659 mors

595 2698 740 2770 (tom.
786 2715 835 2762 ι,
896 2700 1144 2770 Αρραηιι.
1195 2699 1284 2754 tib.
1329 2715 1401 2766 ιι,
1453 2699 1654 2754 dissert.
1691 2700 1755 2766 5,
1795 2717 1912 2770 cap.
1971 2700 2026 2768 2,
2057 2699 2084 2770 ς
2118 2698 2152 2753 4

2291 2698 2416 2738 vera
2439 2726 2455 2751 ,
2493 2701 2614 2740 cum
2645 2688 2841 2744 anima:
2877 2693 3183 2749 nescientes
3220 2695 3426 2763 Deum,
3461 2713 3558 2770 per
3584 2696 3848 2768 longissimi

594 2812 715 2866 pag.
744 2792 906 2866 559),
956 2809 1108 2849 suam
1149 2793 1608 2849 ίιηιηοηηιίιεηεη,
1654 2794 1967 2865 acceperit?
2016 2793 2186 2848 Num-
2292 2779 2549 2848 temporis
2577 2782 2872 2838 crueiatum
2901 2799 3294 2844 consumentur
3319 2791 3426 2862 igni
3457 2795 3601 2857 fero,
3636 2793 3685 2846 in
3710 2806 3846 2862 quem

592 2885 720 2957 quid
752 2887 900 2942 illum
929 2886 998 2940 ab
1027 2901 1216 2940 errore
1248 2884 1469 2955 negabis
1497 2885 1866 2940 vindicatum?
2291 2867 2621 2939 ίηθδὶίιείθηῑ
2641 2874 2858 2944 (Ιυίάαῐη
2881 2878 3172 2934 Cl'lldeliler
3201 2884 3354 2950 smVi,
3382 2895 3580 2941 ctante
3600 2885 3843 2940 Christum

589 2995 619 3044 ι.
661 2980 823 3051 Atqui
854 2984 990 3033 hanc
1021 2977 1188 3033 fuisse
1215 2978 1333 3047 ejus
1359 2988 1594 3032 mentem
1630 2988 1682 3032 et
1709 2978 2020 3048 opinionem
2053 2993 2158 3033 non

2290 2961 2578 3032 incogniti,
2624 2977 2678 3022 ct
2717 2967 2786 3022 ab
2826 2971 2944 3026 solo
2973 2972 3181 3029 sciente
3204 2973 3438 3045 (detecti.
3471 2997 3490 3030 ι
3534 2977 3715 3034 Nonne
3739 2992 3847 3044 ergo

592 3090 661 3130 ne
699 3089 766 3130 ex
799 3073 880 3129 his
907 3073 1101 3128 confici
1148 3082 1326 3143 potest
1383 3072 1562 3128 verbis
1594 3114 1609 3137 ,
1665 3071 1859 3142 quibus
1890 3073 2046 3126 istam
2078 3072 2161 3127 sib

2287 3054 2379 3111 ille
2401 3056 2514 3126 ipse
2545 3058 2651 3124 ibi,
2692 3059 2970 3131 inquiunt,
3007 3068 3286 3135 perspicue
3323 3070 3604 3140 palmaque
3635 3083 3843 3139 pronun-

591 3169 704 3240 ipse
732 3167 983 3240 pr0ponit
1026 3166 1419 3238 quwstionem?
1452 3184 1470 3216 ι
1530 3164 1598 3219 Et
1622 3165 2074 3236 quemadmodum
2123 3179 2184 3220 se
2211 3173 2257 3235 ρ
2291 3147 2384 3200 tiat
2427 3149 2636 3206 animas
2689 3152 2977 3222 impiorum
3029 3166 3084 3212 et
3132 3158 3299 3215 Deum
3335 3163 3724 3232 ignorantium,
3769 3173 3846 3228 per

590 3274 814 3336 possunt
857 3261 1286 3332 incorporaubus
1329 3275 1556 3330 corpora
1592 3259 1950 3330 conjungere,
1979 3269 2067 3313 aut
2090 3299 2105 3324 ,
2151 3274 2183 3312 a
2289 3240 2587 3312 longissimi
2615 3247 2982 3303 tantummodo
3014 3252 3274 3321 temporis
3305 3254 3662 3320 intervallum,
3685 3252 3769 3308 sed
3789 3252 3844 3304 ti-

588 3357 702 3413 Deo
730 3355 992 3428 principe,
1045 3370 1131 3409 res
1161 3353 1316 3407 facta:
1359 3353 1428 3406 ab
1469 3351 1856 3406 inﬁrmioribus
1891 3351 2070 3406 causis
2116 3353 2182 3405 ad
2288 3337 2495 3392 niendis
2518 3339 2807 3409 aliquando
2833 3343 3162 3400 cruciatibus
3189 3348 3539 3419 torquendus,
3567 3363 3629 3403 ac
3655 3345 3842 3402 tandem

587 3449 844 3504 vitiorum
876 3447 1360 3502 dehonestamenta
1408 3442 1612 3497 traduci
1639 3463 1658 3496 ι
1695 3442 1935 3514 (Arnob.,
1986 3443 2077 3496 lib.
2108 3458 2179 3513 ιι,
2286 3431 2605 3502 redigendas
2630 3433 2698 3489 ad
2730 3435 3004 3492 nihilum?

590 3563 711 3616 pag.
743 3541 875 3614 55)?
901 3541 982 3597 Ad
1023 3540 1170 3595 illam
1222 3537 1366 3594 enim
1415 3537 1768 3608 quaestionem
1799 3538 1927 3608 quid
1960 3552 2183 3622 respon:
2356 3525 2496 3622 Quid
2522 3541 2671 3590 vero,
2696 3527 2836 3622 quod
2866 3530 2955 3586 ille
2977 3531 3155 3589 adhuc
3183 3545 3371 3605 postea
3395 3538 3596 3594 diserte
3624 3533 3839 3592 tradidit:

588 3638 735 3704 deat,
762 3637 1024 3697 animum,
1053 3632 1235 3698 velim,
1265 3631 1532 3686 advertas.
1569 3631 1650 3686 Ab
1683 3631 1922 3685 Ethnicis
1949 3618 2160 3685 vicissin

2291 3637 2308 3669 ι
2344 3618 2461 3686 Quo
2508 3630 2664 3690 pacto
2701 3621 3078 3680 immortalitas
3117 3629 3386 3701 largitoris
3435 3643 3517 3688 est
3551 3633 3737 3688 donum
3765 3626 3838 3682 Dei

588 3729 723 3803 petit
749 3725 942 3801 (Ibid.)
968 3737 1168 3790 utrum,
1200 3724 1366 3780 animi
1400 3723 1611 3778 fastidio
1641 3723 2056 3794 arrogantiaque
2082 3722 2179 3777 de-
2285 3713 2426 3769 circa
2453 3717 2689 3784 prolatos
2713 3717 2845 3774 deos
2867 3760 2882 3785 ,
2923 3730 2977 3776 et
3001 3723 3209 3778 animas
3245 3726 3348 3783 hoc
3390 3738 3544 3799 pacto
3569 3725 3839 3799 dignabitur

588 3824 778 3896 positis
798 3865 815 3891 ,
859 3838 1020 3878 unam
1051 3821 1406 3890 eamdemque
1430 3834 1550 3873 cum
1583 3818 1690 3873 Deo
1719 3818 1877 3873 Patre
1905 3819 2160 3874 immorta

2283 3805 2685 3862 immortalitate
2714 3808 2953 3878 donare,
2984 3817 3230 3882 quamvis
3257 3833 3350 3874 eas
3373 3837 3519 3877 mors
3547 3835 3680 3874 salva
3707 3828 3838 3887 posse

589 3917 792 3974 litatem
815 3932 874 3972 se
897 3915 1218 3987 participare
1248 3911 1598 3968 contendant.
1633 3914 1822 3967 Postea
1854 3924 2032 3967 autem
2063 3929 2180 3968 rnr-
2283 3907 2526 3963 videatur
2580 3911 2895 3981 extinguere
2919 3955 2933 3979 ,
2990 3923 3045 3969 et
3083 3915 3150 3971 ad
3193 3917 3418 3976 nihilum
3464 3919 3700 3975 redactas
3727 3916 3836 3970 irre-

587 4027 680 4065 sus
702 4009 793 4065 ille
820 4009 1067 4066 eumdem
1091 4005 1534 4078 philosophorum
1563 4005 1911 4060 Ethnicorum
1939 4020 2178 4061 errorem
2282 4003 2497 4060 meabili
2525 4003 2816 4062 abolitione
2870 4006 3052 4064 delere
3083 4030 3100 4062 ι
3135 4009 3322 4082 (lbid.,
3359 4031 3480 4084 pag.
3509 4013 3621 4084 68).

587 4103 886 4162 refellendo
929 4121 942 4156 :
1005 4121 1022 4151 ι
1049 4099 1205 4170 Quod
1238 4100 1286 4154 si
1319 4099 1566 4154 homines
1597 4141 1611 4166 ,
1647 4119 1666 4151 ι
1717 4099 1893 4170 inquit
1935 4099 2175 4168 (ibidem,
2356 4095 2462 4150 Sed
2496 4096 2546 4150 in
2567 4096 2670 4153 hoc
2691 4100 2977 4169 p05teriori
2998 4101 3118 4157 loco
3141 4103 3275 4160 nihil
3296 4107 3441 4162 aliud
3470 4108 3684 4162 innuere
3710 4100 3834 4156 vide-

589 4216 710 4271 pag.
744 4197 860 4267 56),
895 4215 913 4246 ι
967 4195 1178 4266 penitus
1219 4201 1309 4246 aut
1347 4194 1492 4262 ipsos
1523 4209 1581 4249 se
1612 4202 1870 4261 nossent,
1899 4205 1992 4248 aut
2017 4194 2177 4249 intel-
2284 4199 2388 4254 tur,
2420 4189 2520 4243 nisi
2554 4189 2760 4266 animas
2791 4203 3041 4261 nostras,
3082 4201 3430 4266 quantumvis
3458 4200 3770 4267 incorporeas
3793 4197 3836 4244 ει

587 4291 784 4347 lectum
812 4290 901 4346 Dei
925 4287 1246 4359 suspicionis
1262 4285 1489 4357 alicujus
1510 4288 1817 4357 acciperent
1837 4304 1987 4353 aura,
2015 4303 2173 4343 num-
2279 4281 2575 4351 Spirilualis
2595 4281 2910 4339 ευδεῑίὶηιίίε
2939 4286 3069 4352 Sim.
3097 4303 3274 4358 posse,
3305 4292 3447 4362 quod
3481 4292 3652 4346 nllNUS
3677 4292 3829 4356 ηοεθι»

586 4399 747 4454 quam
775 4382 879 4438 sibi
909 4380 1274 4437 adsciscerent
1308 4377 1556 4452 divinam,
1587 4381 2048 4452 immortalemque
2079 4395 2174 4435 na-
2277 4391 2306 4430 a
2337 4376 2464 4442 Deo,
2491 4391 2674 4431 earum
2698 4388 2960 4447 creatore,
2995 4383 3210 4451 penitus
3243 4385 3453 4442 destrui
3475 4398 3530 4444 et
3551 4386 3614 4441 ad
3637 4381 3828 4438 nihilum

587 4487 779 4532 turam.
817 4495 836 4529 ι
899 4473 1088 4531 Nonne
1138 4482 1314 4528 autem
1369 4471 1492 4527 hinc
1535 4471 1713 4542 colligi
1763 4471 1905 4527 haud
1955 4488 2174 4542 prorsus
2279 4469 2472 4538 redigi.
2516 4469 2651 4526 Tota
2677 4481 2854 4527 autem
2903 4473 3194 4533 difficultas
3234 4479 3285 4532 in
3316 4495 3383 4536 eo
3413 4488 3654 4536 versatur
3679 4484 3830 4529 utrum

580 4571 762 4643 inepte
813 4579 990 4641 potest
1047 4567 1270 4624 Arnobii
1312 4566 1622 4636 opinionem
1665 4566 1829 4622 fuisse
1860 4607 1874 4632 ,
1934 4567 2169 4622 animam
2199 4575 2253 4637 Ῑ)
2275 4560 2565 4619 crediderit
2592 4563 2798 4619 animas
2825 4567 3212 4625 sceleratorum
3251 4571 3524 4628 hominum
3555 4583 3728 4627 revera
3754 4578 3828 4634 pc-

583 4661 818 4719 hominis
856 4677 964 4717 non
1010 4659 1204 4716 eodem
1235 4701 1250 4726 ,
1291 4645 1399 4730 quo
1444 4658 1622 4725 Dens,
1673 4661 1766 4714 sed
1803 4659 1908 4712 alio
1952 4674 2173 4729 prorsus
2281 4658 2507 4723 rituras,
2551 4667 2832 4728 postquam
2875 4674 2970 4728 per
2997 4660 3294 4732 longissimi
3338 4666 3592 4736 temporis
3628 4658 3826 4731 spatium

581 4760 743 4818 modo
772 4775 893 4816 esse
919 4756 1281 4813 immortalem
1305 4797 1318 4821 ,
1350 4770 1411 4810 ea
1444 4754 1695 4808 nimirum
1734 4755 2168 4824 immortalitate,
2277 4753 2400 4822 igne
2430 4753 2750 4807 excruciata
2779 4751 3000 4809 fuerint.
3047 4755 3114 4810 At
3157 4767 3310 4814 certe
3349 4775 3470 4814 cum
3498 4759 3694 4814 animas
3721 4748 3827 4805 ﬁde'

581 4867 741 4924 quam
772 4865 801 4903 a
827 4865 886 4905 se
913 4865 1021 4904 non
1049 4849 1279 4914 habeat,
1316 4848 1409 4902 sed
1437 4864 1466 4902 a
1497 4849 1606 4904 Deo
1632 4847 1932 4917 acceperit,
1969 4857 2023 4902 et
2049 4864 2170 4918 quae
2275 4844 2406 4898 lium
2438 4855 2488 4899 et
2520 4845 2725 4914 piorum
2757 4844 3064 4915 hominum,
3103 4849 3178 4904 uti
3208 4850 3474 4917 diximus,
3507 4850 3618 4907 solo
3648 4843 3727 4900 Dei
3748 4841 3823 4894 bc-

578 4961 647 5002 cx
680 4943 823 4999 illius
853 4940 1086 5013 pendeat
1117 4941 1420 5010 potestate?
1445 4941 1514 4994 At
1547 4940 1592 4994 si
1624 4939 1739 4994 hiec
1768 4939 1884 5009 ejus
1913 4939 1984 4994 sit
2017 4954 2169 4995 mens
2274 4938 2466 4993 neficio
2509 4938 2844 4995 immortales
2888 4941 3005 4995 fieri
3055 4943 3348 5000 arbitretur
3381 4986 3397 5011 ,
3450 4942 3570 4998 inde
3616 4935 3824 5010 profecto

579 5049 636 5096 et
677 5036 940 5094 sententia
972 5076 988 5102 ,
1031 5048 1132 5090 nec
1183 5033 1343 5088 aliam
1393 5034 1674 5104 agnoverit
1725 5035 1919 5088 aninue
1968 5044 2171 5090 nostra:
2272 5030 2554 5086 conficitur
2583 5048 2704 5088 eum
2749 5043 2965 5102 putasse
3005 5035 3213 5089 animas
3255 5036 3548 5092 inﬁdelium
3575 5074 3588 5098 ,
3621 5031 3715 5086 hoc
3740 5025 3823 5078 im-

581 5131 924 5189 medietatem
951 5170 967 5197 ,
1033 5126 1134 5183 nisi
1191 5142 1309 5182 eam
1351 5143 1453 5197 qua
1515 5129 1653 5184 inter
1698 5128 2059 5184 immortalem
2114 5138 2171 5185 et
2274 5127 2617 5182 mortalitatis
2641 5143 2865 5183 munere
2896 5129 3154 5199 privatas,
3191 5147 3377 5187 revera
3405 5125 3680 5199 aliquando
3706 5121 3821 5174 inte—

578 5226 951 5297 incorpoream
986 5221 1114 5289 Dei,
1157 5231 1315 5290 atque
1344 5220 1476 5276 alias
1506 5222 1758 5278 mortales
1788 5239 1850 5279 ac
1879 5239 2168 5292 corporeas
2274 5221 2381 5275 rire
2426 5229 2480 5275 et
2535 5221 2754 5276 omnino
2792 5223 3086 5294 exstingui.
3113 5224 3470 5293 Quamobrem
3495 5220 3733 5278 Ethnicos
3755 5208 3820 5264 hi5

576 5327 800 5375 naturas
827 5314 1003 5372 media
1029 5313 1132 5369 dici
1165 5323 1374 5384 potest,
1426 5313 1697 5370 fatendum
1742 5325 1826 5370 est
1878 5315 2026 5371 illnm
2060 5334 2166 5372 non
2270 5314 2449 5370 verbis
2479 5316 2767 5385 compellat
2811 5336 2826 5372 :
2871 5337 2888 5369 ι
2923 5318 3028 5374 Res
3055 5331 3229 5375 vestra
3269 5322 3321 5375 in
3361 5317 3572 5387 ancipiti
3614 5313 3706 5367 sita
3732 5312 3814 5364 est.

576 5411 799 5468 omnino
825 5423 1056 5464 errasse.
1081 5405 1320 5462 Plurium
1347 5407 1609 5477 siquidem
1632 5419 1876 5464 veterum
1911 5409 2168 5466 Ecclesiae
2271 5411 2419 5466 salus
2448 5410 2569 5466 dico
2598 5411 2900 5468 animarum
2950 5425 3248 5470 vestrarum
3286 5433 3299 5469 :
3342 5425 3397 5470 et
3423 5413 3521 5468 nisi
3562 5423 3652 5464 vos
3677 5394 3819 5471 appli‘

576 5503 795 5562 Patrum
845 5502 1165 5558 auctoritate
1222 5499 1467 5571 probavit
1517 5501 1768 5557 Petavius
1822 5503 1942 5558 ideo
1991 5505 2166 5561 solum
2271 5503 2406 5560 catis
2446 5505 2537 5559 Dei
2572 5506 2831 5576 principis
2869 5507 3104 5574 notioni,
3161 5525 3191 5563 a
3222 5506 3586 5578 corporalibus
3624 5487 3816 5551 vinculis

575 5597 744 5656 Deum
787 5613 908 5655 esse
951 5595 1340 5662 immortalem,
1383 5596 1506 5666 quia
1552 5612 1658 5650 non
1700 5597 1767 5652 ab
1809 5597 1915 5652 alio
1961 5601 2168 5671 accepit
2273 5599 2548 5656 exsolutus
2595 5611 2872 5670 exspectat
2909 5617 3057 5658 mors
3083 5618 3244 5669 θωνα,
3291 5617 3396 5658 non
3423 5594 3737 5670 repentinam
3753 5579 3816 5634 ai-

574 5691 1058 5756 immortalitatem,
1102 5705 1166 5745 ac
1194 5704 1419 5761 prorsus
1445 5689 1792 5745 immutabilis
1822 5701 1903 5746 est
1931 5689 2162 5763 (Petam,
2269 5694 2449 5751 ferens
2475 5694 2860 5752 extinctionem
2896 5738 2909 5760 ,
2942 5697 3036 5752 sed
3061 5713 3155 5766 per
3186 5705 3412 5753 tractum
3444 5684 3686 5760 temporis
3709 5688 3811 5732 cru-

578 5793 702 5842 tom.
723 5800 760 5842 ι.
788 5782 1038 5857 Theotog.
1069 5785 1269 5855 dogm.,
1304 5783 1393 5838 lib.
1425 5799 1505 5850 Ill,
1535 5799 1650 5854 cap.
1683 5784 1738 5848 4,
1772 5781 1800 5855 §
1826 5784 1893 5839 lO
1921 5795 1967 5840 et
1997 5802 2160 5857 seqq.,
2265 5787 2473 5848 ciabilis
2499 5805 2673 5861 ptume
2693 5765 3357 5850 accrbitateconsumensn
3387 5785 3567 5860 (Ιὺὶίιο,
3590 5792 3701 5849 Ραθο
3721 5765 3810 5837 ⁸6)·
