3980 6292
173 328 278 388 489

168 450 250 506 De
278 451 616 509 ethnicorum
658 455 840 531 itaque
864 501 880 525 ,
923 460 1027 518 hoc
1064 473 1182 533 est,
1238 465 1328 525 inii

164 559 296 599 num
327 547 608 616 suppliciis
638 561 762 622 post
805 563 1037 612 mortem
1086 559 1295 618 luendis
1336 567 1602 640 loquitur,
1648 581 1764 629 tau-

164 653 326 708 quam
365 651 570 698 :nterua
600 660 708 700 non
730 646 839 702 sint
860 689 875 716 ,
916 651 1011 706 sed
1041 653 1204 710 ﬁnem
1233 672 1354 715 cum
1398 663 1616 721 illorum
1646 668 1764 723 ani-

165 730 360 786 mabus
383 731 675 804 aliquando
702 737 971 798 habitura.

239 819 624 882 Verumtamen
669 844 777 885 non
820 833 1000 890 minus
1037 836 1195 907 plane
1229 851 1286 898 et
1325 843 1560 903 dilucide
1599 848 1762 907 docet

163 913 318 986 ignes
382 918 646 988 quosdam
711 938 832 980 esse
883 927 1321 1004 inextinguibiles
1357 981 1372 1006 ,
1437 942 1630 1012 quibus
1657 943 1761 1000 illa:

163 1008 456 1080 impiorum
487 1014 682 1071 animae
735 1026 1072 1091 torquentur.
1127 1027 1261 1084 Nam
1319 1008 1569 1090 ethnicos
1621 1036 1761 1093 hanc

161 1103 583 1164 christianorum
629 1111 936 1181 Opinionem
977 1118 1263 1178 irridentes
1301 1125 1380 1180 sic
1427 1127 1716 1199 alloquitur
1740 1146 1759 1185 :

165 1217 186 1248 ‹
222 1199 448 1257 Audetis
493 1203 670 1261 ridere
715 1223 815 1263 nos
843 1250 856 1275 ,
905 1227 1027 1267 cum
1074 1215 1348 1285 gehennas
1388 1220 1658 1288 dicimus,
1707 1232 1762 1279 et

157 1291 606 1364 inextinguibiles
673 1301 935 1370 quosdam
993 1303 1145 1376 ignes
1181 1351 1194 1375 ,
1262 1310 1315 1364 in
1363 1327 1499 1384 quos
1552 1315 1759 1371 animas

155 1383 324 1454 dejici
376 1387 441 1444 ab
490 1404 675 1446 earnm
735 1393 974 1451 hostibus
1025 1383 1758 1478 inimicisqueicognovimus

153 1474 356 1548 (lbid.,
379 1497 496 1553 pag.
521 1481 635 1554 52).
666 1504 684 1538 ι
723 1484 792 1540 Ει
815 1487 966 1558 alibi,
997 1490 1200 1550 diserte
1226 1474 1499 1566 appellat,
1534 1503 1758 1560 inextin-

155 1572 380 1642 guibiles
422 1576 663 1646 gehenna:
706 1581 944 1649 ﬂammas
983 1586 1217 1656 (_lib.tv,
1270 1609 1391 1664 pag.
1440 1595 1602 1670 159).
1651 1599 1758 1656 Ne—

148 1680 261 1734 que
313 1669 642 1738 respondeas
683 1673 843 1745 ignes,
874 1677 1089 1747 quidem
1143 1683 1210 1738 ab
1244 1699 1332 1750 .eo
1372 1685 1475 1744 dici
1527 1669 1756 1748 inextin-

149 1757 388 1826 guibiles
412 1801 427 1826 ,
474 1761 572 1819 sed
619 1765 838 1824 silentio
877 1776 1213 1840 praetermitti
1257 1786 1431 1834 utrum
1465 1780 1751 1854 impiorum

149 2049 206 2095 ut
249 2043 306 2097 in
335 2058 431 2099 eos
455 2045 648 2103 animae
702 2049 983 2119 impiorum
1012 2055 1080 2110 ab
1107 2071 1289 2112 earum
1319 2058 1564 2118 hostibus
1587 2107 1604 2132 ,
1647 2067 1750 2122 hoc

148 2146 230 2190 est
257 2176 274 2197 ,
307 2135 646 2195 daemonibus
671 2140 1011 2213 dejiciantur.
1046 2147 1206 2218 Atqui
1236 2151 1280 2205 si
1303 2154 1617 2226 sempiterni
1640 2159 1748 2214 sint

143 2227 301 2298 ignes
329 2229 444 2297 illi,
478 2241 533 2286 et
558 2233 752 2291 animae
783 2244 960 2293 tamen
994 2239 1044 2294 in
1071 2240 1294 2298 nihilum
1327 2245 1614 2316 aliquando
1654 2267 1743 2306 re-

143 2321 417 2394 digendas,
449 2334 562 2383 tum
592 2337 740 2385 certe
763 2331 978 2389 inutiles
1006 2333 1207 2406 forent,
1245 2349 1524 2410 postquam
1553 2361 1742 2402 omnes

141 2417 352 2473 eaedem
401 2421 595 2477 animae
635 2440 741 2478 non
767 2427 1055 2483 exstabnnt
1089 2433 1362 2502 amplius.
1412 2435 1469 2490 In
1504 2449 1609 2493 tam
1649 2441 1743 2497 ab-

137 2511 362 2567 surdam
410 2524 588 2571 antem
633 2518 940 2588 Opinionem
987 2522 1147 2580 ivisse
1177 2528 1474 2584 Arnobium
1498 2573 1514 2595 ,
1554 2543 1609 2587 et
1638 2533 1738 2590 sibi

138 2605 238 2675 ipsi
269 2615 378 2661 tam
404 2603 636 2666 absurde
665 2614 1056 2672 contradixisse
1074 2660 1087 2684 ,
1119 2619 1235 2689 quis
1262 2621 1417 2678 nobis
1450 2627 1739 2693 persuade-

136 2697 255 2754 bit?
295 2701 351 2756 Si
391 2703 512 2773 quis
553 2713 728 2762 tamen
773 2707 827 2762 id
870 2709 937 2764 ab
964 2725 1030 2766 eo
1068 2723 1334 2770 assertum
1384 2716 1550 2776 fuisse
1590 2733 1738 2778 recte

136 2795 480 2865 probaverit,
521 2799 776 2856 cedemus
805 2799 974 2869 illico,
1005 2815 1060 2859 et
1088 2804 1238 2862 illum
1271 2810 1494 2880 turpiter
1521 2827 1735 2871 errasse

133 2889 444 2947 fatebimur.

200 2983 314 3040 Sed
363 2985 630 3043 Arnobius
655 2989 917 3060 gravioris
939 2992 1112 3050 adhuc
1137 3037 1152 3059 ,
1181 2996 1226 3051 si
1253 2997 1363 3053 Deo
1389 2999 1602 3068 placet,
1645 3017 1733 3058 er-

133 3079 273 3134 roris
311 3079 381 3135 ab
412 3079 812 3139 Elmenltorstio
842 3094 896 3140 et
931 3083 1170 3143 Heraldo
1214 3091 1456 3160 arguitur
1479 3134 1493 3160 ,
1545 3094 1634 3148 ubi
1663 3094 1731 3151 de

130 3186 424 3244 corporum
448 3186 758 3232 nostrorum
788 3183 1184 3238 resurrectione
1205 3184 1284 3240 sic
1310 3195 1500 3242 contra
1531 3186 1729 3243 Ethni-

135 3279 228 3322 cos
277 3265 562 3337 disputat:
612 3289 631 3321 ¢
668 3270 924 3340 Audetis,
951 3293 969 3324 ι
1027 3275 1202 3346 inquit
1245 3277 1478 3346 Arnob.,

133 3376 253 3432 pag.
289 3360 410 3432 51),
459 3380 479 3412 ι
509 3362 688 3421 ridere
731 3381 870 3432 nos,
919 3368 1063 3438 quod
1113 3379 1448 3426 mortuorum
1493 3371 1738 3428 dicamus

131 3454 595 3512 resurrectionem
642 3455 917 3526 futuram;
966 3476 1128 3531 quam
1173 3463 1389 3535 quidem
1420 3480 1520 3521 nos
1555 3465 1738 3523 dicere

131 3546 464 3604 conﬁtemur
493 3565 508 3603 :
541 3549 636 3606 sed
673 3566 702 3604 a
748 3551 902 3608 vobis
946 3554 1136 3621 aliter,
1187 3571 1346 3626 quam
1400 3558 1732 3626 sentiamus,

132 3641 332 3698 audiri.
366 3643 508 3710 Quid
541 3645 593 3700 in
625 3645 860 3703 Politico
888 3647 1080 3704 Plato?
1128 3649 1322 3708 Nonne
1353 3668 1476 3709 cum
1506 3655 1738 3711 mundus

133 3734 438 3807 occeperit
464 3737 534 3792 ab
559 3737 804 3795 occiduis
837 3740 1082 3810 partibus
1111 3743 1354 3812 exoriri,
1382 3755 1436 3800 et
1465 3745 1520 3800 in
1559 3747 1740 3802 cardi-

132 3847 260 3888 nem
280 3846 534 3904 vergere,
567 3833 658 3904 qui
679 3835 910 3890 orientis
937 3845 1022 3890 est
1049 3837 1205 3905 solis,
1232 3853 1424 3895 rursus
1451 3850 1740 3912 erupturos

133 3924 388 3981 homines
411 3925 622 3982 telluris
649 3941 681 3982 e
706 3926 914 3998 gremio
941 3928 1162 3997 scribit,
1189 3945 1384 3999 senes,
1417 3947 1606 3996 canos,
1637 3934 1736 3990 de-

132 4017 411 4088 crepitos,
452 4027 656 4075 etcum
684 4021 811 4076 anni
836 4023 1104 4091 ceperint
1141 4025 1406 4081 accedere
1437 4027 1736 4099 longiores,

132 4124 234 4183 per
272 4110 498 4168 eosdem
531 4111 732 4183 gradus
753 4154 769 4180 ,
808 4114 1006 4185 quibus
1035 4115 1196 4172 hodie
1227 4118 1513 4187 crescitur,
1556 4119 1623 4176 ad
1654 4123 1738 4176 in-

133 4205 408 4262 cunabula
445 4203 685 4261 infantiae
719 4205 1003 4264 exituros?
1033 4228 1054 4262 ›
1098 4209 1169 4264 Et
1213 4209 1304 4267 hic
1349 4211 1567 4282 quidem
1614 4213 1739 4270 Pla-

134 4298 281 4353 tonis
310 4297 484 4366 locus,
511 4297 666 4370 cujus
691 4313 944 4366 sensum,
979 4303 1322 4374 potiusquam
1357 4307 1522 4362 verba
1555 4306 1735 4364 Arno-

134 4389 258 4447 bius
286 4391 543 4458 exhibet,
585 4393 639 4448 in
678 4393 844 4448 citato
869 4394 986 4466 ejus
1019 4395 1248 4453 Politico
1278 4398 1475 4471 legitur
1504 4399 1733 4474 (Plato.,

134 4495 260 4560 tom.
279 4500 340 4548 ll,
361 4483 599 4553 Politia,
631 4505 685 4560 p.
705 4486 852 4560 l70).
875 4488 994 4560 Ipsa
1027 4501 1207 4548 autem
1228 4494 1392 4550 verba
1422 4496 1510 4552 hic
1531 4497 1738 4552 referre

135 4551 269 4635 nihil
320 4595 548 4638 necesse
573 4590 693 4649 est;
723 4599 847 4639 nam
880 4595 936 4640 et
963 4585 1015 4640 id
1049 4587 1312 4659 longioris
1339 4599 1487 4647 esset
1514 4607 1734 4662 operae,

137 4681 192 4728 et
216 4673 287 4729 de
310 4674 376 4729 iis
399 4674 549 4730 nulla
572 4691 794 4747 prorsus
821 4693 942 4734 esse
963 4690 1143 4749 potest
1168 4686 1564 4742 controversia.
1761 4667 1816 4732 Ῑ)

208 4769 282 4824 At
309 4768 505 4825 mirum
556 4786 687 4828 sane
733 4784 1167 4846 quantacumque
1197 4778 1412 4835 infamis
1438 4796 1546 4837 non
1591 4797 1742 4838 erro-

137 4864 214 4920 ris
242 4872 472 4929 tantum,
503 4865 598 4921 sed
641 4863 862 4922 insaniae
893 4876 946 4922 et
972 4866 1169 4924 furoris
1198 4879 1321 4925 nota
1351 4870 1572 4929 Auctori
1607 4891 1733 4931 nos-

139 4968 223 5014 tro
250 4957 377 5014 inde
405 4957 668 5014 inuratur.
720 4959 778 5016 Si
819 4962 961 5017 enim
997 4962 1396 5022 ElmenhorStio
1424 4967 1693 5024 credimus
1724 4988 1738 5026 :

144 5070 163 5102 ε
201 5051 409 5106 insanit
435 5065 556 5106 cum
589 5048 887 5110 furentibus
937 5055 1265 5123 hominibus,
1300 5057 1592 5128 Marcione,
1641 5062 1740 5118 Ba-

139 5143 317 5208 silide,
368 5153 426 5199 et
471 5143 725 5217 Origene,
781 5145 869 5216 qui
922 5151 1372 5208 resurrectionem
1402 5168 1510 5209 non
1536 5156 1736 5221 carnis,

138 5237 230 5293 sed
264 5239 536 5309 corporis,
582 5249 639 5296 et
675 5241 919 5312 corporis
949 5245 1165 5315 quidem
1214 5247 1510 5318 Spiritualis
1548 5249 1739 5306 crede-

143 5329 292 5387 bant.
331 5350 352 5383 ι
383 5331 632 5388 Totidem
661 5334 780 5390 haec
806 5345 933 5390 sunt
963 5337 1105 5393 illius
1151 5338 1590 5398 Arnobium'tam
1615 5358 1739 5414 gra—

144 5425 277 5483 viter
303 5441 466 5498 quam
489 5435 691 5486 temere
710 5432 1013 5486 accusantis
1035 5432 1218 5506 verba,
1245 5451 1363 5506 quae
1392 5435 1515 5493 ideo
1540 5437 1743 5494 descri-

145 5522 374 5590 psimus,
407 5539 474 5580 ne
498 5525 618 5596 quis
643 5525 760 5582 hmc
787 5526 943 5582 nobis
964 5526 1266 5587 dicentibus
1294 5531 1452 5588 fidem
1475 5533 1739 5606 derogan-

147 5612 266 5669 dam
297 5625 539 5672 censeat.
589 5617 723 5685 Quae
767 5629 945 5675 autem
1004 5621 1178 5692 major
1225 5626 1522 5693 temeritas,
1580 5643 1738 5698 quam

148 5709 581 5780 antiquissimum
612 5723 884 5770 auctorem
916 5717 1138 5785 erroris,
1173 5718 1415 5787 insanitur,
1461 5731 1517 5778 et
1541 5720 1741 5778 furoris

149 5799 405 5858 audacter
453 5819 729 5874 accusare,
781 5815 836 5863 et
889 5809 1088 5865 nullam
1131 5814 1490 5871 accusationis
1547 5815 1742 5872 afferre

151 5893 467 5954 rationem?
521 5895 735 5956 Nullam
785 5903 1445 5966 autem’Elmenhorstius
1503 5910 1742 5982 profert,

596 5993 869 6058 ΡΑι-ιιοι.
904 5995 981 6059 ν.

1466 355 1948 432 ιΝΑιιΝοΒιυΜ,
1989 359 2143 418 cap.
2187 365 2253 419 Χ.

1334 469 1535 531 delium
1583 479 1761 534 homi.
1793 479 1969 537 Anec
2011 482 2285 539 minimam
2339 486 2554 556 quidem
2613 494 2841 563 proferri
2887 511 3047 570 posse
3100 519 3224 563 mox
3279 521 3462 571 osten-

3358 393 3460 451 490

1867 567 2077 628 demus.

1881 738 1889 746 ι
1937 667 2173 728 Heraldo
2198 684 2375 732 autem
2407 679 2578 738 haeret
2606 697 2764 756 aqua,
2793 701 3101 763 ancepsque
3129 705 3176 752 et
3228 699 3462 760 incertus

1868 760 2082 818 videtur
2106 767 2384 837 cujusnam
2414 773 2482 829 de
2526 792 2812 847 corporum
2839 789 3233 846 resurrectione
3263 797 3464 853 erroris

1867 854 2162 915 Arnobium
2193 863 2487 923 insimulet.
2540 870 2672 927 Nam
2705 873 2853 931 illum
2885 880 2950 935 ad
2999 884 3182 939 falsam
3215 888 3464 959 Origenis

1865 950 2196 1023 opinionem,
2233 960 2393 1014 modo
2423 962 2490 1016 ad
2515 967 2840 1035 graviorem,
2871 975 3031 1030 modo
3057 978 3125 1033 ad
3173 979 3461 1040 Marcionis

1865 1040 2128 1101 insaniam
2148 1052 2464 1121 accessisse,
2486 1057 2646 1112 modo
2668 1061 2801 1117 nihil
2822 1067 2955 1120 certi
2975 1068 3042 1124 de
3060 1077 3460 1134 resurrectione

1865 1148 1956 1192 aut
1987 1141 2292 1208 tradidisse,
2326 1156 2419 1200 aut
2446 1154 2778 1221 comperisse
2805 1158 3096 1231 redarguit.

1934 1230 2041 1286 Sed
2074 1241 2179 1289 tam
2209 1237 2368 1308 hujus
2410 1257 2571 1312 quam
2604 1230 2987 1308 Elmenhorstii
3017 1257 3213 1329 iniqua:
3239 1277 3460 1332 prorsus

1863 1331 1916 1376 et
1936 1328 2230 1395 nugatorize
2247 1340 2372 1386 sunt
2387 1347 2631 1391 censurae
2653 1350 2706 1394 et
2727 1328 3148 1406 criminationes.
3177 1352 3290 1410 Non
3312 1360 3456 1416 enim

1860 1415 1932 1471 ibi
1961 1419 2233 1477 Arnobius
2263 1424 2386 1480 data
2415 1417 2578 1499 opera
2623 1433 2690 1490 de
2719 1452 3052 1499 mortuorum
3085 1445 3358 1508 hominum
3385 1457 3456 1512 ad

1861 1512 2022 1568 vitam
2052 1531 2301 1587 regressu
2334 1521 2572 1592 disputat
2599 1546 2611 1580 τ
2642 1533 2736 1587 sed
2763 1535 3022 1596 adversus
3048 1544 3314 1615 ethnicos,
3364 1554 3454 1622 qui

1857 1609 2070 1662 tametsi
2115 1611 2248 1666 nihil
2277 1614 2330 1668 in
2363 1621 2591 1688 negotiis
2638 1625 2755 1682 sine
2799 1629 2904 1686 fide
2949 1648 3189 1707 agerent,
3243 1609 3457 1700 tametsi

1853 1982 2172 2043 irridebant.
2205 1990 2274 2046 At
2298 1994 2476 2050 varios
2503 1995 2728 2065 hujusce
2754 2002 3016 2064 doctrina:
3046 2014 3303 2070 articulos
3333 2034 3454 2088 per-

1851 2083 2139 2148 currendo,
2173 2085 2238 2138 ad
2272 2085 2402 2143 illud
2431 2089 2500 2144 de
2528 2107 2817 2162 corporum
2862 2113 3174 2161 nostrorum
3207 2125 3452 2170 resurre-

1850 2173 2032 2232 ctione
2059 2177 2345 2235 delabitur.
2396 2181 2474 2237 lbi
2523 2196 2702 2244 autem
2751 2201 2954 2250 tantum
3001 2213 3338 2272 argumento,
3397 2217 3456 2263 ut

1849 2265 1994 2338 loqui
2021 2282 2224 2337 amant,
2259 2272 2326 2328 ad
2355 2273 2630 2334 hominem
2659 2284 2897 2340 ostendit
2926 2287 3181 2347 insulsam
3229 2311 3451 2364 prorsus

1849 2375 1971 2417 esse
2000 2361 2146 2418 illam
2177 2366 2519 2426 ethnicorum
2543 2374 2996 2447 criminationem,
3025 2387 3147 2455 quia
3172 2389 3450 2450 christiani

1844 2459 2164 2514 certissimis
2193 2461 2437 2532 Apostoli
2490 2468 2556 2520 ad
2599 2469 3117 2536 Thessalonicenses
3163 2485 3450 2542 scribentis

1843 2550 2022 2606 verbis
2057 2551 2288 2608 debitam
2334 2555 2388 2627 (Ι
2426 2555 2632 2627 Tltess.,
2675 2579 2764 2629 ιν,-
2803 2567 2869 2620 12
2915 2579 2959 2623 et
3001 2575 3199 2647 θείνῃ),
3255 2579 3456 2654 ethnici

1841 2660 1972 2700 vero
2019 2647 2181 2704 dubio
2231 2651 2388 2720 plane
2437 2653 2678 2713 Platonis
2727 2660 2794 2716 de
2847 2666 3145 2724 animarum
3178 2674 3245 2727 ad
3283 2676 3451 2733 vitam

1838 2737 2018 2793 reditu
2051 2741 2374 2799 documento
2405 2745 2696 2804 indebitam
2726 2759 3052 2824 praestabant
3082 2763 3264 2822 fidem.
3306 2770 3449 2836 Quid

1836 2841 2019 2887 autem
2046 2835 2145 2889 hac
2171 2835 2222 2889 in
2251 2845 2721 2909 argumentatione
2749 2858 2927 2916 potest
2948 2856 3172 2924 erroris,
3199 2858 3442 2932 insanire,

1833 2923 2039 2980 luroris
2068 2929 2256 2998 argui?
2285 2929 2423 2996 Quid
2453 2934 2645 2990 amabo
2673 2946 2744 3002 te,
2790 2940 3006 3012 iniquis,
3055 2923 3215 3018 quam
3263 2923 3444 3009 Arno-’-

1834 3014 1986 3072 bium
2017 3018 2161 3074 illius
2188 3023 2390 3078 erroris
2439 3024 2774 3095 insimulare,
2825 3050 2981 3104 quem
3040 3045 3331 3108 proscribit
3384 3065 3448 3105 ac

1834 3109 2118 3180 repudiat?
2169 3112 2352 3184 Neque
2398 3117 2621 3187 objicias
2654 3123 2802 3178 illum
2835 3143 2985 3183 suam
3021 3131 3092 3187 ibi
3123 3151 3230 3192 non
3262 3141 3441 3210 expli—

1842 3215 1996 3258 casse
2024 3207 2371 3262 sententiam.
2402 3208 2536 3265 Nam
2568 3228 2635 3268 ex
2662 3216 2779 3283 ejus
2807 3219 3023 3276 silentio
3071 3227 3204 3282 nihil
3253 3207 3444 3290 contra

1534 3279 1624 3335 ίίόο
1661 3297 1698 3335 ιι
1719 3325 1734 3350 9
1769 3273 1814 3336 C
1845 3295 1994 3350 illum
2025 3297 2226 3355 inferre
2258 3299 2337 3356 fas
2362 3312 2464 3358 est.
2499 3305 2702 3364 Deinde
2732 3325 2861 3367 vero
2894 3313 2978 3370 hic
3005 3317 3155 3376 locus
3186 3339 3291 3379 non
3321 3337 3442 3383 erat

1841 3393 2162 3449 sententiam
2211 3412 2361 3452 suam
2403 3401 2729 3472 explicandi,
2775 3408 2862 3464 ubi
2925 3411 3157 3470 insulsas
3203 3429 3441 3479 tantum-

1840 3486 2003 3542 modo
2057 3488 2337 3558 gentilium
2396 3493 2465 3549 de
2519 3495 2975 3568 christianorum,
3035 3508 3111 3562 uti
3167 3511 3441 3584 diximus,

1840 3579 1948 3635 fide
1989 3583 2360 3641 cavillationes
2391 3586 2906 3666 criminationcsque
2954 3600 3172 3671 repellit
3216 3615 3268 3660 et
3317 3624 3443 3666 exa-

1839 3669 1990 3740 gitat.
2049 3673 2155 3729 Sed
2206 3674 2276 3732 de
2318 3677 2407 3732 illa
2457 3678 2877 3742 christianorum
2921 3669 3033 3747 fidei
3081 3710 3225 3753 nunc
3271 3697 3442 3760 fusius

1840 3765 2131 3835 agendum.

2467 3907 2694 3968 CAPUT
2736 3914 2803 3971 X.

1839 4035 1920 4096 De
1937 4040 2332 4099 christianorum
2356 4046 2478 4115 fide,
2508 4065 2621 4120 spe,
2646 4055 2891 4122 ecclesiis,
2920 4061 3082 4118 sacris
3122 4064 3432 4142 Scripturis,

1981 4136 2251 4206 altaribus,
2281 4139 2593 4208 simulacris,
2637 4149 2936 4220 aynazibus,
2979 4172 3039 4209 ac
3067 4136 3296 4228 precibas

2372 4234 2527 4289 etiam
2553 4253 2646 4308 pro
2667 4243 2900 4299 mortuis.

2366 4389 2661 4431 ARTICULUS
2702 4393 2910 4436 Ριιωυε.

1839 4500 2304 4584 Βθὶαιιξὶειὶαηονμιη
2327 4507 2423 4558 ﬁde
2443 4511 2648 4584 ejusque
2667 4517 2984 4576 necessitate,
3006 4533 3063 4570 ac
3076 4530 3222 4584 certa
3241 4529 3434 4584 illorum

1901 4568 1966 4654 de
1985 4567 2431 4654 flllUl‘EJ’ilQ‘SpE,
2451 4567 2787 4638 quantumque
2813 4591 2872 4628 ea
2909 4567 3436 4654 ge'ntiliu'rnuopih‘ilo‘n‘i:

1902 4630 1996 4680 bus
2013 4633 2235 4695 opposita
2259 4634 2340 4683 sit.

1915 4783 2232 4854 Supremam
2279 4781 2478 4838 Christi
2526 4781 2732 4841 domini
2781 4786 3112 4851 divinitatem
3142 4802 3326 4871 variis,
3358 4810 3436 4866 uti

1841 4877 2097 4942 vidimus,
2127 4878 2393 4932 rationum
2425 4881 2713 4935 momentis
2739 4897 2858 4938 cum
2899 4886 3169 4949 Arnobius
3213 4897 3437 4959 demon-

1841 4971 2113 5034 straverit,
2143 4985 2248 5026 non
2290 4970 2485 5026 mirum
2528 4987 2658 5029 sane
2700 4976 2746 5031 si
2794 4977 2952 5036 dictis
2997 4984 3132 5055 ejus,
3165 4999 3433 5059 tamquam

1843 5066 2038 5122 divinis
2055 5065 2214 5122 fidem
2237 5067 2304 5123 ab
2328 5067 2580 5125 omnibus
2599 5070 2961 5133 adhibendam
2984 5096 3103 5138 esse
3120 5084 3435 5150 ﬁrmissime

1841 5169 2132 5216 asseveret.
2182 5159 2430 5217 Totidem
2479 5163 2758 5222 enimvero
2788 5177 3115 5242 argumentis
3145 5195 3268 5236 eum
3309 5201 3434 5244 vera

1841 5253 2079 5321 dixisse,
2129 5262 2184 5309 et
2237 5254 2313 5308 illi
2363 5257 2696 5315 credendum
2749 5277 2870 5319 esse
2921 5271 3190 5337 ostendit,
3241 5279 3436 5346 quibus

1841 5364 2105 5404 summam
2137 5347 2279 5404 illius
2307 5348 2643 5408 divinitatem
2693 5357 2888 5410 asserit
2917 5369 2973 5413 et
3018 5363 3272 5423 vindicat.
3327 5371 3436 5429 Sed

1842 5445 1965 5515 quia
1995 5445 2222 5514 gentiles
2257 5443 2398 5500 hanc
2426 5446 2842 5504 christianorum
2886 5451 3046 5508 fidem
3090 5458 3316 5519 irridere
3346 5482 3435 5524 so-

1842 5539 2045 5602 lebant,
2079 5538 2204 5593 hinc
2231 5547 2421 5594 auctor
2467 5549 2652 5596 noster
2695 5541 2845 5597 brevi
2894 5545 3204 5608 inductione
3247 5562 3439 5626 probat

1843 5633 2005 5690 fidem
2026 5633 2186 5688 etiam
2207 5633 2494 5688 humanam
2521 5643 2681 5689 tantae
2700 5649 2822 5690 esse
2836 5641 3170 5700 necessitatis
3194 5649 3434 5724 (Ai-nol,"

1841 5727 1932 5782 lib.
1973 5743 2030 5791 n,
2060 5743 2110 5796 p.
2141 5723 2267 5795 47);
2299 5733 2360 5778 ut
2387 5724 2600 5794 ipsimet
2627 5727 2853 5797 gentiles
2879 5730 3027 5788 illam
3057 5737 3168 5793 suis
3195 5757 3302 5801 non
3351 5723 3439 5806 so.

1846 5819 1957 5875 lum
1978 5825 2241 5888 cogantur
2269 5816 2470 5872 habere
2511 5818 2821 5875 auctoribus
2867 5833 3027 5895 atque
3078 5830 3438 5915 philoSOphis,

1846 5911 1943 5970 sed
1961 5910 2106 5968 nulla
2127 5909 2290 5966 etiam
2312 5907 2547 5981 negotia,
2563 5910 2949 5986 navigationes,
2973 5928 3134 5984 terra:
3150 5907 3435 6011 culturam,

2870 6013 2946 6076 16
