  <div class='ocr_page' id='page_1' title='image "/cluster/home/n/w/nwhite01/storage/ocr_20150623/5/umn.31951002477299b/255.png"; bbox 0 0 3980 6298; ppageno 0'>
   <div class='ocr_carea' id='block_1_1' title="bbox 525 345 626 402">
    <p class='ocr_par' dir='ltr' id='par_1_1' title="bbox 525 345 626 402">
     <span class='ocr_line' id='line_1_1' title="bbox 525 345 626 402; baseline -0.02 0"><span class='ocrx_word' id='word_1_1' title='bbox 525 345 626 402; x_wconf 73' lang='grc'><strong>491</strong></span> 
     </span>
    </p>
   </div>
   <div class='ocr_carea' id='block_1_2' title="bbox 1758 324 2559 403">
    <p class='ocr_par' dir='ltr' id='par_1_2' title="bbox 1758 324 2559 403">
     <span class='ocr_line' id='line_1_2' title="bbox 1758 324 2559 403; baseline -0.005 -12"><span class='ocrx_word' id='word_1_2' title='bbox 1758 347 1777 359; x_wconf 73' lang='lat'>~</span> <span class='ocrx_word' id='word_1_3' title='bbox 1835 328 2238 391; x_wconf 78' lang='lat' dir='ltr'><strong>ISSERTATIO</strong></span> <span class='ocrx_word' id='word_1_4' title='bbox 2275 324 2559 403; x_wconf 58' lang='lat' dir='ltr'><strong>pagana</strong></span> 
     </span>
    </p>
   </div>
   <div class='ocr_carea' id='block_1_3' title="bbox 3706 315 3817 379">
    <p class='ocr_par' dir='ltr' id='par_1_3' title="bbox 3706 315 3817 379">
     <span class='ocr_line' id='line_1_3' title="bbox 3706 315 3817 379; baseline -0.018 0"><span class='ocrx_word' id='word_1_5' title='bbox 3706 315 3817 379; x_wconf 68' lang='lat'><strong>492</strong></span> 
     </span>
    </p>
   </div>
   <div class='ocr_carea' id='block_1_4' title="bbox 526 434 3815 534">
    <p class='ocr_par' dir='ltr' id='par_1_4' title="bbox 526 434 3815 534">
     <span class='ocr_line' id='line_1_4' title="bbox 526 434 3815 534; baseline -0.008 -15"><span class='ocrx_word' id='word_1_6' title='bbox 526 459 798 534; x_wconf 75' lang='lat' dir='ltr'><strong>coniugia,</strong></span> <span class='ocrx_word' id='word_1_7' title='bbox 826 457 987 525; x_wconf 77' lang='lat' dir='ltr'><strong>bella,</strong></span> <span class='ocrx_word' id='word_1_8' title='bbox 1018 455 1259 525; x_wconf 83' lang='lat' dir='ltr'><strong>aliasque</strong></span> <span class='ocrx_word' id='word_1_9' title='bbox 1284 465 1374 521; x_wconf 78' lang='lat' dir='ltr'><strong>res</strong></span> <span class='ocrx_word' id='word_1_10' title='bbox 1404 449 1518 507; x_wconf 86' lang='lat' dir='ltr'><strong>sive</strong></span> <span class='ocrx_word' id='word_1_11' title='bbox 1540 445 1827 512; x_wconf 80' lang='lat' dir='ltr'><strong>humanas,</strong></span> <span class='ocrx_word' id='word_1_12' title='bbox 1854 448 1968 503; x_wconf 87' lang='lat' dir='ltr'><strong>sive</strong></span> <span class='ocrx_word' id='word_1_13' title='bbox 1989 445 2123 501; x_wconf 83' lang='lat' dir='ltr'><strong>divi-</strong></span> <span class='ocrx_word' id='word_1_14' title='bbox 2151 456 2205 527; x_wconf 53' lang='grc' dir='ltr'><strong>Α</strong></span> <span class='ocrx_word' id='word_1_15' title='bbox 2228 452 2437 511; x_wconf 78' lang='lat' dir='ltr'><strong>nentes,</strong></span> <span class='ocrx_word' id='word_1_16' title='bbox 2467 439 2849 507; x_wconf 76' lang='lat' dir='ltr'><strong>existimabam</strong></span> <span class='ocrx_word' id='word_1_17' title='bbox 2888 453 2950 498; x_wconf 83' lang='lat' dir='ltr'><strong>se</strong></span> <span class='ocrx_word' id='word_1_18' title='bbox 2978 438 3095 495; x_wconf 88' lang='lat' dir='ltr'><strong>solo</strong></span> <span class='ocrx_word' id='word_1_19' title='bbox 3123 446 3319 495; x_wconf 85' lang='lat' dir='ltr'><strong>conatu</strong></span> <span class='ocrx_word' id='word_1_20' title='bbox 3349 448 3449 494; x_wconf 91' lang='lat' dir='ltr'><strong>suo</strong></span> <span class='ocrx_word' id='word_1_21' title='bbox 3473 434 3590 495; x_wconf 90' lang='lat' dir='ltr'><strong>ﬁeri</strong></span> <span class='ocrx_word' id='word_1_22' title='bbox 3635 434 3767 493; x_wconf 84' lang='lat' dir='ltr'><strong>deos</strong></span> <span class='ocrx_word' id='word_1_23' title='bbox 3799 454 3815 493; x_wconf 88' lang='lat'><strong>:</strong></span> 
     </span>
    </p>
   </div>
   <div class='ocr_carea' id='block_1_5' title="bbox 529 540 2120 623">
    <p class='ocr_par' dir='ltr' id='par_1_5' title="bbox 529 540 2120 623">
     <span class='ocr_line' id='line_1_5' title="bbox 529 540 2120 623; baseline -0.009 -12"><span class='ocrx_word' id='word_1_24' title='bbox 529 573 646 623; x_wconf 81' lang='lat' dir='ltr'><strong>nas,</strong></span> <span class='ocrx_word' id='word_1_25' title='bbox 674 554 775 608; x_wconf 87' lang='lat' dir='ltr'><strong>nisi</strong></span> <span class='ocrx_word' id='word_1_26' title='bbox 800 552 905 606; x_wconf 97' lang='lat' dir='ltr'><strong>ﬁde</strong></span> <span class='ocrx_word' id='word_1_27' title='bbox 927 557 1221 618; x_wconf 65' lang='lat' dir='ltr'><strong>prateunte,</strong></span> <span class='ocrx_word' id='word_1_28' title='bbox 1250 547 1523 615; x_wconf 89' lang='lat' dir='ltr'><strong>suscipere</strong></span> <span class='ocrx_word' id='word_1_29' title='bbox 1550 552 1891 615; x_wconf 69' lang='lat' dir='ltr'><strong>prtesumant.</strong></span> <span class='ocrx_word' id='word_1_30' title='bbox 1914 540 2120 596; x_wconf 83' lang='lat' dir='ltr'><strong>Eodem</strong></span> 
     </span>
    </p>
   </div>
   <div class='ocr_carea' id='block_1_6' title="bbox 528 634 2122 719">
    <p class='ocr_par' dir='ltr' id='par_1_6' title="bbox 528 634 2122 719">
     <span class='ocr_line' id='line_1_6' title="bbox 528 634 2122 719; baseline -0.009 -16"><span class='ocrx_word' id='word_1_31' title='bbox 528 664 738 719; x_wconf 83' lang='lat' dir='ltr'><strong>quoque</strong></span> <span class='ocrx_word' id='word_1_32' title='bbox 763 652 1080 716; x_wconf 86' lang='lat' dir='ltr'><strong>argumento</strong></span> <span class='ocrx_word' id='word_1_33' title='bbox 1108 650 1291 715; x_wconf 85' lang='lat' dir='ltr'><strong>postea</strong></span> <span class='ocrx_word' id='word_1_34' title='bbox 1320 638 1548 707; x_wconf 82' lang='lat' dir='ltr'><strong>Rufinus</strong></span> <span class='ocrx_word' id='word_1_35' title='bbox 1573 638 1651 693; x_wconf 91' lang='lat' dir='ltr'><strong>sic</strong></span> <span class='ocrx_word' id='word_1_36' title='bbox 1681 652 1813 693; x_wconf 84' lang='lat' dir='ltr'><strong>usus</strong></span> <span class='ocrx_word' id='word_1_37' title='bbox 1841 645 1943 703; x_wconf 80' lang='lat' dir='ltr'><strong>est,</strong></span> <span class='ocrx_word' id='word_1_38' title='bbox 1968 634 2122 705; x_wconf 88' lang='lat' dir='ltr'><strong>quasi</strong></span> 
     </span>
    </p>
   </div>
   <div class='ocr_carea' id='block_1_7' title="bbox 528 728 2121 811">
    <p class='ocr_par' dir='ltr' id='par_1_7' title="bbox 528 728 2121 811">
     <span class='ocr_line' id='line_1_7' title="bbox 528 728 2121 811; baseline -0.009 -15"><span class='ocrx_word' id='word_1_39' title='bbox 528 742 654 796; x_wconf 89' lang='lat' dir='ltr'><strong>illud</strong></span> <span class='ocrx_word' id='word_1_40' title='bbox 698 739 765 811; x_wconf 83' lang='lat' dir='ltr'><strong>ab</strong></span> <span class='ocrx_word' id='word_1_41' title='bbox 809 739 925 808; x_wconf 88' lang='lat' dir='ltr'><strong>ipso</strong></span> <span class='ocrx_word' id='word_1_42' title='bbox 966 743 1185 789; x_wconf 86' lang='lat' dir='ltr'><strong>auctore</strong></span> <span class='ocrx_word' id='word_1_43' title='bbox 1216 741 1403 788; x_wconf 89' lang='lat' dir='ltr'><strong>nostro</strong></span> <span class='ocrx_word' id='word_1_44' title='bbox 1431 731 1737 786; x_wconf 88' lang='lat' dir='ltr'><strong>delibasset.</strong></span> <span class='ocrx_word' id='word_1_45' title='bbox 1764 729 1895 784; x_wconf 86' lang='lat' dir='ltr'><strong>Nam</strong></span> <span class='ocrx_word' id='word_1_46' title='bbox 1929 728 2121 787; x_wconf 88' lang='lat' dir='ltr'><strong>eadem</strong></span> 
     </span>
    </p>
   </div>
   <div class='ocr_carea' id='block_1_8' title="bbox 526 820 2123 901">
    <p class='ocr_par' dir='ltr' id='par_1_8' title="bbox 526 820 2123 901">
     <span class='ocr_line' id='line_1_8' title="bbox 526 820 2123 901; baseline -0.009 -13"><span class='ocrx_word' id='word_1_47' title='bbox 526 831 756 901; x_wconf 80' lang='lat' dir='ltr'><strong>sumpsit</strong></span> <span class='ocrx_word' id='word_1_48' title='bbox 784 827 1051 898; x_wconf 85' lang='lat' dir='ltr'><strong>exempla,</strong></span> <span class='ocrx_word' id='word_1_49' title='bbox 1085 833 1246 899; x_wconf 87' lang='lat' dir='ltr'><strong>atque</strong></span> <span class='ocrx_word' id='word_1_50' title='bbox 1268 841 1330 879; x_wconf 84' lang='lat' dir='ltr'><strong>ex</strong></span> <span class='ocrx_word' id='word_1_51' title='bbox 1358 825 1439 880; x_wconf 89' lang='lat' dir='ltr'><strong>eis</strong></span> <span class='ocrx_word' id='word_1_52' title='bbox 1468 824 1608 879; x_wconf 84' lang='lat' dir='ltr'><strong>hunc</strong></span> <span class='ocrx_word' id='word_1_53' title='bbox 1638 822 1877 892; x_wconf 89' lang='lat' dir='ltr'><strong>disputat</strong></span> <span class='ocrx_word' id='word_1_54' title='bbox 1922 820 1973 877; x_wconf 89' lang='lat' dir='ltr'><strong>in</strong></span> <span class='ocrx_word' id='word_1_55' title='bbox 2004 836 2123 875; x_wconf 90' lang='lat' dir='ltr'><strong>mo-</strong></span> 
     </span>
    </p>
   </div>
   <div class='ocr_carea' id='block_1_9' title="bbox 527 916 2123 990">
    <p class='ocr_par' dir='ltr' id='par_1_9' title="bbox 527 916 2123 990">
     <span class='ocr_line' id='line_1_9' title="bbox 527 916 2123 990; baseline -0.008 -9"><span class='ocrx_word' id='word_1_56' title='bbox 527 927 652 981; x_wconf 85' lang='lat' dir='ltr'><strong>dum</strong></span> <span class='ocrx_word' id='word_1_57' title='bbox 685 943 698 979; x_wconf 91' lang='lat'>:</span> <span class='ocrx_word' id='word_1_58' title='bbox 734 942 752 974; x_wconf 78' lang='grc' dir='ltr'><strong><em>ι</em></strong></span> <span class='ocrx_word' id='word_1_59' title='bbox 789 921 858 978; x_wconf 90' lang='lat' dir='ltr'><strong>Ut</strong></span> <span class='ocrx_word' id='word_1_60' title='bbox 885 918 1257 990; x_wconf 79' lang='lat' dir='ltr'><strong>intelligentiae</strong></span> <span class='ocrx_word' id='word_1_61' title='bbox 1289 917 1383 972; x_wconf 87' lang='lat' dir='ltr'><strong>tibi</strong></span> <span class='ocrx_word' id='word_1_62' title='bbox 1429 916 1606 970; x_wconf 86' lang='lat' dir='ltr'><strong>aditus</strong></span> <span class='ocrx_word' id='word_1_63' title='bbox 1658 922 1919 985; x_wconf 88' lang='lat' dir='ltr'><strong>patescat,</strong></span> <span class='ocrx_word' id='word_1_64' title='bbox 1974 921 2123 969; x_wconf 88' lang='lat' dir='ltr'><strong>recte</strong></span> 
     </span>
    </p>
   </div>
   <div class='ocr_carea' id='block_1_10' title="bbox 525 1009 2126 1091">
    <p class='ocr_par' dir='ltr' id='par_1_10' title="bbox 525 1009 2126 1091">
     <span class='ocr_line' id='line_1_10' title="bbox 525 1009 2126 1091; baseline -0.007 -18"><span class='ocrx_word' id='word_1_65' title='bbox 525 1020 699 1091; x_wconf 90' lang='lat' dir='ltr'><strong>primo</strong></span> <span class='ocrx_word' id='word_1_66' title='bbox 743 1015 982 1070; x_wconf 88' lang='lat' dir='ltr'><strong>onmium</strong></span> <span class='ocrx_word' id='word_1_67' title='bbox 1012 1023 1063 1068; x_wconf 92' lang='lat' dir='ltr'><strong>te</strong></span> <span class='ocrx_word' id='word_1_68' title='bbox 1090 1011 1314 1068; x_wconf 84' lang='lat' dir='ltr'><strong>credere</strong></span> <span class='ocrx_word' id='word_1_69' title='bbox 1344 1011 1643 1081; x_wconf 88' lang='lat' dir='ltr'><strong>profiteris;</strong></span> <span class='ocrx_word' id='word_1_70' title='bbox 1691 1009 1815 1078; x_wconf 84' lang='lat' dir='ltr'><strong>quia</strong></span> <span class='ocrx_word' id='word_1_71' title='bbox 1847 1021 1944 1062; x_wconf 90' lang='lat' dir='ltr'><strong>nec</strong></span> <span class='ocrx_word' id='word_1_72' title='bbox 1975 1020 2126 1061; x_wconf 91' lang='lat' dir='ltr'><strong>mare</strong></span> 
     </span>
    </p>
   </div>
   <div class='ocr_carea' id='block_1_11' title="bbox 527 1097 2127 1181">
    <p class='ocr_par' dir='ltr' id='par_1_11' title="bbox 527 1097 2127 1181">
     <span class='ocr_line' id='line_1_11' title="bbox 527 1097 2127 1181; baseline -0.008 -16"><span class='ocrx_word' id='word_1_73' title='bbox 527 1110 645 1181; x_wconf 87' lang='lat' dir='ltr'><strong>quis</strong></span> <span class='ocrx_word' id='word_1_74' title='bbox 672 1107 991 1181; x_wconf 87' lang='lat' dir='ltr'><strong>ingreditur,</strong></span> <span class='ocrx_word' id='word_1_75' title='bbox 1010 1114 1065 1161; x_wconf 90' lang='lat' dir='ltr'><strong>et</strong></span> <span class='ocrx_word' id='word_1_76' title='bbox 1086 1104 1288 1176; x_wconf 90' lang='lat' dir='ltr'><strong>liquido</strong></span> <span class='ocrx_word' id='word_1_77' title='bbox 1312 1119 1375 1157; x_wconf 88' lang='lat' dir='ltr'><strong>ac</strong></span> <span class='ocrx_word' id='word_1_78' title='bbox 1401 1101 1665 1173; x_wconf 88' lang='lat' dir='ltr'><strong>profundo</strong></span> <span class='ocrx_word' id='word_1_79' title='bbox 1687 1115 1805 1156; x_wconf 89' lang='lat' dir='ltr'><strong>sese</strong></span> <span class='ocrx_word' id='word_1_80' title='bbox 1836 1097 2127 1154; x_wconf 83' lang='lat' dir='ltr'><strong>committit</strong></span> 
     </span>
    </p>
   </div>
   <div class='ocr_carea' id='block_1_12' title="bbox 527 1178 2127 1267">
    <p class='ocr_par' dir='ltr' id='par_1_12' title="bbox 527 1178 2127 1267">
     <span class='ocr_line' id='line_1_12' title="bbox 527 1178 2127 1267; baseline -0.009 -9"><span class='ocrx_word' id='word_1_81' title='bbox 527 1178 821 1263; x_wconf 70' lang='lat' dir='ltr'><strong>elemento,</strong></span> <span class='ocrx_word' id='word_1_82' title='bbox 864 1199 964 1254; x_wconf 88' lang='lat' dir='ltr'><strong>nisi</strong></span> <span class='ocrx_word' id='word_1_83' title='bbox 1012 1213 1071 1252; x_wconf 90' lang='lat' dir='ltr'><strong>se</strong></span> <span class='ocrx_word' id='word_1_84' title='bbox 1120 1197 1264 1267; x_wconf 90' lang='lat' dir='ltr'><strong>prius</strong></span> <span class='ocrx_word' id='word_1_85' title='bbox 1310 1194 1496 1250; x_wconf 88' lang='lat' dir='ltr'><strong>credat</strong></span> <span class='ocrx_word' id='word_1_86' title='bbox 1548 1209 1704 1265; x_wconf 91' lang='lat' dir='ltr'><strong>posse</strong></span> <span class='ocrx_word' id='word_1_87' title='bbox 1750 1193 1963 1248; x_wconf 90' lang='lat' dir='ltr'><strong>salvari.</strong></span> <span class='ocrx_word' id='word_1_88' title='bbox 2016 1190 2127 1244; x_wconf 86' lang='lat' dir='ltr'><strong>Nec</strong></span> 
     </span>
    </p>
   </div>
   <div class='ocr_carea' id='block_1_13' title="bbox 527 1284 2125 1365">
    <p class='ocr_par' dir='ltr' id='par_1_13' title="bbox 527 1284 2125 1365">
     <span class='ocr_line' id='line_1_13' title="bbox 527 1284 2125 1365; baseline -0.009 -16"><span class='ocrx_word' id='word_1_89' title='bbox 527 1293 759 1365; x_wconf 80' lang='lat' dir='ltr'><strong>agricola</strong></span> <span class='ocrx_word' id='word_1_90' title='bbox 804 1292 1009 1348; x_wconf 80' lang='lat' dir='ltr'><strong>semina</strong></span> <span class='ocrx_word' id='word_1_91' title='bbox 1057 1288 1219 1344; x_wconf 87' lang='lat' dir='ltr'><strong>sulcis</strong></span> <span class='ocrx_word' id='word_1_92' title='bbox 1250 1287 1448 1351; x_wconf 91' lang='lat' dir='ltr'><strong>obruit,</strong></span> <span class='ocrx_word' id='word_1_93' title='bbox 1498 1296 1554 1342; x_wconf 88' lang='lat' dir='ltr'><strong>et</strong></span> <span class='ocrx_word' id='word_1_94' title='bbox 1600 1287 1777 1356; x_wconf 80' lang='lat' dir='ltr'><strong>fruges</strong></span> <span class='ocrx_word' id='word_1_95' title='bbox 1826 1284 2027 1354; x_wconf 76' lang='lat' dir='ltr'><strong>spargit</strong></span> <span class='ocrx_word' id='word_1_96' title='bbox 2072 1284 2125 1347; x_wconf 81' lang='lat' dir='ltr'><strong>in</strong></span> 
     </span>
    </p>
   </div>
   <div class='ocr_carea' id='block_1_14' title="bbox 530 1378 2126 1453">
    <p class='ocr_par' dir='ltr' id='par_1_14' title="bbox 530 1378 2126 1453">
     <span class='ocr_line' id='line_1_14' title="bbox 530 1378 2126 1453; baseline -0.008 -11"><span class='ocrx_word' id='word_1_97' title='bbox 530 1398 748 1453; x_wconf 89' lang='lat' dir='ltr'><strong>terram,</strong></span> <span class='ocrx_word' id='word_1_98' title='bbox 805 1385 907 1440; x_wconf 82' lang='lat' dir='ltr'><strong>nisi</strong></span> <span class='ocrx_word' id='word_1_99' title='bbox 936 1382 1225 1439; x_wconf 80' lang='lat' dir='ltr'><strong>crediderit</strong></span> <span class='ocrx_word' id='word_1_100' title='bbox 1256 1396 1511 1436; x_wconf 85' lang='lat' dir='ltr'><strong>venturos</strong></span> <span class='ocrx_word' id='word_1_101' title='bbox 1543 1380 1747 1434; x_wconf 82' lang='lat' dir='ltr'><strong>imbres</strong></span> <span class='ocrx_word' id='word_1_102' title='bbox 1770 1419 1783 1444; x_wconf 95' lang='lat'><strong>,</strong></span> <span class='ocrx_word' id='word_1_103' title='bbox 1836 1378 2126 1431; x_wconf 78' lang='lat' dir='ltr'><strong>affuturum</strong></span> 
     </span>
    </p>
   </div>
   <div class='ocr_carea' id='block_1_15' title="bbox 528 1469 2127 1552">
    <p class='ocr_par' dir='ltr' id='par_1_15' title="bbox 528 1469 2127 1552">
     <span class='ocr_line' id='line_1_15' title="bbox 528 1469 2127 1552; baseline -0.008 -16"><span class='ocrx_word' id='word_1_104' title='bbox 528 1497 739 1552; x_wconf 81' lang='lat' dir='ltr'><strong>quoque</strong></span> <span class='ocrx_word' id='word_1_105' title='bbox 767 1479 906 1534; x_wconf 90' lang='lat' dir='ltr'><strong>Solis</strong></span> <span class='ocrx_word' id='word_1_106' title='bbox 937 1488 1197 1549; x_wconf 90' lang='lat' dir='ltr'><strong>teporem,</strong></span> <span class='ocrx_word' id='word_1_107' title='bbox 1231 1474 1424 1544; x_wconf 86' lang='lat' dir='ltr'><strong>quibus</strong></span> <span class='ocrx_word' id='word_1_108' title='bbox 1457 1484 1598 1526; x_wconf 86' lang='lat' dir='ltr'><strong>terra</strong></span> <span class='ocrx_word' id='word_1_109' title='bbox 1649 1469 1884 1537; x_wconf 88' lang='lat' dir='ltr'><strong>confota,</strong></span> <span class='ocrx_word' id='word_1_110' title='bbox 1916 1478 2127 1539; x_wconf 79' lang='lat' dir='ltr'><strong>segetes</strong></span> 
     </span>
    </p>
   </div>
   <div class='ocr_carea' id='block_1_16' title="bbox 529 1562 2127 1643">
    <p class='ocr_par' dir='ltr' id='par_1_16' title="bbox 529 1562 2127 1643">
     <span class='ocr_line' id='line_1_16' title="bbox 529 1562 2127 1643; baseline -0.01 -13"><span class='ocrx_word' id='word_1_111' title='bbox 529 1574 878 1643; x_wconf 88' lang='lat' dir='ltr'><strong>multiplicata</strong></span> <span class='ocrx_word' id='word_1_112' title='bbox 930 1570 1081 1640; x_wconf 89' lang='lat' dir='ltr'><strong>fruge</strong></span> <span class='ocrx_word' id='word_1_113' title='bbox 1136 1568 1415 1641; x_wconf 82' lang='lat' dir='ltr'><strong>producat,</strong></span> <span class='ocrx_word' id='word_1_114' title='bbox 1464 1580 1527 1619; x_wconf 91' lang='lat' dir='ltr'><strong>ac</strong></span> <span class='ocrx_word' id='word_1_115' title='bbox 1578 1562 1753 1619; x_wconf 86' lang='lat' dir='ltr'><strong>ventis</strong></span> <span class='ocrx_word' id='word_1_116' title='bbox 1802 1562 2127 1633; x_wconf 79' lang='lat' dir='ltr'><strong>spirantibus</strong></span> 
     </span>
    </p>
   </div>
   <div class='ocr_carea' id='block_1_17' title="bbox 532 1654 2123 1731">
    <p class='ocr_par' dir='ltr' id='par_1_17' title="bbox 532 1654 2123 1731">
     <span class='ocr_line' id='line_1_17' title="bbox 532 1654 2123 1731; baseline -0.009 -10"><span class='ocrx_word' id='word_1_117' title='bbox 532 1666 747 1721; x_wconf 88' lang='lat' dir='ltr'><strong>nutriat.</strong></span> <span class='ocrx_word' id='word_1_118' title='bbox 792 1662 937 1719; x_wconf 84' lang='lat' dir='ltr'><strong>Nihil</strong></span> <span class='ocrx_word' id='word_1_119' title='bbox 966 1661 1197 1731; x_wconf 88' lang='lat' dir='ltr'><strong>denique</strong></span> <span class='ocrx_word' id='word_1_120' title='bbox 1246 1667 1347 1723; x_wconf 90' lang='lat' dir='ltr'><strong>est,</strong></span> <span class='ocrx_word' id='word_1_121' title='bbox 1383 1656 1524 1726; x_wconf 87' lang='lat' dir='ltr'><strong>quod</strong></span> <span class='ocrx_word' id='word_1_122' title='bbox 1556 1656 1608 1710; x_wconf 92' lang='lat' dir='ltr'><strong>in</strong></span> <span class='ocrx_word' id='word_1_123' title='bbox 1636 1656 1746 1709; x_wconf 85' lang='lat' dir='ltr'><strong>vita</strong></span> <span class='ocrx_word' id='word_1_124' title='bbox 1774 1657 1887 1726; x_wconf 87' lang='lat' dir='ltr'><strong>geri</strong></span> <span class='ocrx_word' id='word_1_125' title='bbox 1934 1654 2123 1725; x_wconf 59' lang='lat' dir='ltr'><strong>possit,</strong></span> 
     </span>
    </p>
   </div>
   <div class='ocr_carea' id='block_1_18' title="bbox 527 1744 2130 1825">
    <p class='ocr_par' dir='ltr' id='par_1_18' title="bbox 527 1744 2130 1825">
     <span class='ocr_line' id='line_1_18' title="bbox 527 1744 2130 1825; baseline -0.009 -13"><span class='ocrx_word' id='word_1_126' title='bbox 527 1759 573 1812; x_wconf 90' lang='lat' dir='ltr'><strong>si</strong></span> <span class='ocrx_word' id='word_1_127' title='bbox 602 1772 706 1813; x_wconf 92' lang='lat' dir='ltr'><strong>non</strong></span> <span class='ocrx_word' id='word_1_128' title='bbox 751 1754 1042 1812; x_wconf 90' lang='lat' dir='ltr'><strong>credulitas</strong></span> <span class='ocrx_word' id='word_1_129' title='bbox 1087 1764 1210 1806; x_wconf 89' lang='lat' dir='ltr'><strong>ante</strong></span> <span class='ocrx_word' id='word_1_130' title='bbox 1240 1748 1600 1821; x_wconf 82' lang='lat' dir='ltr'><strong>praecesserit.</strong></span> <span class='ocrx_word' id='word_1_131' title='bbox 1649 1746 1787 1816; x_wconf 85' lang='lat' dir='ltr'><strong>Quid</strong></span> <span class='ocrx_word' id='word_1_132' title='bbox 1812 1746 1989 1825; x_wconf 77' lang='lat' dir='ltr'><strong>igitur</strong></span> <span class='ocrx_word' id='word_1_133' title='bbox 2029 1744 2130 1798; x_wconf 91' lang='lat' dir='ltr'><strong>mi-</strong></span> 
     </span>
    </p>
   </div>
   <div class='ocr_carea' id='block_1_19' title="bbox 2223 528 3821 618">
    <p class='ocr_par' dir='ltr' id='par_1_19' title="bbox 2223 528 3821 618">
     <span class='ocr_line' id='line_1_19' title="bbox 2223 528 3821 618; baseline -0.001 -29"><span class='ocrx_word' id='word_1_134' title='bbox 2223 537 2505 593; x_wconf 85' lang='lat' dir='ltr'><strong>christiani</strong></span> <span class='ocrx_word' id='word_1_135' title='bbox 2534 549 2661 618; x_wconf 75' lang='lat' dir='ltr'><strong>vero</strong></span> <span class='ocrx_word' id='word_1_136' title='bbox 2690 534 2919 601; x_wconf 62' lang='lat' dir='ltr'><strong>inﬁrmae</strong></span> <span class='ocrx_word' id='word_1_137' title='bbox 2948 540 3151 593; x_wconf 66' lang='lat' dir='ltr'><strong>natura)</strong></span> <span class='ocrx_word' id='word_1_138' title='bbox 3192 547 3304 588; x_wconf 75' lang='lat' dir='ltr'><strong>suae</strong></span> <span class='ocrx_word' id='word_1_139' title='bbox 3328 530 3536 588; x_wconf 88' lang='lat' dir='ltr'><strong>viribus</strong></span> <span class='ocrx_word' id='word_1_140' title='bbox 3568 528 3821 587; x_wconf 78' lang='lat' dir='ltr'><strong>diffiden-</strong></span> 
     </span>
    </p>
   </div>
   <div class='ocr_carea' id='block_1_20' title="bbox 2226 622 3819 696">
    <p class='ocr_par' dir='ltr' id='par_1_20' title="bbox 2226 622 3819 696">
     <span class='ocr_line' id='line_1_20' title="bbox 2226 622 3819 696; baseline -0.002 -14"><span class='ocrx_word' id='word_1_141' title='bbox 2226 638 2325 692; x_wconf 84' lang='lat' dir='ltr'><strong>tes,</strong></span> <span class='ocrx_word' id='word_1_142' title='bbox 2348 626 2498 683; x_wconf 89' lang='lat' dir='ltr'><strong>illam</strong></span> <span class='ocrx_word' id='word_1_143' title='bbox 2530 627 2597 683; x_wconf 88' lang='lat' dir='ltr'><strong>ab</strong></span> <span class='ocrx_word' id='word_1_144' title='bbox 2623 624 3007 696; x_wconf 85' lang='lat' dir='ltr'><strong>omnipotentis</strong></span> <span class='ocrx_word' id='word_1_145' title='bbox 3045 622 3140 679; x_wconf 89' lang='lat' dir='ltr'><strong>Dei</strong></span> <span class='ocrx_word' id='word_1_146' title='bbox 3170 622 3539 685; x_wconf 82' lang='lat' dir='ltr'><strong>misericordia</strong></span> <span class='ocrx_word' id='word_1_147' title='bbox 3574 633 3819 693; x_wconf 79' lang='lat' dir='ltr'><strong>expecta-</strong></span> 
     </span>
    </p>
   </div>
   <div class='ocr_carea' id='block_1_21' title="bbox 2224 716 3817 788">
    <p class='ocr_par' dir='ltr' id='par_1_21' title="bbox 2224 716 3817 788">
     <span class='ocr_line' id='line_1_21' title="bbox 2224 716 3817 788; baseline -0.001 -14"><span class='ocrx_word' id='word_1_148' title='bbox 2224 721 2373 774; x_wconf 80' lang='lat' dir='ltr'><strong>baut.</strong></span> <span class='ocrx_word' id='word_1_149' title='bbox 2406 719 2645 775; x_wconf 86' lang='lat' dir='ltr'><strong>Gentiles</strong></span> <span class='ocrx_word' id='word_1_150' title='bbox 2670 718 3028 788; x_wconf 80' lang='lat' dir='ltr'><strong>Opinabantur</strong></span> <span class='ocrx_word' id='word_1_151' title='bbox 3056 716 3170 785; x_wconf 84' lang='lat' dir='ltr'><strong>alas</strong></span> <span class='ocrx_word' id='word_1_152' title='bbox 3196 716 3299 785; x_wconf 81' lang='lat' dir='ltr'><strong>sibi</strong></span> <span class='ocrx_word' id='word_1_153' title='bbox 3328 724 3450 786; x_wconf 83' lang='lat' dir='ltr'><strong>post</strong></span> <span class='ocrx_word' id='word_1_154' title='bbox 3476 726 3702 775; x_wconf 85' lang='lat' dir='ltr'><strong>mortem</strong></span> <span class='ocrx_word' id='word_1_155' title='bbox 3732 716 3817 773; x_wconf 77' lang='lat' dir='ltr'><strong>fu-</strong></span> 
     </span>
    </p>
   </div>
   <div class='ocr_carea' id='block_1_22' title="bbox 2229 807 3820 884">
    <p class='ocr_par' dir='ltr' id='par_1_22' title="bbox 2229 807 3820 884">
     <span class='ocr_line' id='line_1_22' title="bbox 2229 807 3820 884; baseline -0.001 -18"><span class='ocrx_word' id='word_1_156' title='bbox 2229 824 2394 877; x_wconf 77' lang='lat' dir='ltr'><strong>turas,</strong></span> <span class='ocrx_word' id='word_1_157' title='bbox 2447 812 2641 884; x_wconf 83' lang='lat' dir='ltr'><strong>quibus</strong></span> <span class='ocrx_word' id='word_1_158' title='bbox 2685 812 2741 869; x_wconf 91' lang='lat' dir='ltr'><strong>in</strong></span> <span class='ocrx_word' id='word_1_159' title='bbox 2783 810 2980 877; x_wconf 73' lang='lat' dir='ltr'><strong>coelum</strong></span> <span class='ocrx_word' id='word_1_160' title='bbox 3033 809 3407 873; x_wconf 83' lang='lat' dir='ltr'><strong>convolarent.</strong></span> <span class='ocrx_word' id='word_1_161' title='bbox 3470 808 3612 878; x_wconf 82' lang='lat' dir='ltr'><strong>Quin</strong></span> <span class='ocrx_word' id='word_1_162' title='bbox 3654 807 3820 864; x_wconf 83' lang='lat' dir='ltr'><strong>immo</strong></span> 
     </span>
    </p>
   </div>
   <div class='ocr_carea' id='block_1_23' title="bbox 2226 909 3824 983">
    <p class='ocr_par' dir='ltr' id='par_1_23' title="bbox 2226 909 3824 983">
     <span class='ocr_line' id='line_1_23' title="bbox 2226 909 3824 983; baseline -0.004 -14"><span class='ocrx_word' id='word_1_163' title='bbox 2226 913 2626 971; x_wconf 82' lang='lat' dir='ltr'><strong>somniaveram</strong></span> <span class='ocrx_word' id='word_1_164' title='bbox 2653 909 2915 983; x_wconf 88' lang='lat' dir='ltr'><strong>quasdam</strong></span> <span class='ocrx_word' id='word_1_165' title='bbox 2945 924 3070 975; x_wconf 80' lang='lat' dir='ltr'><strong>esse</strong></span> <span class='ocrx_word' id='word_1_166' title='bbox 3092 917 3409 979; x_wconf 83' lang='lat' dir='ltr'><strong>potestates,</strong></span> <span class='ocrx_word' id='word_1_167' title='bbox 3440 921 3564 977; x_wconf 73' lang='lat' dir='ltr'><strong>qua:</strong></span> <span class='ocrx_word' id='word_1_168' title='bbox 3584 914 3824 963; x_wconf 88' lang='lat' dir='ltr'><strong>secreta-</strong></span> 
     </span>
    </p>
   </div>
   <div class='ocr_carea' id='block_1_24' title="bbox 2226 999 3822 1071">
    <p class='ocr_par' dir='ltr' id='par_1_24' title="bbox 2226 999 3822 1071">
     <span class='ocr_line' id='line_1_24' title="bbox 2226 999 3822 1071; baseline -0.004 -10"><span class='ocrx_word' id='word_1_169' title='bbox 2226 1020 2344 1061; x_wconf 88' lang='lat' dir='ltr'><strong>rum</strong></span> <span class='ocrx_word' id='word_1_170' title='bbox 2375 1004 2571 1063; x_wconf 81' lang='lat' dir='ltr'><strong>artium</strong></span> <span class='ocrx_word' id='word_1_171' title='bbox 2600 1001 3094 1071; x_wconf 85' lang='lat' dir='ltr'><strong>superstitionibus,</strong></span> <span class='ocrx_word' id='word_1_172' title='bbox 3123 1009 3179 1057; x_wconf 91' lang='lat' dir='ltr'><strong>et</strong></span> <span class='ocrx_word' id='word_1_173' title='bbox 3223 999 3680 1057; x_wconf 87' lang='lat' dir='ltr'><strong>commendatitiis</strong></span> <span class='ocrx_word' id='word_1_174' title='bbox 3706 1015 3822 1055; x_wconf 89' lang='lat' dir='ltr'><strong>ma-</strong></span> 
     </span>
    </p>
   </div>
   <div class='ocr_carea' id='block_1_25' title="bbox 2226 1092 3826 1171">
    <p class='ocr_par' dir='ltr' id='par_1_25' title="bbox 2226 1092 3826 1171">
     <span class='ocr_line' id='line_1_25' title="bbox 2226 1092 3826 1171; baseline -0.003 -20"><span class='ocrx_word' id='word_1_175' title='bbox 2226 1114 2415 1171; x_wconf 85' lang='lat' dir='ltr'><strong>gorum</strong></span> <span class='ocrx_word' id='word_1_176' title='bbox 2447 1097 2696 1168; x_wconf 87' lang='lat' dir='ltr'><strong>precibus</strong></span> <span class='ocrx_word' id='word_1_177' title='bbox 2745 1095 2991 1161; x_wconf 73' lang='lat' dir='ltr'><strong>mollitae,</strong></span> <span class='ocrx_word' id='word_1_178' title='bbox 3047 1094 3263 1150; x_wconf 75' lang='lat' dir='ltr'><strong>facilem</strong></span> <span class='ocrx_word' id='word_1_179' title='bbox 3288 1092 3342 1155; x_wconf 89' lang='lat' dir='ltr'><strong>in</strong></span> <span class='ocrx_word' id='word_1_180' title='bbox 3372 1092 3571 1157; x_wconf 72' lang='lat' dir='ltr'><strong>emittm</strong></span> <span class='ocrx_word' id='word_1_181' title='bbox 3600 1102 3826 1153; x_wconf 87' lang='lat' dir='ltr'><strong>conten-</strong></span> 
     </span>
    </p>
   </div>
   <div class='ocr_carea' id='block_1_26' title="bbox 2229 1184 3826 1261">
    <p class='ocr_par' dir='ltr' id='par_1_26' title="bbox 2229 1184 3826 1261">
     <span class='ocr_line' id='line_1_26' title="bbox 2229 1184 3826 1261; baseline -0.003 -15"><span class='ocrx_word' id='word_1_182' title='bbox 2229 1191 2482 1247; x_wconf 86' lang='lat' dir='ltr'><strong>dentibus</strong></span> <span class='ocrx_word' id='word_1_183' title='bbox 2505 1191 2706 1246; x_wconf 80' lang='lat' dir='ltr'><strong>dabant</strong></span> <span class='ocrx_word' id='word_1_184' title='bbox 2745 1189 2948 1247; x_wconf 83' lang='lat' dir='ltr'><strong>aditum</strong></span> <span class='ocrx_word' id='word_1_185' title='bbox 2979 1187 3167 1261; x_wconf 85' lang='lat' dir='ltr'><strong>(Ibid.,</strong></span> <span class='ocrx_word' id='word_1_186' title='bbox 3217 1203 3339 1258; x_wconf 83' lang='lat' dir='ltr'><strong>pag.</strong></span> <span class='ocrx_word' id='word_1_187' title='bbox 3382 1185 3454 1242; x_wconf 79' lang='lat'><strong>52</strong></span> <span class='ocrx_word' id='word_1_188' title='bbox 3478 1184 3682 1257; x_wconf 78' lang='lat' dir='ltr'><strong>et87).</strong></span> <span class='ocrx_word' id='word_1_189' title='bbox 3713 1186 3826 1254; x_wconf 82' lang='lat' dir='ltr'><strong>Qua</strong></span> 
     </span>
    </p>
   </div>
   <div class='ocr_carea' id='block_1_27' title="bbox 2229 1280 3826 1356">
    <p class='ocr_par' dir='ltr' id='par_1_27' title="bbox 2229 1280 3826 1356">
     <span class='ocr_line' id='line_1_27' title="bbox 2229 1280 3826 1356; baseline -0.002 -18"><span class='ocrx_word' id='word_1_190' title='bbox 2229 1284 2296 1339; x_wconf 88' lang='lat' dir='ltr'><strong>dc</strong></span> <span class='ocrx_word' id='word_1_191' title='bbox 2327 1300 2387 1341; x_wconf 92' lang='lat' dir='ltr'><strong>re</strong></span> <span class='ocrx_word' id='word_1_192' title='bbox 2418 1285 2570 1341; x_wconf 85' lang='lat' dir='ltr'><strong>Plato</strong></span> <span class='ocrx_word' id='word_1_193' title='bbox 2616 1284 2667 1339; x_wconf 92' lang='lat' dir='ltr'><strong>in</strong></span> <span class='ocrx_word' id='word_1_194' title='bbox 2696 1284 2948 1356; x_wconf 83' lang='lat' dir='ltr'><strong>genuinis</strong></span> <span class='ocrx_word' id='word_1_195' title='bbox 2974 1281 3090 1339; x_wconf 87' lang='lat' dir='ltr'><strong>sive</strong></span> <span class='ocrx_word' id='word_1_196' title='bbox 3154 1281 3339 1337; x_wconf 85' lang='lat' dir='ltr'><strong>notbis</strong></span> <span class='ocrx_word' id='word_1_197' title='bbox 3386 1281 3502 1337; x_wconf 86' lang='lat' dir='ltr'><strong>suis</strong></span> <span class='ocrx_word' id='word_1_198' title='bbox 3544 1280 3826 1351; x_wconf 86' lang='lat' dir='ltr'><strong>operibus,</strong></span> 
     </span>
    </p>
   </div>
   <div class='ocr_carea' id='block_1_28' title="bbox 2230 1372 3832 1448">
    <p class='ocr_par' dir='ltr' id='par_1_28' title="bbox 2230 1372 3832 1448">
     <span class='ocr_line' id='line_1_28' title="bbox 2230 1372 3832 1448; baseline -0.002 -14"><span class='ocrx_word' id='word_1_199' title='bbox 2230 1378 2479 1446; x_wconf 86' lang='lat' dir='ltr'><strong>Servius,</strong></span> <span class='ocrx_word' id='word_1_200' title='bbox 2540 1387 2597 1433; x_wconf 91' lang='lat' dir='ltr'><strong>et</strong></span> <span class='ocrx_word' id='word_1_201' title='bbox 2635 1376 2779 1448; x_wconf 87' lang='lat' dir='ltr'><strong>apud</strong></span> <span class='ocrx_word' id='word_1_202' title='bbox 2826 1377 3182 1447; x_wconf 78' lang='lat' dir='ltr'><strong>Augustinum</strong></span> <span class='ocrx_word' id='word_1_203' title='bbox 3234 1374 3568 1446; x_wconf 84' lang='lat' dir='ltr'><strong>Porphyrius</strong></span> <span class='ocrx_word' id='word_1_204' title='bbox 3621 1372 3832 1445; x_wconf 80' lang='lat' dir='ltr'><strong>legendi</strong></span> 
     </span>
    </p>
   </div>
   <div class='ocr_carea' id='block_1_29' title="bbox 2231 1467 3830 1539">
    <p class='ocr_par' dir='ltr' id='par_1_29' title="bbox 2231 1467 3830 1539">
     <span class='ocr_line' id='line_1_29' title="bbox 2231 1467 3830 1539; baseline -0.001 -16"><span class='ocrx_word' id='word_1_205' title='bbox 2231 1469 2432 1539; x_wconf 77' lang='lat' dir='ltr'><strong>(Plato,</strong></span> <span class='ocrx_word' id='word_1_206' title='bbox 2464 1471 2518 1523; x_wconf 80' lang='lat' dir='ltr'><strong>in</strong></span> <span class='ocrx_word' id='word_1_207' title='bbox 2546 1469 2829 1535; x_wconf 65' lang='lat' dir='ltr'><strong>Phintiam,</strong></span> <span class='ocrx_word' id='word_1_208' title='bbox 2859 1478 2983 1524; x_wconf 84' lang='lat' dir='ltr'><strong>tam.</strong></span> <span class='ocrx_word' id='word_1_209' title='bbox 3015 1484 3055 1535; x_wconf 91' lang='grc' dir='ltr'>ι,</span> <span class='ocrx_word' id='word_1_210' title='bbox 3085 1487 3139 1539; x_wconf 81' lang='lat' dir='ltr'><strong>p.</strong></span> <span class='ocrx_word' id='word_1_211' title='bbox 3174 1468 3302 1531; x_wconf 84' lang='lat'><strong>107,</strong></span> <span class='ocrx_word' id='word_1_212' title='bbox 3349 1477 3396 1525; x_wconf 77' lang='lat' dir='ltr'><strong>et</strong></span> <span class='ocrx_word' id='word_1_213' title='bbox 3437 1467 3655 1534; x_wconf 69' lang='lat' dir='ltr'><strong>Axioco,</strong></span> <span class='ocrx_word' id='word_1_214' title='bbox 3709 1477 3830 1522; x_wconf 83' lang='lat' dir='ltr'><strong>tam.</strong></span> 
     </span>
    </p>
   </div>
   <div class='ocr_carea' id='block_1_30' title="bbox 2228 1561 3833 1634">
    <p class='ocr_par' dir='ltr' id='par_1_30' title="bbox 2228 1561 3833 1634">
     <span class='ocr_line' id='line_1_30' title="bbox 2228 1561 3833 1634; baseline 0.001 -18"><span class='ocrx_word' id='word_1_215' title='bbox 2228 1579 2303 1628; x_wconf 83' lang='grc' dir='ltr'><strong>ιιι,</strong></span> <span class='ocrx_word' id='word_1_216' title='bbox 2329 1582 2381 1634; x_wconf 84' lang='lat' dir='ltr'><strong>p.</strong></span> <span class='ocrx_word' id='word_1_217' title='bbox 2414 1565 2555 1630; x_wconf 73' lang='lat'><strong>571;</strong></span> <span class='ocrx_word' id='word_1_218' title='bbox 2587 1565 2759 1631; x_wconf 64' lang='lat' dir='ltr'><strong>Serm,</strong></span> <span class='ocrx_word' id='word_1_219' title='bbox 2787 1564 2842 1619; x_wconf 86' lang='lat' dir='ltr'><strong>in</strong></span> <span class='ocrx_word' id='word_1_220' title='bbox 2868 1564 2958 1620; x_wconf 83' lang='lat' dir='ltr'><strong>lib.</strong></span> <span class='ocrx_word' id='word_1_221' title='bbox 2988 1569 3062 1629; x_wconf 86' lang='lat' dir='ltr'><strong>v&#39;t,</strong></span> <span class='ocrx_word' id='word_1_222' title='bbox 3088 1561 3330 1628; x_wconf 64' lang='grc' dir='ltr'><strong>Αἰηεὶάη</strong></span> <span class='ocrx_word' id='word_1_223' title='bbox 3371 1578 3502 1619; x_wconf 68' lang='lat' dir='ltr'><strong>vero.</strong></span> <span class='ocrx_word' id='word_1_224' title='bbox 3536 1562 3638 1619; x_wconf 80' lang='lat'><strong>758</strong></span> <span class='ocrx_word' id='word_1_225' title='bbox 3665 1577 3684 1628; x_wconf 89' lang='lat'><strong>;</strong></span> <span class='ocrx_word' id='word_1_226' title='bbox 3730 1563 3833 1618; x_wconf 81' lang='lat' dir='ltr'><strong>Au-</strong></span> 
     </span>
    </p>
   </div>
   <div class='ocr_carea' id='block_1_31' title="bbox 2230 1653 3830 1727">
    <p class='ocr_par' dir='ltr' id='par_1_31' title="bbox 2230 1653 3830 1727">
     <span class='ocr_line' id='line_1_31' title="bbox 2230 1653 3830 1727; baseline 0.002 -18"><span class='ocrx_word' id='word_1_227' title='bbox 2230 1667 2366 1726; x_wconf 80' lang='lat' dir='ltr'><strong>gust.</strong></span> <span class='ocrx_word' id='word_1_228' title='bbox 2404 1656 2492 1712; x_wconf 84' lang='lat' dir='ltr'><strong>lib.</strong></span> <span class='ocrx_word' id='word_1_229' title='bbox 2524 1673 2579 1723; x_wconf 88' lang='lat' dir='ltr'><strong>x,</strong></span> <span class='ocrx_word' id='word_1_230' title='bbox 2609 1657 2672 1713; x_wconf 79' lang='lat' dir='ltr'><strong>de</strong></span> <span class='ocrx_word' id='word_1_231' title='bbox 2699 1658 2865 1722; x_wconf 83' lang='lat' dir='ltr'><strong>civit.,</strong></span> <span class='ocrx_word' id='word_1_232' title='bbox 2910 1674 2960 1712; x_wconf 77' lang='grc' dir='ltr'><strong>ε.</strong></span> <span class='ocrx_word' id='word_1_233' title='bbox 3003 1656 3037 1715; x_wconf 88' lang='lat'><strong>9</strong></span> <span class='ocrx_word' id='word_1_234' title='bbox 3080 1666 3127 1711; x_wconf 76' lang='lat' dir='ltr'><strong>et</strong></span> <span class='ocrx_word' id='word_1_235' title='bbox 3169 1655 3259 1722; x_wconf 88' lang='lat'><strong>10,</strong></span> <span class='ocrx_word' id='word_1_236' title='bbox 3309 1672 3363 1724; x_wconf 88' lang='lat' dir='ltr'><strong>p.</strong></span> <span class='ocrx_word' id='word_1_237' title='bbox 3402 1653 3510 1715; x_wconf 62' lang='lat'><strong>246</strong></span> <span class='ocrx_word' id='word_1_238' title='bbox 3552 1665 3599 1709; x_wconf 84' lang='lat' dir='ltr'><strong>et</strong></span> <span class='ocrx_word' id='word_1_239' title='bbox 3642 1653 3830 1727; x_wconf 62' lang='grc' dir='ltr'><strong>καφ).</strong></span> 
     </span>
    </p>
   </div>
   <div class='ocr_carea' id='block_1_32' title="bbox 2234 1746 3835 1813">
    <p class='ocr_par' dir='ltr' id='par_1_32' title="bbox 2234 1746 3835 1813">
     <span class='ocr_line' id='line_1_32' title="bbox 2234 1746 3835 1813; baseline -0.001 -9"><span class='ocrx_word' id='word_1_240' title='bbox 2234 1749 2434 1806; x_wconf 83' lang='lat' dir='ltr'><strong>Verum</strong></span> <span class='ocrx_word' id='word_1_241' title='bbox 2466 1750 2785 1805; x_wconf 86' lang='lat' dir='ltr'><strong>christianis</strong></span> <span class='ocrx_word' id='word_1_242' title='bbox 2806 1750 3073 1809; x_wconf 87' lang='lat' dir='ltr'><strong>incertum</strong></span> <span class='ocrx_word' id='word_1_243' title='bbox 3103 1758 3188 1807; x_wconf 90' lang='lat' dir='ltr'><strong>est</strong></span> <span class='ocrx_word' id='word_1_244' title='bbox 3218 1758 3397 1803; x_wconf 90' lang='lat' dir='ltr'><strong>utrum</strong></span> <span class='ocrx_word' id='word_1_245' title='bbox 3425 1747 3587 1813; x_wconf 75' lang='lat' dir='ltr'><strong>vitam</strong></span> <span class='ocrx_word' id='word_1_246' title='bbox 3612 1746 3835 1805; x_wconf 83' lang='lat' dir='ltr'><strong>immor-</strong></span> 
     </span>
    </p>
   </div>
   <div class='ocr_carea' id='block_1_33' title="bbox 526 1839 3835 1923">
    <p class='ocr_par' dir='ltr' id='par_1_33' title="bbox 526 1839 3835 1923">
     <span class='ocr_line' id='line_1_33' title="bbox 526 1839 3835 1923; baseline -0.001 -21"><span class='ocrx_word' id='word_1_247' title='bbox 526 1867 668 1917; x_wconf 86' lang='lat' dir='ltr'><strong>rum,</strong></span> <span class='ocrx_word' id='word_1_248' title='bbox 715 1849 760 1902; x_wconf 92' lang='lat' dir='ltr'><strong>si</strong></span> <span class='ocrx_word' id='word_1_249' title='bbox 806 1845 1126 1901; x_wconf 81' lang='lat' dir='ltr'><strong>accedentes</strong></span> <span class='ocrx_word' id='word_1_250' title='bbox 1174 1844 1240 1898; x_wconf 87' lang='lat' dir='ltr'><strong>ad</strong></span> <span class='ocrx_word' id='word_1_251' title='bbox 1293 1844 1480 1904; x_wconf 86' lang='lat' dir='ltr'><strong>Deum,</strong></span> <span class='ocrx_word' id='word_1_252' title='bbox 1528 1840 1754 1896; x_wconf 88' lang='lat' dir='ltr'><strong>credere</strong></span> <span class='ocrx_word' id='word_1_253' title='bbox 1805 1855 1904 1894; x_wconf 90' lang='lat' dir='ltr'><strong>nos</strong></span> <span class='ocrx_word' id='word_1_254' title='bbox 1953 1839 2127 1909; x_wconf 91' lang='lat' dir='ltr'><strong>primo</strong></span> <span class='ocrx_word' id='word_1_255' title='bbox 2158 1852 2206 1923; x_wconf 74' lang='grc' dir='ltr'><strong><em>Β</em></strong></span> <span class='ocrx_word' id='word_1_256' title='bbox 2235 1845 2399 1898; x_wconf 86' lang='lat' dir='ltr'><strong>talem</strong></span> <span class='ocrx_word' id='word_1_257' title='bbox 2446 1844 2696 1914; x_wconf 88' lang='lat' dir='ltr'><strong>accipere</strong></span> <span class='ocrx_word' id='word_1_258' title='bbox 2725 1843 3014 1915; x_wconf 86' lang='lat' dir='ltr'><strong>aliquando</strong></span> <span class='ocrx_word' id='word_1_259' title='bbox 3055 1853 3388 1905; x_wconf 82' lang='lat' dir='ltr'><strong>mereantur.</strong></span> <span class='ocrx_word' id='word_1_260' title='bbox 3418 1842 3835 1899; x_wconf 80' lang='lat' dir='ltr'><strong>Arbitrabantur</strong></span> 
     </span>
    </p>
   </div>
   <div class='ocr_carea' id='block_1_34' title="bbox 532 1930 2131 2007">
    <p class='ocr_par' dir='ltr' id='par_1_34' title="bbox 532 1930 2131 2007">
     <span class='ocr_line' id='line_1_34' title="bbox 532 1930 2131 2007; baseline -0.007 -12"><span class='ocrx_word' id='word_1_261' title='bbox 532 1942 767 1995; x_wconf 89' lang='lat' dir='ltr'><strong>omnium</strong></span> <span class='ocrx_word' id='word_1_262' title='bbox 794 1937 1127 2007; x_wconf 88' lang='lat' dir='ltr'><strong>proﬁtemur,</strong></span> <span class='ocrx_word' id='word_1_263' title='bbox 1148 1952 1269 1989; x_wconf 90' lang='lat' dir='ltr'><strong>cum</strong></span> <span class='ocrx_word' id='word_1_264' title='bbox 1291 1934 1407 1989; x_wconf 88' lang='lat' dir='ltr'><strong>sine</strong></span> <span class='ocrx_word' id='word_1_265' title='bbox 1427 1935 1527 1988; x_wconf 88' lang='lat' dir='ltr'><strong>hoc</strong></span> <span class='ocrx_word' id='word_1_266' title='bbox 1555 1949 1653 1988; x_wconf 90' lang='lat' dir='ltr'><strong>nec</strong></span> <span class='ocrx_word' id='word_1_267' title='bbox 1669 1932 1783 2001; x_wconf 88' lang='lat' dir='ltr'><strong>ipsa</strong></span> <span class='ocrx_word' id='word_1_268' title='bbox 1800 1931 1939 2002; x_wconf 87' lang='lat' dir='ltr'><strong>exigi</strong></span> <span class='ocrx_word' id='word_1_269' title='bbox 1958 1930 2131 2001; x_wconf 88' lang='lat' dir='ltr'><strong>possit</strong></span> 
     </span>
    </p>
   </div>
   <div class='ocr_carea' id='block_1_35' title="bbox 531 2024 2132 2095">
    <p class='ocr_par' dir='ltr' id='par_1_35' title="bbox 531 2024 2132 2095">
     <span class='ocr_line' id='line_1_35' title="bbox 531 2024 2132 2095; baseline -0.007 -8"><span class='ocrx_word' id='word_1_270' title='bbox 531 2034 636 2089; x_wconf 81' lang='lat' dir='ltr'><strong>vita</strong></span> <span class='ocrx_word' id='word_1_271' title='bbox 666 2031 987 2087; x_wconf 89' lang='lat' dir='ltr'><strong>communis.</strong></span> <span class='ocrx_word' id='word_1_272' title='bbox 1024 2028 1147 2082; x_wconf 72' lang='lat' dir='ltr'><strong>Haec</strong></span> <span class='ocrx_word' id='word_1_273' title='bbox 1177 2035 1354 2082; x_wconf 90' lang='lat' dir='ltr'><strong>autem</strong></span> <span class='ocrx_word' id='word_1_274' title='bbox 1389 2025 1590 2079; x_wconf 89' lang='lat' dir='ltr'><strong>idcirco</strong></span> <span class='ocrx_word' id='word_1_275' title='bbox 1620 2026 1673 2079; x_wconf 93' lang='lat' dir='ltr'><strong>in</strong></span> <span class='ocrx_word' id='word_1_276' title='bbox 1700 2024 1964 2095; x_wconf 88' lang='lat' dir='ltr'><strong>principio</strong></span> <span class='ocrx_word' id='word_1_277' title='bbox 1993 2038 2132 2094; x_wconf 74' lang='lat' dir='ltr'><strong>pra:-</strong></span> 
     </span>
    </p>
   </div>
   <div class='ocr_carea' id='block_1_36' title="bbox 534 2113 2133 2192">
    <p class='ocr_par' dir='ltr' id='par_1_36' title="bbox 534 2113 2133 2192">
     <span class='ocr_line' id='line_1_36' title="bbox 534 2113 2133 2192; baseline -0.01 -12"><span class='ocrx_word' id='word_1_278' title='bbox 534 2124 812 2188; x_wconf 91' lang='lat' dir='ltr'><strong>misimus,</strong></span> <span class='ocrx_word' id='word_1_279' title='bbox 844 2122 969 2192; x_wconf 83' lang='lat' dir='ltr'><strong>quia</strong></span> <span class='ocrx_word' id='word_1_280' title='bbox 1015 2118 1205 2190; x_wconf 89' lang='lat' dir='ltr'><strong>pagani</strong></span> <span class='ocrx_word' id='word_1_281' title='bbox 1233 2117 1390 2172; x_wconf 90' lang='lat' dir='ltr'><strong>nobis</strong></span> <span class='ocrx_word' id='word_1_282' title='bbox 1437 2116 1675 2185; x_wconf 70' lang='lat' dir='ltr'><strong>obiicere</strong></span> <span class='ocrx_word' id='word_1_283' title='bbox 1722 2114 1941 2177; x_wconf 82' lang='lat' dir='ltr'><strong>solent,</strong></span> <span class='ocrx_word' id='word_1_284' title='bbox 1988 2113 2133 2184; x_wconf 85' lang='lat' dir='ltr'><strong>quod</strong></span> 
     </span>
    </p>
   </div>
   <div class='ocr_carea' id='block_1_37' title="bbox 530 2208 2132 2290">
    <p class='ocr_par' dir='ltr' id='par_1_37' title="bbox 530 2208 2132 2290">
     <span class='ocr_line' id='line_1_37' title="bbox 530 2208 2132 2290; baseline -0.007 -14"><span class='ocrx_word' id='word_1_285' title='bbox 530 2219 722 2290; x_wconf 86' lang='lat' dir='ltr'><strong>religio</strong></span> <span class='ocrx_word' id='word_1_286' title='bbox 744 2228 946 2277; x_wconf 76' lang='lat' dir='ltr'><strong>neSIra,</strong></span> <span class='ocrx_word' id='word_1_287' title='bbox 971 2215 1091 2284; x_wconf 84' lang='lat' dir='ltr'><strong>quia</strong></span> <span class='ocrx_word' id='word_1_288' title='bbox 1117 2213 1415 2267; x_wconf 87' lang='lat' dir='ltr'><strong>rationibus</strong></span> <span class='ocrx_word' id='word_1_289' title='bbox 1441 2211 1642 2277; x_wconf 88' lang='lat' dir='ltr'><strong>deﬁcit,</strong></span> <span class='ocrx_word' id='word_1_290' title='bbox 1667 2210 1721 2290; x_wconf 86' lang='lat' dir='ltr'><strong>in</strong></span> <span class='ocrx_word' id='word_1_291' title='bbox 1741 2211 1853 2264; x_wconf 86' lang='lat' dir='ltr'><strong>sola</strong></span> <span class='ocrx_word' id='word_1_292' title='bbox 1876 2208 2132 2265; x_wconf 89' lang='lat' dir='ltr'><strong>credendi</strong></span> 
     </span>
    </p>
   </div>
   <div class='ocr_carea' id='block_1_38' title="bbox 532 2288 2128 2386">
    <p class='ocr_par' dir='ltr' id='par_1_38' title="bbox 532 2288 2128 2386">
     <span class='ocr_line' id='line_1_38' title="bbox 532 2288 2128 2386; baseline -0.008 -18"><span class='ocrx_word' id='word_1_293' title='bbox 532 2288 882 2386; x_wconf 81' lang='lat' dir='ltr'><strong>persuasione</strong></span> <span class='ocrx_word' id='word_1_294' title='bbox 924 2308 1202 2362; x_wconf 83' lang='lat' dir='ltr'><strong>consistat.</strong></span> <span class='ocrx_word' id='word_1_295' title='bbox 1259 2307 1322 2361; x_wconf 87' lang='lat' dir='ltr'><strong>Et</strong></span> <span class='ocrx_word' id='word_1_296' title='bbox 1368 2306 1489 2361; x_wconf 88' lang='lat' dir='ltr'><strong>ideo</strong></span> <span class='ocrx_word' id='word_1_297' title='bbox 1520 2288 1855 2359; x_wconf 85' lang='lat' dir='ltr'><strong>ostendimus</strong></span> <span class='ocrx_word' id='word_1_298' title='bbox 1885 2318 1985 2358; x_wconf 93' lang='lat' dir='ltr'><strong>nec</strong></span> <span class='ocrx_word' id='word_1_299' title='bbox 2013 2301 2128 2373; x_wconf 86' lang='lat' dir='ltr'><strong>agi,</strong></span> 
     </span>
    </p>
   </div>
   <div class='ocr_carea' id='block_1_39' title="bbox 532 2394 2128 2472">
    <p class='ocr_par' dir='ltr' id='par_1_39' title="bbox 532 2394 2128 2472">
     <span class='ocr_line' id='line_1_39' title="bbox 532 2394 2128 2472; baseline -0.007 -13"><span class='ocrx_word' id='word_1_300' title='bbox 532 2420 631 2461; x_wconf 89' lang='lat' dir='ltr'><strong>nec</strong></span> <span class='ocrx_word' id='word_1_301' title='bbox 652 2413 798 2459; x_wconf 92' lang='lat' dir='ltr'><strong>stare</strong></span> <span class='ocrx_word' id='word_1_302' title='bbox 818 2400 1015 2472; x_wconf 89' lang='lat' dir='ltr'><strong>aliquid</strong></span> <span class='ocrx_word' id='word_1_303' title='bbox 1048 2414 1226 2469; x_wconf 84' lang='lat' dir='ltr'><strong>posse,</strong></span> <span class='ocrx_word' id='word_1_304' title='bbox 1258 2398 1358 2452; x_wconf 87' lang='lat' dir='ltr'><strong>nisi</strong></span> <span class='ocrx_word' id='word_1_305' title='bbox 1389 2398 1726 2467; x_wconf 76' lang='lat' dir='ltr'><strong>praecesserit</strong></span> <span class='ocrx_word' id='word_1_306' title='bbox 1746 2397 1823 2449; x_wconf 90' lang='lat' dir='ltr'><strong>vis</strong></span> <span class='ocrx_word' id='word_1_307' title='bbox 1850 2394 2128 2449; x_wconf 86' lang='lat' dir='ltr'><strong>credendi.</strong></span> 
     </span>
    </p>
   </div>
   <div class='ocr_carea' id='block_1_40' title="bbox 530 2486 2135 2565">
    <p class='ocr_par' dir='ltr' id='par_1_40' title="bbox 530 2486 2135 2565">
     <span class='ocr_line' id='line_1_40' title="bbox 530 2486 2135 2565; baseline -0.008 -12"><span class='ocrx_word' id='word_1_308' title='bbox 530 2496 775 2565; x_wconf 85' lang='lat' dir='ltr'><strong>Denique</strong></span> <span class='ocrx_word' id='word_1_309' title='bbox 801 2504 855 2550; x_wconf 91' lang='lat' dir='ltr'><strong>et</strong></span> <span class='ocrx_word' id='word_1_310' title='bbox 909 2491 1247 2548; x_wconf 89' lang='lat' dir='ltr'><strong>matrimonia</strong></span> <span class='ocrx_word' id='word_1_311' title='bbox 1280 2489 1692 2553; x_wconf 89' lang='lat' dir='ltr'><strong>contrahuntur,</strong></span> <span class='ocrx_word' id='word_1_312' title='bbox 1742 2488 1863 2559; x_wconf 89' lang='lat' dir='ltr'><strong>quia</strong></span> <span class='ocrx_word' id='word_1_313' title='bbox 1897 2486 2135 2542; x_wconf 88' lang='lat' dir='ltr'><strong>creditur</strong></span> 
     </span>
    </p>
   </div>
   <div class='ocr_carea' id='block_1_41' title="bbox 531 2581 2131 2657">
    <p class='ocr_par' dir='ltr' id='par_1_41' title="bbox 531 2581 2131 2657">
     <span class='ocr_line' id='line_1_41' title="bbox 531 2581 2131 2657; baseline -0.008 -11"><span class='ocrx_word' id='word_1_314' title='bbox 531 2603 850 2646; x_wconf 88' lang='lat' dir='ltr'><strong>successura</strong></span> <span class='ocrx_word' id='word_1_315' title='bbox 885 2586 1171 2657; x_wconf 86' lang='lat' dir='ltr'><strong>posteritas</strong></span> <span class='ocrx_word' id='word_1_316' title='bbox 1202 2602 1215 2637; x_wconf 93' lang='lat'><strong>:</strong></span> <span class='ocrx_word' id='word_1_317' title='bbox 1246 2592 1302 2639; x_wconf 91' lang='lat' dir='ltr'><strong>et</strong></span> <span class='ocrx_word' id='word_1_318' title='bbox 1323 2583 1470 2653; x_wconf 90' lang='lat' dir='ltr'><strong>pueri</strong></span> <span class='ocrx_word' id='word_1_319' title='bbox 1503 2581 1774 2637; x_wconf 87' lang='lat' dir='ltr'><strong>discendis</strong></span> <span class='ocrx_word' id='word_1_320' title='bbox 1797 2581 1999 2635; x_wconf 91' lang='lat' dir='ltr'><strong>artibus</strong></span> <span class='ocrx_word' id='word_1_321' title='bbox 2022 2589 2131 2634; x_wconf 89' lang='lat' dir='ltr'><strong>tra-</strong></span> 
     </span>
    </p>
   </div>
   <div class='ocr_carea' id='block_1_42' title="bbox 528 2673 2135 2752">
    <p class='ocr_par' dir='ltr' id='par_1_42' title="bbox 528 2673 2135 2752">
     <span class='ocr_line' id='line_1_42' title="bbox 528 2673 2135 2752; baseline -0.008 -12"><span class='ocrx_word' id='word_1_322' title='bbox 528 2685 748 2747; x_wconf 86' lang='lat' dir='ltr'><strong>duntur,</strong></span> <span class='ocrx_word' id='word_1_323' title='bbox 768 2681 888 2752; x_wconf 87' lang='lat' dir='ltr'><strong>quia</strong></span> <span class='ocrx_word' id='word_1_324' title='bbox 911 2679 1283 2750; x_wconf 82' lang='lat' dir='ltr'><strong>magistrorum</strong></span> <span class='ocrx_word' id='word_1_325' title='bbox 1312 2678 1365 2751; x_wconf 76' lang='lat' dir='ltr'><strong>in</strong></span> <span class='ocrx_word' id='word_1_326' title='bbox 1389 2677 1683 2746; x_wconf 84' lang='lat' dir='ltr'><strong>discipulos</strong></span> <span class='ocrx_word' id='word_1_327' title='bbox 1711 2673 2135 2729; x_wconf 84' lang='lat' dir='ltr'><strong>transfundenda</strong></span> 
     </span>
    </p>
   </div>
   <div class='ocr_carea' id='block_1_43' title="bbox 529 2765 2131 2843">
    <p class='ocr_par' dir='ltr' id='par_1_43' title="bbox 529 2765 2131 2843">
     <span class='ocr_line' id='line_1_43' title="bbox 529 2765 2131 2843; baseline -0.011 -7"><span class='ocrx_word' id='word_1_328' title='bbox 529 2777 766 2836; x_wconf 88' lang='lat' dir='ltr'><strong>creditur</strong></span> <span class='ocrx_word' id='word_1_329' title='bbox 786 2773 1068 2843; x_wconf 90' lang='lat' dir='ltr'><strong>disciplina</strong></span> <span class='ocrx_word' id='word_1_330' title='bbox 1100 2789 1112 2824; x_wconf 91' lang='lat'><strong>:</strong></span> <span class='ocrx_word' id='word_1_331' title='bbox 1149 2781 1202 2826; x_wconf 91' lang='lat' dir='ltr'><strong>et</strong></span> <span class='ocrx_word' id='word_1_332' title='bbox 1227 2769 1434 2839; x_wconf 91' lang='lat' dir='ltr'><strong>imperii</strong></span> <span class='ocrx_word' id='word_1_333' title='bbox 1468 2769 1697 2839; x_wconf 86' lang='lat' dir='ltr'><strong>insignia</strong></span> <span class='ocrx_word' id='word_1_334' title='bbox 1725 2783 1862 2822; x_wconf 92' lang='lat' dir='ltr'><strong>unus</strong></span> <span class='ocrx_word' id='word_1_335' title='bbox 1886 2765 2131 2836; x_wconf 90' lang='lat' dir='ltr'><strong>suscipit,</strong></span> 
     </span>
    </p>
   </div>
   <div class='ocr_carea' id='block_1_44' title="bbox 530 2861 2135 2937">
    <p class='ocr_par' dir='ltr' id='par_1_44' title="bbox 530 2861 2135 2937">
     <span class='ocr_line' id='line_1_44' title="bbox 530 2861 2135 2937; baseline -0.01 -9"><span class='ocrx_word' id='word_1_336' title='bbox 530 2874 655 2929; x_wconf 86' lang='lat' dir='ltr'><strong>dum</strong></span> <span class='ocrx_word' id='word_1_337' title='bbox 679 2869 853 2925; x_wconf 88' lang='lat' dir='ltr'><strong>credit</strong></span> <span class='ocrx_word' id='word_1_338' title='bbox 873 2866 1102 2937; x_wconf 92' lang='lat' dir='ltr'><strong>populos</strong></span> <span class='ocrx_word' id='word_1_339' title='bbox 1123 2876 1177 2919; x_wconf 89' lang='lat' dir='ltr'><strong>et</strong></span> <span class='ocrx_word' id='word_1_340' title='bbox 1205 2864 1388 2927; x_wconf 90' lang='lat' dir='ltr'><strong>urbes,</strong></span> <span class='ocrx_word' id='word_1_341' title='bbox 1413 2873 1466 2916; x_wconf 90' lang='lat' dir='ltr'><strong>et</strong></span> <span class='ocrx_word' id='word_1_342' title='bbox 1493 2870 1759 2916; x_wconf 90' lang='lat' dir='ltr'><strong>armatum</strong></span> <span class='ocrx_word' id='word_1_343' title='bbox 1788 2861 1950 2916; x_wconf 90' lang='lat' dir='ltr'><strong>etiam</strong></span> <span class='ocrx_word' id='word_1_344' title='bbox 1977 2874 2135 2914; x_wconf 83' lang='lat' dir='ltr'><strong>exer—</strong></span> 
     </span>
    </p>
   </div>
   <div class='ocr_carea' id='block_1_45' title="bbox 528 2953 2132 3034">
    <p class='ocr_par' dir='ltr' id='par_1_45' title="bbox 528 2953 2132 3034">
     <span class='ocr_line' id='line_1_45' title="bbox 528 2953 2132 3034; baseline -0.011 -11"><span class='ocrx_word' id='word_1_345' title='bbox 528 2969 695 3024; x_wconf 88' lang='lat' dir='ltr'><strong>citum</strong></span> <span class='ocrx_word' id='word_1_346' title='bbox 746 2965 1042 3034; x_wconf 88' lang='lat' dir='ltr'><strong>pariturum</strong></span> <span class='ocrx_word' id='word_1_347' title='bbox 1080 2979 1099 3012; x_wconf 72' lang='grc' dir='ltr'><strong><em>ι</em></strong></span> <span class='ocrx_word' id='word_1_348' title='bbox 1153 2956 1448 3031; x_wconf 80' lang='lat' dir='ltr'><strong>(Ruﬁnus,</strong></span> <span class='ocrx_word' id='word_1_349' title='bbox 1502 2953 1782 3012; x_wconf 82' lang='lat' dir='ltr'><strong>Comment.</strong></span> <span class='ocrx_word' id='word_1_350' title='bbox 1814 2955 1867 3007; x_wconf 82' lang='lat' dir='ltr'><strong>in</strong></span> <span class='ocrx_word' id='word_1_351' title='bbox 1913 2953 2132 3024; x_wconf 77' lang='lat' dir='ltr'><strong>symbol.</strong></span> 
     </span>
    </p>
   </div>
   <div class='ocr_carea' id='block_1_46' title="bbox 527 3046 2133 3131">
    <p class='ocr_par' dir='ltr' id='par_1_46' title="bbox 527 3046 2133 3131">
     <span class='ocr_line' id='line_1_46' title="bbox 527 3046 2133 3131; baseline -0.009 -17"><span class='ocrx_word' id='word_1_352' title='bbox 527 3070 642 3131; x_wconf 78' lang='lat' dir='ltr'><strong>post</strong></span> <span class='ocrx_word' id='word_1_353' title='bbox 669 3059 808 3124; x_wconf 85' lang='lat' dir='ltr'><strong>init.,</strong></span> <span class='ocrx_word' id='word_1_354' title='bbox 842 3073 896 3127; x_wconf 88' lang='lat' dir='ltr'><strong>p.</strong></span> <span class='ocrx_word' id='word_1_355' title='bbox 922 3052 1070 3124; x_wconf 84' lang='lat'><strong>171).</strong></span> <span class='ocrx_word' id='word_1_356' title='bbox 1102 3051 1254 3107; x_wconf 78' lang='lat' dir='ltr'><strong>Prius</strong></span> <span class='ocrx_word' id='word_1_357' title='bbox 1278 3065 1408 3104; x_wconf 85' lang='lat' dir='ltr'><strong>vero</strong></span> <span class='ocrx_word' id='word_1_358' title='bbox 1429 3048 1617 3104; x_wconf 91' lang='lat' dir='ltr'><strong>cadem</strong></span> <span class='ocrx_word' id='word_1_359' title='bbox 1645 3046 2133 3120; x_wconf 84' lang='lat' dir='ltr'><strong>argumentatione,</strong></span> 
     </span>
    </p>
   </div>
   <div class='ocr_carea' id='block_1_47' title="bbox 527 3138 2135 3221">
    <p class='ocr_par' dir='ltr' id='par_1_47' title="bbox 527 3138 2135 3221">
     <span class='ocr_line' id='line_1_47' title="bbox 527 3138 2135 3221; baseline -0.011 -12"><span class='ocrx_word' id='word_1_360' title='bbox 527 3153 826 3221; x_wconf 85' lang='lat' dir='ltr'><strong>iisdemque</strong></span> <span class='ocrx_word' id='word_1_361' title='bbox 875 3145 1134 3215; x_wconf 71' lang='lat' dir='ltr'><strong>exemplis</strong></span> <span class='ocrx_word' id='word_1_362' title='bbox 1180 3141 1396 3198; x_wconf 83' lang='lat' dir='ltr'><strong>Celsum</strong></span> <span class='ocrx_word' id='word_1_363' title='bbox 1449 3140 1732 3215; x_wconf 87' lang='lat' dir='ltr'><strong>Origenes,</strong></span> <span class='ocrx_word' id='word_1_364' title='bbox 1767 3150 1821 3196; x_wconf 88' lang='lat' dir='ltr'><strong>et</strong></span> <span class='ocrx_word' id='word_1_365' title='bbox 1866 3138 2135 3194; x_wconf 86' lang='lat' dir='ltr'><strong>Eusebius</strong></span> 
     </span>
    </p>
   </div>
   <div class='ocr_carea' id='block_1_48' title="bbox 2234 1936 3832 2007">
    <p class='ocr_par' dir='ltr' id='par_1_48' title="bbox 2234 1936 3832 2007">
     <span class='ocr_line' id='line_1_48' title="bbox 2234 1936 3832 2007; baseline 0.003 -16"><span class='ocrx_word' id='word_1_366' title='bbox 2234 1937 2472 2007; x_wconf 86' lang='lat' dir='ltr'><strong>denique</strong></span> <span class='ocrx_word' id='word_1_367' title='bbox 2502 1936 2704 1995; x_wconf 81' lang='lat' dir='ltr'><strong>ethnici</strong></span> <span class='ocrx_word' id='word_1_368' title='bbox 2736 1952 2796 1992; x_wconf 88' lang='lat' dir='ltr'><strong>se</strong></span> <span class='ocrx_word' id='word_1_369' title='bbox 2821 1947 3017 2007; x_wconf 80' lang='lat' dir='ltr'><strong>Sponte</strong></span> <span class='ocrx_word' id='word_1_370' title='bbox 3048 1954 3166 2005; x_wconf 85' lang='lat' dir='ltr'><strong>sua,</strong></span> <span class='ocrx_word' id='word_1_371' title='bbox 3200 1938 3456 2006; x_wconf 83' lang='lat' dir='ltr'><strong>nulloque</strong></span> <span class='ocrx_word' id='word_1_372' title='bbox 3488 1936 3832 2006; x_wconf 82' lang='lat' dir='ltr'><strong>prohibente,</strong></span> 
     </span>
    </p>
   </div>
   <div class='ocr_carea' id='block_1_49' title="bbox 2237 2029 3836 2102">
    <p class='ocr_par' dir='ltr' id='par_1_49' title="bbox 2237 2029 3836 2102">
     <span class='ocr_line' id='line_1_49' title="bbox 2237 2029 3836 2102; baseline 0.001 -17"><span class='ocrx_word' id='word_1_373' title='bbox 2237 2030 2289 2085; x_wconf 91' lang='lat' dir='ltr'><strong>in</strong></span> <span class='ocrx_word' id='word_1_374' title='bbox 2319 2029 2667 2095; x_wconf 83' lang='lat' dir='ltr'><strong>dominicam.</strong></span> <span class='ocrx_word' id='word_1_375' title='bbox 2703 2041 2958 2102; x_wconf 85' lang='lat' dir='ltr'><strong>tanquam</strong></span> <span class='ocrx_word' id='word_1_376' title='bbox 2990 2047 3145 2089; x_wconf 86' lang='lat' dir='ltr'><strong>suam</strong></span> <span class='ocrx_word' id='word_1_377' title='bbox 3177 2031 3449 2101; x_wconf 86' lang='lat' dir='ltr'><strong>propriam</strong></span> <span class='ocrx_word' id='word_1_378' title='bbox 3477 2030 3667 2089; x_wconf 79' lang='lat' dir='ltr'><strong>sedem</strong></span> <span class='ocrx_word' id='word_1_379' title='bbox 3697 2031 3836 2088; x_wconf 86' lang='lat' dir='ltr'><strong>redi-</strong></span> 
     </span>
    </p>
   </div>
   <div class='ocr_carea' id='block_1_50' title="bbox 2239 2122 3833 2194">
    <p class='ocr_par' dir='ltr' id='par_1_50' title="bbox 2239 2122 3833 2194">
     <span class='ocr_line' id='line_1_50' title="bbox 2239 2122 3833 2194; baseline 0.001 -15"><span class='ocrx_word' id='word_1_380' title='bbox 2239 2136 2409 2179; x_wconf 87' lang='lat' dir='ltr'><strong>turos.</strong></span> <span class='ocrx_word' id='word_1_381' title='bbox 2463 2122 2665 2179; x_wconf 90' lang='lat' dir='ltr'><strong>Contra</strong></span> <span class='ocrx_word' id='word_1_382' title='bbox 2715 2141 2845 2183; x_wconf 82' lang='lat' dir='ltr'><strong>vero</strong></span> <span class='ocrx_word' id='word_1_383' title='bbox 2874 2124 3152 2181; x_wconf 88' lang='lat' dir='ltr'><strong>christiani</strong></span> <span class='ocrx_word' id='word_1_384' title='bbox 3198 2125 3343 2185; x_wconf 83' lang='lat' dir='ltr'><strong>istud</strong></span> <span class='ocrx_word' id='word_1_385' title='bbox 3375 2125 3495 2183; x_wconf 91' lang='lat' dir='ltr'><strong>ﬁeri</strong></span> <span class='ocrx_word' id='word_1_386' title='bbox 3526 2140 3688 2194; x_wconf 88' lang='lat' dir='ltr'><strong>posse</strong></span> <span class='ocrx_word' id='word_1_387' title='bbox 3729 2141 3833 2181; x_wconf 88' lang='lat' dir='ltr'><strong>non</strong></span> 
     </span>
    </p>
   </div>
   <div class='ocr_carea' id='block_1_51' title="bbox 2237 2217 3836 2288">
    <p class='ocr_par' dir='ltr' id='par_1_51' title="bbox 2237 2217 3836 2288">
     <span class='ocr_line' id='line_1_51' title="bbox 2237 2217 3836 2288; baseline 0.001 -15"><span class='ocrx_word' id='word_1_388' title='bbox 2237 2218 2551 2288; x_wconf 83' lang='lat' dir='ltr'><strong>sperabant,</strong></span> <span class='ocrx_word' id='word_1_389' title='bbox 2594 2220 2715 2274; x_wconf 88' lang='lat' dir='ltr'><strong>sine</strong></span> <span class='ocrx_word' id='word_1_390' title='bbox 2737 2234 2921 2277; x_wconf 87' lang='lat' dir='ltr'><strong>rerum</strong></span> <span class='ocrx_word' id='word_1_391' title='bbox 2965 2219 3204 2277; x_wconf 87' lang='lat' dir='ltr'><strong>omnium</strong></span> <span class='ocrx_word' id='word_1_392' title='bbox 3236 2218 3485 2284; x_wconf 82' lang='lat' dir='ltr'><strong>Domino,</strong></span> <span class='ocrx_word' id='word_1_393' title='bbox 3519 2217 3572 2274; x_wconf 88' lang='lat' dir='ltr'><strong>id</strong></span> <span class='ocrx_word' id='word_1_394' title='bbox 3601 2226 3706 2279; x_wconf 87' lang='lat' dir='ltr'><strong>est.</strong></span> <span class='ocrx_word' id='word_1_395' title='bbox 3738 2217 3836 2275; x_wconf 87' lang='lat' dir='ltr'><strong>nisi</strong></span> 
     </span>
    </p>
   </div>
   <div class='ocr_carea' id='block_1_52' title="bbox 2244 2310 3834 2382">
    <p class='ocr_par' dir='ltr' id='par_1_52' title="bbox 2244 2310 3834 2382">
     <span class='ocr_line' id='line_1_52' title="bbox 2244 2310 3834 2382; baseline 0 -19"><span class='ocrx_word' id='word_1_396' title='bbox 2244 2312 2381 2365; x_wconf 83' lang='lat' dir='ltr'><strong>Deus</strong></span> <span class='ocrx_word' id='word_1_397' title='bbox 2400 2311 2762 2382; x_wconf 83' lang='lat' dir='ltr'><strong>omnipotens.</strong></span> <span class='ocrx_word' id='word_1_398' title='bbox 2787 2320 2839 2366; x_wconf 89' lang='lat' dir='ltr'><strong>et</strong></span> <span class='ocrx_word' id='word_1_399' title='bbox 2857 2311 3103 2368; x_wconf 87' lang='lat' dir='ltr'><strong>Christus</strong></span> <span class='ocrx_word' id='word_1_400' title='bbox 3120 2310 3380 2367; x_wconf 90' lang='lat' dir='ltr'><strong>Dominus</strong></span> <span class='ocrx_word' id='word_1_401' title='bbox 3397 2310 3834 2377; x_wconf 78' lang='lat' dir='ltr'><strong>immortalitatis,</strong></span> 
     </span>
    </p>
   </div>
   <div class='ocr_carea' id='block_1_53' title="bbox 2238 2406 3837 2478">
    <p class='ocr_par' dir='ltr' id='par_1_53' title="bbox 2238 2406 3837 2478">
     <span class='ocr_line' id='line_1_53' title="bbox 2238 2406 3837 2478; baseline 0.003 -20"><span class='ocrx_word' id='word_1_402' title='bbox 2238 2422 2324 2471; x_wconf 88' lang='lat' dir='ltr'><strong>eo,</strong></span> <span class='ocrx_word' id='word_1_403' title='bbox 2359 2422 2466 2476; x_wconf 90' lang='lat' dir='ltr'><strong>quo</strong></span> <span class='ocrx_word' id='word_1_404' title='bbox 2495 2407 2742 2477; x_wconf 88' lang='lat' dir='ltr'><strong>superius</strong></span> <span class='ocrx_word' id='word_1_405' title='bbox 2787 2406 3024 2463; x_wconf 76' lang='lat' dir='ltr'><strong>diximus</strong></span> <span class='ocrx_word' id='word_1_406' title='bbox 3054 2406 3206 2478; x_wconf 86' lang='lat' dir='ltr'><strong>(Cap.</strong></span> <span class='ocrx_word' id='word_1_407' title='bbox 3237 2423 3411 2478; x_wconf 78' lang='lat' dir='ltr'><strong>super.</strong></span> <span class='ocrx_word' id='word_1_408' title='bbox 3437 2416 3540 2469; x_wconf 76' lang='lat' dir='ltr'><strong>art.</strong></span> <span class='ocrx_word' id='word_1_409' title='bbox 3563 2406 3646 2478; x_wconf 73' lang='grc' dir='ltr'><strong>ι),</strong></span> <span class='ocrx_word' id='word_1_410' title='bbox 3677 2406 3837 2463; x_wconf 91' lang='lat' dir='ltr'><strong>modo</strong></span> 
     </span>
    </p>
   </div>
   <div class='ocr_carea' id='block_1_54' title="bbox 2238 2499 3838 2573">
    <p class='ocr_par' dir='ltr' id='par_1_54' title="bbox 2238 2499 3838 2573">
     <span class='ocr_line' id='line_1_54' title="bbox 2238 2499 3838 2573; baseline 0.002 -20"><span class='ocrx_word' id='word_1_411' title='bbox 2238 2499 2488 2573; x_wconf 81' lang='lat' dir='ltr'><strong>gratiam,</strong></span> <span class='ocrx_word' id='word_1_412' title='bbox 2507 2511 2561 2556; x_wconf 91' lang='lat' dir='ltr'><strong>et</strong></span> <span class='ocrx_word' id='word_1_413' title='bbox 2585 2512 2802 2555; x_wconf 68' lang='lat' dir='ltr'><strong>aeterna:</strong></span> <span class='ocrx_word' id='word_1_414' title='bbox 2826 2499 3096 2558; x_wconf 82' lang='lat' dir='ltr'><strong>felicitatis</strong></span> <span class='ocrx_word' id='word_1_415' title='bbox 3112 2502 3391 2571; x_wconf 70' lang='lat' dir='ltr'><strong>praemium</strong></span> <span class='ocrx_word' id='word_1_416' title='bbox 3411 2500 3838 2571; x_wconf 79' lang='lat' dir='ltr'><strong>promercalibus</strong></span> 
     </span>
    </p>
   </div>
   <div class='ocr_carea' id='block_1_55' title="bbox 2238 2591 3838 2666">
    <p class='ocr_par' dir='ltr' id='par_1_55' title="bbox 2238 2591 3838 2666">
     <span class='ocr_line' id='line_1_55' title="bbox 2238 2591 3838 2666; baseline 0.004 -22"><span class='ocrx_word' id='word_1_417' title='bbox 2238 2591 2551 2646; x_wconf 78' lang='lat' dir='ltr'><strong>contulerit.</strong></span> <span class='ocrx_word' id='word_1_418' title='bbox 2588 2592 2752 2649; x_wconf 84' lang='lat' dir='ltr'><strong>Visne</strong></span> <span class='ocrx_word' id='word_1_419' title='bbox 2780 2593 3077 2649; x_wconf 86' lang='lat' dir='ltr'><strong>Arnobium</strong></span> <span class='ocrx_word' id='word_1_420' title='bbox 3112 2602 3355 2650; x_wconf 87' lang='lat' dir='ltr'><strong>nostrum</strong></span> <span class='ocrx_word' id='word_1_421' title='bbox 3389 2596 3704 2666; x_wconf 88' lang='lat' dir='ltr'><strong>loquentem</strong></span> <span class='ocrx_word' id='word_1_422' title='bbox 3742 2610 3838 2651; x_wconf 88' lang='lat' dir='ltr'><strong>au-</strong></span> 
     </span>
    </p>
   </div>
   <div class='ocr_carea' id='block_1_56' title="bbox 2238 2686 3838 2761">
    <p class='ocr_par' dir='ltr' id='par_1_56' title="bbox 2238 2686 3838 2761">
     <span class='ocr_line' id='line_1_56' title="bbox 2238 2686 3838 2761; baseline 0.003 -19"><span class='ocrx_word' id='word_1_423' title='bbox 2238 2686 2394 2742; x_wconf 85' lang='lat' dir='ltr'><strong>dire?</strong></span> <span class='ocrx_word' id='word_1_424' title='bbox 2412 2688 2492 2743; x_wconf 86' lang='lat' dir='ltr'><strong>En</strong></span> <span class='ocrx_word' id='word_1_425' title='bbox 2521 2688 2640 2758; x_wconf 78' lang='lat' dir='ltr'><strong>ejus</strong></span> <span class='ocrx_word' id='word_1_426' title='bbox 2667 2688 2831 2744; x_wconf 83' lang='lat' dir='ltr'><strong>verba</strong></span> <span class='ocrx_word' id='word_1_427' title='bbox 2859 2707 2872 2745; x_wconf 88' lang='lat'><strong>:</strong></span> <span class='ocrx_word' id='word_1_428' title='bbox 2905 2708 2924 2741; x_wconf 87' lang='grc'><strong>‹</strong></span> <span class='ocrx_word' id='word_1_429' title='bbox 2957 2689 3061 2745; x_wconf 83' lang='lat' dir='ltr'><strong>Per</strong></span> <span class='ocrx_word' id='word_1_430' title='bbox 3088 2689 3230 2745; x_wconf 89' lang='lat' dir='ltr'><strong>hunc</strong></span> <span class='ocrx_word' id='word_1_431' title='bbox 3255 2689 3430 2749; x_wconf 85' lang='lat' dir='ltr'><strong>solum</strong></span> <span class='ocrx_word' id='word_1_432' title='bbox 3457 2698 3543 2747; x_wconf 88' lang='lat' dir='ltr'><strong>est</strong></span> <span class='ocrx_word' id='word_1_433' title='bbox 3561 2690 3838 2761; x_wconf 79' lang='lat' dir='ltr'><strong>ingressus</strong></span> 
     </span>
    </p>
   </div>
   <div class='ocr_carea' id='block_1_57' title="bbox 2239 2780 3839 2853">
    <p class='ocr_par' dir='ltr' id='par_1_57' title="bbox 2239 2780 3839 2853">
     <span class='ocr_line' id='line_1_57' title="bbox 2239 2780 3839 2853; baseline 0.003 -19"><span class='ocrx_word' id='word_1_434' title='bbox 2239 2781 2305 2834; x_wconf 88' lang='lat' dir='ltr'><strong>ad</strong></span> <span class='ocrx_word' id='word_1_435' title='bbox 2352 2780 2572 2851; x_wconf 91' lang='lat' dir='ltr'><strong>Lucem,</strong></span> <span class='ocrx_word' id='word_1_436' title='bbox 2621 2796 2796 2851; x_wconf 78' lang='lat' dir='ltr'><strong>neque</strong></span> <span class='ocrx_word' id='word_1_437' title='bbox 2823 2782 2958 2839; x_wconf 82' lang='lat' dir='ltr'><strong>alias</strong></span> <span class='ocrx_word' id='word_1_438' title='bbox 3001 2783 3185 2839; x_wconf 89' lang='lat' dir='ltr'><strong>datum</strong></span> <span class='ocrx_word' id='word_1_439' title='bbox 3222 2792 3307 2839; x_wconf 87' lang='lat' dir='ltr'><strong>est</strong></span> <span class='ocrx_word' id='word_1_440' title='bbox 3336 2782 3421 2838; x_wconf 88' lang='lat' dir='ltr'><strong>vel</strong></span> <span class='ocrx_word' id='word_1_441' title='bbox 3456 2783 3722 2853; x_wconf 83' lang='lat' dir='ltr'><strong>irrepere,</strong></span> <span class='ocrx_word' id='word_1_442' title='bbox 3755 2781 3839 2838; x_wconf 86' lang='lat' dir='ltr'><strong>vel</strong></span> 
     </span>
    </p>
   </div>
   <div class='ocr_carea' id='block_1_58' title="bbox 2240 2873 3838 2947">
    <p class='ocr_par' dir='ltr' id='par_1_58' title="bbox 2240 2873 3838 2947">
     <span class='ocr_line' id='line_1_58' title="bbox 2240 2873 3838 2947; baseline 0.003 -21"><span class='ocrx_word' id='word_1_443' title='bbox 2240 2873 2516 2940; x_wconf 85' lang='lat' dir='ltr'><strong>invadere,</strong></span> <span class='ocrx_word' id='word_1_444' title='bbox 2550 2874 2765 2929; x_wconf 69' lang='lat' dir='ltr'><strong>ueteris</strong></span> <span class='ocrx_word' id='word_1_445' title='bbox 2793 2876 3041 2931; x_wconf 90' lang='lat' dir='ltr'><strong>omnibus</strong></span> <span class='ocrx_word' id='word_1_446' title='bbox 3064 2876 3285 2941; x_wconf 89' lang='lat' dir='ltr'><strong>clausis,</strong></span> <span class='ocrx_word' id='word_1_447' title='bbox 3317 2885 3480 2947; x_wconf 89' lang='lat' dir='ltr'><strong>atque</strong></span> <span class='ocrx_word' id='word_1_448' title='bbox 3504 2875 3838 2947; x_wconf 69' lang='lat' dir='ltr'><strong>inexpugna-</strong></span> 
     </span>
    </p>
   </div>
   <div class='ocr_carea' id='block_1_59' title="bbox 2240 2950 3836 3041">
    <p class='ocr_par' dir='ltr' id='par_1_59' title="bbox 2240 2950 3836 3041">
     <span class='ocr_line' id='line_1_59' title="bbox 2240 2950 3836 3041; baseline 0.001 -22"><span class='ocrx_word' id='word_1_449' title='bbox 2240 2967 2331 3023; x_wconf 90' lang='lat' dir='ltr'><strong>bili</strong></span> <span class='ocrx_word' id='word_1_450' title='bbox 2363 2983 2489 3023; x_wconf 89' lang='lat' dir='ltr'><strong>arce</strong></span> <span class='ocrx_word' id='word_1_451' title='bbox 2514 2968 2755 3027; x_wconf 86' lang='lat' dir='ltr'><strong>munitis.</strong></span> <span class='ocrx_word' id='word_1_452' title='bbox 2791 2967 2942 3025; x_wconf 88' lang='lat' dir='ltr'><strong>Licet</strong></span> <span class='ocrx_word' id='word_1_453' title='bbox 2963 2984 3092 3041; x_wconf 84' lang='lat' dir='ltr'><strong>ergo</strong></span> <span class='ocrx_word' id='word_1_454' title='bbox 3112 2984 3303 3039; x_wconf 88' lang='lat' dir='ltr'><strong>purus,</strong></span> <span class='ocrx_word' id='word_1_455' title='bbox 3331 2979 3387 3023; x_wconf 84' lang='lat' dir='ltr'><strong>et</strong></span> <span class='ocrx_word' id='word_1_456' title='bbox 3410 2950 3479 3024; x_wconf 85' lang='lat' dir='ltr'><strong>ab</strong></span> <span class='ocrx_word' id='word_1_457' title='bbox 3498 2968 3651 3031; x_wconf 86' lang='lat' dir='ltr'><strong>omni</strong></span> <span class='ocrx_word' id='word_1_458' title='bbox 3677 2967 3836 3031; x_wconf 69' lang='lat' dir='ltr'><strong>fueris</strong></span> 
     </span>
    </p>
   </div>
   <div class='ocr_carea' id='block_1_60' title="bbox 2240 3060 3836 3133">
    <p class='ocr_par' dir='ltr' id='par_1_60' title="bbox 2240 3060 3836 3133">
     <span class='ocr_line' id='line_1_60' title="bbox 2240 3060 3836 3133; baseline 0.002 -20"><span class='ocrx_word' id='word_1_459' title='bbox 2240 3060 2489 3117; x_wconf 88' lang='lat' dir='ltr'><strong>vitiorum</strong></span> <span class='ocrx_word' id='word_1_460' title='bbox 2518 3062 2978 3119; x_wconf 89' lang='lat' dir='ltr'><strong>contaminatione</strong></span> <span class='ocrx_word' id='word_1_461' title='bbox 3000 3071 3277 3133; x_wconf 79' lang='lat' dir='ltr'><strong>purgatus,</strong></span> <span class='ocrx_word' id='word_1_462' title='bbox 3305 3061 3686 3129; x_wconf 66' lang='lat' dir='ltr'><strong>conciliaverit;</strong></span> <span class='ocrx_word' id='word_1_463' title='bbox 3714 3061 3836 3117; x_wconf 89' lang='lat' dir='ltr'><strong>illas</strong></span> 
     </span>
    </p>
   </div>
   <div class='ocr_carea' id='block_1_61' title="bbox 2240 3152 3841 3223">
    <p class='ocr_par' dir='ltr' id='par_1_61' title="bbox 2240 3152 3841 3223">
     <span class='ocr_line' id='line_1_61' title="bbox 2240 3152 3841 3223; baseline 0.003 -19"><span class='ocrx_word' id='word_1_464' title='bbox 2240 3161 2400 3220; x_wconf 84' lang='lat' dir='ltr'><strong>atque</strong></span> <span class='ocrx_word' id='word_1_465' title='bbox 2456 3152 2732 3213; x_wconf 84' lang='lat' dir='ltr'><strong>inflexeris</strong></span> <span class='ocrx_word' id='word_1_466' title='bbox 2779 3164 3098 3223; x_wconf 82' lang='lat' dir='ltr'><strong>potestates,</strong></span> <span class='ocrx_word' id='word_1_467' title='bbox 3147 3154 3216 3209; x_wconf 92' lang='lat' dir='ltr'><strong>ad</strong></span> <span class='ocrx_word' id='word_1_468' title='bbox 3266 3153 3462 3211; x_wconf 69' lang='lat' dir='ltr'><strong>cretum</strong></span> <span class='ocrx_word' id='word_1_469' title='bbox 3495 3153 3749 3211; x_wconf 87' lang='lat' dir='ltr'><strong>redeunti</strong></span> <span class='ocrx_word' id='word_1_470' title='bbox 3773 3167 3841 3209; x_wconf 90' lang='lat' dir='ltr'><strong>ne</strong></span> 
     </span>
    </p>
   </div>
   <div class='ocr_carea' id='block_1_62' title="bbox 527 3231 3838 3319">
    <p class='ocr_par' dir='ltr' id='par_1_62' title="bbox 527 3231 3838 3319">
     <span class='ocr_line' id='line_1_62' title="bbox 527 3231 3838 3319; baseline -0.005 -17"><span class='ocrx_word' id='word_1_471' title='bbox 527 3246 793 3318; x_wconf 88' lang='lat' dir='ltr'><strong>quoslibet</strong></span> <span class='ocrx_word' id='word_1_472' title='bbox 821 3241 1069 3298; x_wconf 90' lang='lat' dir='ltr'><strong>ethnicos</strong></span> <span class='ocrx_word' id='word_1_473' title='bbox 1113 3237 1385 3301; x_wconf 84' lang='lat' dir='ltr'><strong>refellunt,</strong></span> <span class='ocrx_word' id='word_1_474' title='bbox 1431 3234 1500 3289; x_wconf 88' lang='lat' dir='ltr'><strong>ad</strong></span> <span class='ocrx_word' id='word_1_475' title='bbox 1529 3231 1652 3290; x_wconf 89' lang='lat' dir='ltr'><strong>ﬁdei</strong></span> <span class='ocrx_word' id='word_1_476' title='bbox 1682 3234 1915 3304; x_wconf 87' lang='lat' dir='ltr'><strong>probant</strong></span> <span class='ocrx_word' id='word_1_477' title='bbox 1945 3246 2136 3286; x_wconf 86' lang='lat' dir='ltr'><strong>neces—</strong></span> <span class='ocrx_word' id='word_1_478' title='bbox 2164 3246 2209 3319; x_wconf 62' lang='grc' dir='ltr'><em>ς</em></span> <span class='ocrx_word' id='word_1_479' title='bbox 2240 3245 2353 3299; x_wconf 70' lang='lat' dir='ltr'><strong>vias</strong></span> <span class='ocrx_word' id='word_1_480' title='bbox 2382 3245 2658 3310; x_wconf 53' lang='lat' dir='ltr'><strong>claudam,</strong></span> <span class='ocrx_word' id='word_1_481' title='bbox 2691 3258 2854 3318; x_wconf 60' lang='lat' dir='ltr'><strong>mque</strong></span> <span class='ocrx_word' id='word_1_482' title='bbox 2880 3247 3168 3319; x_wconf 66' lang='lat' dir='ltr'><strong>obsepiam</strong></span> <span class='ocrx_word' id='word_1_483' title='bbox 3195 3248 3499 3316; x_wconf 54' lang='lat' dir='ltr'><strong>(maguum,</strong></span> <span class='ocrx_word' id='word_1_484' title='bbox 3528 3248 3596 3315; x_wconf 56' lang='lat' dir='ltr'><strong>ad</strong></span> <span class='ocrx_word' id='word_1_485' title='bbox 3615 3246 3838 3304; x_wconf 68' lang='grc' dir='ltr'><strong>ίιηωοι-</strong></span> 
     </span>
    </p>
   </div>
   <div class='ocr_carea' id='block_1_63' title="bbox 528 3316 2175 3406">
    <p class='ocr_par' dir='ltr' id='par_1_63' title="bbox 528 3316 2175 3406">
     <span class='ocr_line' id='line_1_63' title="bbox 528 3316 2175 3406; baseline -0.013 -9"><span class='ocrx_word' id='word_1_486' title='bbox 528 3316 740 3397; x_wconf 75' lang='lat' dir='ltr'><strong>sitatem</strong></span> <span class='ocrx_word' id='word_1_487' title='bbox 772 3336 943 3406; x_wconf 87' lang='lat' dir='ltr'><strong>(Orig.</strong></span> <span class='ocrx_word' id='word_1_488' title='bbox 978 3333 1062 3387; x_wconf 80' lang='lat' dir='ltr'><strong>lib.</strong></span> <span class='ocrx_word' id='word_1_489' title='bbox 1096 3350 1131 3394; x_wconf 83' lang='grc' dir='ltr'>ι,</span> <span class='ocrx_word' id='word_1_490' title='bbox 1167 3341 1345 3385; x_wconf 82' lang='lat' dir='ltr'><strong>contra</strong></span> <span class='ocrx_word' id='word_1_491' title='bbox 1384 3326 1545 3393; x_wconf 81' lang='lat' dir='ltr'><strong>Cels.,</strong></span> <span class='ocrx_word' id='word_1_492' title='bbox 1581 3346 1701 3399; x_wconf 83' lang='lat' dir='ltr'><strong>pag.</strong></span> <span class='ocrx_word' id='word_1_493' title='bbox 1747 3328 1780 3383; x_wconf 90' lang='lat'><strong>9</strong></span> <span class='ocrx_word' id='word_1_494' title='bbox 1824 3337 1869 3381; x_wconf 83' lang='lat' dir='ltr'><strong>et</strong></span> <span class='ocrx_word' id='word_1_495' title='bbox 1904 3329 2002 3389; x_wconf 86' lang='lat'><strong>10;</strong></span> <span class='ocrx_word' id='word_1_496' title='bbox 2030 3324 2136 3381; x_wconf 84' lang='lat' dir='ltr'><strong>Eu-</strong></span> <span class='ocrx_word' id='word_1_497' title='bbox 2170 3316 2175 3321; x_wconf 37' lang='grc'><em>⁴</em></span> 
     </span>
    </p>
   </div>
   <div class='ocr_carea' id='block_1_64' title="bbox 528 3416 2135 3500">
    <p class='ocr_par' dir='ltr' id='par_1_64' title="bbox 528 3416 2135 3500">
     <span class='ocr_line' id='line_1_64' title="bbox 528 3416 2135 3500; baseline -0.012 -12"><span class='ocrx_word' id='word_1_498' title='bbox 528 3433 657 3500; x_wconf 72' lang='lat' dir='ltr'><strong>seb.,</strong></span> <span class='ocrx_word' id='word_1_499' title='bbox 687 3430 779 3486; x_wconf 86' lang='lat' dir='ltr'><strong>lib.</strong></span> <span class='ocrx_word' id='word_1_500' title='bbox 823 3444 874 3489; x_wconf 81' lang='grc' dir='ltr'>ι,</span> <span class='ocrx_word' id='word_1_501' title='bbox 925 3424 1219 3495; x_wconf 66' lang='lat' dir='ltr'><strong>Praeparat.</strong></span> <span class='ocrx_word' id='word_1_502' title='bbox 1254 3420 1480 3491; x_wconf 81' lang='lat' dir='ltr'><strong>Eeang.,</strong></span> <span class='ocrx_word' id='word_1_503' title='bbox 1511 3422 1641 3483; x_wconf 82' lang='lat' dir='ltr'><strong>c.‘5,</strong></span> <span class='ocrx_word' id='word_1_504' title='bbox 1674 3436 1725 3489; x_wconf 91' lang='lat' dir='ltr'><strong>p.</strong></span> <span class='ocrx_word' id='word_1_505' title='bbox 1761 3420 1828 3473; x_wconf 69' lang='lat'><strong>14</strong></span> <span class='ocrx_word' id='word_1_506' title='bbox 1856 3428 1902 3473; x_wconf 88' lang='lat' dir='ltr'><strong>et</strong></span> <span class='ocrx_word' id='word_1_507' title='bbox 1932 3435 2068 3488; x_wconf 76' lang='lat' dir='ltr'><strong>seqq.</strong></span> 
     </span>
    </p>
   </div>
   <div class='ocr_carea' id='block_1_65' title="bbox 532 3504 2139 3596">
    <p class='ocr_par' dir='ltr' id='par_1_65' title="bbox 532 3504 2139 3596">
     <span class='ocr_line' id='line_1_65' title="bbox 532 3504 2139 3596; baseline -0.01 -15"><span class='ocrx_word' id='word_1_508' title='bbox 532 3528 662 3596; x_wconf 73' lang='lat' dir='ltr'><strong>Qum</strong></span> <span class='ocrx_word' id='word_1_509' title='bbox 691 3523 908 3596; x_wconf 89' lang='lat' dir='ltr'><strong>quidem</strong></span> <span class='ocrx_word' id='word_1_510' title='bbox 943 3519 1019 3574; x_wconf 87' lang='lat' dir='ltr'><strong>illi</strong></span> <span class='ocrx_word' id='word_1_511' title='bbox 1042 3518 1219 3572; x_wconf 89' lang='lat' dir='ltr'><strong>adhuc</strong></span> <span class='ocrx_word' id='word_1_512' title='bbox 1246 3516 1468 3570; x_wconf 88' lang='lat' dir='ltr'><strong>uberius</strong></span> <span class='ocrx_word' id='word_1_513' title='bbox 1492 3522 1909 3584; x_wconf 88' lang='lat' dir='ltr'><strong>prosequuntur.</strong></span> <span class='ocrx_word' id='word_1_514' title='bbox 1939 3504 2139 3580; x_wconf 85' lang='lat' dir='ltr'><strong>Quam-</strong></span> 
     </span>
    </p>
   </div>
   <div class='ocr_carea' id='block_1_66' title="bbox 531 3605 2139 3685">
    <p class='ocr_par' dir='ltr' id='par_1_66' title="bbox 531 3605 2139 3685">
     <span class='ocr_line' id='line_1_66' title="bbox 531 3605 2139 3685; baseline -0.008 -12"><span class='ocrx_word' id='word_1_515' title='bbox 531 3622 718 3675; x_wconf 91' lang='lat' dir='ltr'><strong>ohrcm</strong></span> <span class='ocrx_word' id='word_1_516' title='bbox 749 3615 958 3685; x_wconf 85' lang='lat' dir='ltr'><strong>longius</strong></span> <span class='ocrx_word' id='word_1_517' title='bbox 993 3611 1230 3683; x_wconf 77' lang='lat' dir='ltr'><strong>profecto</strong></span> <span class='ocrx_word' id='word_1_518' title='bbox 1261 3608 1398 3664; x_wconf 87' lang='lat' dir='ltr'><strong>foret</strong></span> <span class='ocrx_word' id='word_1_519' title='bbox 1427 3608 1607 3662; x_wconf 89' lang='lat' dir='ltr'><strong>omnia</strong></span> <span class='ocrx_word' id='word_1_520' title='bbox 1634 3623 1819 3661; x_wconf 86' lang='lat' dir='ltr'><strong>eorum</strong></span> <span class='ocrx_word' id='word_1_521' title='bbox 1851 3606 2011 3659; x_wconf 79' lang='lat' dir='ltr'><strong>verba</strong></span> <span class='ocrx_word' id='word_1_522' title='bbox 2042 3605 2139 3661; x_wconf 91' lang='lat' dir='ltr'><strong>de-</strong></span> 
     </span>
    </p>
   </div>
   <div class='ocr_carea' id='block_1_67' title="bbox 531 3699 2141 3776">
    <p class='ocr_par' dir='ltr' id='par_1_67' title="bbox 531 3699 2141 3776">
     <span class='ocr_line' id='line_1_67' title="bbox 531 3699 2141 3776; baseline -0.007 -10"><span class='ocrx_word' id='word_1_523' title='bbox 531 3712 791 3775; x_wconf 89' lang='lat' dir='ltr'><strong>scribere,</strong></span> <span class='ocrx_word' id='word_1_524' title='bbox 840 3722 960 3776; x_wconf 75' lang='lat' dir='ltr'><strong>qua:</strong></span> <span class='ocrx_word' id='word_1_525' title='bbox 1008 3705 1076 3759; x_wconf 92' lang='lat' dir='ltr'><strong>ab</strong></span> <span class='ocrx_word' id='word_1_526' title='bbox 1125 3701 1373 3757; x_wconf 89' lang='lat' dir='ltr'><strong>omnibus</strong></span> <span class='ocrx_word' id='word_1_527' title='bbox 1425 3702 1477 3755; x_wconf 92' lang='lat' dir='ltr'><strong>in</strong></span> <span class='ocrx_word' id='word_1_528' title='bbox 1534 3700 1747 3755; x_wconf 89' lang='lat' dir='ltr'><strong>illorum</strong></span> <span class='ocrx_word' id='word_1_529' title='bbox 1779 3700 1950 3766; x_wconf 89' lang='lat' dir='ltr'><strong>libris,</strong></span> <span class='ocrx_word' id='word_1_530' title='bbox 1982 3699 2141 3755; x_wconf 84' lang='lat' dir='ltr'><strong>facile</strong></span> 
     </span>
    </p>
   </div>
   <div class='ocr_carea' id='block_1_68' title="bbox 534 3779 2140 3868">
    <p class='ocr_par' dir='ltr' id='par_1_68' title="bbox 534 3779 2140 3868">
     <span class='ocr_line' id='line_1_68' title="bbox 534 3779 2140 3868; baseline -0.008 -9"><span class='ocrx_word' id='word_1_531' title='bbox 534 3803 749 3859; x_wconf 87' lang='lat' dir='ltr'><strong>cuilibet</strong></span> <span class='ocrx_word' id='word_1_532' title='bbox 798 3799 992 3867; x_wconf 88' lang='lat' dir='ltr'><strong>obviis,</strong></span> <span class='ocrx_word' id='word_1_533' title='bbox 1026 3797 1129 3868; x_wconf 80' lang='lat' dir='ltr'><strong>legi</strong></span> <span class='ocrx_word' id='word_1_534' title='bbox 1174 3806 1421 3867; x_wconf 89' lang='lat' dir='ltr'><strong>possunt.</strong></span> <span class='ocrx_word' id='word_1_535' title='bbox 1454 3794 1535 3848; x_wconf 82' lang='lat' dir='ltr'><strong>Ad</strong></span> <span class='ocrx_word' id='word_1_536' title='bbox 1564 3809 1657 3849; x_wconf 90' lang='lat' dir='ltr'><strong>eos</strong></span> <span class='ocrx_word' id='word_1_537' title='bbox 1688 3808 1850 3861; x_wconf 91' lang='lat' dir='ltr'><strong>porro</strong></span> <span class='ocrx_word' id='word_1_538' title='bbox 1871 3792 2020 3847; x_wconf 91' lang='lat' dir='ltr'><strong>adire</strong></span> <span class='ocrx_word' id='word_1_539' title='bbox 2048 3779 2140 3862; x_wconf 80' lang='lat' dir='ltr'><strong>qui</strong></span> 
     </span>
    </p>
   </div>
   <div class='ocr_carea' id='block_1_69' title="bbox 534 3888 2140 3965">
    <p class='ocr_par' dir='ltr' id='par_1_69' title="bbox 534 3888 2140 3965">
     <span class='ocr_line' id='line_1_69' title="bbox 534 3888 2140 3965; baseline -0.009 -11"><span class='ocrx_word' id='word_1_540' title='bbox 534 3898 786 3961; x_wconf 88' lang='lat' dir='ltr'><strong>voluerit,</strong></span> <span class='ocrx_word' id='word_1_541' title='bbox 815 3910 996 3965; x_wconf 80' lang='lat' dir='ltr'><strong>Operae</strong></span> <span class='ocrx_word' id='word_1_542' title='bbox 1025 3892 1248 3947; x_wconf 82' lang='lat' dir='ltr'><strong>forsitan</strong></span> <span class='ocrx_word' id='word_1_543' title='bbox 1295 3905 1407 3945; x_wconf 85' lang='lat' dir='ltr'><strong>suae</strong></span> <span class='ocrx_word' id='word_1_544' title='bbox 1434 3905 1540 3944; x_wconf 89' lang='lat' dir='ltr'><strong>non</strong></span> <span class='ocrx_word' id='word_1_545' title='bbox 1573 3888 1875 3957; x_wconf 72' lang='lat' dir='ltr'><strong>paenitebit,</strong></span> <span class='ocrx_word' id='word_1_546' title='bbox 1900 3894 2140 3957; x_wconf 88' lang='lat' dir='ltr'><strong>gratum-</strong></span> 
     </span>
    </p>
   </div>
   <div class='ocr_carea' id='block_1_70' title="bbox 535 3979 2143 4061">
    <p class='ocr_par' dir='ltr' id='par_1_70' title="bbox 535 3979 2143 4061">
     <span class='ocr_line' id='line_1_70' title="bbox 535 3979 2143 4061; baseline -0.008 -15"><span class='ocrx_word' id='word_1_547' title='bbox 535 4007 642 4061; x_wconf 89' lang='lat' dir='ltr'><strong>que</strong></span> <span class='ocrx_word' id='word_1_548' title='bbox 663 3989 818 4044; x_wconf 86' lang='lat' dir='ltr'><strong>nobis</strong></span> <span class='ocrx_word' id='word_1_549' title='bbox 848 3987 1026 4051; x_wconf 83' lang='lat' dir='ltr'><strong>faciet,</strong></span> <span class='ocrx_word' id='word_1_550' title='bbox 1059 3985 1103 4038; x_wconf 88' lang='lat' dir='ltr'><strong>si</strong></span> <span class='ocrx_word' id='word_1_551' title='bbox 1132 3981 1561 4050; x_wconf 79' lang='lat' dir='ltr'><strong>deprehendere,</strong></span> <span class='ocrx_word' id='word_1_552' title='bbox 1594 3980 1942 4051; x_wconf 87' lang='lat' dir='ltr'><strong>iudicareque</strong></span> <span class='ocrx_word' id='word_1_553' title='bbox 1975 3979 2143 4059; x_wconf 63' lang='lat' dir='ltr'><strong>possit</strong></span> 
     </span>
    </p>
   </div>
   <div class='ocr_carea' id='block_1_71' title="bbox 538 4064 2140 4144">
    <p class='ocr_par' dir='ltr' id='par_1_71' title="bbox 538 4064 2140 4144">
     <span class='ocr_line' id='line_1_71' title="bbox 538 4064 2140 4144; baseline -0.009 -3"><span class='ocrx_word' id='word_1_554' title='bbox 538 4093 716 4142; x_wconf 91' lang='lat' dir='ltr'><strong>utrum</strong></span> <span class='ocrx_word' id='word_1_555' title='bbox 746 4098 884 4137; x_wconf 91' lang='lat' dir='ltr'><strong>unus</strong></span> <span class='ocrx_word' id='word_1_556' title='bbox 913 4097 979 4136; x_wconf 77' lang='lat' dir='ltr'><strong>ex</strong></span> <span class='ocrx_word' id='word_1_557' title='bbox 1025 4078 1132 4133; x_wconf 90' lang='lat' dir='ltr'><strong>illis</strong></span> <span class='ocrx_word' id='word_1_558' title='bbox 1163 4079 1231 4132; x_wconf 91' lang='lat' dir='ltr'><strong>ab</strong></span> <span class='ocrx_word' id='word_1_559' title='bbox 1258 4076 1368 4130; x_wconf 90' lang='lat' dir='ltr'><strong>alio</strong></span> <span class='ocrx_word' id='word_1_560' title='bbox 1395 4090 1490 4130; x_wconf 90' lang='lat' dir='ltr'><strong>sua</strong></span> <span class='ocrx_word' id='word_1_561' title='bbox 1519 4073 1876 4144; x_wconf 83' lang='lat' dir='ltr'><strong>decerpserit.</strong></span> <span class='ocrx_word' id='word_1_562' title='bbox 1912 4074 1989 4128; x_wconf 89' lang='lat' dir='ltr'><strong>De</strong></span> <span class='ocrx_word' id='word_1_563' title='bbox 2015 4064 2140 4127; x_wconf 85' lang='lat' dir='ltr'><strong>ﬁdei</strong></span> 
     </span>
    </p>
   </div>
   <div class='ocr_carea' id='block_1_72' title="bbox 537 4165 2139 4250">
    <p class='ocr_par' dir='ltr' id='par_1_72' title="bbox 537 4165 2139 4250">
     <span class='ocr_line' id='line_1_72' title="bbox 537 4165 2139 4250; baseline -0.012 -15"><span class='ocrx_word' id='word_1_564' title='bbox 537 4191 704 4250; x_wconf 90' lang='lat' dir='ltr'><strong>porro</strong></span> <span class='ocrx_word' id='word_1_565' title='bbox 748 4172 1072 4231; x_wconf 88' lang='lat' dir='ltr'><strong>necessitate</strong></span> <span class='ocrx_word' id='word_1_566' title='bbox 1119 4170 1246 4225; x_wconf 92' lang='lat' dir='ltr'><strong>alibi</strong></span> <span class='ocrx_word' id='word_1_567' title='bbox 1293 4168 1684 4238; x_wconf 86' lang='lat' dir='ltr'><strong>disputavimus</strong></span> <span class='ocrx_word' id='word_1_568' title='bbox 1721 4165 1742 4239; x_wconf 96' lang='lat'><strong>(</strong></span> <span class='ocrx_word' id='word_1_569' title='bbox 1773 4176 1895 4220; x_wconf 86' lang='lat' dir='ltr'><strong>tom.</strong></span> <span class='ocrx_word' id='word_1_570' title='bbox 1934 4182 1980 4232; x_wconf 81' lang='grc' dir='ltr'>ι,</span> <span class='ocrx_word' id='word_1_571' title='bbox 2028 4165 2139 4235; x_wconf 87' lang='lat' dir='ltr'><strong>Ap-</strong></span> 
     </span>
    </p>
   </div>
   <div class='ocr_carea' id='block_1_73' title="bbox 541 4257 2143 4343">
    <p class='ocr_par' dir='ltr' id='par_1_73' title="bbox 541 4257 2143 4343">
     <span class='ocr_line' id='line_1_73' title="bbox 541 4257 2143 4343; baseline -0.01 -17"><span class='ocrx_word' id='word_1_572' title='bbox 541 4279 734 4343; x_wconf 85' lang='lat' dir='ltr'><strong>parat.,</strong></span> <span class='ocrx_word' id='word_1_573' title='bbox 783 4268 873 4323; x_wconf 81' lang='lat' dir='ltr'><strong>lib.</strong></span> <span class='ocrx_word' id='word_1_574' title='bbox 906 4282 966 4335; x_wconf 84' lang='grc' dir='ltr'><strong>ιι,</strong></span> <span class='ocrx_word' id='word_1_575' title='bbox 996 4264 1212 4319; x_wconf 72' lang='grc' dir='ltr'><strong>οἱειενι.</strong></span> <span class='ocrx_word' id='word_1_576' title='bbox 1253 4261 1309 4326; x_wconf 88' lang='lat'><strong>2,</strong></span> <span class='ocrx_word' id='word_1_577' title='bbox 1339 4277 1385 4315; x_wconf 91' lang='lat' dir='ltr'><strong>c.</strong></span> <span class='ocrx_word' id='word_1_578' title='bbox 1436 4259 1524 4326; x_wconf 89' lang='lat'><strong>11,</strong></span> <span class='ocrx_word' id='word_1_579' title='bbox 1563 4268 1663 4313; x_wconf 86' lang='lat' dir='ltr'><strong>art.</strong></span> <span class='ocrx_word' id='word_1_580' title='bbox 1706 4258 1764 4325; x_wconf 90' lang='lat'><strong>2,</strong></span> <span class='ocrx_word' id='word_1_581' title='bbox 1812 4276 1865 4330; x_wconf 91' lang='lat' dir='ltr'><strong>p.</strong></span> <span class='ocrx_word' id='word_1_582' title='bbox 1910 4257 2051 4313; x_wconf 82' lang='lat'><strong>1025</strong></span> <span class='ocrx_word' id='word_1_583' title='bbox 2094 4266 2143 4311; x_wconf 86' lang='lat' dir='ltr'><strong>et</strong></span> 
     </span>
    </p>
   </div>
   <div class='ocr_carea' id='block_1_74' title="bbox 534 4361 740 4435">
    <p class='ocr_par' dir='ltr' id='par_1_74' title="bbox 534 4361 740 4435">
     <span class='ocr_line' id='line_1_74' title="bbox 534 4361 740 4435; baseline -0.029 -14"><span class='ocrx_word' id='word_1_584' title='bbox 534 4382 673 4435; x_wconf 81' lang='lat' dir='ltr'><strong>seqq.</strong></span> <span class='ocrx_word' id='word_1_585' title='bbox 699 4361 740 4435; x_wconf 90' lang='lat'><strong>).</strong></span> 
     </span>
    </p>
   </div>
   <div class='ocr_carea' id='block_1_75' title="bbox 616 4443 2145 4525">
    <p class='ocr_par' dir='ltr' id='par_1_75' title="bbox 616 4443 2145 4525">
     <span class='ocr_line' id='line_1_75' title="bbox 616 4443 2145 4525; baseline -0.01 -13"><span class='ocrx_word' id='word_1_586' title='bbox 616 4459 691 4513; x_wconf 76' lang='lat' dir='ltr'><strong>Ex</strong></span> <span class='ocrx_word' id='word_1_587' title='bbox 740 4452 929 4510; x_wconf 89' lang='lat' dir='ltr'><strong>eadem</strong></span> <span class='ocrx_word' id='word_1_588' title='bbox 960 4458 1164 4506; x_wconf 89' lang='lat' dir='ltr'><strong>asserta</strong></span> <span class='ocrx_word' id='word_1_589' title='bbox 1218 4446 1418 4502; x_wconf 86' lang='lat' dir='ltr'><strong>Christi</strong></span> <span class='ocrx_word' id='word_1_590' title='bbox 1460 4445 1739 4523; x_wconf 86' lang='lat' dir='ltr'><strong>divinitate</strong></span> <span class='ocrx_word' id='word_1_591' title='bbox 1783 4443 2034 4509; x_wconf 89' lang='lat' dir='ltr'><strong>efﬁcitur,</strong></span> <span class='ocrx_word' id='word_1_592' title='bbox 2086 4452 2145 4525; x_wconf 80' lang='lat' dir='ltr'><strong>ut</strong></span> 
     </span>
    </p>
   </div>
   <div class='ocr_carea' id='block_1_76' title="bbox 539 4534 2141 4611">
    <p class='ocr_par' dir='ltr' id='par_1_76' title="bbox 539 4534 2141 4611">
     <span class='ocr_line' id='line_1_76' title="bbox 539 4534 2141 4611; baseline -0.012 -3"><span class='ocrx_word' id='word_1_593' title='bbox 539 4549 729 4608; x_wconf 87' lang='lat' dir='ltr'><strong>salutis</strong></span> <span class='ocrx_word' id='word_1_594' title='bbox 746 4556 982 4610; x_wconf 57' lang='lat' dir='ltr'><strong>(stemus,</strong></span> <span class='ocrx_word' id='word_1_595' title='bbox 1004 4552 1262 4598; x_wconf 88' lang='lat' dir='ltr'><strong>eteorum</strong></span> <span class='ocrx_word' id='word_1_596' title='bbox 1285 4556 1404 4611; x_wconf 73' lang='lat' dir='ltr'><strong>qute</strong></span> <span class='ocrx_word' id='word_1_597' title='bbox 1427 4537 1675 4597; x_wconf 89' lang='lat' dir='ltr'><strong>Christus</strong></span> <span class='ocrx_word' id='word_1_598' title='bbox 1696 4536 1966 4609; x_wconf 86' lang='lat' dir='ltr'><strong>promisit,</strong></span> <span class='ocrx_word' id='word_1_599' title='bbox 1985 4534 2141 4590; x_wconf 87' lang='lat' dir='ltr'><strong>ﬁrma</strong></span> 
     </span>
    </p>
   </div>
   <div class='ocr_carea' id='block_1_77' title="bbox 539 4629 2217 4715">
    <p class='ocr_par' dir='ltr' id='par_1_77' title="bbox 539 4629 2217 4715">
     <span class='ocr_line' id='line_1_77' title="bbox 539 4629 2217 4715; baseline -0.011 -14"><span class='ocrx_word' id='word_1_600' title='bbox 539 4645 760 4701; x_wconf 90' lang='lat' dir='ltr'><strong>omnino</strong></span> <span class='ocrx_word' id='word_1_601' title='bbox 775 4650 1029 4707; x_wconf 80' lang='lat' dir='ltr'><strong>certaque</strong></span> <span class='ocrx_word' id='word_1_602' title='bbox 1042 4638 1111 4691; x_wconf 92' lang='lat' dir='ltr'><strong>sit</strong></span> <span class='ocrx_word' id='word_1_603' title='bbox 1132 4634 1552 4691; x_wconf 88' lang='lat' dir='ltr'><strong>christianorum</strong></span> <span class='ocrx_word' id='word_1_604' title='bbox 1575 4645 1701 4702; x_wconf 89' lang='lat' dir='ltr'><strong>spes</strong></span> <span class='ocrx_word' id='word_1_605' title='bbox 1734 4642 1789 4686; x_wconf 87' lang='lat' dir='ltr'><strong>et</strong></span> <span class='ocrx_word' id='word_1_606' title='bbox 1810 4629 2133 4699; x_wconf 85' lang='lat' dir='ltr'><strong>expectatio.</strong></span> <span class='ocrx_word' id='word_1_607' title='bbox 2163 4637 2217 4715; x_wconf 68' lang='grc' dir='ltr'><strong>ι)</strong></span> 
     </span>
    </p>
   </div>
   <div class='ocr_carea' id='block_1_78' title="bbox 540 4720 2145 4805">
    <p class='ocr_par' dir='ltr' id='par_1_78' title="bbox 540 4720 2145 4805">
     <span class='ocr_line' id='line_1_78' title="bbox 540 4720 2145 4805; baseline -0.011 -12"><span class='ocrx_word' id='word_1_608' title='bbox 540 4739 683 4793; x_wconf 90' lang='lat' dir='ltr'><strong>Deus</strong></span> <span class='ocrx_word' id='word_1_609' title='bbox 713 4735 854 4790; x_wconf 91' lang='lat' dir='ltr'><strong>enim</strong></span> <span class='ocrx_word' id='word_1_610' title='bbox 890 4732 981 4786; x_wconf 89' lang='lat' dir='ltr'><strong>ille</strong></span> <span class='ocrx_word' id='word_1_611' title='bbox 1003 4730 1187 4799; x_wconf 90' lang='lat' dir='ltr'><strong>utique</strong></span> <span class='ocrx_word' id='word_1_612' title='bbox 1214 4742 1334 4781; x_wconf 87' lang='lat' dir='ltr'><strong>esse</strong></span> <span class='ocrx_word' id='word_1_613' title='bbox 1365 4742 1467 4780; x_wconf 88' lang='lat' dir='ltr'><strong>non</strong></span> <span class='ocrx_word' id='word_1_614' title='bbox 1499 4734 1697 4797; x_wconf 87' lang='lat' dir='ltr'><strong>potest,</strong></span> <span class='ocrx_word' id='word_1_615' title='bbox 1729 4722 1816 4805; x_wconf 85' lang='lat' dir='ltr'><strong>qui</strong></span> <span class='ocrx_word' id='word_1_616' title='bbox 1865 4720 2145 4792; x_wconf 85' lang='lat' dir='ltr'><strong>promissis</strong></span> 
     </span>
    </p>
   </div>
   <div class='ocr_carea' id='block_1_79' title="bbox 540 4814 2145 4897">
    <p class='ocr_par' dir='ltr' id='par_1_79' title="bbox 540 4814 2145 4897">
     <span class='ocr_line' id='line_1_79' title="bbox 540 4814 2145 4897; baseline -0.01 -12"><span class='ocrx_word' id='word_1_617' title='bbox 540 4844 648 4885; x_wconf 89' lang='lat' dir='ltr'><strong>non</strong></span> <span class='ocrx_word' id='word_1_618' title='bbox 675 4823 951 4897; x_wconf 77' lang='lat' dir='ltr'><strong>satisfecit.</strong></span> <span class='ocrx_word' id='word_1_619' title='bbox 1001 4822 1183 4887; x_wconf 59' lang='lat' dir='ltr'><strong>Neque</strong></span> <span class='ocrx_word' id='word_1_620' title='bbox 1231 4819 1498 4873; x_wconf 82' lang='lat' dir='ltr'><strong>Arnobius</strong></span> <span class='ocrx_word' id='word_1_621' title='bbox 1538 4818 1668 4872; x_wconf 87' lang='lat' dir='ltr'><strong>sinit</strong></span> <span class='ocrx_word' id='word_1_622' title='bbox 1688 4816 1787 4869; x_wconf 82' lang='lat' dir='ltr'><strong>sibi</strong></span> <span class='ocrx_word' id='word_1_623' title='bbox 1819 4815 1886 4869; x_wconf 92' lang='lat' dir='ltr'><strong>ab</strong></span> <span class='ocrx_word' id='word_1_624' title='bbox 1917 4814 2145 4869; x_wconf 90' lang='lat' dir='ltr'><strong>ethnicis</strong></span> 
     </span>
    </p>
   </div>
   <div class='ocr_carea' id='block_1_80' title="bbox 539 4910 2141 4994">
    <p class='ocr_par' dir='ltr' id='par_1_80' title="bbox 539 4910 2141 4994">
     <span class='ocr_line' id='line_1_80' title="bbox 539 4910 2141 4994; baseline -0.012 -13"><span class='ocrx_word' id='word_1_625' title='bbox 539 4924 699 4994; x_wconf 87' lang='lat' dir='ltr'><strong>objici</strong></span> <span class='ocrx_word' id='word_1_626' title='bbox 744 4935 937 4987; x_wconf 58' lang='lat' dir='ltr'><strong>,vanam</strong></span> <span class='ocrx_word' id='word_1_627' title='bbox 988 4926 1044 4973; x_wconf 86' lang='lat' dir='ltr'><strong>et</strong></span> <span class='ocrx_word' id='word_1_628' title='bbox 1091 4931 1299 4970; x_wconf 86' lang='lat' dir='ltr'><strong>cassam</strong></span> <span class='ocrx_word' id='word_1_629' title='bbox 1354 4929 1475 4969; x_wconf 88' lang='lat' dir='ltr'><strong>esse</strong></span> <span class='ocrx_word' id='word_1_630' title='bbox 1520 4910 1936 4967; x_wconf 71' lang='lat' dir='ltr'><strong>Christianorum</strong></span> <span class='ocrx_word' id='word_1_631' title='bbox 1992 4924 2141 4979; x_wconf 89' lang='lat' dir='ltr'><strong>spem</strong></span> 
     </span>
    </p>
   </div>
   <div class='ocr_carea' id='block_1_81' title="bbox 538 5000 2148 5092">
    <p class='ocr_par' dir='ltr' id='par_1_81' title="bbox 538 5000 2148 5092">
     <span class='ocr_line' id='line_1_81' title="bbox 538 5000 2148 5092; baseline -0.009 -21"><span class='ocrx_word' id='word_1_632' title='bbox 538 5014 795 5089; x_wconf 67' lang='lat' dir='ltr'><strong>(Arnob,</strong></span> <span class='ocrx_word' id='word_1_633' title='bbox 826 5012 912 5092; x_wconf 73' lang='lat' dir='ltr'><strong>lib.</strong></span> <span class='ocrx_word' id='word_1_634' title='bbox 956 5028 1010 5075; x_wconf 86' lang='grc' dir='ltr'><strong>ιι,</strong></span> <span class='ocrx_word' id='word_1_635' title='bbox 1044 5028 1094 5082; x_wconf 83' lang='grc' dir='ltr'><strong>ρ.</strong></span> <span class='ocrx_word' id='word_1_636' title='bbox 1129 5007 1250 5078; x_wconf 63' lang='lat' dir='ltr'><strong>at);</strong></span> <span class='ocrx_word' id='word_1_637' title='bbox 1283 5021 1381 5062; x_wconf 91' lang='lat' dir='ltr'><strong>nec</strong></span> <span class='ocrx_word' id='word_1_638' title='bbox 1406 5022 1465 5061; x_wconf 88' lang='lat' dir='ltr'><strong>ea</strong></span> <span class='ocrx_word' id='word_1_639' title='bbox 1498 5020 1529 5060; x_wconf 86' lang='lat' dir='ltr'><strong>a</strong></span> <span class='ocrx_word' id='word_1_640' title='bbox 1558 5004 1774 5060; x_wconf 88' lang='lat' dir='ltr'><strong>Christo</strong></span> <span class='ocrx_word' id='word_1_641' title='bbox 1824 5000 2044 5072; x_wconf 90' lang='lat' dir='ltr'><strong>impleta</strong></span> <span class='ocrx_word' id='word_1_642' title='bbox 2092 5010 2148 5056; x_wconf 89' lang='lat' dir='ltr'><strong>et</strong></span> 
     </span>
    </p>
   </div>
   <div class='ocr_carea' id='block_1_82' title="bbox 535 5094 2140 5179">
    <p class='ocr_par' dir='ltr' id='par_1_82' title="bbox 535 5094 2140 5179">
     <span class='ocr_line' id='line_1_82' title="bbox 535 5094 2140 5179; baseline -0.012 -12"><span class='ocrx_word' id='word_1_643' title='bbox 535 5111 680 5173; x_wconf 87' lang='lat' dir='ltr'><strong>data,</strong></span> <span class='ocrx_word' id='word_1_644' title='bbox 726 5122 845 5179; x_wconf 73' lang='lat' dir='ltr'><strong>qua:</strong></span> <span class='ocrx_word' id='word_1_645' title='bbox 890 5104 1086 5172; x_wconf 69' lang='lat' dir='ltr'><strong>saepius</strong></span> <span class='ocrx_word' id='word_1_646' title='bbox 1134 5099 1406 5171; x_wconf 88' lang='lat' dir='ltr'><strong>pollicitus</strong></span> <span class='ocrx_word' id='word_1_647' title='bbox 1454 5096 1645 5153; x_wconf 85' lang='lat' dir='ltr'><strong>fuerat.</strong></span> <span class='ocrx_word' id='word_1_648' title='bbox 1674 5095 1805 5151; x_wconf 86' lang='lat' dir='ltr'><strong>Nam</strong></span> <span class='ocrx_word' id='word_1_649' title='bbox 1837 5094 2140 5165; x_wconf 89' lang='lat' dir='ltr'><strong>promissis,</strong></span> 
     </span>
    </p>
   </div>
   <div class='ocr_carea' id='block_1_83' title="bbox 540 5188 2143 5268">
    <p class='ocr_par' dir='ltr' id='par_1_83' title="bbox 540 5188 2143 5268">
     <span class='ocr_line' id='line_1_83' title="bbox 540 5188 2143 5268; baseline -0.012 -8"><span class='ocrx_word' id='word_1_650' title='bbox 540 5205 831 5261; x_wconf 79' lang='lat' dir='ltr'><strong>consﬁtuto</strong></span> <span class='ocrx_word' id='word_1_651' title='bbox 860 5209 1123 5268; x_wconf 90' lang='lat' dir='ltr'><strong>tempore,</strong></span> <span class='ocrx_word' id='word_1_652' title='bbox 1170 5195 1353 5255; x_wconf 80' lang='lat' dir='ltr'><strong>stetit;</strong></span> <span class='ocrx_word' id='word_1_653' title='bbox 1403 5200 1565 5263; x_wconf 87' lang='lat' dir='ltr'><strong>atque</strong></span> <span class='ocrx_word' id='word_1_654' title='bbox 1618 5188 1733 5259; x_wconf 82' lang='lat' dir='ltr'><strong>ejus</strong></span> <span class='ocrx_word' id='word_1_655' title='bbox 1776 5188 2055 5251; x_wconf 89' lang='lat' dir='ltr'><strong>miracula,</strong></span> <span class='ocrx_word' id='word_1_656' title='bbox 2087 5194 2143 5241; x_wconf 90' lang='lat' dir='ltr'><strong>et</strong></span> 
     </span>
    </p>
   </div>
   <div class='ocr_carea' id='block_1_84' title="bbox 541 5279 2141 5366">
    <p class='ocr_par' dir='ltr' id='par_1_84' title="bbox 541 5279 2141 5366">
     <span class='ocr_line' id='line_1_84' title="bbox 541 5279 2141 5366; baseline -0.013 -14"><span class='ocrx_word' id='word_1_657' title='bbox 541 5298 643 5352; x_wconf 88' lang='lat' dir='ltr'><strong>alia</strong></span> <span class='ocrx_word' id='word_1_658' title='bbox 667 5295 733 5349; x_wconf 90' lang='lat' dir='ltr'><strong>ab</strong></span> <span class='ocrx_word' id='word_1_659' title='bbox 762 5297 879 5366; x_wconf 87' lang='lat' dir='ltr'><strong>ipso</strong></span> <span class='ocrx_word' id='word_1_660' title='bbox 907 5290 1161 5345; x_wconf 82' lang='lat' dir='ltr'><strong>divinitus</strong></span> <span class='ocrx_word' id='word_1_661' title='bbox 1193 5286 1349 5349; x_wconf 83' lang='lat' dir='ltr'><strong>facta,</strong></span> <span class='ocrx_word' id='word_1_662' title='bbox 1380 5298 1483 5338; x_wconf 92' lang='lat' dir='ltr'><strong>nec</strong></span> <span class='ocrx_word' id='word_1_663' title='bbox 1508 5282 1726 5365; x_wconf 88' lang='lat' dir='ltr'><strong>dubium</strong></span> <span class='ocrx_word' id='word_1_664' title='bbox 1755 5296 1905 5346; x_wconf 87' lang='lat' dir='ltr'><strong>sane,</strong></span> <span class='ocrx_word' id='word_1_665' title='bbox 1941 5296 2037 5335; x_wconf 93' lang='lat' dir='ltr'><strong>nec</strong></span> <span class='ocrx_word' id='word_1_666' title='bbox 2060 5279 2141 5333; x_wconf 89' lang='lat' dir='ltr'><strong>in-</strong></span> 
     </span>
    </p>
   </div>
   <div class='ocr_carea' id='block_1_85' title="bbox 543 5372 2143 5450">
    <p class='ocr_par' dir='ltr' id='par_1_85' title="bbox 543 5372 2143 5450">
     <span class='ocr_line' id='line_1_85' title="bbox 543 5372 2143 5450; baseline -0.011 -5"><span class='ocrx_word' id='word_1_667' title='bbox 543 5400 748 5445; x_wconf 91' lang='lat' dir='ltr'><strong>certum</strong></span> <span class='ocrx_word' id='word_1_668' title='bbox 799 5385 1026 5439; x_wconf 87' lang='lat' dir='ltr'><strong>aliarum</strong></span> <span class='ocrx_word' id='word_1_669' title='bbox 1073 5381 1190 5450; x_wconf 84' lang='lat' dir='ltr'><strong>ejus</strong></span> <span class='ocrx_word' id='word_1_670' title='bbox 1238 5376 1654 5449; x_wconf 81' lang='lat' dir='ltr'><strong>promissionum</strong></span> <span class='ocrx_word' id='word_1_671' title='bbox 1701 5382 1820 5443; x_wconf 84' lang='lat' dir='ltr'><strong>sunt</strong></span> <span class='ocrx_word' id='word_1_672' title='bbox 1854 5372 2042 5444; x_wconf 87' lang='lat' dir='ltr'><strong>pignus</strong></span> <span class='ocrx_word' id='word_1_673' title='bbox 2087 5380 2143 5428; x_wconf 85' lang='lat' dir='ltr'><strong>et</strong></span> 
     </span>
    </p>
   </div>
   <div class='ocr_carea' id='block_1_86' title="bbox 544 5480 934 5553">
    <p class='ocr_par' dir='ltr' id='par_1_86' title="bbox 544 5480 934 5553">
     <span class='ocr_line' id='line_1_86' title="bbox 544 5480 934 5553; baseline -0.023 -11"><span class='ocrx_word' id='word_1_674' title='bbox 544 5480 934 5553; x_wconf 84' lang='lat' dir='ltr'><strong>comprobatio.</strong></span> 
     </span>
    </p>
   </div>
   <div class='ocr_carea' id='block_1_87' title="bbox 613 5559 2144 5640">
    <p class='ocr_par' dir='ltr' id='par_1_87' title="bbox 613 5559 2144 5640">
     <span class='ocr_line' id='line_1_87' title="bbox 613 5559 2144 5640; baseline -0.011 -10"><span class='ocrx_word' id='word_1_675' title='bbox 613 5572 858 5631; x_wconf 83' lang='lat' dir='ltr'><strong>Ostendit</strong></span> <span class='ocrx_word' id='word_1_676' title='bbox 903 5573 1120 5640; x_wconf 81' lang='lat' dir='ltr'><strong>insuper</strong></span> <span class='ocrx_word' id='word_1_677' title='bbox 1164 5564 1434 5621; x_wconf 87' lang='lat' dir='ltr'><strong>Arnobius</strong></span> <span class='ocrx_word' id='word_1_678' title='bbox 1480 5571 1735 5633; x_wconf 87' lang='lat' dir='ltr'><strong>quantum</strong></span> <span class='ocrx_word' id='word_1_679' title='bbox 1764 5559 2043 5615; x_wconf 84' lang='lat' dir='ltr'><strong>christiani</strong></span> <span class='ocrx_word' id='word_1_680' title='bbox 2091 5567 2144 5613; x_wconf 88' lang='lat' dir='ltr'><strong>et</strong></span> 
     </span>
    </p>
   </div>
   <div class='ocr_carea' id='block_1_88' title="bbox 540 5654 2136 5729">
    <p class='ocr_par' dir='ltr' id='par_1_88' title="bbox 540 5654 2136 5729">
     <span class='ocr_line' id='line_1_88' title="bbox 540 5654 2136 5729; baseline -0.012 -1"><span class='ocrx_word' id='word_1_681' title='bbox 540 5669 739 5728; x_wconf 88' lang='lat' dir='ltr'><strong>ethnici</strong></span> <span class='ocrx_word' id='word_1_682' title='bbox 770 5668 838 5723; x_wconf 89' lang='lat' dir='ltr'><strong>de</strong></span> <span class='ocrx_word' id='word_1_683' title='bbox 864 5666 1057 5721; x_wconf 71' lang='lat' dir='ltr'><strong>futura:</strong></span> <span class='ocrx_word' id='word_1_684' title='bbox 1087 5662 1382 5717; x_wconf 90' lang='lat' dir='ltr'><strong>animarum</strong></span> <span class='ocrx_word' id='word_1_685' title='bbox 1419 5670 1538 5729; x_wconf 90' lang='lat' dir='ltr'><strong>post</strong></span> <span class='ocrx_word' id='word_1_686' title='bbox 1562 5666 1791 5712; x_wconf 88' lang='lat' dir='ltr'><strong>mortem</strong></span> <span class='ocrx_word' id='word_1_687' title='bbox 1824 5654 2013 5709; x_wconf 86' lang='lat' dir='ltr'><strong>salutis</strong></span> <span class='ocrx_word' id='word_1_688' title='bbox 2040 5669 2136 5724; x_wconf 81' lang='lat' dir='ltr'><strong>Spe</strong></span> 
     </span>
    </p>
   </div>
   <div class='ocr_carea' id='block_1_89' title="bbox 542 5736 2131 5822">
    <p class='ocr_par' dir='ltr' id='par_1_89' title="bbox 542 5736 2131 5822">
     <span class='ocr_line' id='line_1_89' title="bbox 542 5736 2131 5822; baseline -0.01 -5"><span class='ocrx_word' id='word_1_689' title='bbox 542 5766 683 5818; x_wconf 90' lang='lat' dir='ltr'><strong>inter</strong></span> <span class='ocrx_word' id='word_1_690' title='bbox 708 5775 765 5815; x_wconf 90' lang='lat' dir='ltr'><strong>se</strong></span> <span class='ocrx_word' id='word_1_691' title='bbox 791 5758 1160 5813; x_wconf 85' lang='lat' dir='ltr'><strong>dissentirent.</strong></span> <span class='ocrx_word' id='word_1_692' title='bbox 1190 5753 1451 5819; x_wconf 87' lang='lat' dir='ltr'><strong>Gentiles,</strong></span> <span class='ocrx_word' id='word_1_693' title='bbox 1507 5736 1679 5822; x_wconf 79' lang='lat' dir='ltr'><strong>inquit</strong></span> <span class='ocrx_word' id='word_1_694' title='bbox 1722 5746 1923 5819; x_wconf 85' lang='lat' dir='ltr'><strong>(Idem,</strong></span> <span class='ocrx_word' id='word_1_695' title='bbox 1953 5740 2039 5802; x_wconf 81' lang='lat' dir='ltr'><strong>lib.</strong></span> <span class='ocrx_word' id='word_1_696' title='bbox 2075 5762 2131 5813; x_wconf 85' lang='grc' dir='ltr'><strong>ιι,</strong></span> 
     </span>
    </p>
   </div>
   <div class='ocr_carea' id='block_1_90' title="bbox 541 5840 2135 5924">
    <p class='ocr_par' dir='ltr' id='par_1_90' title="bbox 541 5840 2135 5924">
     <span class='ocr_line' id='line_1_90' title="bbox 541 5840 2135 5924; baseline -0.006 -18"><span class='ocrx_word' id='word_1_697' title='bbox 541 5872 595 5924; x_wconf 83' lang='lat' dir='ltr'><strong>p.</strong></span> <span class='ocrx_word' id='word_1_698' title='bbox 629 5852 745 5924; x_wconf 79' lang='lat'><strong>66),</strong></span> <span class='ocrx_word' id='word_1_699' title='bbox 774 5850 998 5906; x_wconf 87' lang='lat' dir='ltr'><strong>salutem</strong></span> <span class='ocrx_word' id='word_1_700' title='bbox 1053 5849 1349 5903; x_wconf 89' lang='lat' dir='ltr'><strong>animarmn</strong></span> <span class='ocrx_word' id='word_1_701' title='bbox 1383 5858 1600 5900; x_wconf 87' lang='lat' dir='ltr'><strong>suarum</strong></span> <span class='ocrx_word' id='word_1_702' title='bbox 1630 5843 1684 5898; x_wconf 91' lang='lat' dir='ltr'><strong>in</strong></span> <span class='ocrx_word' id='word_1_703' title='bbox 1716 5854 1774 5898; x_wconf 86' lang='lat' dir='ltr'><strong>se</strong></span> <span class='ocrx_word' id='word_1_704' title='bbox 1801 5840 1931 5911; x_wconf 88' lang='lat' dir='ltr'><strong>ipsis</strong></span> <span class='ocrx_word' id='word_1_705' title='bbox 1976 5854 2135 5912; x_wconf 86' lang='lat' dir='ltr'><strong>repo-</strong></span> 
     </span>
    </p>
   </div>
   <div class='ocr_carea' id='block_1_91' title="bbox 2245 3341 3841 3417">
    <p class='ocr_par' dir='ltr' id='par_1_91' title="bbox 2245 3341 3841 3417">
     <span class='ocr_line' id='line_1_91' title="bbox 2245 3341 3841 3417; baseline 0 -21"><span class='ocrx_word' id='word_1_706' title='bbox 2245 3341 2464 3397; x_wconf 84' lang='lat' dir='ltr'><strong>talitatis</strong></span> <span class='ocrx_word' id='word_1_707' title='bbox 2509 3342 2770 3401; x_wconf 82' lang='lat' dir='ltr'><strong>accedere</strong></span> <span class='ocrx_word' id='word_1_708' title='bbox 2798 3343 2961 3407; x_wconf 84' lang='lat' dir='ltr'><strong>nullis</strong></span> <span class='ocrx_word' id='word_1_709' title='bbox 2993 3343 3197 3413; x_wconf 83' lang='lat' dir='ltr'><strong>pateris</strong></span> <span class='ocrx_word' id='word_1_710' title='bbox 3230 3342 3675 3417; x_wconf 82' lang='lat' dir='ltr'><strong>contentionibus</strong></span> <span class='ocrx_word' id='word_1_711' title='bbox 3703 3356 3841 3412; x_wconf 65' lang='lat' dir='ltr'><strong>prat-</strong></span> 
     </span>
    </p>
   </div>
   <div class='ocr_carea' id='block_1_92' title="bbox 2243 3434 3840 3506">
    <p class='ocr_par' dir='ltr' id='par_1_92' title="bbox 2243 3434 3840 3506">
     <span class='ocr_line' id='line_1_92' title="bbox 2243 3434 3840 3506; baseline 0.001 -19"><span class='ocrx_word' id='word_1_712' title='bbox 2243 3434 2435 3503; x_wconf 91' lang='lat' dir='ltr'><strong>mium,</strong></span> <span class='ocrx_word' id='word_1_713' title='bbox 2460 3434 2561 3489; x_wconf 92' lang='lat' dir='ltr'><strong>nisi</strong></span> <span class='ocrx_word' id='word_1_714' title='bbox 2592 3434 2733 3506; x_wconf 90' lang='lat' dir='ltr'><strong>quod</strong></span> <span class='ocrx_word' id='word_1_715' title='bbox 2763 3435 2935 3505; x_wconf 86' lang='lat' dir='ltr'><strong>ipsam</strong></span> <span class='ocrx_word' id='word_1_716' title='bbox 2958 3435 3422 3495; x_wconf 79' lang='lat' dir='ltr'><strong>immortalitatem</strong></span> <span class='ocrx_word' id='word_1_717' title='bbox 3448 3434 3594 3503; x_wconf 77' lang='lat' dir='ltr'><strong>facit,</strong></span> <span class='ocrx_word' id='word_1_718' title='bbox 3623 3435 3840 3491; x_wconf 89' lang='lat' dir='ltr'><strong>Christo</strong></span> 
     </span>
    </p>
   </div>
   <div class='ocr_carea' id='block_1_93' title="bbox 2244 3526 3841 3599">
    <p class='ocr_par' dir='ltr' id='par_1_93' title="bbox 2244 3526 3841 3599">
     <span class='ocr_line' id='line_1_93' title="bbox 2244 3526 3841 3599; baseline 0.003 -19"><span class='ocrx_word' id='word_1_719' title='bbox 2244 3526 2590 3595; x_wconf 89' lang='lat' dir='ltr'><strong>attribuente,</strong></span> <span class='ocrx_word' id='word_1_720' title='bbox 2640 3529 2972 3599; x_wconf 87' lang='lat' dir='ltr'><strong>perceperis,</strong></span> <span class='ocrx_word' id='word_1_721' title='bbox 3025 3538 3082 3584; x_wconf 92' lang='lat' dir='ltr'><strong>et</strong></span> <span class='ocrx_word' id='word_1_722' title='bbox 3126 3543 3310 3593; x_wconf 82' lang='lat' dir='ltr'><strong>veram</strong></span> <span class='ocrx_word' id='word_1_723' title='bbox 3355 3528 3525 3586; x_wconf 77' lang='lat' dir='ltr'><strong>fueris</strong></span> <span class='ocrx_word' id='word_1_724' title='bbox 3571 3528 3841 3597; x_wconf 77' lang='lat' dir='ltr'><strong>admissus</strong></span> 
     </span>
    </p>
   </div>
   <div class='ocr_carea' id='block_1_94' title="bbox 2243 3619 3353 3694">
    <p class='ocr_par' dir='ltr' id='par_1_94' title="bbox 2243 3619 3353 3694">
     <span class='ocr_line' id='line_1_94' title="bbox 2243 3619 3353 3694; baseline 0.001 -21"><span class='ocrx_word' id='word_1_725' title='bbox 2243 3619 2309 3674; x_wconf 90' lang='lat' dir='ltr'><strong>ad</strong></span> <span class='ocrx_word' id='word_1_726' title='bbox 2340 3621 2504 3675; x_wconf 85' lang='lat' dir='ltr'><strong>vitam</strong></span> <span class='ocrx_word' id='word_1_727' title='bbox 2538 3621 2795 3691; x_wconf 85' lang='lat' dir='ltr'><strong>(Arnob.,</strong></span> <span class='ocrx_word' id='word_1_728' title='bbox 2829 3620 2921 3676; x_wconf 79' lang='lat' dir='ltr'><strong>lib.</strong></span> <span class='ocrx_word' id='word_1_729' title='bbox 2945 3638 3001 3685; x_wconf 81' lang='grc' dir='ltr'><strong>ιι,</strong></span> <span class='ocrx_word' id='word_1_730' title='bbox 3034 3639 3153 3693; x_wconf 88' lang='lat' dir='ltr'><strong>pag.</strong></span> <span class='ocrx_word' id='word_1_731' title='bbox 3187 3622 3302 3694; x_wconf 84' lang='lat'><strong>90).</strong></span> <span class='ocrx_word' id='word_1_732' title='bbox 3332 3642 3353 3675; x_wconf 76' lang='grc' dir='ltr'><strong><em>ι</em></strong></span> 
     </span>
    </p>
   </div>
   <div class='ocr_carea' id='block_1_95' title="bbox 2315 3713 3836 3787">
    <p class='ocr_par' dir='ltr' id='par_1_95' title="bbox 2315 3713 3836 3787">
     <span class='ocr_line' id='line_1_95' title="bbox 2315 3713 3836 3787; baseline 0.002 -19"><span class='ocrx_word' id='word_1_733' title='bbox 2315 3713 2536 3783; x_wconf 77' lang='lat' dir='ltr'><strong>summa</strong></span> <span class='ocrx_word' id='word_1_734' title='bbox 2557 3729 2689 3787; x_wconf 89' lang='lat' dir='ltr'><strong>ergo</strong></span> <span class='ocrx_word' id='word_1_735' title='bbox 2714 3725 2834 3771; x_wconf 89' lang='lat' dir='ltr'><strong>erat</strong></span> <span class='ocrx_word' id='word_1_736' title='bbox 2859 3716 3140 3785; x_wconf 87' lang='lat' dir='ltr'><strong>gentilium</strong></span> <span class='ocrx_word' id='word_1_737' title='bbox 3169 3715 3461 3785; x_wconf 82' lang='lat' dir='ltr'><strong>dementia,</strong></span> <span class='ocrx_word' id='word_1_738' title='bbox 3507 3716 3599 3786; x_wconf 78' lang='lat' dir='ltr'><strong>qui</strong></span> <span class='ocrx_word' id='word_1_739' title='bbox 3630 3715 3836 3777; x_wconf 82' lang='lat' dir='ltr'><strong>beatam</strong></span> 
     </span>
    </p>
   </div>
   <div class='ocr_carea' id='block_1_96' title="bbox 2244 3809 3837 3887">
    <p class='ocr_par' dir='ltr' id='par_1_96' title="bbox 2244 3809 3837 3887">
     <span class='ocr_line' id='line_1_96' title="bbox 2244 3809 3837 3887; baseline 0.002 -26"><span class='ocrx_word' id='word_1_740' title='bbox 2244 3809 2705 3883; x_wconf 71' lang='lat' dir='ltr'><strong>immortalitatem</strong></span> <span class='ocrx_word' id='word_1_741' title='bbox 2736 3826 2764 3864; x_wconf 86' lang='lat' dir='ltr'><strong>a</strong></span> <span class='ocrx_word' id='word_1_742' title='bbox 2813 3811 3170 3881; x_wconf 77' lang='lat' dir='ltr'><strong>potestatibus</strong></span> <span class='ocrx_word' id='word_1_743' title='bbox 3201 3812 3385 3881; x_wconf 68' lang='lat' dir='ltr'><strong>nescio</strong></span> <span class='ocrx_word' id='word_1_744' title='bbox 3428 3810 3646 3887; x_wconf 70' lang='lat' dir='ltr'><strong>quibus,</strong></span> <span class='ocrx_word' id='word_1_745' title='bbox 3701 3809 3837 3866; x_wconf 84' lang='lat' dir='ltr'><strong>vela</strong></span> 
     </span>
    </p>
   </div>
   <div class='ocr_carea' id='block_1_97' title="bbox 2243 3901 3837 3977">
    <p class='ocr_par' dir='ltr' id='par_1_97' title="bbox 2243 3901 3837 3977">
     <span class='ocr_line' id='line_1_97' title="bbox 2243 3901 3837 3977; baseline 0.004 -23"><span class='ocrx_word' id='word_1_746' title='bbox 2243 3901 2435 3971; x_wconf 90' lang='lat' dir='ltr'><strong>seipsis</strong></span> <span class='ocrx_word' id='word_1_747' title='bbox 2462 3904 2837 3977; x_wconf 79' lang='lat' dir='ltr'><strong>expectabant.</strong></span> <span class='ocrx_word' id='word_1_748' title='bbox 2884 3904 3084 3961; x_wconf 85' lang='lat' dir='ltr'><strong>Contra</strong></span> <span class='ocrx_word' id='word_1_749' title='bbox 3126 3919 3254 3971; x_wconf 80' lang='lat' dir='ltr'><strong>vero</strong></span> <span class='ocrx_word' id='word_1_750' title='bbox 3279 3902 3578 3973; x_wconf 74' lang='lat' dir='ltr'><strong>certissima</strong></span> <span class='ocrx_word' id='word_1_751' title='bbox 3607 3913 3694 3969; x_wconf 87' lang='lat' dir='ltr'><strong>est</strong></span> <span class='ocrx_word' id='word_1_752' title='bbox 3718 3916 3837 3973; x_wconf 76' lang='lat' dir='ltr'><strong>spes</strong></span> 
     </span>
    </p>
   </div>
   <div class='ocr_carea' id='block_1_98' title="bbox 2243 3994 3834 4071">
    <p class='ocr_par' dir='ltr' id='par_1_98' title="bbox 2243 3994 3834 4071">
     <span class='ocr_line' id='line_1_98' title="bbox 2243 3994 3834 4071; baseline 0.001 -22"><span class='ocrx_word' id='word_1_753' title='bbox 2243 3994 2688 4069; x_wconf 85' lang='lat' dir='ltr'><strong>christianprum,</strong></span> <span class='ocrx_word' id='word_1_754' title='bbox 2709 3998 2798 4071; x_wconf 92' lang='lat' dir='ltr'><strong>qui</strong></span> <span class='ocrx_word' id='word_1_755' title='bbox 2824 3998 2869 4052; x_wconf 92' lang='lat' dir='ltr'><strong>si</strong></span> <span class='ocrx_word' id='word_1_756' title='bbox 2898 3997 3046 4069; x_wconf 85' lang='lat' dir='ltr'><strong>digni</strong></span> <span class='ocrx_word' id='word_1_757' title='bbox 3063 3997 3193 4064; x_wconf 82' lang='lat' dir='ltr'><strong>sint,</strong></span> <span class='ocrx_word' id='word_1_758' title='bbox 3224 4000 3362 4059; x_wconf 80' lang='lat' dir='ltr'><strong>hanc</strong></span> <span class='ocrx_word' id='word_1_759' title='bbox 3383 3997 3599 4063; x_wconf 80' lang='lat' dir='ltr'><strong>beatam</strong></span> <span class='ocrx_word' id='word_1_760' title='bbox 3626 4001 3834 4054; x_wconf 85' lang='lat' dir='ltr'><strong>immor-</strong></span> 
     </span>
    </p>
   </div>
   <div class='ocr_carea' id='block_1_99' title="bbox 2245 4090 3837 4167">
    <p class='ocr_par' dir='ltr' id='par_1_99' title="bbox 2245 4090 3837 4167">
     <span class='ocr_line' id='line_1_99' title="bbox 2245 4090 3837 4167; baseline 0.001 -23"><span class='ocrx_word' id='word_1_761' title='bbox 2245 4090 2505 4167; x_wconf 84' lang='lat' dir='ltr'><strong>talitatem</strong></span> <span class='ocrx_word' id='word_1_762' title='bbox 2553 4091 2621 4161; x_wconf 85' lang='lat' dir='ltr'><strong>ab</strong></span> <span class='ocrx_word' id='word_1_763' title='bbox 2650 4092 3018 4161; x_wconf 85' lang='lat' dir='ltr'><strong>omnipotente</strong></span> <span class='ocrx_word' id='word_1_764' title='bbox 3048 4091 3181 4159; x_wconf 82' lang='lat' dir='ltr'><strong>Deo,</strong></span> <span class='ocrx_word' id='word_1_765' title='bbox 3211 4092 3330 4167; x_wconf 74' lang='lat' dir='ltr'><strong>solo</strong></span> <span class='ocrx_word' id='word_1_766' title='bbox 3358 4090 3504 4161; x_wconf 69' lang='lat' dir='ltr'><strong>illius</strong></span> <span class='ocrx_word' id='word_1_767' title='bbox 3528 4090 3754 4159; x_wconf 77' lang='lat' dir='ltr'><strong>datare,</strong></span> <span class='ocrx_word' id='word_1_768' title='bbox 3777 4103 3837 4146; x_wconf 84' lang='lat' dir='ltr'><strong>se</strong></span> 
     </span>
    </p>
   </div>
   <div class='ocr_carea' id='block_1_100' title="bbox 2243 4183 2887 4253">
    <p class='ocr_par' dir='ltr' id='par_1_100' title="bbox 2243 4183 2887 4253">
     <span class='ocr_line' id='line_1_100' title="bbox 2243 4183 2887 4253; baseline 0.008 -19"><span class='ocrx_word' id='word_1_769' title='bbox 2243 4193 2563 4253; x_wconf 86' lang='lat' dir='ltr'><strong>accepturos</strong></span> <span class='ocrx_word' id='word_1_770' title='bbox 2590 4183 2887 4241; x_wconf 86' lang='lat' dir='ltr'><strong>conﬁdunt.</strong></span> 
     </span>
    </p>
   </div>
   <div class='ocr_carea' id='block_1_101' title="bbox 2854 4333 3230 4376">
    <p class='ocr_par' dir='ltr' id='par_1_101' title="bbox 2854 4333 3230 4376">
     <span class='ocr_line' id='line_1_101' title="bbox 2854 4333 3230 4376; baseline 0.008 -4"><span class='ocrx_word' id='word_1_771' title='bbox 2854 4333 3147 4376; x_wconf 76' lang='lat' dir='ltr'><strong>ARTICULUS</strong></span> <span class='ocrx_word' id='word_1_772' title='bbox 3175 4334 3230 4375; x_wconf 89' lang='grc'><strong>11.</strong></span> 
     </span>
    </p>
   </div>
   <div class='ocr_carea' id='block_1_102' title="bbox 2243 4456 3834 4529">
    <p class='ocr_par' dir='ltr' id='par_1_102' title="bbox 2243 4456 3834 4529">
     <span class='ocr_line' id='line_1_102' title="bbox 2243 4456 3834 4529; baseline 0.001 -19"><span class='ocrx_word' id='word_1_773' title='bbox 2243 4456 2322 4529; x_wconf 78' lang='lat' dir='ltr'><strong>De</strong></span> <span class='ocrx_word' id='word_1_774' title='bbox 2344 4458 2722 4529; x_wconf 76' lang='lat' dir='ltr'><strong>Christianorum</strong></span> <span class='ocrx_word' id='word_1_775' title='bbox 2752 4458 3005 4529; x_wconf 58' lang='lat' dir='ltr'><strong>galesiis,</strong></span> <span class='ocrx_word' id='word_1_776' title='bbox 3045 4462 3197 4529; x_wconf 70' lang='lat' dir='ltr'><strong>sacris</strong></span> <span class='ocrx_word' id='word_1_777' title='bbox 3236 4461 3523 4527; x_wconf 78' lang='lat' dir='ltr'><strong>Scripturis,</strong></span> <span class='ocrx_word' id='word_1_778' title='bbox 3562 4462 3834 4529; x_wconf 50' lang='grc' dir='ltr'><strong>διετηρή-</strong></span> 
     </span>
    </p>
   </div>
   <div class='ocr_carea' id='block_1_103' title="bbox 2305 4518 3835 4588">
    <p class='ocr_par' dir='ltr' id='par_1_103' title="bbox 2305 4518 3835 4588">
     <span class='ocr_line' id='line_1_103' title="bbox 2305 4518 3835 4588; baseline 0.003 -18"><span class='ocrx_word' id='word_1_779' title='bbox 2305 4521 2416 4578; x_wconf 85' lang='lat' dir='ltr'><strong>bus,</strong></span> <span class='ocrx_word' id='word_1_780' title='bbox 2443 4533 2604 4583; x_wconf 77' lang='lat' dir='ltr'><strong>quove</strong></span> <span class='ocrx_word' id='word_1_781' title='bbox 2628 4522 2728 4571; x_wconf 90' lang='lat' dir='ltr'><strong>ritu</strong></span> <span class='ocrx_word' id='word_1_782' title='bbox 2752 4520 2911 4570; x_wconf 89' lang='lat' dir='ltr'><strong>Deum</strong></span> <span class='ocrx_word' id='word_1_783' title='bbox 2936 4518 3093 4574; x_wconf 81' lang='lat' dir='ltr'><strong>iueis’</strong></span> <span class='ocrx_word' id='word_1_784' title='bbox 3108 4518 3447 4586; x_wconf 72' lang='lat' dir='ltr'><strong>precarentur,</strong></span> <span class='ocrx_word' id='word_1_785' title='bbox 3482 4518 3539 4574; x_wconf 78' lang='lat' dir='ltr'><strong>ac</strong></span> <span class='ocrx_word' id='word_1_786' title='bbox 3559 4518 3690 4588; x_wconf 72' lang='lat' dir='ltr'><strong>quid</strong></span> <span class='ocrx_word' id='word_1_787' title='bbox 3702 4524 3761 4573; x_wconf 84' lang='lat' dir='ltr'><strong>ab</strong></span> <span class='ocrx_word' id='word_1_788' title='bbox 3777 4536 3835 4575; x_wconf 89' lang='lat' dir='ltr'><strong>eo</strong></span> 
     </span>
    </p>
   </div>
   <div class='ocr_carea' id='block_1_104' title="bbox 2308 4588 3651 4647">
    <p class='ocr_par' dir='ltr' id='par_1_104' title="bbox 2308 4588 3651 4647">
     <span class='ocr_line' id='line_1_104' title="bbox 2308 4588 3651 4647; baseline -0.006 -14"><span class='ocrx_word' id='word_1_789' title='bbox 2308 4588 2557 4647; x_wconf 86' lang='lat' dir='ltr'><strong>peterent.</strong></span> <span class='ocrx_word' id='word_1_790' title='bbox 3596 4598 3599 4603; x_wconf 39' lang='grc'><em>⁴</em></span> <span class='ocrx_word' id='word_1_791' title='bbox 3648 4596 3651 4601; x_wconf 94' lang='grc'>·</span> 
     </span>
    </p>
   </div>
   <div class='ocr_carea' id='block_1_105' title="bbox 2318 4711 3832 4788">
    <p class='ocr_par' dir='ltr' id='par_1_105' title="bbox 2318 4711 3832 4788">
     <span class='ocr_line' id='line_1_105' title="bbox 2318 4711 3832 4788; baseline 0.003 -24"><span class='ocrx_word' id='word_1_792' title='bbox 2318 4711 2397 4765; x_wconf 86' lang='lat' dir='ltr'><strong>Ad</strong></span> <span class='ocrx_word' id='word_1_793' title='bbox 2426 4712 2550 4778; x_wconf 89' lang='lat' dir='ltr'><strong>alia,</strong></span> <span class='ocrx_word' id='word_1_794' title='bbox 2581 4727 2698 4782; x_wconf 74' lang='lat' dir='ltr'><strong>qure</strong></span> <span class='ocrx_word' id='word_1_795' title='bbox 2729 4711 3053 4768; x_wconf 88' lang='lat' dir='ltr'><strong>christianos</strong></span> <span class='ocrx_word' id='word_1_796' title='bbox 3081 4714 3257 4771; x_wconf 88' lang='lat' dir='ltr'><strong>adhuc</strong></span> <span class='ocrx_word' id='word_1_797' title='bbox 3300 4722 3565 4787; x_wconf 87' lang='lat' dir='ltr'><strong>spectant,</strong></span> <span class='ocrx_word' id='word_1_798' title='bbox 3613 4714 3832 4788; x_wconf 87' lang='lat' dir='ltr'><strong>gradum</strong></span> 
     </span>
    </p>
   </div>
   <div class='ocr_carea' id='block_1_106' title="bbox 2247 4788 3832 4889">
    <p class='ocr_par' dir='ltr' id='par_1_106' title="bbox 2247 4788 3832 4889">
     <span class='ocr_line' id='line_1_106' title="bbox 2247 4788 3832 4889; baseline 0.001 -30"><span class='ocrx_word' id='word_1_799' title='bbox 2247 4813 2307 4859; x_wconf 90' lang='lat' dir='ltr'><strong>ut</strong></span> <span class='ocrx_word' id='word_1_800' title='bbox 2354 4804 2637 4889; x_wconf 77' lang='lat' dir='ltr'><strong>faciamus,</strong></span> <span class='ocrx_word' id='word_1_801' title='bbox 2685 4806 2917 4862; x_wconf 77' lang='lat' dir='ltr'><strong>ethnicis</strong></span> <span class='ocrx_word' id='word_1_802' title='bbox 2967 4792 3341 4879; x_wconf 86' lang='lat' dir='ltr'><strong>objicientibus</strong></span> <span class='ocrx_word' id='word_1_803' title='bbox 3388 4788 3565 4864; x_wconf 78' lang='lat' dir='ltr'><strong>nullas</strong></span> <span class='ocrx_word' id='word_1_804' title='bbox 3612 4809 3679 4883; x_wconf 84' lang='lat' dir='ltr'><strong>ab</strong></span> <span class='ocrx_word' id='word_1_805' title='bbox 3734 4808 3832 4862; x_wconf 90' lang='lat' dir='ltr'><strong>illis</strong></span> 
     </span>
    </p>
   </div>
   <div class='ocr_carea' id='block_1_107' title="bbox 2248 4896 3833 4973">
    <p class='ocr_par' dir='ltr' id='par_1_107' title="bbox 2248 4896 3833 4973">
     <span class='ocr_line' id='line_1_107' title="bbox 2248 4896 3833 4973; baseline -0.001 -19"><span class='ocrx_word' id='word_1_806' title='bbox 2248 4899 2607 4955; x_wconf 68' lang='lat' dir='ltr'><strong>exmdiﬁcatas</strong></span> <span class='ocrx_word' id='word_1_807' title='bbox 2632 4917 2805 4955; x_wconf 77' lang='lat' dir='ltr'><strong>sacras</strong></span> <span class='ocrx_word' id='word_1_808' title='bbox 2847 4900 3001 4967; x_wconf 76' lang='lat' dir='ltr'><strong>(edes,</strong></span> <span class='ocrx_word' id='word_1_809' title='bbox 3031 4900 3302 4957; x_wconf 84' lang='lat' dir='ltr'><strong>Arnobius</strong></span> <span class='ocrx_word' id='word_1_810' title='bbox 3330 4896 3406 4957; x_wconf 87' lang='lat' dir='ltr'><strong>sic</strong></span> <span class='ocrx_word' id='word_1_811' title='bbox 3437 4901 3748 4973; x_wconf 86' lang='lat' dir='ltr'><strong>respondet,</strong></span> <span class='ocrx_word' id='word_1_812' title='bbox 3779 4907 3833 4954; x_wconf 90' lang='lat' dir='ltr'><strong>ut</strong></span> 
     </span>
    </p>
   </div>
   <div class='ocr_carea' id='block_1_108' title="bbox 2245 4976 3829 5065">
    <p class='ocr_par' dir='ltr' id='par_1_108' title="bbox 2245 4976 3829 5065">
     <span class='ocr_line' id='line_1_108' title="bbox 2245 4976 3829 5065; baseline 0.001 -18"><span class='ocrx_word' id='word_1_813' title='bbox 2245 4993 2298 5047; x_wconf 89' lang='lat' dir='ltr'><strong>id</strong></span> <span class='ocrx_word' id='word_1_814' title='bbox 2333 5010 2668 5065; x_wconf 83' lang='lat' dir='ltr'><strong>nequaquam</strong></span> <span class='ocrx_word' id='word_1_815' title='bbox 2700 4994 2914 5050; x_wconf 86' lang='lat' dir='ltr'><strong>difﬁteri</strong></span> <span class='ocrx_word' id='word_1_816' title='bbox 2960 4995 3202 5051; x_wconf 87' lang='lat' dir='ltr'><strong>videatur</strong></span> <span class='ocrx_word' id='word_1_817' title='bbox 3229 4976 3467 5065; x_wconf 67' lang='lat' dir='ltr'><strong>(Arnob,</strong></span> <span class='ocrx_word' id='word_1_818' title='bbox 3490 4994 3575 5051; x_wconf 81' lang='lat' dir='ltr'><strong>lib.</strong></span> <span class='ocrx_word' id='word_1_819' title='bbox 3609 5011 3684 5061; x_wconf 76' lang='lat' dir='ltr'><strong>vn,</strong></span> <span class='ocrx_word' id='word_1_820' title='bbox 3718 5009 3829 5065; x_wconf 83' lang='lat' dir='ltr'><strong>pag.</strong></span> 
     </span>
    </p>
   </div>
   <div class='ocr_carea' id='block_1_109' title="bbox 2249 5085 3833 5158">
    <p class='ocr_par' dir='ltr' id='par_1_109' title="bbox 2249 5085 3833 5158">
     <span class='ocr_line' id='line_1_109' title="bbox 2249 5085 3833 5158; baseline 0 -18"><span class='ocrx_word' id='word_1_821' title='bbox 2249 5086 2395 5158; x_wconf 79' lang='lat'><strong>189).</strong></span> <span class='ocrx_word' id='word_1_822' title='bbox 2448 5086 2587 5155; x_wconf 83' lang='lat' dir='ltr'><strong>Quid</strong></span> <span class='ocrx_word' id='word_1_823' title='bbox 2632 5087 2799 5158; x_wconf 88' lang='lat' dir='ltr'><strong>ergo?</strong></span> <span class='ocrx_word' id='word_1_824' title='bbox 2850 5085 3116 5158; x_wconf 87' lang='lat' dir='ltr'><strong>Numquid</strong></span> <span class='ocrx_word' id='word_1_825' title='bbox 3145 5102 3332 5143; x_wconf 82' lang='lat' dir='ltr'><strong>revera</strong></span> <span class='ocrx_word' id='word_1_826' title='bbox 3361 5086 3637 5142; x_wconf 91' lang='lat' dir='ltr'><strong>christiani</strong></span> <span class='ocrx_word' id='word_1_827' title='bbox 3666 5087 3833 5142; x_wconf 88' lang='lat' dir='ltr'><strong>nullas</strong></span> 
     </span>
    </p>
   </div>
   <div class='ocr_carea' id='block_1_110' title="bbox 2243 5166 3833 5259">
    <p class='ocr_par' dir='ltr' id='par_1_110' title="bbox 2243 5166 3833 5259">
     <span class='ocr_line' id='line_1_110' title="bbox 2243 5166 3833 5259; baseline -0.001 -27"><span class='ocrx_word' id='word_1_828' title='bbox 2243 5179 2412 5248; x_wconf 73' lang='lat' dir='ltr'><strong>ipsius</strong></span> <span class='ocrx_word' id='word_1_829' title='bbox 2442 5189 2682 5248; x_wconf 88' lang='lat' dir='ltr'><strong>tempore</strong></span> <span class='ocrx_word' id='word_1_830' title='bbox 2700 5166 2964 5234; x_wconf 80' lang='lat' dir='ltr'><strong>habebant</strong></span> <span class='ocrx_word' id='word_1_831' title='bbox 2988 5196 3170 5234; x_wconf 86' lang='lat' dir='ltr'><strong>sacras</strong></span> <span class='ocrx_word' id='word_1_832' title='bbox 3200 5179 3379 5245; x_wconf 72' lang='lat' dir='ltr'><strong>aedes,</strong></span> <span class='ocrx_word' id='word_1_833' title='bbox 3411 5180 3629 5259; x_wconf 84' lang='lat' dir='ltr'><strong>domos.</strong></span> <span class='ocrx_word' id='word_1_834' title='bbox 3660 5177 3833 5234; x_wconf 89' lang='lat' dir='ltr'><strong>eccle-</strong></span> 
     </span>
    </p>
   </div>
   <div class='ocr_carea' id='block_1_111' title="bbox 2211 5266 3830 5343">
    <p class='ocr_par' dir='ltr' id='par_1_111' title="bbox 2211 5266 3830 5343">
     <span class='ocr_line' id='line_1_111' title="bbox 2211 5266 3830 5343; baseline -0.002 -17"><span class='ocrx_word' id='word_1_835' title='bbox 2211 5274 2371 5331; x_wconf 85' lang='lat' dir='ltr'><strong>-sias.</strong></span> <span class='ocrx_word' id='word_1_836' title='bbox 2403 5272 2515 5327; x_wconf 85' lang='lat' dir='ltr'><strong>sive</strong></span> <span class='ocrx_word' id='word_1_837' title='bbox 2548 5266 2768 5343; x_wconf 85' lang='lat' dir='ltr'><strong>templa,</strong></span> <span class='ocrx_word' id='word_1_838' title='bbox 2802 5270 2854 5325; x_wconf 91' lang='lat' dir='ltr'><strong>in</strong></span> <span class='ocrx_word' id='word_1_839' title='bbox 2887 5273 3078 5342; x_wconf 85' lang='lat' dir='ltr'><strong>quibus</strong></span> <span class='ocrx_word' id='word_1_840' title='bbox 3105 5287 3296 5328; x_wconf 88' lang='lat' dir='ltr'><strong>omnes</strong></span> <span class='ocrx_word' id='word_1_841' title='bbox 3320 5270 3480 5328; x_wconf 90' lang='lat' dir='ltr'><strong>simul</strong></span> <span class='ocrx_word' id='word_1_842' title='bbox 3510 5267 3830 5340; x_wconf 85' lang='lat' dir='ltr'><strong>congregati,</strong></span> 
     </span>
    </p>
   </div>
   <div class='ocr_carea' id='block_1_112' title="bbox 2244 5356 3831 5437">
    <p class='ocr_par' dir='ltr' id='par_1_112' title="bbox 2244 5356 3831 5437">
     <span class='ocr_line' id='line_1_112' title="bbox 2244 5356 3831 5437; baseline -0.005 -15"><span class='ocrx_word' id='word_1_843' title='bbox 2244 5369 2411 5423; x_wconf 91' lang='lat' dir='ltr'><strong>Deum</strong></span> <span class='ocrx_word' id='word_1_844' title='bbox 2443 5366 2827 5436; x_wconf 86' lang='lat' dir='ltr'><strong>precarentur?</strong></span> <span class='ocrx_word' id='word_1_845' title='bbox 2860 5365 3077 5421; x_wconf 82' lang='lat' dir='ltr'><strong>Minime</strong></span> <span class='ocrx_word' id='word_1_846' title='bbox 3104 5365 3344 5437; x_wconf 90' lang='lat' dir='ltr'><strong>quidem.</strong></span> <span class='ocrx_word' id='word_1_847' title='bbox 3373 5365 3505 5420; x_wconf 89' lang='lat' dir='ltr'><strong>Nam</strong></span> <span class='ocrx_word' id='word_1_848' title='bbox 3535 5356 3718 5437; x_wconf 82' lang='lat' dir='ltr'><strong>plures</strong></span> <span class='ocrx_word' id='word_1_849' title='bbox 3746 5360 3831 5415; x_wconf 85' lang='lat' dir='ltr'><strong>ha-</strong></span> 
     </span>
    </p>
   </div>
   <div class='ocr_carea' id='block_1_113' title="bbox 2240 5442 3825 5528">
    <p class='ocr_par' dir='ltr' id='par_1_113' title="bbox 2240 5442 3825 5528">
     <span class='ocr_line' id='line_1_113' title="bbox 2240 5442 3825 5528; baseline -0.006 -13"><span class='ocrx_word' id='word_1_850' title='bbox 2240 5452 2496 5523; x_wconf 89' lang='lat' dir='ltr'><strong>buerunt,</strong></span> <span class='ocrx_word' id='word_1_851' title='bbox 2546 5473 2679 5528; x_wconf 90' lang='lat' dir='ltr'><strong>quas</strong></span> <span class='ocrx_word' id='word_1_852' title='bbox 2724 5458 3013 5526; x_wconf 85' lang='lat' dir='ltr'><strong>Apostolus</strong></span> <span class='ocrx_word' id='word_1_853' title='bbox 3042 5460 3322 5525; x_wconf 87' lang='lat' dir='ltr'><strong>ecclesias,</strong></span> <span class='ocrx_word' id='word_1_854' title='bbox 3354 5442 3781 5514; x_wconf 46' lang='lat' dir='ltr'><strong>Eusebius&#39;vero</strong></span> <span class='ocrx_word' id='word_1_855' title='bbox 3813 5469 3825 5506; x_wconf 92' lang='lat'><strong>:</strong></span> 
     </span>
    </p>
   </div>
   <div class='ocr_carea' id='block_1_114' title="bbox 2240 5540 3829 5632">
    <p class='ocr_par' dir='ltr' id='par_1_114' title="bbox 2240 5540 3829 5632">
     <span class='ocr_line' id='line_1_114' title="bbox 2240 5540 3829 5632; baseline -0.006 -21"><span class='ocrx_word' id='word_1_856' title='bbox 2240 5556 2657 5632; x_wconf 74' lang='grc' dir='ltr'><strong>προσευκτηρὶων</strong></span> <span class='ocrx_word' id='word_1_857' title='bbox 2689 5554 2807 5614; x_wconf 72' lang='grc' dir='ltr'><strong>τοὺς</strong></span> <span class='ocrx_word' id='word_1_858' title='bbox 2832 5550 3021 5620; x_wconf 76' lang='grc' dir='ltr'><strong>οἴκους,</strong></span> <span class='ocrx_word' id='word_1_859' title='bbox 3052 5552 3250 5621; x_wconf 80' lang='lat' dir='ltr'><strong>domos,</strong></span> <span class='ocrx_word' id='word_1_860' title='bbox 3280 5540 3535 5624; x_wconf 74' lang='lat' dir='ltr'><strong>inquibus</strong></span> <span class='ocrx_word' id='word_1_861' title='bbox 3563 5549 3829 5623; x_wconf 83' lang='lat' dir='ltr'><strong>precaban-</strong></span> 
     </span>
    </p>
   </div>
   <div class='ocr_carea' id='block_1_115' title="bbox 2242 5628 3830 5720">
    <p class='ocr_par' dir='ltr' id='par_1_115' title="bbox 2242 5628 3830 5720">
     <span class='ocr_line' id='line_1_115' title="bbox 2242 5628 3830 5720; baseline -0.005 -18"><span class='ocrx_word' id='word_1_862' title='bbox 2242 5628 2341 5713; x_wconf 74' lang='lat' dir='ltr'><strong>tur,</strong></span> <span class='ocrx_word' id='word_1_863' title='bbox 2396 5628 2622 5720; x_wconf 87' lang='lat' dir='ltr'><strong>ipsemet</strong></span> <span class='ocrx_word' id='word_1_864' title='bbox 2654 5654 2830 5701; x_wconf 90' lang='lat' dir='ltr'><strong>autem</strong></span> <span class='ocrx_word' id='word_1_865' title='bbox 2881 5646 3153 5702; x_wconf 84' lang='lat' dir='ltr'><strong>Arnobius</strong></span> <span class='ocrx_word' id='word_1_866' title='bbox 3183 5628 3533 5702; x_wconf 73' lang='lat' dir='ltr'><strong>conventicula</strong></span> <span class='ocrx_word' id='word_1_867' title='bbox 3563 5641 3830 5714; x_wconf 89' lang='lat' dir='ltr'><strong>appellant</strong></span> 
     </span>
    </p>
   </div>
   <div class='ocr_carea' id='block_1_116' title="bbox 2236 5724 3825 5815">
    <p class='ocr_par' dir='ltr' id='par_1_116' title="bbox 2236 5724 3825 5815">
     <span class='ocr_line' id='line_1_116' title="bbox 2236 5724 3825 5815; baseline -0.001 -18"><span class='ocrx_word' id='word_1_868' title='bbox 2236 5741 2442 5815; x_wconf 87' lang='lat' dir='ltr'><strong>(Paul.,</strong></span> <span class='ocrx_word' id='word_1_869' title='bbox 2473 5737 2641 5811; x_wconf 80' lang='lat' dir='ltr'><strong>Epist.</strong></span> <span class='ocrx_word' id='word_1_870' title='bbox 2688 5756 2727 5804; x_wconf 86' lang='grc' dir='ltr'>ι,</span> <span class='ocrx_word' id='word_1_871' title='bbox 2756 5738 2825 5793; x_wconf 83' lang='lat' dir='ltr'><strong>ad</strong></span> <span class='ocrx_word' id='word_1_872' title='bbox 2849 5738 2995 5806; x_wconf 86' lang='lat' dir='ltr'><strong>Cor.,</strong></span> <span class='ocrx_word' id='word_1_873' title='bbox 3026 5756 3141 5810; x_wconf 87' lang='lat' dir='ltr'><strong>cap.</strong></span> <span class='ocrx_word' id='word_1_874' title='bbox 3171 5756 3269 5806; x_wconf 78' lang='lat' dir='ltr'><strong>xv,</strong></span> <span class='ocrx_word' id='word_1_875' title='bbox 3298 5754 3428 5794; x_wconf 75' lang='lat' dir='ltr'><strong>vers.</strong></span> <span class='ocrx_word' id='word_1_876' title='bbox 3462 5736 3573 5803; x_wconf 74' lang='lat'><strong>15;</strong></span> <span class='ocrx_word' id='word_1_877' title='bbox 3619 5724 3825 5796; x_wconf 70' lang='grc' dir='ltr'><strong>Εειδεῦιι</strong></span> 
     </span>
    </p>
   </div>
   <div class='ocr_carea' id='block_1_117' title="bbox 2235 5824 3821 5920">
    <p class='ocr_par' dir='ltr' id='par_1_117' title="bbox 2235 5824 3821 5920">
     <span class='ocr_line' id='line_1_117' title="bbox 2235 5824 3821 5920; baseline -0.002 -28"><span class='ocrx_word' id='word_1_878' title='bbox 2235 5837 2324 5892; x_wconf 84' lang='lat' dir='ltr'><strong>lib.</strong></span> <span class='ocrx_word' id='word_1_879' title='bbox 2354 5824 2464 5903; x_wconf 79' lang='lat' dir='ltr'><strong>vui,</strong></span> <span class='ocrx_word' id='word_1_880' title='bbox 2495 5832 2639 5892; x_wconf 84' lang='lat' dir='ltr'><strong>Eccl.</strong></span> <span class='ocrx_word' id='word_1_881' title='bbox 2680 5830 2906 5917; x_wconf 58' lang='lat' dir='ltr'><strong>Hirtam,</strong></span> <span class='ocrx_word' id='word_1_882' title='bbox 2948 5850 3065 5920; x_wconf 55' lang='grc' dir='ltr'><strong>δέη).</strong></span> <span class='ocrx_word' id='word_1_883' title='bbox 3090 5833 3147 5899; x_wconf 88' lang='lat'><strong>2,</strong></span> <span class='ocrx_word' id='word_1_884' title='bbox 3177 5850 3296 5920; x_wconf 72' lang='lat' dir='ltr'><strong>pag.</strong></span> <span class='ocrx_word' id='word_1_885' title='bbox 3326 5824 3470 5920; x_wconf 62' lang='lat'><strong>293,-</strong></span> <span class='ocrx_word' id='word_1_886' title='bbox 3501 5829 3712 5896; x_wconf 84' lang='lat' dir='ltr'><strong>Arnob.,</strong></span> <span class='ocrx_word' id='word_1_887' title='bbox 3739 5825 3821 5889; x_wconf 83' lang='lat' dir='ltr'><strong>lib.</strong></span> 
     </span>
    </p>
   </div>
  </div>
