3980 6292
118 291 234 345 495

1374 292 1440 377 tu
1478 291 1852 383 ARNQBIpp,
1894 295 2041 377 CAP.
2085 298 2155 356 χ.

3310 300 3416 360 494

118 427 194 476 ιν,
218 428 340 497 ρας.
377 412 528 499 iss).
560 411 669 487 Sed
698 411 813 495 lucc
841 409 936 489 ille
957 411 1026 487 ab
1052 411 1285 497 ethpicis
1306 372 1503 491 cirum,
1533 428 1721 489 qucrn—
1826 413 2022 485 logesis
2053 415 2427 497 prosternendi
2449 424 2505 471 et.
2539 414 2855 472 humiliandi
2877 414 3113 495 hominis
3137 372 3421 495 disciplina

116 494 411 577 admodum
442 494 859 587 phristiaporum
892 504 1095 583 scripta
1126 494 1337 577 ignibus
1385 503 1509 559 data
1556 505 1721 561 fuisse

116 605 226 677 tam
251 611 461 679 amaro,
486 613 644 681 quam
669 611 825 681 τρειυο
854 592 1060 675 doloris
1081 611 1241 679 sensu
1270 596 1354 679 his
1374 597 1722 677 conqueritur

115 688 343 746 verbis:
384 709 403 743 ι
439 683 634 771 Nostra
683 688 922 773 quidem,
963 709 981 765 ξ
1033 689 1108 767 ait
1155 690 1265 767 ille,
1325 691 1572 769 iscripta
1624 706 1722 763 cur

114 781 330 853 ignibus
359 781 479 838 dari
505 772 991 863 merueruutipur
1016 772 1324 861 immaniter
1349 784 1721 849 conventicula

112 874 278 941 dirui,
327 874 382 935 in
429 875 625 949 quibus
656 891 900 955 summus
927 886 1113 955 oratur
1142 876 1318 953 Deus?
1348 895 1366 928 ι
1400 875 1551 949 Sicut
1591 893 1721 949 ergo

111 971 294 1027 nullus
318 970 495 1057 potuit
517 952 749 1045 unquam
774 952 973 1045 negare
1000 969 1325 1055 christianos
1352 984 1449 1024 sua
1472 969 1721 1051 habuisse

107 1067 335 1145 scripta,
364 1079 660 1135 sacrosque
680 1064 874 1127 divina:
900 1065 1181 1149 scripturae
1204 1064 1388 1147 libros,
1420 1064 1489 1120 ita
1516 1065 1721 1120 inﬁcias

109 1176 275 1219 nemo
330 1161 413 1239 ire
463 1168 640 1243 potest
689 1175 783 1215 cos
831 1167 957 1215 ante
1007 1158 1229 1239 Arnohii
1280 1168 1488 1237 tempus
1521 1158 1720 1229 eteius

109 1264 356 1327 tempore
381 1268 505 1311 suas
532 1253 788 1331 habuisse
812 1253 1089 1325 ecclesias,
1114 1252 1201 1323 vel
1230 1263 1288 1306 ut
1314 1252 1403 1306 ille
1432 1251 1574 1322 loqui
1608 1266 1721 1325 ma-

105 1346 227 1413 luit,
265 1347 642 1425 conventicula,
675 1346 765 1419 ubi
795 1345 864 1425 ab
892 1344 1126 1411 ethnicis
1155 1345 1430 1419 destructa
1461 1361 1568 1398 non
1600 1343 1718 1399 fue-

105 1450 257 1496 rant.
294 1422 371 1500 De
397 1448 576 1515 notata
621 1422 811 1517 autem.
846 1437 913 1493 ab
957 1453 1023 1519 eo
1069 1435 1260 1521 harum
1313 1436 1617 1521 eversione,
1668 1444 1722 1493 et

104 1512 706 1601 sacrorum-librorum
760 1512 1075 1607 incensione
1120 1512 1283 1602 supra
1327 1512 1722 1607 disputavimus

108 1626 329 1696 (Supr.,
365 1642 483 1696 cap.
516 1626 572 1691 2,
601 1634 702 1679 art.
740 1625 792 1689 1,
826 1634 947 1703 toni.
990 1640 1027 1690 ι,
1059 1623 1339 1695 Apparat.,
1366 1608 1497 1697 pag.
1544 1622 1640 1680 751
1675 1632 1722 1677 et

105 1735 244 1790 seq.;
278 1717 501 1791 Dissert.
527 1718 579 1772 in
610 1717 838 1797 Minue”
880 1734 996 1788 cap.
1030 1716 1118 1782 12,
1171 1726 1271 1770 art.
1320 1715 1400 1790 2).
1434 1715 1720 1797 Rationem

1824 516 1908 561 cst
1940 506 2126 574 (Idem,
2182 508 2249 563 ib.
2281 510 2343 562 de
2377 507 2585 575 Paenil.,
2630 526 2747 579 cap.
2780 508 2859 583 9).
2894 529 2912 560 ι
2944 507 3048 583 Sed
3076 508 3184 579 jam
3217 524 3419 564 conce-

1823 599 1967 656 ditur
1998 602 2100 656 hoc
2130 601 2198 657 de
2226 602 2467 672 pluribus
2496 580 2808 657 christianis
2847 600 3281 679 intelligendum.
3308 601 3421 658 Nec

1822 695 2002 750 minus
2027 704 2233 751 certum
2265 696 2718 779 manifestumque
2743 678 2853 761 est,
2876 695 3019 779 quod
3050 696 3323 781 Arnobius
3348 695 3417 752 de

1823 788 2073 871 omnibus
2099 792 2395 869 generatim
2441 788 2577 865 dixit
2628 786 2939 873 christianis
2969 787 3219 871 (Arnob,
3255 790 3344 845 lib.
3377 803 3417 852 ι,

1824 901 1946 959 pag.
1979 882 2093 955 15),
2137 884 2226 954 qui
2259 884 2311 939 in
2341 883 2633 973 synaxibos
2658 883 2770 961 suis
2796 882 2965 963 Deum
3008 884 3262 969 prostrati
3287 899 3415 954 pre-

1824 977 2103 1043 cabantur,
2134 992 2196 1032 ac
2220 977 2440 1044 collatis,
2477 988 2534 1032 ut
2562 975 2654 1032 ille
2695 975 2786 1040 ait,
2841 974 3073 1049 precibus
3100 975 3417 1031 adorabant.

1823 1067 2013 1123 Nonne
2055 1068 2197 1139 enim
2250 1068 2334 1153 hic
2384 1067 2594 1151 collata:
2644 1082 2849 1149 praeces
2899 1076 3052 1153 sunt,
3109 1066 3176 1121 de
3210 1054 3422 1136 quibus

1822 1162 1950 1216 alibi
2001 1146 2432 1221 Tertullianus':
2497 1146 2517 1213 ἐ
2574 1146 2801 1237 Corpus,
2868 1146 2905 1213 ι’
2947 1146 3117 1231 inquit
3169 1158 3424 1233 (Tertul—

1825 1251 1976 1318 lian.,
2024 1250 2266 1323 Apolog.,
2320 1268 2435 1324 cap.
2479 1252 2571 1317 39,
2610 1242 2730 1325 pag.
2780 1250 2893 1321 54),
2931 1269 2952 1303 ‹
2988 1266 3173 1307 sumus
3198 1251 3267 1307 de
3291 1268 3422 1307 con-

1823 1344 2050 1423 scientia
2082 1344 2377 1414 religionis,
2410 1351 2465 1399 et
2491 1340 2794 1415 disciplina:
2818 1343 3047 1408 unitate,
3079 1353 3134 1398 et
3156 1332 3286 1415 'iidei
3318 1344 3420 1402 fda-

1824 1436 1975 1493 dere.
2006 1436 2225 1494 Coimus
2254 1437 2321 1491 ad
2369 1437 2560 1505 Deum,
2611 1438 2763 1509 quasi
2794 1453 2953 1493 manu
2980 1437 3121 1493 facta
3153 1441 3420 1510 precatio-

1825 1529 1983 1584 nibus
2008 1529 2328 1585 ambiamus.
2361 1529 2487 1585 llmc
2515 1531 2598 1585 vis
2644 1531 2755 1586 Deo
2784 1514 3090 1603 gratafest?
3118 1551 3136 1583 ι
3172 1532 3244 1589 At
3272 1542 3420 1591 certe

1825 1623 1928 1679 hoc
1957 1625 2286 1696 precantium
2318 1624 2531 1696 agmine
2577 1633 2784 1696 gratam
2816 1626 2926 1681 Deo
2968 1627 3076 1701 vim
3129 1614 3415 1696 faciebant,

1826 1706 1887 1770 ut
1905 1716 1972 1770 ab
1999 1716 2108 1783 illo,
2133 1715 2305 1788 inquit
2325 1716 2501 1771 adhuc
2526 1715 2798 1771 Arnobius
2827 1700 3039 1790 (Ibid.),
3063 1706 3416 1791 impetrarent

104 1828 325 1884 quoque
354 1811 478 1867 alibi
506 1790 839 1889 reddidimus
866 1826 961 1867 cur
989 1810 1259 1893 Arnobius
1280 1790 1443 1867 fateri
1471 1808 1717 1895 videatur
1746 1808 1795 1870 B
1820 1811 2124 1865 innocentia:
2156 1811 2468 1865 voluntatem
2498 1821 2546 1865 et
2578 1809 2641 1865 ab
2671 1798 2810 1865 omai
2833 1809 2945 1866 labe
2978 1796 3278 1867 delictorum
3307 1831 3417 1869 om-

106 1905 286 1960 nullas
316 1903 486 1960 fuisse
515 1903 823 1959 cbristianis
860 1900 1138 1969 ecclesias,
1167 1902 1282 1959 sive
1309 1902 1474 1973 nulla,
1520 1916 1715 1975 quem-
1756 1900 1765 1915 ‘

105 2002 401 2071 admodum
434 1999 656 2077 ethnici,
715 1998 935 2070 templa,
990 1999 1206 2077 tametsi
1248 1997 1599 2052 conventicula
1646 1996 1715 2051 ab

106 2094 206 2149 illis
235 2074 511 2167 extructa”
531 2074 696 2167 fuisse
727 2090 1071 2167 apertissime
1100 2074 1360 2153 declaret.
1390 2089 1523 2146 Cum
1554 2103 1716 2144 nemo

106 2198 283 2241 autem
332 2201 480 2261 sanae
512 2162 714 2259 mentis
738 2184 898 2261 homo
932 2166 1295 2261 'id'denegare
1323 2191 1503 2253 queat,
1536 2181 1715 2238 nullus

107 2279 269 2334 etiam
329 2258 561 2365 iuliciari
610 2258 788 2363 potest
839 2277 892 2353 in
952 2258 1038 2365 bis
1093 2260 1520 2363 conventiculis,
1576 2289 1714 2346 quo-

106 2387 339 2455 cumque
406 2372 624 2459 nomine
676 2368 1048 2459 appellentur,
1101 2378 1251 2426 actas
1293 2368 1715 2424 christianorum

108 2480 367 2538 synaxes.

177 2558 234 2614 in
290 2558 358 2612 iis
407 2571 538 2637 vero
585 2555 712 2635 quid
752 2564 994 2641 agerent,
1046 2555 1091 2639 si
1138 2555 1277 2611 scire
1304 2553 1601 2620 desideres,
1633 2552 1718 2608 his

108 2653 293 2724 accipe
320 2651 456 2722 ipsis
483 2649 724 2722 ejusdem
756 2647 978 2705 Arnobii
1012 2646 1189 2703 verbis
1217 2665 1230 2702 :
1264 2666 1284 2699 ς
1308 2642 1563 2703 Summus
1590 2660 1717 2700 ora-

114 2759 194 2804 tur
223 2748 396 2809 Deus,
431 2761 534 2831 pax
563 2744 771 2829 cunctis
797 2753 851 2799 et
874 2744 1028 2831 venia
1059 2730 1363 2813 postulatur
1396 2740 1720 2810 magistrati-

111 2840 229 2906 bus,
262 2818 619 2905 exercitibus,
650 2822 887 2909 regibus,
910 2818 1303 2900 'iamiliaribiis,
1339 2824 1572 2888 inimicis
1599 2834 1720 2904 (Ar-

112 2935 251 3003 nob.,
285 2934 381 2989 tib.
414 2948 491 3000 ιν,
528 2914 659 3013 pag!
684 2916 836 3003 1542).
861 2916 1082 2987 Accedit
1105 2927 1462 3013 adstipulator
1484 2924 1720 2999 Cyrillus

115 3009 667 3111 iiierosolymitanos,
700 3026 788 3109 qui
816 3012 976 3113 paulo
1002 3022 1172 3079 fusius
1201 3009 1338 3078 dixit
1363 3010 1565 3123 (Opi-iu.
1595 3018 1721 3073 Hie-

114 3102 347 3197 ronym.,
379 3122 577 3199 catech.
697 3104 948 3199 Mysia},
980 3134 1099 3188 pag.
1127 3115 1252 3188 559)
1287 3100 1720 3190 ειΙαρακαλοῦμεν

116 3140 347 3197 ronym.,
379 3134 577 3195 catecn.
610 3134 669 3199 ρ,
697 3134 903 3266 att/stag

109 3218 189 3272 τὸν
226 3217 337 3272 θεὸν
364 3202 499 3291 ὑπέρ
525 3221 692 3282 κοινῆς
717 3219 818 3268 τῶν
845 3210 855 3225 ’
896 3234 903 3265 1

110 3318 197 3367 τοῦ
227 3296 783 3383 κὸσμουέεύσταθείας,
815 3296 947 3380 ὑπὲρ
968 3296 1250 3378 pactum,
1288 3300 1420 3376 ὑπὲρ
1465 3320 1719 3376 στρατιω-

110 3415 228 3473 τῶν,
257 3406 353 3459 καὶ
376 3402 697 3477 συμμάχων,
729 3398 861 3474 ὑπὲρ
887 3403 986 3453 τῶν
1020 3398 1070 3451 ἐν
1111 3394 1410 3479 ἀσθενείαις,
1450 3393 1583 3469 ὑπὲρ
1616 3400 1715 3446 τῶν

113 3484 571 3575 κειται-ξρνουμένὼν
590 3536 605 3561 ,
642 3496 728 3549 καὶ
754 3490 1088 3559 ἁπαξαπλῶς,
1111 3491 1244 3566 ὑπὲρ
1265 3490 1465 3545 πάντων
1485 3488 1719 3560 βοηθείας

112 3572 431 3665 δεομένώνξι
453 3574 812 3643 Obsecramus
837 3582 1006 3638 Deum
1030 3598 1127 3652 pro
1153 3578 1428 3637 communi
1451 3579 1719 3635 Ecclesia-

112 3702 231 3742 rum
260 3698 423 3756 pace,
446 3696 547 3752 pro
571 3676 961 3748 tranquillitate
988 3674 1200 3757 mundi,
1224 3688 1324 3746 pro
1343 3673 1585 3744 regibus,
1619 3686 1718 3742 pro

113 3776 408 3842 militibus,
436 3762 537 3846 pro
566 3772 750 3838 sociis,
786 3785 883 3841 pro
913 3770 1150 3840 :cgrotis,
1189 3782 1286 3839 pro
1312 3766 1549 3833 afﬂictis,
1578 3772 1634 3822 et
1662 3766 1716 3820 in

112 3886 328 3929 summa
356 3884 455 3941 pro
481 3868 550 3922 iis
587 3852 859 3932 omnibus,
909 3862 1003 3934 qui
1044 3870 1204 3934 egent
1244 3861 1467 3916 auxilio.
1499 3877 1521 3913 ι
1556 3858 1720 3914 Addit

112 3952 432 4022 ille'omnes
463 3954 787 4017 christianos
833 3964 946 4013 tum
976 3955 1552 4027 oraése'patriarchas,
1586 3969 1717 4025 pro-

112 4048 335 4129 phetas.
362 4034 639 4125 apostolos
662 4064 715 4107 et
746 4036 1036 4123 martyres,
1061 4042 1129 4104 ut'
1147 4047 1213 4104 iis
1238 4047 1713 4113 intercedentibus,

114 4128 264 4209 heus
292 4134 510 4205 illorum
540 4148 823 4204 exaudiret
852 4128 1065 4216 preces,
1097 4152 1153 4200 et
1181 4143 1506 4199 concederet
1531 4151 1719 4211 postu-

116 4240 247 4301 lata.
288 4240 400 4298 Sed
444 4242 512 4317 de
536 4224 626 4295 bis
654 4241 807 4310 plura
857 4248 983 4293 ante
1028 4228 1317 4307 utrumque
1354 4234 1720 4292 Tertullianus

117 4328 173 4393 ut
224 4350 328 4392 suo
376 4328 501 4392 loco
542 4331 845 4389 videbimus
896 4329 1278 4401 (Tertullian.,
1307 4320 1549 4402 Apolog.,
1598 4345 1714 4399 cap.

118 4435 234 4503 to).
392 4428 397 4433 ‘
542 4422 549 4433 ‘
760 4430 761 4437 ‘
1260 4430 1265 4435 ‘

184 4523 336 4597 Quid
385 4532 606 4599 autem,
655 4534 830 4593 quove
858 4520 964 4575 ritu
1010 4529 1064 4576 et
1112 4533 1263 4574 more
1315 4517 1388 4573 ibi
1441 4514 1720 4573 christiani

1818 1908 1963 1961 nium
1992 1906 2385 1979 purgationem.

1889 1998 2005 2054 Non
2036 1998 2229 2051 mirum
2256 2011 2384 2068 ergo
2405 1996 2449 2050 si
2473 1996 2564 2052 ille
2583 1997 2760 2068 palam
2788 2006 3066 2055 asseveret
3087 1999 3224 2055 nihil
3260 2000 3420 2071 plane

1818 2093 1872 2148 in
1911 2091 2208 2169 synaxibus
2242 2090 2508 2155 auditum,
2536 2108 2555 2141 ι
2584 2074 2690 2145 nisi
2733 2091 2877 2161 quod
2918 2091 3188 2147 humanos
3230 2092 3415 2159 faciat,

1820 2186 1921 2241 nisi
1954 2170 2308 2257 quod-mites,
2349 2184 2706 2250 verecundos,
2738 2172 2984 2254 pudicos,
3016 2182 3222 2250 castos,
3258 2176 3420 2241 fami-

1818 2276 1970 2334 liaris
1996 2277 2489 2334 communicatores
2514 2278 2613 2342 rei,
2634 2285 2688 2333 et
2708 2293 2830 2333 cum
2854 2278 3106 2334 omnibus
3125 2278 3419 2334 consolidze

1819 2369 2191 2442 germanitatis
2216 2368 2617 2451 necessitudine
2638 2369 2940 2439 capillatos.
2970 2389 2989 2421 ι
3018 2366 3210 2451 (idem,
3229 2372 3316 2426 tib.
3342 2387 3417 2439 ιν,

1821 2481 1943 2536 pag.
1977 2456 2128 2535 152.)
2164 2446 2503 2545 Quapropter
2545 2446 2877 2534 Augustinus
2916 2446 3133 2537 brevius
3174 2456 3418 2535 quidem,

1819 2557 1916 2613 sed
1958 2572 2064 2612 non
2110 2557 2290 2643 minus
2328 2556 2633 2612 luculenter
2671 2556 2842 2613 dixit:
2871 2576 2890 2609 ι
2918 2554 3110 2643 Populi
3140 2558 3421 2612 conﬂuunt
3464 2598 3467 2603 .

1821 2650 1888 2704 ad
1943 2649 2217 2705 Ecclesias
2262 2636 2417 2705 casta
2467 2648 2807 2718 celebritate,
2862 2636 3088 2705 honesta
3137 2650 3423 2721 utriusque

1821 2730 1984 2799 sexus
2023 2742 2374 2808 discretione,
2421 2739 2510 2796 ubi
2555 2741 2778 2797 audiant
2819 2757 2980 2810 quam
3031 2741 3171 2798 bene
3217 2731 3305 2797 bi‘c
3349 2740 3419 2797 ad

1821 2820 2036 2905 tempus
2075 2836 2259 2890 vivere
2297 2832 2553 2897 debeant,
2601 2843 2659 2889 ut
2703 2844 2825 2925 post
2870 2834 3010 2890 hanc
3050 2836 3215 2890 vitam
3259 2835 3420 2891 beate

1821 2941 2142 2998 semperque
2188 2924 2373 2982 vivere
2423 2935 2752 2981 mereantur.
2784 2945 2805 2981 ι
2832 2924 3099 3000 (August.,
3143 2928 3233 2982 lib.
3266 2944 3326 2995 ll,
3356 2928 3420 2982 de

1820 3020 1981 3086 civit.,
2010 3035 2126 3089 cap.
2158 3017 2252 3084 28,
2284 3035 2406 3090 pag.
2428 3017 2545 3091 57.)
2572 3016 2680 3073 Sed
2706 3018 2776 3074 de
2802 3018 2911 3085 bis,
2938 3035 3058 3089 qua:
3085 3021 3140 3074 in
3168 3021 3422 3078 christia-

1821 3127 2013 3167 norum
2055 3102 2349 3182 synaiibus
2397 3102 2714 3180 agebantur,
2767 3108 2896 3167 alibi
2938 3110 3321 3181 disseruimus,
3366 3122 3422 3170 et

896 3204 1143 3270 κκλησέιῶν
1174 3202 1373 3285 εἰρήνηξ·
1399 3249 1415 3275 ,
1446 3207 1578 3284 ὑπὲρ
1625 3215 1718 3269 τῆς

1824 3205 1941 3262 b:ec
1980 3196 2160 3262 omnia
2193 3192 2259 3261 ab
2291 3206 2529 3260 Arnohio
2558 3213 2881 3271 memorata,
2921 3206 3125 3262 clarius
3154 3208 3334 3263 adhuc
3364 3211 3419 3264 in

1821 3309 2005 3356 nostra
2031 3301 2097 3355 de
2117 3298 2440 3355 Tertulliani
2466 3298 2820 3369 Apologetico
2843 3296 3226 3357 dissertatione
3247 3301 3416 3372 expli.

1820 3395 2089 3450 cabuntur
2138 3393 2288 3466 (tom.
2320 3409 2357 3449 ι.
2403 3393 2659 3466 Apparat.‘
2688 3410 2809 3466 pag.
2841 3393 2915 3450 23
2943 3403 2992 3450 et
3026 3395 3126 3451 4H
3145 3412 3166 3462 ;
3198 3395 3414 3452 Diascrt.

1819 3491 1874 3545 in
1899 3487 2208 3544 Tertullian.
2236 3504 2351 3559 cap.
2388 3487 2478 3553 15,
2506 3496 2607 3540 art.
2638 3486 2675 3540 2
2705 3495 2753 3541 et
2779 3485 2969 3559 seqq).

2418 3615 2708 3655 ARTICULUS
2749 3615 2826 3687 lii.

2069 3736 2147 3790 De
2171 3737 2545 3793 christianorum
2567 3737 2801 3799 precibus
2823 3748 2912 3801 pro
2933 3738 3159 3805 mortuis.

1891 3862 2187 3935 Christiani
2231 3864 2403 3921 sacris
2440 3864 2554 3920 suis
2588 3863 2641 3919 in
2674 3866 2969 3941 synaxibus
3001 3866 3172 3923 Deum
3206 3868 3419 3938 publice

1821 3973 1927 4012 non
1971 3957 2147 4032 solum
2188 3971 2287 4027 pro
2326 3955 2465 4032 vivis
2493 3955 2809 4014 hominibus
2833 3959 3084 4026 orabant,
3115 3959 3213 4016 sed
3252 3962 3416 4017 etiam

1820 4040 1921 4131 pro
1950 4048 2198 4105 mortuis.‘
2228 4046 2289 4105 In
2328 4028 2397 4105 iis
2429 4050 2697 4121 siquidem
2726 4071 2749 4131 ε
2778 4066 3043 4131 summus,
3074 4073 3095 4107 ι
3125 4055 3199 4110 ait
3238 4054 3416 4112 Aruo-

1819 4130 1942 4201 bius
1969 4143 2207 4217 (Arnob.,
2233 4143 2321 4198 lib.
2352 4161 2426 4211 ιν,
2456 4162 2578 4221 pag.
2608 4130 2759 4220 152),
2789 4165 2809 4199 ‹
2837 4130 3208 4213 οιιὲιιιιίδοειιε,
3235 4164 3338 4220 pax
3361 4160 3417 4205 et

1821 4237 1982 4293 venia
2012 4236 2463 4308 postulatur....;.'
2484 4236 2663 4294 adhuc
2686 4240 2850 4295 vitam
2879 4240 3220 4312 degentibus,
3250 4249 3307 4298 et
3330 4257 3418 4298 re-

1820 4331 2011 4390 solutis
2036 4347 2326 4403 corporum
2355 4332 2650 4390 vinctione.
2682 4355 2702 4388 ›
2729 4333 2862 4389 Tam
2908 4330 3191 4407 perspicua
3232 4346 3415 4393 autem

1820 4440 2187 4497 expressaque
2215 4436 2343 4482 sunt
2372 4426 2489 4482 bare
2526 4427 2712 4493 verba,
2755 4436 2814 4481 ut
2852 4425 3168 4483 beterodoxi
3196 4427 3415 4498 quidam

1822 4536 2013 4577 eorum
2054 4520 2406 4592 splendorem
2447 4516 2790 4575 dissimulare
2826 4535 2933 4574 non
2977 4521 3268 4590 potuerint.
3305 4521 3413 4576 Ve-

120 4616 292 4675 Déum
344 4624 714 4687 precarentur,
755 4613 835 4669 s'ic
889 4612 1160 4667 Arnobius
1200 4610 1434 4681 explicat
1476 4627 1490 4665 :
1535 4629 1555 4661 ι
1585 4607 1721 4666 Huic
1746 4598 1799 4659 D
1823 4628 1944 4668 rum
1986 4628 2094 4684 quo
2133 4614 2304 4684 magis
2341 4613 2488 4667 clara
2527 4618 2672 4677 sunt,
2718 4625 2784 4666 eo
2819 4612 2991 4681 magis
3029 4620 3201 4665 atram
3247 4604 3413 4668 bilem

121 4727 314 4768 omnes
336 4704 404 4766 ex
438 4726 590 4765 more
619 4706 1030 4789 prosternimus,
1064 4706 1208 4761 hunc
1233 4705 1444 4761 collatis
1470 4704 1722 4776 precibus
1750 4694 1759 4699 ’

122 4807 453 4861 adoramus:
482 4805 549 4859 ab
593 4802 701 4858 hoc
736 4800 902 4871 justa,
946 4807 1002 4855 et
1047 4798 1233 4853 auditu
1285 4800 1407 4865 ejus
1455 4798 1720 4869 condigna

124 4894 493 4972 deposcimus.
538 4895 657 4953 Non
688 4912 796 4969 quo
827 4893 1099 4972 desideret
1137 4886 1408 4962 suppliCes
1448 4907 1548 4947 nos
1574 4904 1717 4957 esse,

123 4971 217 5047 aut
242 5000 391 5047 amet
416 4972 794 5047 substerni'tot
821 4971 1047 5044 millium
1078 4986 1480 5042 venerationem
1512 4984 1714 5041 videre.

120 5068 340 5144 'Utilitas
369 5086 487 5141 b:rc
519 5093 699 5143 nostra
728 5084 843 5152 est,
873 5086 930 5165 et
956 5080 1225 5139 commodi
1256 5081 1425 5136 nostri
1454 5081 1716 5135 rationem

125 5176 377 5250 spectans
408 5176 649 5251 (Arnob.,
682 5177 771 5233 lib.
819 5193 858 5245 ι,
904 5194 1024 5248 pag.
1056 5175 1123 5230 Η
1154 5182 1200 5230 et
1227 5171 1410 5247 θείη).
1452 5192 1472 5226 ι
1504 5173 1720 5228 Tertul-

126 5271 305 5328 lianus
339 5286 491 5337 vero,
518 5269 612 5325 ubi
658 5266 917 5324 adversus
946 5266 1232 5323 Marcionis
1260 5266 1327 5322 de
1372 5267 1581 5321 duobus
1617 5265 1720 5320 diis

130 5382 371 5423 errorem
394 5364 613 5421 dimicat
644 5382 658 5418 ε
694 5382 714 5415 ι
742 5364 799 5419 In
821 5364 1080 5428 alienum,
1111 5381 1130 5415 ι
1158 5362 1333 5433 inquit
1360 5359 1720 5433 (Tertullian.,

131 5457 215 5514 ιιι.
239 5476 277 5523 ι,
309 5459 429 5513 adu.
465 5446 659 5523 illam,
696 5444 814 5527 cap.
843 5452 962 5527 2i),
998 5473 1017 5508 ι
1046 5456 1245 5512 caelum
1277 5455 1369 5509 alii
1401 5457 1508 5508 Deo
1530 5463 1721 5510 exten-

130 5551 295 5619 ditur,
322 5553 376 5608 in
402 5551 579 5631 aliena
600 5558 744 5605 terra
767 5549 856 5605 alii
882 5549 995 5604 Deo
1021 5550 1302 5605 sternitur.
1335 5569 1353 5601 ι
1384 5544 1551 5605 Nobis
1575 5558 1723 5603 certe

133 5647 273 5706 dicet
292 5647 490 5719 aliquis
516 5646 621 5703 hoc
644 5648 889 5703 ultimum
915 5646 1135 5702 verbum
1154 5647 1416 5711 sternitur.
1447 5661 1479 5701 a
1504 5646 1727 5717 quibus-

138 5741 258 5798 dam
304 5741 385 5797 de'
422 5730 686 5811 publicam
734 5726 1107 5810 paenitentiam
1137 5738 1420 5811 agentibus
1446 5732 1723 5809 explicari,

132 5835 282 5908 juxta
308 5828 444 5891 illud
471 5820 715 5905 ejusdem
766 5831 1085 5890 Tertulliani
1130 5832 1351 5890 emtum
1382 5848 1396 5888 :
1429 5850 1451 5885 ι
1478 5831 1724 5890 Exoma-

1821 4706 1940 4762 aliis
1967 4716 2277 4773 moverunt,
2311 4705 2405 4776 qui
2434 4704 2636 4775 optime
2666 4704 2849 4760 vident
2878 4704 3004 4760 inde
3025 4704 3169 4761 haud
3199 4706 3413 4763 incerto

1821 4803 1999 4875 colligi
2032 4800 2248 4873 aliquod
2284 4815 2405 4857 esse
2433 4801 2806 4871 purgatorium,
2838 4799 2953 4856 sive
2984 4799 3244 4873 aliquem,
3273 4818 3411 4874 quo-

1820 4890 1953 4953 libet
1978 4895 2197 4950 nomine
2228 4900 2474 4959 vocetur,
2501 4888 2704 4959 locum,
2736 4892 2827 4947 ubi
2860 4888 3206 4949 morientium
3229 4893 3408 4965 justo-

1820 4999 1940 5039 rum
1966 4986 2181 5049 animm,
2205 4984 2526 5056 quihuSdam
2558 4984 2823 5041 leviorum
2853 4996 3195 5057 peccatorum
3224 5002 3411 5044 macu-

1819 5078 1887 5135 lis
1935 5080 2298 5150 coinquinatze
2347 5087 2663 5152 purgantur.
2713 5063 3072 5149 Quantumvis
3123 5087 3305 5137 tamen
3356 5079 3414 5135 hi

1821 5173 2076 5233 dentibus
2115 5172 2423 5240 frendeant,
2457 5187 2758 5246 omnesque
2785 5172 3080 5229 adhibeant
3110 5172 3410 5236 machinas,

1818 5270 2095 5338 nunquam
2137 5281 2269 5323 sane
2313 5266 2535 5323 Arnobii
2564 5267 2940 5323 auctoritatem
2968 5265 3275 5323 elevabunt.
3307 5264 3416 5321 Cur

1820 5361 1986 5425 enim,
2021 5360 2214 5416 amabo
2253 5367 2327 5426 te,
2361 5361 2550 5415 harum
2595 5375 2842 5430 precum.
2881 5373 3017 5430 quas
3046 5358 3159 5423 ille,
3190 5357 3415 5412 minime

1822 5454 2105 5509 diminutis
2125 5454 2428 5525 argumenti
2452 5454 2533 5508 sui
2558 5453 2785 5519 viribus,
2814 5451 3233 5522 praetermittere
3261 5461 3417 5521 pote-

1823 5550 1927 5616 rat,
1950 5549 2279 5605 mentionem
2308 5548 2471 5605 facit?
2496 5536 2608 5604 cur
2632 5562 2724 5601 eas
2764 5545 2995 5602 ethnicis
3026 5554 3132 5599 tam
3161 5544 3420 5601 audacter

1823 5644 2082 5714 objectat,
2114 5644 2218 5700 nisi
2249 5644 2375 5715 quia
2415 5648 2566 5700 certo
2592 5640 2794 5696 certius
2831 5648 3075 5699 noverat.
3110 5640 3414 5711 antiquum,

1825 5750 2190 5800 communem.
2229 5736 2477 5808 ac'pium
2516 5735 2685 5790 fuisse
2720 5733 3137 5789 christianorum
3171 5748 3418 5802 morem;

1827 5822 2133 5904 quO'Beum
2155 5846 2257 5903 pro
2276 5820 2505 5887 mortuis
2523 5825 2834 5883 hominibus
2851 5839 3010 5885 orare
3028 5825 3314 5885 solebant?
