4030 6304
614 333 722 390 195

1862 323 2315 386 DISSERTATIO
2354 325 2635 386 PRIEVIA

2614 208 2626 247 l

3819 324 3923 380 4915

688 449 758 504 Ει
789 461 914 503 vero
947 445 1051 501 ltoc
1079 443 1497 500 christianorum
1527 443 1769 498 Arnobio
1815 445 2195 515 coaequalium,

2311 465 2387 505 τες
2428 446 2573 515 ἡμεῖς
2602 442 2734 520 ὑπὲρ
2764 434 3008 507 ’πάντωῃ
3039 440 3216 502 ἁπλῶς
3250 449 3348 496 τῶν
3377 441 3428 496 ἐν
3479 442 3604 512 ἡμῖν
3635 460 3925 518 προκεκρι-

615 554 779 614 atque
809 540 1166 610 antiquiorum
1208 538 1510 594 institutum
1551 553 1867 609 moremque
1902 538 2068 594 fuisse
2095 553 2200 594 non

613 635 785 690 solum
816 632 1110 702 scriptores
1139 630 1379 686 Arnobio
1429 639 1588 686 aetate
1617 646 1793 701 pares,
1824 646 2008 686 verum
2037 631 2201 687 etiam

611 725 922 795 superiores
966 723 1057 778 alii
1110 723 1351 794 plurimi,
1406 721 1552 794 iique
1597 724 1745 778 omni
1793 723 1898 779 fide
1944 723 2200 794 majores,

609 817 950 888 apertissime
1003 817 1379 873 teSIificantur.
1424 815 1557 871 Nam
1601 815 1968 871 Tertullianus
2017 825 2204 872 contra

606 910 850 982 bigamos
893 908 1012 965 haec
1049 909 1240 966 scribit
1277 910 1331 966 in
1372 909 1538 966 verba
1578 927 1592 962 :
1627 927 1646 961 t
1693 909 1876 980 Neque
1921 910 2205 980 pristinam

609 1021 832 1061 uxorem
862 1005 1064 1074 poteris
1117 1006 1322 1073 odisse,
1363 1005 1450 1062 cui
1485 1005 1648 1062 etiam
1681 1005 2075 1077 religiosiorem
2121 1021 2207 1061 re-

606 1112 793 1153 servas
820 1099 1184 1168 afl'ectionem,
1218 1111 1278 1156 ut
1307 1100 1419 1170 jam
1457 1108 1691 1170 receptae
1719 1099 1860 1169 apud
1896 1099 2204 1165 Dominum,

602 1207 706 1262 pro
727 1191 879 1263 cujus
903 1193 1100 1262 spiritu
1130 1193 1390 1262 postulas,
1416 1208 1515 1264 pro
1541 1208 1644 1262 qua
1671 1191 1974 1248 oblationes
1999 1206 2206 1247 annuas

606 1283 816 1339 reddis.
847 1302 868 1335 ι
897 1282 1258 1353 (Tertullian.,
1291 1283 1383 1338 lib.
1419 1284 1480 1338 de
1520 1281 1746 1338 Exhort.
1775 1285 1968 1348 castit.,
1995 1291 2113 1351 cap.
2144 1298 2204 1348 tt,

602 1395 728 1450 pag.
760 1376 916 1451 671.)
957 1378 1165 1434 Rursus
1207 1387 1387 1434 autem
1423 1378 1670 1449 sequenti
1714 1376 1894 1432 libro:
1928 1395 1948 1427 ‹
1982 1375 2146 1443 Uxor,
2179 1395 2199 1428 ι

603 1473 978 1544 inquit,¢pro
1028 1473 1207 1527 anima
1262 1472 1364 1526 viri
1418 1472 1502 1526 sui
1560 1479 1699 1534 orat,
1756 1480 1811 1527 et
1864 1469 2203 1540 refrigerium

602 1562 822 1620 interim
854 1565 1165 1636 adpostulat
1187 1565 1260 1631 ei,
1293 1573 1350 1620 et
1376 1564 1428 1618 in
1460 1565 1631 1634 prima
1657 1563 2056 1619 resurrectione
2075 1578 2205 1618 con-

602 1661 857 1724 sortium,
887 1667 942 1715 et
975 1659 1134 1715 offert
1173 1659 1370 1713 annuis
1400 1657 1589 1713 diebus
1628 1657 1972 1712 dormitionis
2008 1655 2146 1726 ejus.
2179 1675 2198 1708 ι

602 1753 800 1825 (Idem,
831 1753 921 1808 lib.
952 1753 1015 1808 de
1046 1753 1285 1824 Monog.,
1320 1769 1437 1823 cap.
1471 1753 1562 1818 10,
1596 1768 1716 1823 pag.
1748 1749 1902 1821 682.)

674 1847 786 1902 Nec
812 1854 898 1902 est
922 1861 1056 1902 sane
1085 1845 1229 1918 quod
1262 1845 1419 1900 nobis
1445 1843 1815 1900 heterodoxus
1843 1843 2041 1913 aliquis
2061 1843 2202 1941 obji:
2236 1881 2283 1941 Β

601 1942 710 1998 ciat
757 1939 1176 2008 Tertullianum,
1217 1956 1340 1995 cum
1384 1938 1483 1993 hos
1527 1937 1696 1992 libros
1741 1936 2084 2003 conficiebat,
2134 1934 2204 1992 ad

599 2035 986 2091 haereticorum
1009 2033 1121 2104 jam
1151 2045 1334 2104 partes
1355 2031 1642 2097 defecisse,
1672 2040 1834 2100 atque
1855 2047 1922 2086 ex
1951 2031 2203 2087 Montano

603 2128 746 2184 hanc
771 2127 1039 2182 delibasse
1069 2125 1395 2181 doctrinam.
1420 2124 1718 2180 Enimvero
1747 2133 2035 2195 antequam
2065 2123 2204 2179 hanc

597 2221 654 2278 ἰιι
703 2220 954 2277 ltmresim
998 2220 1282 2291 prolapsus
1329 2229 1497 2284 esset,
1546 2232 1732 2273 sacros
1781 2217 2202 2274 christianorum

600 2319 740 2374 ritus
777 2317 1020 2373 breviter
1057 2313 1416 2380 recensendo,
1446 2311 1635 2368 eadem
1666 2326 1889 2383 prorsus
1917 2312 2204 2369 tradidisse

602 2410 803 2481 legitur
829 2426 842 2462 :
874 2426 893 2460 ι
921 2406 1255 2470 Oblationes,
1289 2425 1307 2458 ι
1339 2405 1514 2476 inquit
1549 2404 1742 2476 (Idem,
1774 2405 1892 2470 lib.,
1921 2405 1984 2459 de
2010 2403 2200 2460 Coron.

605 2506 783 2569 milit.,
813 2519 931 2574 cap.
965 2501 1046 2573 3),
1077 2520 1098 2554 ‹
1125 2515 1223 2572 pro
1252 2498 1542 2566 defunctis,
1585 2514 1682 2569 pro
1721 2497 1982 2553 natalitiis
2025 2513 2202 2554 annua

604 2599 694 2655 die
735 2597 985 2652 facimus.
1017 2615 1035 2647 ι
1066 2595 1298 2650 Tantum
1329 2594 1491 2665 igitur
1528 2591 1703 2656 abest,
1738 2601 1799 2646 ut
1838 2591 2202 2647 heterodoxo-

596 2710 723 2752 rum
753 2691 1110 2763 responsione
1139 2688 1400 2744 infirmari
1435 2687 1607 2758 possit
1635 2686 1780 2741 illius
1810 2685 1878 2741 de
1909 2686 1992 2740 ftis
2021 2685 2201 2756 preci-

599 2791 706 2847 bus
744 2786 1147 2852 testimouium;
1179 2785 1305 2856 quin
1349 2782 1529 2854 potius
1569 2781 1694 2837 inde
1735 2781 1949 2852 plenius
1979 2781 2204 2835 demon-

603 2893 808 2940 stretur
835 2882 940 2938 hoc
967 2881 1134 2937 fuisse
1157 2889 1264 2934 tam
1287 2877 1692 2943 haereticorum,
1720 2892 1880 2948 quam
1909 2875 2205 2932 catholico-

602 2995 728 3035 rum
753 2985 1032 3040 constans,
1061 2983 1378 3044 certumque
1405 2971 1810 3028 documentum.

678 3070 1101 3142 Antiquissimus
1120 3083 1252 3124 vero
1275 3065 1739 3122 Constitutionnm
1768 3063 2201 3136 Apostolicarum

605 3175 793 3222 auctor
830 3163 1158 3221 christianos
1197 3161 1264 3216 ad
1309 3161 1478 3217 Deum
1525 3175 1622 3232 pro
1667 3160 1899 3215 mortuis
1945 3158 2204 3213 fratribus

603 3261 716 3316 suis
735 3257 1001 3315 orandum
1026 3257 1106 3314 sic
1127 3255 1444 3311 hortabatur
1468 3273 1482 3309 :
1512 3272 1531 3305 ι
1563 3254 1670 3309 Pro
1694 3252 1952 3308 fratribus
1976 3252 2198 3321 nostris,
2229 3277 2274 3340 ε

602 3355 694 3426 qui
744 3355 798 3409 in
847 3353 1069 3408 Christo
1116 3350 1500 3421 requieverunt
1538 3363 1778 3412 oremus,
1822 3355 1880 3401 ut
1921 3346 2201 3401 hominum

605 3463 796 3504 amans
821 3447 985 3512 Deus,
1009 3444 1100 3516 qui
1128 3444 1364 3499 animam
1393 3441 1633 3497 defuncti
1659 3439 1913 3510 suscepit,
1941 3440 1988 3494 ei
2018 3441 2204 3496 remit-

607 3548 688 3596 tat
709 3555 872 3596 omne
893 3548 1173 3610 peccatum
1197 3535 1558 3590 voluntarium
1587 3548 1650 3589 ac
1672 3549 1777 3588 non
1801 3532 2200 3611 voluntarium;

603 3643 664 3692 et
703 3633 968 3706 propitius
1005 3630 1356 3698 clemensque
1386 3626 1581 3692 factus,
1623 3627 1851 3683 cullocet
1881 3641 2002 3682 eum
2035 3627 2088 3682 in
2118 3641 2206 3681 re-

603 3729 766 3800 gione
790 3726 1026 3798 piorum,
1049 3722 1445 3794 quiescentium
1469 3721 1522 3776 in
1545 3719 1665 3776 sinu
1687 3719 2004 3786 Abrahami,
2033 3719 2205 3776 Isaaci

605 3829 664 3876 et
688 3817 872 3875 Jacobi
895 3833 1017 3872 cutn
1040 3814 1314 3881 omnibus,
1337 3814 1483 3886 quia
1507 3811 1707 3869 saeculo
1743 3813 2062 3883 placuerunt
2097 3811 2205 3869 Deo

605 3930 676 3970 ac
719 3914 837 3983 ejus
881 3911 1217 3967 voluntatem
1267 3910 1540 3976 fecerunt,
1593 3907 1735 3964 unde
1777 3908 1985 3980 aufugit
2024 3907 2201 3974 dolor,

603 4006 822 4063 tristitia
870 4013 926 4060 et
978 4003 1230 4075 gemitus.
1278 4021 1299 4055 ›
1347 4002 1586 4074 (Constit.
1636 4002 1894 4072 Apostol.,
1943 4001 2062 4069 lib,
2090 4017 2204 4067 vnt,

607 4115 729 4169 cap.
759 4099 830 4154 40
865 4108 912 4152 et
951 4095 1045 4163 11,
1083 4113 1205 4169 pag.
1253 4097 1355 4153 769
1392 4106 1441 4150 et
1479 4094 1642 4169 seqq.)
1687 4095 1893 4152 Deinde
1932 4111 2062 4152 vero
2091 4095 2209 4151 vult

609 4193 755 4248 diem
790 4191 860 4246 ab
900 4206 1089 4248 eorum
1127 4200 1303 4246 morte
1347 4189 1588 4256 tertium,
1631 4206 1856 4258 nonum,
1901 4191 2205 4262 quadrage-

609 4286 840 4352 simum,
898 4295 954 4342 et
996 4284 1429 4342 anniversarium
1487 4285 1622 4341 fusis
1676 4285 1925 4342 similiter
1953 4287 2207 4358 precibus

610 4380 899 4436 celebrari.

684 4475 957 4533 Praeterea
999 4473 1300 4549 Cyprianus
1339 4475 1406 4532 ad
1452 4475 1778 4531 Furnitanos
1821 4474 1939 4531 haec
1977 4475 2203 4532 scribit:

575 4587 578 4590 ί
618 4587 641 4624 ι
668 4569 824 4637 Quod
855 4569 1096 4641 episcopi
1125 4580 1499 4626 antecessores
1542 4567 1716 4623 nostri
1757 4577 2105 4636 censuerunt,
2138 4583 2209 4623 ne

2305 536 2559 608 μημένων,
2592 537 2838 608 μεγίστην
2867 530 3036 593 ὄνησιν
3066 535 3394 596 πιστεύοντες
3427 533 3641 589 ἔσεσθαι
3671 542 3798 594 ταῖς
3823 533 3928 605 ψυ-

2304 635 2451 698 χαῖς,
2481 628 2614 698 ὑπὲρ
2645 623 2712 680 ὧν
2741 624 2913 689 δέησις
2957 629 3259 702 ἀναφέρεται
3287 636 3378 687 τῆς
3403 626 3576 701 ἁγίας,
3608 630 3702 684 καὶ
3729 649 3928 703 φρικω-

2305 715 2559 778 δεστάτης
2611 719 2944 795 προκειμένης
2991 720 3194 779 θυσίας.
3259 716 3519 788 Rogamus
3584 735 3772 772 omnes
3834 737 3927 788 pro

2306 811 2563 875 omnibus,
2594 812 2682 880 qui
2707 810 2839 864 inter
2864 826 2957 864 nos
2986 811 3088 863 vita
3122 811 3286 881 [uncti
3313 819 3452 877 sunt,
3476 813 3777 866 maximum
3821 830 3927 868 esse

2306 905 2566 960 credentes
2596 905 2889 959 animarum
2905 904 3172 976 juvanten,
3209 921 3301 975 pro
3327 905 3510 974 quibus
3536 904 3769 971 offertur
3801 923 3923 974 pre-

2307 1001 2440 1054 catio
2474 1000 2638 1054 sancti
2677 999 2817 1053 illius
2856 1007 2903 1052 et
2941 997 3210 1063 tremendi,
3241 997 3378 1068 quod
3416 999 3469 1051 in
3499 999 3660 1052 altari
3693 1000 3925 1067 positum

2310 1102 2406 1159 est,
2435 1091 2698 1160 sacriﬁcii.
2725 1091 2795 1146 At
2817 1092 2932 1146 lucc
2959 1090 3145 1162 Cyrilli
3172 1089 3336 1146 verba
3365 1091 3550 1145 citavit
3578 1091 3921 1161 Eustratius,

2309 1185 2924 1257 Constantinopolitanae
2967 1183 3233 1239 Ecclesiae
3278 1183 3585 1255 presbyter,
3637 1186 3697 1238 in
3753 1184 3923 1252 libro,

2309 1296 2468 1351 quem
2525 1280 2669 1336 circa
2725 1279 2963 1334 medium
3019 1278 3274 1333 saeculum
3330 1287 3543 1333 sextum
3593 1278 3664 1334 de
3722 1279 3925 1337 iisdem

2309 1374 2728 1430 christianorum
2772 1373 3026 1445 precibus
3064 1389 3161 1443 pro
3197 1372 3425 1434 mortuis
3460 1377 3805 1445 composuit,
3841 1377 3926 1432 ubi

2311 1465 2409 1522 has
2449 1467 2691 1538 aliasque
2731 1467 2933 1538 Cyrillo
2960 1467 3191 1522 asseruit
3218 1465 3556 1522 catecbeses.
3591 1467 3734 1536 Quis
3764 1483 3924 1539 ergo,

2309 1563 2505 1619 auditis
2523 1563 2674 1618 ltisce
2693 1561 2837 1617 illius
2861 1561 3062 1628 verbis,
3088 1576 3196 1616 non
3217 1561 3501 1617 mirabitur
3523 1570 3925 1631 protestantes,

2308 1658 2400 1728 qui
2441 1657 2585 1714 serio
2629 1656 2962 1728 respondent
3003 1655 3151 1710 fusas
3198 1655 3332 1710 olim
3377 1671 3408 1710 a
3460 1656 3784 1714 Christianis
3831 1659 3927 1712 has

2309 1766 2498 1820 preces
2526 1751 2576 1806 in
2606 1749 2750 1820 fidei,
2777 1751 2917 1820 spei,
2945 1758 3000 1804 et
3024 1749 3305 1805 charitatis
3332 1758 3618 1814 tesseram,
3644 1766 3760 1805 non
3795 1766 3928 1806 vero

2309 1843 2364 1900 in
2407 1842 2707 1900 subsidium
2751 1843 3080 1910 animarum,
3121 1858 3185 1899 ac
3227 1843 3364 1914 ignis
3411 1845 3718 1915 purgatorii
3765 1846 3930 1902 refri-

2310 1939 2560 2011 geriutn?

2379 2033 2561 2088 Mirari
2608 2033 2771 2090 etiam
2811 2033 2945 2090 satis
2973 2047 3080 2089 non
3111 2047 3399 2105 possumus
3426 2032 3923 2102 Elmenltorstium,

2308 2128 2401 2199 qui
2441 2127 2498 2182 in
2537 2127 2649 2184 suis
2691 2127 2758 2183 ad
2801 2128 2944 2184 hunc
2973 2129 3198 2185 Arnobii
3231 2130 3398 2185 nostri
3431 2129 3610 2185 locum
3657 2131 3927 2188 observa-

2308 2219 2544 2275 tionibus
2593 2219 2850 2277 audacter
2892 2231 3169 2278 asseverat
3210 2223 3568 2294 Augustinum
3612 2224 3669 2278 in
3714 2240 3828 2282 suo
3871 2227 3930 2279 de

2309 2313 2446 2369 Cura
2473 2315 2697 2387 gerenda
2738 2333 2833 2386 pro
2873 2319 3088 2372 mortuis
3133 2317 3274 2374 libro
3313 2318 3543 2390 ingenue
3581 2317 3751 2375 fateri
3799 2337 3929 2376 con—

2307 2417 2494 2479 ceptas
2525 2426 2622 2480 pro
2662 2411 2890 2466 mortuis
2923 2426 3114 2482 preces
3154 2411 3267 2467 sola
3304 2411 3567 2483 majorum
3608 2413 3715 2468 niti
3765 2413 3930 2469 tradi-

2308 2504 2475 2571 tione,
2510 2520 2613 2562 nee
2655 2507 2827 2563 sacris
2871 2507 3069 2562 litteris
3109 2507 3334 2563 firmari.
3381 2508 3507 2564 llaec
3548 2508 3764 2580 quippe
3807 2521 3929 2565 sunt

2306 2598 2598 2669 ipsissima,
2640 2616 2760 2672 qua:
2801 2601 2894 2656 ille
2937 2617 3044 2657 non
3085 2602 3290 2668 retulit,
3322 2617 3422 2658 nec
3464 2603 3578 2658 suis
3622 2605 3802 2670 forte,
3837 2604 3927 2660 sed

2305 2691 2500 2748 alienis
2539 2694 2713 2749 oculis
2753 2695 2977 2766 legerat,
3012 2696 3296 2766 Augustini
3327 2696 3486 2751 verba
3513 2714 3526 2752 :
3556 2714 3576 2746 ‹
3606 2695 3668 2751 In
3700 2697 3926 2752 Macha-

2305 2786 2546 2842 baeorum
2579 2787 2733 2844 libris
2779 2789 3010 2860 legimus
3048 2790 3288 2845 oblatum
3318 2807 3416 2861 pro
3441 2791 3674 2847 mortuis
3715 2795 3928 2849 sacrifi-

2306 2881 2470 2934 cium.
2501 2879 2606 2935 Sed
2635 2881 2739 2936 etsi
2766 2897 3032 2953 nusquam
3065 2883 3118 2938 in
3160 2883 3455 2954 Scripturis
3495 2886 3783 2943 veteribus
3812 2903 3922 2943 om-

2305 2975 2436 3030 nino
2490 2975 2796 3048 legeretur,-
2834 2993 2940 3032 non
2986 2993 3150 3048 parva
3192 2989 3278 3034 est
3322 2979 3588 3034 universae
3628 2980 3925 3049 Ecclesiae,

2304 3082 2424 3137 qua:
2468 3067 2521 3123 in
2569 3068 2674 3124 hac
2716 3069 3110 3126 consuetudine
3154 3071 3323 3126 claret
3363 3071 3682 3138 auctoritas,
3729 3074 3828 3129 ubi
3875 3075 3924 3130 in

2307 3161 2560 3232 precibus
2591 3163 2908 3232 sacerdotis,
2949 3180 3070 3236 quae
3105 3163 3328 3220 domino
3356 3165 3469 3222 Deo
3498 3165 3565 3220 ad
3597 3165 3720 3236 ejus
3747 3167 3925 3223 altare

2305 3255 2623 3326 funduntur,
2668 3259 2846 3315 locum
2890 3273 3046 3314 suum
3094 3261 3257 3317 habet
3298 3261 3459 3316 etiam
3509 3263 3924 3336 commendatio

2307 3363 2659 3411 mortuorum.
2675 3355 2967 3427 )(August.,
2989 3355 3076 3409 lib.
3095 3355 3158 3411 de
3168 3355 3291 3410 Cur.
3307 3372 3414 3427 ger.
3437 3372 3531 3426 pro
3544 3365 3863 3429 πίοι-τηεψ.
3884 3373 3921 3424 1,

2307 3459 2432 3504 tom.
2461 3449 2516 3515 6,
2541 3466 2663 3520 pag.
2695 3448 2851 3519 6l6.)
2875 3449 3066 3506 Nonne
3087 3449 3232 3504 enim
3262 3449 3334 3504 ibi
3363 3457 3549 3518 aperte
3573 3449 3923 3521 ingenueque

2306 3541 2504 3597 fatetur
2533 3541 2724 3597 barum
2774 3557 2994 3612 precum
3041 3543 3095 3598 in
3123 3541 3551 3598 Machabteorum
3581 3543 3760 3607 libris,
3789 3561 3924 3615 quos

2308 3651 2407 3706 pro
2438 3635 2716 3691 canonicis
2746 3635 2954 3706 habuit,
2984 3637 3315 3692 mentionem
3348 3636 3506 3691 ﬁeri?
3527 3636 3800 3704 Quamvis
3826 3655 3920 3693 au-

2309 3738 2417 3785 tem
2467 3731 2750 3801 negaveris
2797 3731 2896 3786 hos
2951 3729 3120 3786 libros
3171 3731 3363 3786 canoni
3410 3745 3582 3786 sacrae
3629 3732 3923 3803 scriptura:

2309 3825 2714 3893 adscribendos,
2746 3842 2842 3882 eos
2872 3835 3050 3882 tamen
3082 3826 3402 3897 antiquitate
3443 3841 3540 3880 sua
3573 3829 3922 3883 venerandos

2310 3936 2432 3978 esse
2477 3937 2678 3994 negare
2717 3938 2824 3978 non
2872 3930 3048 3993 potes.
3092 3921 3353 3990 Quamvis
3399 3920 3562 3976 etiam
3609 3921 3922 3992 ingenuinis

2310 4033 2484 4075 sacrae
2511 4019 2794 4090 scriptura:
2821 4018 2975 4074 libris
3005 4017 3142 4074 nihil
3169 4018 3383 4088 penitus
3412 4016 3482 4073 de
3512 4017 3712 4073 iisdem
3739 4020 3922 4089 preci-

2309 4111 2412 4167 bus
2442 4113 2734 4184 legeretur,
2764 4112 3044 4169 contendit
3082 4120 3261 4167 tamen
3305 4111 3640 4183 Augustinus
3672 4128 3790 4168 non
3825 4113 3926 4168 mi-

2309 4206 2468 4261 nimat
2501 4207 2840 4262 auctoritatis
2867 4221 2989 4264 esse
3025 4206 3225 4263 veteris
3257 4206 3518 4262 Ecclesiae
3558 4208 3925 4264 consuetudi-

2309 4314 2458 4354 nem.
2483 4299 2590 4354 Sed
2615 4299 2721 4363 dic,
2750 4314 2958 4370 quaeso,
2982 4299 3159 4368 nobis,
3187 4298 3582 4367 Elmenltorsti,
3612 4308 3804 4356 utrum
3834 4301 3927 4373 qui

2307 4390 2513 4446 diserte
2551 4390 2785 4446 affirmat
2826 4391 3028 4463 aliquid
3082 4393 3134 4447 in
3167 4391 3320 4447 libris
3356 4391 3798 4448 Macltahteorum
3833 4395 3929 4450 lia-

2308 4484 2449 4551 beri,
2479 4493 2642 4556 atque
2670 4485 2804 4540 satis
2833 4486 3052 4542 aliunde
3091 4485 3329 4556 probari,
3365 4485 3577 4542 tametsi
3622 4486 3678 4540 in
3713 4489 3926 4544 veteri-

2311 4576 2410 4634 bus
2435 4577 2731 4648 Scripturis
2764 4595 2868 4633 non
2896 4579 3189 4650 legeretur,
3218 4587 3418 4645 utrum,
3448 4578 3693 4649 inquam,
3725 4579 3778 4635 is
3809 4581 3930 4652 ipse

607 4662 731 4734 (Illis
759 4661 925 4717 frater
951 4661 1017 4716 ad
1060 4661 1282 4716 ῑυῑθιειῐῐι
1320 4660 1403 4716 νεὶ
1445 4675 1632 4716 curam
1672 4660 1928 4716 Clericum
1961 4661 2206 4716 nomina“
2231 4673 2289 4734 D
2312 4669 2518 4727 idcirco
2542 4671 2821 4742 negaverit
2859 4671 2991 4726 illud
3021 4673 3075 4726 in
3113 4671 3282 4728 sacris
3315 4671 3607 4742 Scripturis
3650 4675 3928 4744 reperiri?

611 4765 698 4811 ret
723 4772 740 4810 ε
770 4769 834 4809 ac
863 4755 911 4810 si
941 4753 1061 4826 quis
1092 4753 1198 4809 hoc
1235 4753 1473 4818 fecisset,
1517 4768 1622 4807 non
1663 4751 1950 4808 offerretur
1987 4767 2086 4823 pro
2114 4767 2204 4822 eo,

609 4865 716 4908 nec
741 4849 1065 4906 sacrificium
1104 4866 1202 4922 pro
1233 4850 1563 4906 dormitione
1604 4849 1722 4920 ejus
1759 4849 2146 4906 celebraretur.
2178 4868 2199 4901 ι

613 4943 886 5016 (Cyprian.
920 4943 1087 5015 Epist.
1116 4959 1154 5008 ι,
1179 4961 1300 5015 pag.
1327 4941 1408 5016 2.)
1439 4944 1570 5011 Qua:
1595 4943 1812 5014 quidem
1838 4959 1868 4998 ει
1894 4943 2047 4998 nobis
2075 4943 2205 4999 alibi

611 5037 775 5095 citata
805 5033 953 5105 sunt,
993 5036 1084 5091 ubi
1122 5037 1413 5104 Ambrosii,
1454 5047 1510 5093 et
1547 5037 1778 5094 aliorum
1814 5037 2074 5093 Ecclesiae
2102 5037 2204 5092 Pa-

608 5142 754 5189 trum
782 5130 1102 5188 auctoritate
1126 5132 1450 5187 sententiam
1482 5132 1550 5188 ab
1590 5132 1788 5202 ineptis
1825 5131 2205 5189 haereticorum

609 5229 1061 5296 cavillationibus,
1093 5227 1409 5300 frivolisque
1438 5225 1888 5300 responsionibus
1913 5228 2206 5284 vindicavi-

610 5344 731 5385 lnus
772 5324 923 5399 (Not.
966 5325 1020 5379 in
1065 5322 1322 5392 Ambros.,
1366 5324 1429 5378 de
1472 5323 1593 5378 obit.
1640 5321 1894 5377 Valentin.
1928 5323 2206 5389 consolat.,

611 5440 734 5494 pag.
764 5419 906 5477 1194
932 5430 978 5474 et
1009 5435 1180 5490 supr.,
1210 5435 1328 5490 pag.
1366 5417 1498 5471 1121
1531 5425 1576 5470 et
1605 5417 1791 5488 H55).

684 5513 920 5569 Prodeat
942 5511 1103 5567 etiam
1128 5510 1360 5583 Cyrillus
1389 5509 1932 5582 Hierosolymitanus,
1961 5519 2018 5567 et
2044 5527 2204 5582 quem

613 5609 684 5665 de
722 5607 972 5678 precibus
1001 5605 1416 5663 christianorum
1461 5620 1559 5676 pro
1591 5603 1731 5659 vivis
1757 5605 2082 5675 quibuslibet
2109 5606 2208 5664 ho-

611 5701 850 5757 minibus
893 5700 1254 5756 disserentem
1301 5697 1568 5768 superiori
1610 5698 1840 5754 articulo
1882 5698 2205 5770 audivimus,

606 5810 757 5850 nunc
795 5793 864 5850 de
909 5793 1162 5863 precibus
1201 5807 1299 5862 pro
1340 5791 1566 5848 mortuis
1606 5791 1880 5850 dicentem
1923 5794 2208 5853 audiamus

613 5885 842 5960 (Cyrill.,
872 5883 1080 5942 Catech.
1108 5885 1164 5953 5,
1197 5883 1444 5957 Mystag.,
1478 5902 1598 5958 pag.
1627 5883 1757 5958 559)
1783 5903 1797 5942 :
1830 5889 2049 5962 Δεόμεθα
2075 5890 2205 5950 πάν-

2310 4763 2443 4831 Quis
2482 4779 2741 4835 unquam,
2771 4765 2876 4820 nisi
2915 4780 3162 4821 errorum
3210 4764 3538 4836 prazjudiciis
3579 4765 3924 4838 obcaecatus,

2308 4857 2381 4912 ita
2424 4867 2834 4930 argumentatus
2872 4858 2990 4914 est?
3019 4857 3126 4915 Sed
3161 4858 3249 4914 dic
3278 4857 3476 4926 adhuc,
3508 4875 3717 4930 quaeso,
3756 4879 3923 4918 num-

2308 4953 2440 5025 quid
2478 4964 2584 5009 tam
2622 4953 2772 5025 parvi
2812 4951 3073 5025 ponderis
3116 4963 3200 5008 est
3245 4954 3515 5009 universa:
3562 4954 3832 5012 Ecclesiae
3874 4965 3929 5013 et

2307 5047 2600 5118 Augustini
2638 5054 2816 5113 aetate,
2851 5055 2908 5102 et
2946 5045 3120 5116 plura,
3165 5056 3224 5102 ut
3259 5046 3513 5112 vidimus,
3545 5056 3674 5104 ante
3713 5051 3926 5106 saecula

2309 5141 2608 5196 auctoritas
2637 5148 2691 5196 et
2716 5139 3048 5195 consensus?
3075 5139 3232 5195 Unde
3263 5150 3444 5196 autem
3483 5141 3616 5196 illud
3649 5145 3924 5213 manavit,

2311 5230 2420 5287 nisi
2465 5248 2532 5288 ex
2578 5231 2963 5302 Apostolorum
3007 5231 3314 5304 discipulis,
3351 5244 3516 5305 atque
3553 5251 3621 5291 ex
3665 5236 3926 5308 ipsismet

2311 5327 2586 5398 Apostolis
2607 5329 2630 5379 ’ὲ

2384 5419 2572 5490 Neque
2598 5421 2775 5477 minus
2799 5438 2831 5478 a
2856 5437 3023 5495 scopo
3043 5424 3260 5481 aberrat
3284 5424 3424 5482 idem
3448 5425 3921 5496 Elmenhorsﬁus,

2313 5511 2406 5583 qui
2444 5511 2612 5568 instat
2656 5514 3014 5585 Epiphanium
3061 5533 3287 5591 negasse
3331 5520 3536 5590 pariter
3583 5537 3781 5593 preces
3825 5541 3926 5596 pro

2314 5609 2545 5663 mortuis
2593 5608 2707 5663 ullo
2760 5625 2932 5667 sacra:
2970 5613 3265 5684 Scriptum
3318 5615 3633 5672 testimonio
3680 5619 3924 5675 stabiliri

2317 5702 2633 5774 (Epiphan.,
2669 5704 2849 5761 hilares.
2881 5705 2972 5774 75,
3004 5707 3032 5777 §
3060 5709 3093 5764 5
3121 5719 3170 5764 et
3196 5710 3275 5780 7).
3312 5707 3433 5765 Jam
3469 5710 3615 5766 enim
3645 5713 3840 5768 citatis
3869 5714 3923 5768 iu

2315 5799 2661 5856 Ambrosium
2683 5801 3152 5860 observationibus
3171 5805 3371 5861 nostris
3390 5804 3544 5877 (Not.
3567 5807 3620 5860 in
3643 5807 3918 5872 Ambros.,

2317 5901 2441 5952 tom.
2475 5909 2536 5967 ιι,
2571 5911 2694 5968 pag.
2734 5896 2902 5969 H93)
2937 5898 3100 5969 plane
3127 5897 3466 5958 ostendimus
3504 5900 3572 5957 ab
3601 5897 3926 5971 Epiphanio
