4030 6284
1562 284 1624 346 μ

170 371 278 429 497

1403 363 1469 420 IN
1507 346 1880 430 munerum,
1920 360 2070 419 car.
2113 360 2182 416 x.

3355 351 3460 409 498

171 489 573 547 catholicorum
603 485 932 561 propugnari
961 486 1308 552 sententiam,
1349 492 1512 556 atque
1551 484 1769 555 opposi-
1795 485 1850 545 Α
1873 482 2040 540 fuisse
2069 483 2380 550 discrimen,
2410 481 2554 555 quod
2583 479 2671 536 illa
2701 477 2972 545 humanis,
3002 477 3117 534 haec
3153 487 3285 532 vero
3322 474 3460 531 divi-

175 595 284 640 tam
317 585 372 639 in
401 597 645 640 errorum
674 589 729 638 et
757 581 1057 636 h:rreseum
1098 579 1244 636 Aerii
1286 579 1476 648 reponi
1517 593 1764 634 numero.

173 677 295 746 Quo
331 692 462 747 ergo
492 677 634 747 jure,
666 675 710 730 is
741 675 832 746 qui
863 688 1049 745 preces
1081 688 1180 744 pro
1207 673 1436 726 mortuis
1463 670 1768 726 fundendas

173 783 360 843 negat,
397 771 687 826 hatreticus
723 769 832 826 dici
872 778 1071 839 potest,
1115 767 1219 822 nisi
1262 766 1385 838 quia
1425 765 1543 835 ejus
1583 764 1767 864 opinio

177 868 348 922 sacris
375 865 666 937 Scripturis
695 871 752 922 et
780 863 1052 922 constanti
1079 861 1340 919 Ecclesia:
1369 856 1766 916 traditioni'ad-

175 959 462 1019 versatur?

778 1151 1070 1194 ARTICULUS
1109 1153 1180 1192 IV.

170 1303 252 1355 De
271 1303 414 1352 christ
423 1303 642 1350 ianorum
664 1298 917 1354 altaribus,
935 1296 1198 1353 sacriﬁciis,
1219 1307 1276 1344 ac.
1293 1295 1451 1345 thuris
1467 1307 1584 1355 usu;
1603 1296 1766 1344 utrum

237 1365 482 1417 Arnobius
514 1363 578 1411 de
621 1361 1007 1421 catecbutuenis,
1058 1360 1477 1420 sacramentisqne
1516 1359 1764 1421 Baptismi,

241 1437 293 1544 pt
338 1427 672 1541 Epcharistiae,
723 1431 775 1476 et
796 1424 976 1478 divina:
1021 1422 1191 1484 gratia:
1237 1421 1535 1472 necessitate
1581 1421 1767 1472 locutus

264 1505 372 1544 ueri
401 1529 410 1540 .

250 1643 572 1702 Christianis
592 1643 800 1698 crimen
821 1639 998 1696 adhuc
1017 1639 1284 1695 faciebant
1300 1637 1498 1694 ethnici
1523 1636 1763 1711 (Arnob.,

172 1740 270 1794 lib.
304 1753 376 1804 vt,
406 1753 528 1808 pag.
553 1733 683 1805 289)
713 1750 818 1790 non
846 1735 1021 1788 solum
1051 1732 1192 1803 quod
1220 1731 1386 1794 nulla,
1410 1731 1487 1785 uti
1510 1730 1762 1797 diximus,

170 1833 442 1891 haberent
486 1831 706 1902 templa.
737 1839 830 1884 aut
858 1828 1030 1884 nullas
1058 1841 1240 1882 sacras
1272 1825 1437 1891 ardes,
1469 1823 1767 1894 sednullas

170 1928 342 1982 etiam
369 1940 515 1990 aras,
543 1924 687 1979 nulla
711 1923 925 1989 altaria,
949 1921 1092 1976 nulla
1119 1918 1405 1985 sacriﬁcia,
1431 1917 1576 1972 nulla
1601 1917 1768 1970 simu-

167 2019 340 2084 lacra,
376 2018 582 2074 nullum
615 2016 788 2072 thuris
816 2029 992 2070 usum.
1022 2011 1294 2068 Arnobius
1320 2025 1450 2065 vero
1477 2009 1528 2064 id
1556 2009 1766 2080 penitus

168 2127 371 2183 negare
421 2127 527 2166 non
577 2109 825 2173 videtur;
880 2107 1044 2162 immo
1093 2120 1220 2161 vero
1269 2103 1440 2175 palam
1491 2102 1766 2158 declarare

168 2207 323 2263 nulla
345 2223 374 2260 a
396 2204 708 2261 christianis
736 2203 874 2259 facta
903 2199 1190 2266 sacriﬁcia,
1216 2214 1314 2253 nec
1337 2197 1588 2253 debuisse
1618 2195 1766 2251 facti-

169 2301 298 2355 tari.
335 2299 559 2355 Sextum
589 2298 732 2353 enitn
767 2297 962 2352 librum
994 2310 1150 2349 suum
1188 2291 1256 2346 ab
1291 2291 1377 2345 his
1407 2289 1614 2344 orditur
1639 2303 1764 2344 ver-

171 2393 261 2446 bis
285 2409 297 2446 :
329 2411 346 2443 ι
375 2390 513 2460 Quid
535 2406 684 2461 ergo,
711 2389 910 2444 dixerit
931 2387 1218 2458 quispiam,
1243 2383 1508 2441 sacriﬁcia
1533 2379 1767 2436 censetis

168 2486 325 2541 nulla
367 2499 489 2540 esse
526 2485 744 2539 omnino
783 2482 1064 2537 facienda?
1102 2480 1175 2536 Ut
1219 2479 1373 2534 vobis
1412 2492 1518 2534 non
1555 2487 1764 2542 nostra,

167 2577 271 2634 sed
299 2577 554 2632 Varronis
575 2575 739 2630 vestri
763 2571 1030 2630 sententia
1054 2571 1474 2642 respondeamus
1499 2587 1512 2622 :
1539 2567 1716 2624 Nulla.
1741 2587 1761 2620 ι

171 2671 419 2743 (Arnob.,
465 2670 555 2724 lib.
589 2685 682 2734 vu,
725 2685 846 2739 pag.
879 2665 1032 2736 2U.)
1070 2664 1176 2720 Sed
1215 2679 1374 2720 nemo
1410 2673 1516 2727 est,
1560 2661 1650 2731 qui
1695 2676 1765 2717 ex

166 2767 335 2821 citata
377 2764 445 2819 ab
487 2762 725 2818 Arnobio
769 2760 1028 2815 Varronis
1071 2757 1436 2821 auctoritate,
1486 2765 1540 2810 et
1587 2753 1766 2810 allatis

168 2859 371 2916 deinde
409 2868 595 2914 contra
639 2853 904 2912 sacriﬁcia
946 2850 1301 2925 argumentis,
1353 2848 1610 2903 facillime
1658 2861 1768 2902 non

170 2955 462 3025 intelligat,
503 2952 654 3008 illum
691 2950 763 3006 ibi
800 2949 868 3004 de
913 2945 1190 3004 sacriﬁciis
1237 2943 1576 2998 ethnicorum
1619 2954 1771 2995 more

170 3051 354 3115 factis,
398 3048 692 3118 disputare,
742 3054 904 3114 atque
952 3041 1153 3097 idcirco
1199 3053 1396 3109 negare
1441 3052 1503 3092 ea
1548 3034 1652 3089 diis
1691 3033 1770 3088 fa-

171 3145 388 3201 cienda.
427 3143 535 3199 Sed
575 3137 842 3197 Heraldus
879 3153 1001 3192 eum
1042 3134 1324 3205 imperitiae
1354 3140 1409 3187 et
1443 3127 1770 3200 stupiditatis

171 3239 251 3294 ibi
277 3245 528 3303 accusat;
561 3235 684 3306 quia
715 3233 1055 3288 ethnicorum
1082 3227 1346 3283 sacrilicia
1377 3221 1764 3294 impugnando,

173 3333 382 3388 nullam
421 3329 808 3386 sacriﬁciorum
852 3325 1037 3398 populi
1073 3321 1354 3378 Israelitici
1385 3318 1510 3374 fecit
1541 3317 1772 3375 mentio-

175 3441 327 3480 nem.
370 3423 429 3478 ln
459 3423 574 3478 suis
603 3436 747 3477 emm
774 3419 841 3474 ad
869 3417 1065 3473 librum
1093 3415 1234 3470 illius
1264 3412 1552 3483 septimum
1585 3409 1774 3480 primis

173 3515 743 3574 animadversionibus
768 3513 846 3568 sic
872 3528 994 3567 eum
1021 3509 1247 3578 castigat
1272 3527 1285 3562 :
1314 3523 1334 3557 ι
1364 3504 1572 3560 Vellem
1594 3511 1772 3556 tamen

175 3610 408 3667 dixisset
436 3607 637 3679 aliquid
665 3603 938 3662 Arnobius
970 3602 1040 3658 de
1067 3599 1349 3656 sacriﬁciis
1380 3596 1560 3667 p0puli
1603 3595 1775 3650 Israe-

177 3705 339 3768 litici,
367 3717 486 3772 qua:
516 3700 691 3771 magni
722 3699 865 3754 illius
891 3696 1158 3763 sacriﬁcii,
1186 3711 1294 3766 quo
1318 3707 1490 3764 agnus
1517 3691 1774 3746 immacu-

177 3801 328 3854 latus
379 3813 474 3865 pro
519 3795 751 3866 peccatis
796 3794 999 3848 nostris
1043 3802 1167 3845 ante
1209 3788 1393 3845 mundi
1443 3785 1773 3842 creationem

181 3889 519 3954 immolatus,
569 3897 787 3957 peccata
837 3895 1018 3939 nostra
1064 3883 1332 3954 purgavit,
1379 3887 1773 3935 sacramentum

177 3980 603 4039 constituebant.
655 3978 760 4034 Sed
800 3976 1022 4032 Arnobii
1072 3976 1127 4030 in
1175 3975 1438 4045 religione
1487 3972 1773 4027 ruditatem

180 4076 319 4130 satis
348 4084 503 4128 antea
533 4071 854 4127 deterrimus.
889 4090 906 4122 ι
941 4069 1136 4124 Verum
1170 4077 1222 4121 et
1251 4081 1348 4120 nos
1384 4065 1453 4120 ibi
1493 4065 1777 4134 ipsammet

181 4167 404 4224 lleraldi
441 4167 490 4220 in
526 4165 786 4236 legendis,
829 4179 893 4219 ac
933 4162 1098 4233 probe
1143 4158 1506 4231 intelligendis
1548 4157 1776 4214 Arnobii

183 4259 359 4317 nostri
391 4259 542 4312 libris
571 4257 864 4320 ruditatcm,
904 4256 948 4308 si
991 4254 1107 4322 ejus
1145 4252 1311 4308 verbo
1350 4252 1422 4306 uti
1458 4251 1637 4316 liceat,
1678 4264 1774 4305 seu

187 4353 370 4424 potius
413 4351 652 4421 iniquum
695 4350 930 4404 animum
967 4345 1444 4418 deprehendimus.
1479 4343 1594 4398 Non
1632 4342 1776 4398 aliud

186 4443 456 4514 siquidem
499 4459 564 4497 eo
613 4444 665 4497 in
711 4442 848 4496 libro
891 4441 1222 4512 propositum
1254 4437 1477 4494 Arnobii
1508 4437 1638 4503 fuit;
1672 4437 1777 4493 nisi

190 4549 253 4592 ut
274 4538 586 4594 ostenderet
613 4536 756 4592 nulla
779 4537 880 4590 diis
901 4536 1182 4606 gentilium
1206 4533 1443 4590 facienda
1466 4547 1588 4589 esse
1608 4531 1778 4587 sacri-

193 4632 337 4698 ﬁcia,
379 4647 548 4703 eaque
589 4635 711 4702 jure
756 4631 951 4686 merito
993 4646 1021 4683 a
1063 4628 1370 4684 christianis
1406 4627 1575 4694 rejici.
1616 4625 1778 4696 Atqui

193 4734 404 4781 constat
436 4741 501 4780 ex
527 4726 648 4780 data
675 4741 705 4780 a
737 4725 892 4780 nobis
920 4723 1077 4792 hujus
1107 4723 1227 4776 libri
1257 4722 1488 4792 analysi,
1521 4729 1681 4791 atque
1711 4734 1781 4775 ex

195 4817 332 4872 infra
355 4817 620 4886 dicendis,
646 4818 749 4873 hoc
772 4818 838 4872 ab
861 4817 953 4870 illo
976 4814 1324 4870 validissimis
1343 4825 1782 4885 argumentorum

198 4910 487 4966 momentis
512 4925 634 4967 esse
659 4912 1104 4966 demonstratum.
1128 4907 1260 4974 Quis
1285 4907 1444 4978 igitur
1464 4921 1610 4961 sanae
1633 4922 1783 4961 men-

199 5005 268 5058 tis
313 5003 470 5058 ltomo
511 5005 562 5059 id
602 5005 698 5070 illi,
733 5004 946 5060 tametsi
987 5002 1054 5057 de
1100 5001 1457 5056 lsraelitarum
1505 4997 1782 5054 sacriﬁciis

201 5099 412 5170 penitus
443 5098 718 5163 tacuisset,
750 5098 883 5152 satis
915 5095 1078 5150 fuisse
1110 5091 1475 5149 inliciabitur?

273 5190 411 5259 Quid
436 5205 587 5258 vero,
613 5190 753 5262 quod
785 5191 874 5245 ille
902 5187 1243 5260 apertissime
1273 5185 1530 5256 praadicat
1558 5183 1786 5255 gentiles

203 5283 618 5356 inquirentibus,
650 5298 768 5353 qua;
807 5282 1193 5336 sacriﬁciorum
1237 5294 1458 5334 suorum
1495 5293 1652 5332 causa
1695 5277 1785 5341 sit,

205 5378 400 5432 frustra
433 5374 802 5444 adsignavissc
832 5389 1016 5429 eorum
1055 5372 1425 5442 antiquitatem
1464 5385 1526 5424 ac
1559 5383 1789 5425 consue-

205 5469 465 5525 tudinem.
491 5466 727 5536 Utraque
753 5467 895 5522 enim
918 5481 983 5521 ex
1011 5464 1316 5520 hominibus
1343 5462 1632 5534 prodierat.
1658 5459 1790 5515 Nul-

206 5567 317 5621 lum
364 5577 495 5617 vero
544 5561 862 5616 sacriﬁcium
913 5561 1016 5616 rite
1056 5559 1171 5615 ﬁeri
1218 5566 1419 5629 potest,
1465 5555 1567 5612 nisi
1615 5555 1792 5610 divina

209 5661 328 5728 lege
386 5655 684 5709 institutum
729 5671 741 5707 :
792 5671 809 5703 ι
865 5653 974 5723 Ego
1034 5661 1246 5716 autem,
1295 5671 1314 5701 ι
1361 5651 1533 5720 inquit
1587 5645 1792 5717 (Ibid.,

211 5770 329 5824 pag.
361 5749 514 5820 227),
549 5767 568 5802 ‹
603 5762 723 5802 cum
757 5747 968 5818 postulo
992 5761 1204 5803 causam
1237 5743 1365 5800 mihi
1396 5741 1664 5814 depromi,
1696 5757 1794 5796 au-

213 5846 329 5900 dire
357 5844 606 5901 desidero
627 5841 766 5898 caelo
794 5840 994 5911 aliquid
1026 5841 1254 5912 lapsum.
1288 5858 1308 5891 ι
1334 5839 1404 5893 At
1427 5837 1567 5909 quis,
1596 5851 1693 5892 oro
1720 5845 1794 5902 te,

216 5937 497 6000 dubitabit,
531 5937 630 5990 hor-
660 5935 798 5989 inter
825 5933 1100 6002 gentilium
1122 5941 1175 5988 et
1197 5930 1506 5986 .lndzuorum
1536 5929 1798 5986 sacriﬁcia

1870 575 1954 632 nis
1985 575 2194 646 legibus
2219 575 2424 631 sancita
2454 573 2689 630 fuerint?

1941 667 2210 724 Praeterea
2237 667 2532 734 Arnobius,
2562 666 2651 722 ubi
2675 665 2954 738 gentilium
2984 663 3246 720 sacriﬁcia
3276 661 3460 732 exagi-

1871 772 1968 828 tat,
2003 772 2164 833 atque
2195 762 2457 833 explodit,
2489 761 2561 816 ibi
2599 760 2778 816 adhuc
2813 759 3016 815 diserte
3056 757 3221 813 tradit
3258 755 3459 824 (lbid.,

1869 873 1990 927 pag.
2039 853 2150 926 15),
2183 854 2317 910 nihil
2354 854 2423 909 ab
2460 853 2702 925 ipsismet
2737 851 2949 907 illorum
2990 850 3113 918 diis,
3155 849 3222 905 de
3261 863 3323 904 ea
3366 865 3458 903 ra-

1868 950 2036 1016 tione,
2067 965 2172 1020 qua
2203 948 2269 1005 ab
2298 948 2603 1003 hominibus
2640 947 2768 1013 coli,
2799 953 2855 1003 et
2881 943 3160 1001 sacriﬁciis
3198 941 3457 998 honorari

1868 1042 2086 1108 vellent,
2131 1043 2510 1098 constitutum.
2555 1041 2696 1096 Ecce
2736 1039 2782 1095 si
2822 1037 3007 1093 audire
3047 1037 3202 1103 velis,
3233 1035 3463 1107 ipsamet

1869 1135 1985 1206 ejus
2027 1136 2230 1191 verba:
2263 1155 2282 1188 ε
2309 1134 2580 1204 Numquid
2618 1133 2693 1190 dii
2737 1133 2962 1204 aliquas,
2995 1151 3014 1183 ›
3047 1131 3219 1202 inquit
3257 1129 3458 1200 (lbid.,

1868 1245 1990 1301 pag.
2044 1228 2211 1300 215),
2250 1247 2269 1280 ι
2308 1229 2455 1300 leges
2507 1241 2739 1283 sanxere
2785 1223 3074 1297 aliquando
3121 1221 3459 1288 mortalibus,

1869 1323 2330 1394 constitutumque
2370 1331 2454 1377 est
2498 1321 2565 1377 ab
2607 1320 2691 1375 bis
2731 1335 2966 1390 unquam
3010 1316 3137 1389 quid
3165 1331 3260 1371 eos
3300 1331 3462 1386 agere

1868 1415 2208 1480 conveniret,
2236 1416 2322 1470 vel
2353 1414 2480 1486 quid
2520 1429 2664 1479 non;
2697 1413 2826 1485 quid
2855 1411 3183 1472 consecrari,
3215 1408 3343 1480 quid
3375 1409 3460 1464 fu-

1869 1524 2019 1580 gere,
2046 1509 2130 1565 vel
2152 1509 2254 1565 coli
2277 1524 2337 1564 se
2360 1508 2550 1563 saltem
2574 1507 2768 1578 quibus
2789 1506 3087 1562 rationibus
3107 1512 3462 1575 cuperent....

1868 1601 1939 1660 Ut
1979 1603 2170 1673 opinor
2205 1603 2274 1658 ab
2315 1602 2400 1658 his
2443 1617 2734 1672 numquam
2775 1616 2950 1672 neque
2990 1600 3339 1656 constitutum
3377 1608 3465 1652 cst

1868 1694 2094 1766 aliquid,
2149 1710 2324 1766 neque
2384 1693 2682 1760 sancitum;
2737 1692 2989 1765 quoniam
3049 1707 3149 1748 nec
3203 1691 3305 1747 visi
3359 1691 3464 1747 ali-

1869 1789 2106 1860 quando,
2133 1803 2308 1859 ncque
2333 1789 2376 1842 si
2404 1798 2530 1843 sunt
2557 1787 2680 1854 visi,
2710 1787 3046 1858 apertissima
3072 1785 3248 1856 potuit
3272 1783 3463 1854 cogni-

1797 1891 1844 1953 B
1872 1885 2016 1940 tione
2045 1883 2308 1956 dignosci.
2345 1901 2364 1935 ι
2397 1883 2584 1938 Nonne
2620 1897 2749 1953 ergo
2781 1885 2880 1936 hac
2918 1896 3134 1952 quoque
3169 1894 3463 1951 argumen-

1869 1979 2071 2034 tatione
2093 1978 2180 2033 ille
2203 1978 2419 2048 rejectis
2443 1977 2784 2033 ethnicorum
2809 1976 3106 2042 sacriﬁciis,
3132 1975 3235 2029 alia
3258 1974 3461 2040 omnia,

1868 2087 1988 2143 quae
2039 2072 2181 2126 Deus
2229 2085 2258 2124 a
2304 2069 2506 2125 Judaeis
2550 2069 2664 2124 ﬁeri
2704 2074 3052 2139 praeceperat,
3106 2065 3265 2136 plane
3307 2065 3464 2136 peni-

1871 2177 2065 2238 tusque
2112 2164 2522 2235 comprobavit?
2566 2163 2636 2218 At
2681 2162 2894 2217 tametsi
2943 2161 3078 2216 nihil
3125 2160 3346 2215 omnino
3394 2159 3462 2213 de

1871 2259 1976 2314 illis
2002 2258 2247 2324 dixisset,
2275 2258 2375 2314 hoc
2402 2257 2676 2314 silentium
2697 2256 2750 2311 ei
2779 2270 3060 2327 perperam
3086 2254 3257 2324 culpa:
3282 2253 3460 2308 datur.

1871 2354 2004 2410 Nam
2042 2363 2401 2424 praeterquam
2439 2349 2580 2422 quod
2621 2360 2748 2405 tunc
2786 2349 3040 2419 abrogata
3069 2357 3225 2404 erant
3251 2347 3464 2404 Judaeu-

1871 2463 1990 2504 rum
2021 2447 2306 2513 sacriﬁcia,
2332 2447 2400 2501 de
2422 2445 2528 2500 illis
2555 2453 2724 2510 certe,
2753 2443 2892 2498 sicut
2913 2442 3167 2505 diximus,
3201 2456 3306 2498 non
3334 2455 3465 2512 age-

1871 2540 2050 2604 batur,
2111 2538 2206 2594 scd
2255 2537 2323 2592 de
2374 2536 2552 2606 impiis
2602 2534 2940 2590 ethnicorum
2989 2533 3287 2600 sacriﬁciis,
3343 2548 3464 2602 quas

1872 2636 2012 2692 ﬁctis
2050 2636 2307 2706 falsisque
2347 2634 2451 2690 diis
2483 2631 2643 2698 facta,
2672 2630 2952 2688 christiani
2982 2630 3104 2702 jure
3142 2629 3337 2687 merito
3362 2629 3463 2684 de-

1873 2731 2226 2788 testabantur.

1943 2827 2060 2894 Quo
2094 2840 2254 2895 porro
2301 2838 2463 2878 sensu
2502 2824 2616 2893 ipse
2660 2823 2764 2877 diis
2809 2820 3222 2877 sacriﬁcandum
3261 2828 3460 2890 negat;

1873 2917 2060 2973 eodem
2091 2916 2248 2985 plane
2274 2915 2339 2970 iis
2369 2929 2492 2969 aras
2520 2924 2577 2969 et
2612 2915 2900 2968 simulacra
2941 2912 3268 2968 exstruenda
3299 2911 3466 2966 fabri-

1873 3011 2149 3082 candaque
2175 3009 2397 3065 omnino
2443 3007 2711 3063 inﬁciatus
2747 3019 2848 3063 est.
2883 3006 2990 3062 Sed
3029 3006 3097 3062 de
3123 3006 3208 3062 his
3247 3005 3464 3062 abunde

1873 3107 2227 3163 disseruimus
2256 3106 2309 3160 in
2337 3105 2614 3175 superiore
2640 3103 2692 3158 in
2725 3102 2942 3158 Minucii
2963 3101 3242 3156 Octavium
3263 3100 3464 3156 disser-

1873 3201 2078 3256 tatiOne
2099 3198 2339 3270 (Dissert.
2358 3198 2412 3252 in
2433 3196 2655 3264 Μίνωα,
2671 3213 2786 3264 cap.
2813 3195 2902 3260 12,
2921 3205 3023 3250 art.
3041 3191 3157 3266 29).
3181 3192 3300 3247 Non
3317 3191 3462 3247 enim

1797 3289 1842 3350 C
1873 3295 1980 3350 alio
2007 3292 2279 3349 Arnobius
2301 3290 2483 3358 modo,
2512 3304 2670 3361 quam
2699 3289 2813 3351 ille.
2835 3288 2903 3344 de
2929 3288 2991 3343 iis
3021 3295 3208 3342 contra
3234 3283 3465 3357 gentiles

1873 3387 2108 3458 disputat
2135 3386 2210 3440 uti
2242 3400 2312 3439 ex
2339 3382 2475 3438 infra
2497 3381 2740 3438 dicendis
2769 3381 2900 3436 satis
2931 3379 3155 3451 patebit.

1947 3480 2029 3536 Ad
2055 3479 2230 3536 thuris
2260 3488 2440 3534 autem
2475 3492 2630 3532 usum
2672 3475 2814 3547 quod
2863 3475 3088 3540 attinet,
3121 3473 3367 3530 ethnicos
3401 3473 3467 3528 il-

1875 3576 1985 3630 lum
2008 3589 2038 3628 a
2084 3572 2397 3629 chrisﬁanis
2436 3578 2679 3641 spretum
2714 3569 3030 3639 objicientes
3051 3608 3068 3634 ,
3100 3583 3168 3623 eo
3195 3567 3467 3623 Arnobius

1875 3667 2074 3724 refellit
2102 3661 2346 3739 (Arnobl,
2376 3664 2464 3719 lib.
2495 3679 2588 3730 vn,
2623 3679 2744 3734 pag.
2773 3661 2926 3728 25H,
2953 3659 3096 3732 quod
3125 3659 3266 3731 apud
3297 3660 3462 3732 ipsos,

1875 3772 1936 3818 ut
1957 3761 2091 3817 infra
2119 3774 2332 3832 quoque
2353 3757 2689 3823 ostendetur,
2712 3755 2963 3828 antiquus
2989 3770 3098 3810 non
3123 3753 3304 3810 fuerit.
3325 3752 3464 3809 Ter—

1877 3855 2131 3910 tullianus
2155 3867 2315 3920 vero,
2354 3851 2424 3907 de
2461 3864 2568 3922 quo
2598 3864 2698 3905 nos
2727 3848 2897 3904 fusius
2939 3862 3038 3903 suo
3069 3847 3210 3912 loco,
3255 3849 3469 3902 tametsi

1877 3948 2072 4004 alicubi
2115 3947 2320 4002 nullum
2371 3961 2402 4001 a
2445 3945 2754 4001 christianis
2797 3945 2921 4000 thus
2963 3944 3175 4000 incendi
3206 3944 3468 4012 fateatur;

1879 4049 2131 4098 testatum
2158 4039 2509 4095 nihilominus
2539 4038 2663 4094 alibi
2693 4038 2841 4106 facit,
2871 4037 3000 4093 illud
3030 4038 3099 4093 ab
3120 4039 3186 4094 iis
3201 4038 3467 4108 adhiberi,

1878 4152 1998 4192 cum
2040 4145 2374 4190 mortuorum
2416 4147 2643 4204 corpora
2690 4131 3054 4205 sepeliebant,
3097 4140 3151 4187 et
3190 4145 3309 4184 cum
3335 4129 3471 4184 odor

1879 4231 1984 4286 loci
2011 4229 2233 4299 alicujus
2270 4227 2596 4285 oﬁendebat.
2638 4227 2744 4283 Sed
2774 4241 2877 4282 non
2895 4227 3089 4292 eodem,
3122 4225 3314 4294 inquit,
3342 4225 3469 4290 ritu,

1879 4342 1971 4380 nec
1993 4325 2168 4380 eodem
2196 4324 2391 4390 habitu,
2412 4339 2503 4377 nec
2526 4322 2703 4378 eodem
2722 4331 2998 4392 apparatu,
3017 4335 3116 4391 quo
3137 4319 3307 4390 agitur
3331 4319 3472 4388 apud

1879 4421 2042 4475 idola.
2071 4419 2233 4476 Vides
2259 4419 2421 4490 igitur
2447 4434 2553 4473 non
2581 4431 2796 4471 omncm
2843 4414 3015 4469 thuris
3062 4428 3216 4468 usum
3247 4411 3316 4467 ab
3354 4411 3466 4476 illo,

1881 4515 2040 4570 sicuti
2073 4513 2140 4569 ab
2172 4513 2413 4568 Arnobio
2439 4510 2756 4582 improbari,
2789 4507 2882 4564 sed
2907 4522 3028 4563 eum
3046 4506 3344 4568 dumtaxat,
3363 4519 3474 4574 quo
3512 4554 3519 4562 .

1882 4607 2041 4664 idolis
2070 4623 2098 4660 a
2121 4606 2414 4679 gentilibus
2437 4604 2560 4660 thus
2582 4601 2916 4658 adolebatnr.
2944 4599 3052 4656 Nos
3077 4607 3257 4654 autem
3287 4597 3355 4652 de
3380 4595 3475 4652 illo

1885 4702 2015 4757 alibi
2044 4701 2252 4772 egimus
2278 4701 2422 4770 (tam.
2451 4714 2493 4754 ι.
2521 4697 2798 4768 Apparat.,
2831 4694 2918 4749 lib.
2952 4709 2990 4758 ι,
3010 4691 3212 4748 dissert.
3240 4691 3326 4758 10,
3353 4706 3470 4759 cap.

1886 4794 1975 4861 16,
2008 4811 2128 4865 pag.
2161 4790 2309 4864 198),
2340 4799 2396 4847 et
2426 4789 2651 4844 inferius
2673 4787 2847 4842 adhuc
2875 4785 3163 4857 agendum.

1957 4888 2220 4959 Opinatus
2264 4895 2348 4940 est
2377 4882 2642 4938 lleraldus
2681 4879 2980 4937 Arnobium
3025 4879 3094 4934 de
3123 4879 3478 4936 sacramentis

1885 4979 2134 5050 baptismi
2166 4987 2220 5033 et
2269 4975 2608 5034 eucharistite
2651 4989 2957 5030 sermonem
2997 4973 3220 5038 habere,
3269 4972 3358 5027 ubi
3388 4972 3485 5028 do-

1888 5084 1972 5129 cet
1993 5073 2202 5127 animas
2233 5081 2447 5126 nostras
2475 5083 2635 5140 posse
2666 5068 2785 5124 ﬁeri
2813 5088 2833 5122 ‹
2867 5068 3159 5140 longaevas,
3199 5087 3218 5119 ι
3245 5069 3357 5123 sive
3379 5068 3479 5122 im-

1892 5170 2172 5235 mortales,
2215 5188 2235 5220 ¢
2292 5168 2337 5223 si
2369 5166 2530 5223 modo
2571 5166 2742 5223 Deum
2790 5175 3003 5221 tentent
3043 5177 3373 5235 agnoscere,
3416 5176 3481 5216 ac

1889 5263 2084 5320 deinde
2114 5263 2371 5318 servitate
2391 5305 2406 5328 ,
2438 5271 2598 5332 atque
2642 5261 3036 5316 inhumanitate
3081 5257 3364 5329 depositis,
3396 5272 3482 5313 re-

1893 5365 2107 5412 sumant
2133 5356 2346 5428 ingenia
2371 5355 2626 5419 mitiora;
2669 5362 2726 5407 ut
2767 5352 2833 5406 ad
2875 5351 3028 5419 illud,
3058 5351 3202 5422 quod
3241 5348 3481 5418 dabitur,

1893 5467 2014 5508 esse
2043 5451 2250 5522 possint
2282 5459 2505 5519 paratae.
2547 5469 2566 5502 ι
2611 5446 2853 5519 (Arnob.,
2883 5446 2969 5499 lib.
2994 5462 3053 5509 ιι,
3083 5461 3203 5515 pag.
3234 5442 3351 5516 65.)
3376 5444 3486 5500 Sed

1893 5561 2020 5616 qua,
2050 5554 2226 5614 putas,
2252 5543 2465 5598 ratione
2495 5539 2758 5596 Heraldus
2779 5539 2982 5608 putavit
3005 5537 3185 5592 verbis
3216 5536 3488 5606 prioribus

1895 5637 2169 5709 baptismi,
2215 5644 2269 5691 et
2296 5633 2682 5706 posterioribus
2715 5630 3050 5687 eucharistia:
3088 5639 3489 5687 sacramentum

1897 5731 2202 5804 designari?
2233 5730 2392 5795 Audi,
2423 5742 2629 5799 quaeso,
2673 5735 2728 5782 et
2757 5725 3062 5781 tniraberis.
3090 5726 3488 5796 Antiquissimi,

1902 5829 2097 5901 inquit,
2130 5826 2390 5883 Ecclesiae
2411 5825 2597 5879 Patres
2621 5838 2727 5877 non
2755 5821 2930 5878 solum
2961 5821 3239 5893 gentilium
3268 5835 3490 5891 usurpa-

1903 5933 2030 5980 runt
2055 5923 2239 5988 verba,
2263 5919 2458 5990 quibus
2483 5918 2536 5974 in
2564 5917 2900 5988 explicandis
2938 5918 3050 5975 suis
3070 5916 3345 5989 mysteriis
3367 5925 3491 5972 ute-
