  <div class='ocr_page' id='page_1' title='image "/cluster/home/n/w/nwhite01/storage/ocr_20150623/5/umn.31951002477299b/259.png"; bbox 0 0 4030 6278; ppageno 0'>
   <div class='ocr_carea' id='block_1_1' title="bbox 588 365 697 438">
    <p class='ocr_par' dir='ltr' id='par_1_1' title="bbox 588 365 697 438">
     <span class='ocr_line' id='line_1_1' title="bbox 588 365 697 438; baseline 0 0"><span class='ocrx_word' id='word_1_1' title='bbox 588 365 697 438; x_wconf 67' lang='lat' dir='ltr'><strong>to?)</strong></span> 
     </span>
    </p>
   </div>
   <div class='ocr_carea' id='block_1_2' title="bbox 1822 340 2600 435">
    <p class='ocr_par' dir='ltr' id='par_1_2' title="bbox 1822 340 2600 435">
     <span class='ocr_line' id='line_1_2' title="bbox 1822 340 2600 435; baseline -0.003 -2"><span class='ocrx_word' id='word_1_2' title='bbox 1822 340 2277 435; x_wconf 76' lang='lat' dir='ltr'><strong>DlSSEllTATlO</strong></span> <span class='ocrx_word' id='word_1_3' title='bbox 2316 368 2600 433; x_wconf 68' lang='lat' dir='ltr'><strong>pmvu</strong></span> 
     </span>
    </p>
   </div>
   <div class='ocr_carea' id='block_1_3' title="bbox 3786 364 3902 430">
    <p class='ocr_par' dir='ltr' id='par_1_3' title="bbox 3786 364 3902 430">
     <span class='ocr_line' id='line_1_3' title="bbox 3786 364 3902 430; baseline -0.034 0"><span class='ocrx_word' id='word_1_4' title='bbox 3786 364 3902 430; x_wconf 81' lang='lat'><strong>500</strong></span> 
     </span>
    </p>
   </div>
   <div class='ocr_carea' id='block_1_4' title="bbox 586 468 3893 563">
    <p class='ocr_par' dir='ltr' id='par_1_4' title="bbox 586 468 3893 563">
     <span class='ocr_line' id='line_1_4' title="bbox 586 468 3893 563; baseline -0.002 -9"><span class='ocrx_word' id='word_1_5' title='bbox 586 498 826 563; x_wconf 90' lang='lat' dir='ltr'><strong>bantur;</strong></span> <span class='ocrx_word' id='word_1_6' title='bbox 859 472 953 553; x_wconf 86' lang='lat' dir='ltr'><strong>sed</strong></span> <span class='ocrx_word' id='word_1_7' title='bbox 981 496 1045 551; x_wconf 85' lang='lat' dir='ltr'><strong>ea</strong></span> <span class='ocrx_word' id='word_1_8' title='bbox 1070 493 1231 550; x_wconf 89' lang='lat' dir='ltr'><strong>etiam</strong></span> <span class='ocrx_word' id='word_1_9' title='bbox 1259 492 1326 549; x_wconf 90' lang='lat' dir='ltr'><strong>ad</strong></span> <span class='ocrx_word' id='word_1_10' title='bbox 1352 482 1769 549; x_wconf 86' lang='lat' dir='ltr'><strong>chrisliauorum</strong></span> <span class='ocrx_word' id='word_1_11' title='bbox 1802 488 2179 547; x_wconf 86' lang='lat' dir='ltr'><strong>accommoda-</strong></span> <span class='ocrx_word' id='word_1_12' title='bbox 2206 468 2261 557; x_wconf 60' lang='grc' dir='ltr'><strong>Α</strong></span> <span class='ocrx_word' id='word_1_13' title='bbox 2283 489 2477 556; x_wconf 88' lang='lat' dir='ltr'><strong>dimus,</strong></span> <span class='ocrx_word' id='word_1_14' title='bbox 2521 480 2999 563; x_wconf 75' lang='lat' dir='ltr'><strong>adversus‘gentes</strong></span> <span class='ocrx_word' id='word_1_15' title='bbox 3029 486 3209 562; x_wconf 82' lang='lat' dir='ltr'><strong>operis</strong></span> <span class='ocrx_word' id='word_1_16' title='bbox 3240 480 3445 562; x_wconf 69' lang='lat' dir='ltr'><strong>Septem</strong></span> <span class='ocrx_word' id='word_1_17' title='bbox 3474 490 3527 546; x_wconf 93' lang='lat' dir='ltr'><strong>in</strong></span> <span class='ocrx_word' id='word_1_18' title='bbox 3563 482 3740 546; x_wconf 80' lang='lat' dir='ltr'><strong>libros</strong></span> <span class='ocrx_word' id='word_1_19' title='bbox 3771 487 3893 546; x_wconf 87' lang='lat' dir='ltr'><strong>dis—</strong></span> 
     </span>
    </p>
   </div>
   <div class='ocr_carea' id='block_1_5' title="bbox 586 578 2184 657">
    <p class='ocr_par' dir='ltr' id='par_1_5' title="bbox 586 578 2184 657">
     <span class='ocr_line' id='line_1_5' title="bbox 586 578 2184 657; baseline -0.006 -12"><span class='ocrx_word' id='word_1_20' title='bbox 586 598 720 646; x_wconf 84' lang='lat' dir='ltr'><strong>runt</strong></span> <span class='ocrx_word' id='word_1_21' title='bbox 744 596 1112 654; x_wconf 85' lang='lat' dir='ltr'><strong>sacramenta,</strong></span> <span class='ocrx_word' id='word_1_22' title='bbox 1156 597 1319 657; x_wconf 87' lang='lat' dir='ltr'><strong>atque</strong></span> <span class='ocrx_word' id='word_1_23' title='bbox 1360 582 1576 639; x_wconf 85' lang='lat' dir='ltr'><strong>illorum</strong></span> <span class='ocrx_word' id='word_1_24' title='bbox 1622 584 1759 640; x_wconf 90' lang='lat' dir='ltr'><strong>ritus</strong></span> <span class='ocrx_word' id='word_1_25' title='bbox 1791 578 2184 639; x_wconf 82' lang='lat' dir='ltr'><strong>transtulerunt</strong></span> 
     </span>
    </p>
   </div>
   <div class='ocr_carea' id='block_1_6' title="bbox 587 668 2181 748">
    <p class='ocr_par' dir='ltr' id='par_1_6' title="bbox 587 668 2181 748">
     <span class='ocr_line' id='line_1_6' title="bbox 587 668 2181 748; baseline -0.003 -11"><span class='ocrx_word' id='word_1_26' title='bbox 587 684 647 738; x_wconf 87' lang='lat' dir='ltr'><strong>in</strong></span> <span class='ocrx_word' id='word_1_27' title='bbox 675 668 995 735; x_wconf 83' lang='lat' dir='ltr'><strong>Ecclesiam.</strong></span> <span class='ocrx_word' id='word_1_28' title='bbox 1039 668 1200 748; x_wconf 75' lang='lat' dir='ltr'><strong>Atqui</strong></span> <span class='ocrx_word' id='word_1_29' title='bbox 1228 676 1390 743; x_wconf 91' lang='lat' dir='ltr'><strong>hunc,</strong></span> <span class='ocrx_word' id='word_1_30' title='bbox 1421 676 1613 748; x_wconf 91' lang='lat' dir='ltr'><strong>inquit,</strong></span> <span class='ocrx_word' id='word_1_31' title='bbox 1638 677 1691 732; x_wconf 91' lang='lat' dir='ltr'><strong>in</strong></span> <span class='ocrx_word' id='word_1_32' title='bbox 1716 675 1877 732; x_wconf 95' lang='lat' dir='ltr'><strong>ﬁnem</strong></span> <span class='ocrx_word' id='word_1_33' title='bbox 1906 675 2181 733; x_wconf 83' lang='lat' dir='ltr'><strong>Arnobius</strong></span> 
     </span>
    </p>
   </div>
   <div class='ocr_carea' id='block_1_7' title="bbox 587 762 2179 843">
    <p class='ocr_par' dir='ltr' id='par_1_7' title="bbox 587 762 2179 843">
     <span class='ocr_line' id='line_1_7' title="bbox 587 762 2179 843; baseline -0.004 -14"><span class='ocrx_word' id='word_1_34' title='bbox 587 773 752 829; x_wconf 88' lang='lat' dir='ltr'><strong>citata</strong></span> <span class='ocrx_word' id='word_1_35' title='bbox 800 787 830 826; x_wconf 90' lang='lat' dir='ltr'><strong>a</strong></span> <span class='ocrx_word' id='word_1_36' title='bbox 869 768 1037 843; x_wconf 74' lang='lat' dir='ltr'><strong>nobis</strong></span> <span class='ocrx_word' id='word_1_37' title='bbox 1079 769 1245 825; x_wconf 91' lang='lat' dir='ltr'><strong>verba</strong></span> <span class='ocrx_word' id='word_1_38' title='bbox 1290 762 1353 825; x_wconf 80' lang='lat' dir='ltr'><strong>ex</strong></span> <span class='ocrx_word' id='word_1_39' title='bbox 1402 766 1487 824; x_wconf 90' lang='lat' dir='ltr'><strong>bis</strong></span> <span class='ocrx_word' id='word_1_40' title='bbox 1532 767 1814 824; x_wconf 83' lang='lat' dir='ltr'><strong>Ciceronis</strong></span> <span class='ocrx_word' id='word_1_41' title='bbox 1852 768 2125 837; x_wconf 77' lang='lat' dir='ltr'><strong>excerpsit</strong></span> <span class='ocrx_word' id='word_1_42' title='bbox 2164 783 2179 823; x_wconf 89' lang='lat'><strong>:</strong></span> 
     </span>
    </p>
   </div>
   <div class='ocr_carea' id='block_1_8' title="bbox 594 858 2181 932">
    <p class='ocr_par' dir='ltr' id='par_1_8' title="bbox 594 858 2181 932">
     <span class='ocr_line' id='line_1_8' title="bbox 594 858 2181 932; baseline -0.004 -12"><span class='ocrx_word' id='word_1_43' title='bbox 594 886 615 920; x_wconf 83' lang='grc'><em>‹</em></span> <span class='ocrx_word' id='word_1_44' title='bbox 638 860 767 927; x_wconf 80' lang='lat' dir='ltr'><strong>Mihi</strong></span> <span class='ocrx_word' id='word_1_45' title='bbox 795 860 917 920; x_wconf 87' lang='lat' dir='ltr'><strong>cum</strong></span> <span class='ocrx_word' id='word_1_46' title='bbox 946 860 1118 919; x_wconf 89' lang='lat' dir='ltr'><strong>multa</strong></span> <span class='ocrx_word' id='word_1_47' title='bbox 1147 862 1343 918; x_wconf 82' lang='lat' dir='ltr'><strong>eximia</strong></span> <span class='ocrx_word' id='word_1_48' title='bbox 1366 862 1650 932; x_wconf 82' lang='lat' dir='ltr'><strong>divinaque</strong></span> <span class='ocrx_word' id='word_1_49' title='bbox 1676 861 1925 916; x_wconf 84' lang='lat' dir='ltr'><strong>videntur</strong></span> <span class='ocrx_word' id='word_1_50' title='bbox 1955 858 2181 915; x_wconf 83' lang='lat' dir='ltr'><strong>Athenae</strong></span> 
     </span>
    </p>
   </div>
   <div class='ocr_carea' id='block_1_9' title="bbox 585 942 2178 1031">
    <p class='ocr_par' dir='ltr' id='par_1_9' title="bbox 585 942 2178 1031">
     <span class='ocr_line' id='line_1_9' title="bbox 585 942 2178 1031; baseline -0.006 -14"><span class='ocrx_word' id='word_1_51' title='bbox 585 969 692 1017; x_wconf 64' lang='lat' dir='ltr'><strong>tua:</strong></span> <span class='ocrx_word' id='word_1_52' title='bbox 721 959 1017 1031; x_wconf 84' lang='lat' dir='ltr'><strong>peperisse,</strong></span> <span class='ocrx_word' id='word_1_53' title='bbox 1047 966 1207 1028; x_wconf 91' lang='lat' dir='ltr'><strong>atque</strong></span> <span class='ocrx_word' id='word_1_54' title='bbox 1230 957 1283 1012; x_wconf 93' lang='lat' dir='ltr'><strong>in</strong></span> <span class='ocrx_word' id='word_1_55' title='bbox 1309 955 1415 1011; x_wconf 88' lang='lat' dir='ltr'><strong>vita</strong></span> <span class='ocrx_word' id='word_1_56' title='bbox 1438 956 1725 1023; x_wconf 83' lang='lat' dir='ltr'><strong>hominum</strong></span> <span class='ocrx_word' id='word_1_57' title='bbox 1751 956 2002 1011; x_wconf 85' lang='lat' dir='ltr'><strong>attulisse</strong></span> <span class='ocrx_word' id='word_1_58' title='bbox 2023 998 2036 1021; x_wconf 93' lang='lat'><strong>,</strong></span> <span class='ocrx_word' id='word_1_59' title='bbox 2068 942 2178 1009; x_wconf 90' lang='lat' dir='ltr'><strong>tum</strong></span> 
     </span>
    </p>
   </div>
   <div class='ocr_carea' id='block_1_10' title="bbox 587 1042 2178 1121">
    <p class='ocr_par' dir='ltr' id='par_1_10' title="bbox 587 1042 2178 1121">
     <span class='ocr_line' id='line_1_10' title="bbox 587 1042 2178 1121; baseline -0.004 -13"><span class='ocrx_word' id='word_1_60' title='bbox 587 1052 720 1109; x_wconf 84' lang='lat' dir='ltr'><strong>nihil</strong></span> <span class='ocrx_word' id='word_1_61' title='bbox 748 1051 939 1107; x_wconf 89' lang='lat' dir='ltr'><strong>melius</strong></span> <span class='ocrx_word' id='word_1_62' title='bbox 965 1042 1068 1106; x_wconf 88' lang='lat' dir='ltr'><strong>illis</strong></span> <span class='ocrx_word' id='word_1_63' title='bbox 1109 1050 1382 1121; x_wconf 84' lang='lat' dir='ltr'><strong>mysteriis</strong></span> <span class='ocrx_word' id='word_1_64' title='bbox 1418 1050 1612 1120; x_wconf 88' lang='lat' dir='ltr'><strong>quibus</strong></span> <span class='ocrx_word' id='word_1_65' title='bbox 1656 1048 1723 1105; x_wconf 75' lang='lat' dir='ltr'><strong>ex</strong></span> <span class='ocrx_word' id='word_1_66' title='bbox 1752 1049 1955 1121; x_wconf 86' lang='lat' dir='ltr'><strong>agresti</strong></span> <span class='ocrx_word' id='word_1_67' title='bbox 1986 1048 2178 1103; x_wconf 88' lang='lat' dir='ltr'><strong>imma-</strong></span> 
     </span>
    </p>
   </div>
   <div class='ocr_carea' id='block_1_11' title="bbox 586 1126 2177 1217">
    <p class='ocr_par' dir='ltr' id='par_1_11' title="bbox 586 1126 2177 1217">
     <span class='ocr_line' id='line_1_11' title="bbox 586 1126 2177 1217; baseline -0.004 -14"><span class='ocrx_word' id='word_1_68' title='bbox 586 1147 747 1217; x_wconf 91' lang='lat' dir='ltr'><strong>nique</strong></span> <span class='ocrx_word' id='word_1_69' title='bbox 771 1146 875 1200; x_wconf 82' lang='lat' dir='ltr'><strong>vita</strong></span> <span class='ocrx_word' id='word_1_70' title='bbox 903 1126 1123 1209; x_wconf 84' lang='lat' dir='ltr'><strong>exculti,</strong></span> <span class='ocrx_word' id='word_1_71' title='bbox 1148 1142 1215 1197; x_wconf 91' lang='lat' dir='ltr'><strong>ad</strong></span> <span class='ocrx_word' id='word_1_72' title='bbox 1245 1143 1629 1198; x_wconf 87' lang='lat' dir='ltr'><strong>humanitatem</strong></span> <span class='ocrx_word' id='word_1_73' title='bbox 1651 1153 1705 1199; x_wconf 91' lang='lat' dir='ltr'><strong>et</strong></span> <span class='ocrx_word' id='word_1_74' title='bbox 1727 1142 1949 1213; x_wconf 77' lang='lat' dir='ltr'><strong>mitigati</strong></span> <span class='ocrx_word' id='word_1_75' title='bbox 1972 1150 2177 1207; x_wconf 79' lang='lat' dir='ltr'><strong>Sumus;</strong></span> 
     </span>
    </p>
   </div>
   <div class='ocr_carea' id='block_1_12' title="bbox 583 1234 2181 1308">
    <p class='ocr_par' dir='ltr' id='par_1_12' title="bbox 583 1234 2181 1308">
     <span class='ocr_line' id='line_1_12' title="bbox 583 1234 2181 1308; baseline -0.004 -13"><span class='ocrx_word' id='word_1_76' title='bbox 583 1234 865 1308; x_wconf 78' lang='lat' dir='ltr'><strong>initiaqtie,</strong></span> <span class='ocrx_word' id='word_1_77' title='bbox 911 1245 972 1292; x_wconf 93' lang='lat' dir='ltr'><strong>ut</strong></span> <span class='ocrx_word' id='word_1_78' title='bbox 1016 1236 1374 1307; x_wconf 85' lang='lat' dir='ltr'><strong>appellantur,</strong></span> <span class='ocrx_word' id='word_1_79' title='bbox 1417 1235 1487 1291; x_wconf 91' lang='lat' dir='ltr'><strong>ita</strong></span> <span class='ocrx_word' id='word_1_80' title='bbox 1526 1251 1714 1291; x_wconf 83' lang='lat' dir='ltr'><strong>revera</strong></span> <span class='ocrx_word' id='word_1_81' title='bbox 1756 1237 2018 1307; x_wconf 88' lang='lat' dir='ltr'><strong>principia</strong></span> <span class='ocrx_word' id='word_1_82' title='bbox 2060 1235 2181 1289; x_wconf 63' lang='lat' dir='ltr'><strong>vitae</strong></span> 
     </span>
    </p>
   </div>
   <div class='ocr_carea' id='block_1_13' title="bbox 584 1324 2178 1405">
    <p class='ocr_par' dir='ltr' id='par_1_13' title="bbox 584 1324 2178 1405">
     <span class='ocr_line' id='line_1_13' title="bbox 584 1324 2178 1405; baseline -0.002 -18"><span class='ocrx_word' id='word_1_83' title='bbox 584 1331 936 1405; x_wconf 78' lang='lat' dir='ltr'><strong>cognovimus</strong></span> <span class='ocrx_word' id='word_1_84' title='bbox 973 1351 993 1383; x_wconf 73' lang='grc' dir='ltr'><strong>ι</strong></span> <span class='ocrx_word' id='word_1_85' title='bbox 1027 1328 1237 1403; x_wconf 83' lang='lat' dir='ltr'><strong>(Cicer.,</strong></span> <span class='ocrx_word' id='word_1_86' title='bbox 1267 1328 1355 1385; x_wconf 90' lang='lat' dir='ltr'><strong>lib.</strong></span> <span class='ocrx_word' id='word_1_87' title='bbox 1383 1345 1443 1397; x_wconf 88' lang='grc' dir='ltr'><strong>ιι,</strong></span> <span class='ocrx_word' id='word_1_88' title='bbox 1468 1324 1531 1383; x_wconf 81' lang='lat' dir='ltr'><strong>de</strong></span> <span class='ocrx_word' id='word_1_89' title='bbox 1552 1327 1753 1401; x_wconf 83' lang='lat' dir='ltr'><strong>Legib.,</strong></span> <span class='ocrx_word' id='word_1_90' title='bbox 1779 1347 1899 1402; x_wconf 84' lang='lat' dir='ltr'><strong>pag.</strong></span> <span class='ocrx_word' id='word_1_91' title='bbox 1932 1329 2060 1399; x_wconf 81' lang='lat'><strong>559,</strong></span> <span class='ocrx_word' id='word_1_92' title='bbox 2084 1328 2178 1384; x_wconf 86' lang='lat' dir='ltr'><strong>lin.</strong></span> 
     </span>
    </p>
   </div>
   <div class='ocr_carea' id='block_1_14' title="bbox 583 1410 2181 1497">
    <p class='ocr_par' dir='ltr' id='par_1_14' title="bbox 583 1410 2181 1497">
     <span class='ocr_line' id='line_1_14' title="bbox 583 1410 2181 1497; baseline -0.001 -17"><span class='ocrx_word' id='word_1_93' title='bbox 583 1424 700 1497; x_wconf 77' lang='lat' dir='ltr'><strong>3i).</strong></span> <span class='ocrx_word' id='word_1_94' title='bbox 730 1410 797 1479; x_wconf 63' lang='lat' dir='ltr'><strong>At</strong></span> <span class='ocrx_word' id='word_1_95' title='bbox 840 1422 967 1479; x_wconf 91' lang='lat' dir='ltr'><strong>inde</strong></span> <span class='ocrx_word' id='word_1_96' title='bbox 998 1414 1261 1478; x_wconf 87' lang='lat' dir='ltr'><strong>Heraldus</strong></span> <span class='ocrx_word' id='word_1_97' title='bbox 1287 1422 1562 1478; x_wconf 86' lang='lat' dir='ltr'><strong>concludit</strong></span> <span class='ocrx_word' id='word_1_98' title='bbox 1588 1422 1886 1479; x_wconf 76' lang='lat' dir='ltr'><strong>Arnobium</strong></span> <span class='ocrx_word' id='word_1_99' title='bbox 1930 1422 1998 1479; x_wconf 89' lang='lat' dir='ltr'><strong>ad</strong></span> <span class='ocrx_word' id='word_1_100' title='bbox 2040 1423 2181 1479; x_wconf 89' lang='lat' dir='ltr'><strong>hunc</strong></span> 
     </span>
    </p>
   </div>
   <div class='ocr_carea' id='block_1_15' title="bbox 582 1510 2181 1583">
    <p class='ocr_par' dir='ltr' id='par_1_15' title="bbox 582 1510 2181 1583">
     <span class='ocr_line' id='line_1_15' title="bbox 582 1510 2181 1583; baseline -0.003 -12"><span class='ocrx_word' id='word_1_101' title='bbox 582 1515 738 1572; x_wconf 90' lang='lat' dir='ltr'><strong>latini</strong></span> <span class='ocrx_word' id='word_1_102' title='bbox 764 1514 998 1571; x_wconf 86' lang='lat' dir='ltr'><strong>oratoris</strong></span> <span class='ocrx_word' id='word_1_103' title='bbox 1026 1512 1202 1569; x_wconf 90' lang='lat' dir='ltr'><strong>locum</strong></span> <span class='ocrx_word' id='word_1_104' title='bbox 1219 1510 1586 1581; x_wconf 88' lang='lat' dir='ltr'><strong>collineaudo,</strong></span> <span class='ocrx_word' id='word_1_105' title='bbox 1617 1512 1730 1568; x_wconf 88' lang='lat' dir='ltr'><strong>suis</strong></span> <span class='ocrx_word' id='word_1_106' title='bbox 1758 1510 2026 1583; x_wconf 85' lang='lat' dir='ltr'><strong>prioribus</strong></span> <span class='ocrx_word' id='word_1_107' title='bbox 2057 1529 2181 1568; x_wconf 88' lang='lat' dir='ltr'><strong>ver-</strong></span> 
     </span>
    </p>
   </div>
   <div class='ocr_carea' id='block_1_16' title="bbox 581 1604 2181 1679">
    <p class='ocr_par' dir='ltr' id='par_1_16' title="bbox 581 1604 2181 1679">
     <span class='ocr_line' id='line_1_16' title="bbox 581 1604 2181 1679; baseline -0.003 -14"><span class='ocrx_word' id='word_1_108' title='bbox 581 1608 667 1665; x_wconf 89' lang='lat' dir='ltr'><strong>bis</strong></span> <span class='ocrx_word' id='word_1_109' title='bbox 691 1607 761 1665; x_wconf 91' lang='lat' dir='ltr'><strong>de</strong></span> <span class='ocrx_word' id='word_1_110' title='bbox 788 1606 1079 1679; x_wconf 88' lang='lat' dir='ltr'><strong>baptismo,</strong></span> <span class='ocrx_word' id='word_1_111' title='bbox 1123 1604 1518 1677; x_wconf 85' lang='lat' dir='ltr'><strong>posterioribus</strong></span> <span class='ocrx_word' id='word_1_112' title='bbox 1555 1604 1623 1663; x_wconf 91' lang='lat' dir='ltr'><strong>de</strong></span> <span class='ocrx_word' id='word_1_113' title='bbox 1678 1606 2004 1663; x_wconf 86' lang='lat' dir='ltr'><strong>eucharislia</strong></span> <span class='ocrx_word' id='word_1_114' title='bbox 2032 1606 2181 1662; x_wconf 85' lang='lat' dir='ltr'><strong>loch-</strong></span> 
     </span>
    </p>
   </div>
   <div class='ocr_carea' id='block_1_17' title="bbox 582 1694 2176 1772">
    <p class='ocr_par' dir='ltr' id='par_1_17' title="bbox 582 1694 2176 1772">
     <span class='ocr_line' id='line_1_17' title="bbox 582 1694 2176 1772; baseline -0.003 -15"><span class='ocrx_word' id='word_1_115' title='bbox 582 1711 697 1757; x_wconf 89' lang='lat' dir='ltr'><strong>tum</strong></span> <span class='ocrx_word' id='word_1_116' title='bbox 743 1697 931 1756; x_wconf 82' lang='lat' dir='ltr'><strong>fuisse.</strong></span> <span class='ocrx_word' id='word_1_117' title='bbox 983 1694 1028 1756; x_wconf 90' lang='grc' dir='ltr'><strong>Ο</strong></span> <span class='ocrx_word' id='word_1_118' title='bbox 1075 1700 1346 1772; x_wconf 81' lang='lat' dir='ltr'><strong>egregiam</strong></span> <span class='ocrx_word' id='word_1_119' title='bbox 1400 1699 1647 1772; x_wconf 83' lang='lat' dir='ltr'><strong>profecto</strong></span> <span class='ocrx_word' id='word_1_120' title='bbox 1687 1698 2176 1770; x_wconf 79' lang='lat' dir='ltr'><strong>consequentiam!</strong></span> 
     </span>
    </p>
   </div>
   <div class='ocr_carea' id='block_1_18' title="bbox 585 1786 2177 1865">
    <p class='ocr_par' dir='ltr' id='par_1_18' title="bbox 585 1786 2177 1865">
     <span class='ocr_line' id='line_1_18' title="bbox 585 1786 2177 1865; baseline -0.003 -14"><span class='ocrx_word' id='word_1_121' title='bbox 585 1794 749 1865; x_wconf 87' lang='lat' dir='ltr'><strong>Quasi</strong></span> <span class='ocrx_word' id='word_1_122' title='bbox 775 1809 905 1850; x_wconf 90' lang='lat' dir='ltr'><strong>vero</strong></span> <span class='ocrx_word' id='word_1_123' title='bbox 932 1790 1203 1849; x_wconf 78' lang='lat' dir='ltr'><strong>Arnobius</strong></span> <span class='ocrx_word' id='word_1_124' title='bbox 1228 1791 1431 1864; x_wconf 90' lang='lat' dir='ltr'><strong>aliquid</strong></span> <span class='ocrx_word' id='word_1_125' title='bbox 1460 1790 1527 1848; x_wconf 86' lang='lat' dir='ltr'><strong>ex</strong></span> <span class='ocrx_word' id='word_1_126' title='bbox 1556 1792 1665 1848; x_wconf 85' lang='lat' dir='ltr'><strong>illis</strong></span> <span class='ocrx_word' id='word_1_127' title='bbox 1692 1792 1970 1849; x_wconf 87' lang='lat' dir='ltr'><strong>Ciceronis</strong></span> <span class='ocrx_word' id='word_1_128' title='bbox 1997 1786 2177 1847; x_wconf 80' lang='lat' dir='ltr'><strong>verbis</strong></span> 
     </span>
    </p>
   </div>
   <div class='ocr_carea' id='block_1_19' title="bbox 582 1868 2256 1957">
    <p class='ocr_par' dir='ltr' id='par_1_19' title="bbox 582 1868 2256 1957">
     <span class='ocr_line' id='line_1_19' title="bbox 582 1868 2256 1957; baseline -0.004 -14"><span class='ocrx_word' id='word_1_129' title='bbox 582 1887 817 1943; x_wconf 88' lang='lat' dir='ltr'><strong>mutuari</strong></span> <span class='ocrx_word' id='word_1_130' title='bbox 857 1902 963 1943; x_wconf 94' lang='lat' dir='ltr'><strong>non</strong></span> <span class='ocrx_word' id='word_1_131' title='bbox 990 1885 1249 1957; x_wconf 85' lang='lat' dir='ltr'><strong>potuerit,</strong></span> <span class='ocrx_word' id='word_1_132' title='bbox 1290 1886 1393 1941; x_wconf 90' lang='lat' dir='ltr'><strong>nisi</strong></span> <span class='ocrx_word' id='word_1_133' title='bbox 1422 1884 1491 1941; x_wconf 91' lang='lat' dir='ltr'><strong>de</strong></span> <span class='ocrx_word' id='word_1_134' title='bbox 1534 1885 1615 1941; x_wconf 91' lang='lat' dir='ltr'><strong>his</strong></span> <span class='ocrx_word' id='word_1_135' title='bbox 1643 1884 2059 1940; x_wconf 64' lang='lat' dir='ltr'><strong>chriétianorum</strong></span> <span class='ocrx_word' id='word_1_136' title='bbox 2086 1899 2177 1938; x_wconf 90' lang='lat' dir='ltr'><strong>sa-</strong></span> <span class='ocrx_word' id='word_1_137' title='bbox 2208 1868 2256 1947; x_wconf 71' lang='grc' dir='ltr'>Β</span> 
     </span>
    </p>
   </div>
   <div class='ocr_carea' id='block_1_20' title="bbox 585 1976 1256 2050">
    <p class='ocr_par' dir='ltr' id='par_1_20' title="bbox 585 1976 1256 2050">
     <span class='ocr_line' id='line_1_20' title="bbox 585 1976 1256 2050; baseline -0.007 -13"><span class='ocrx_word' id='word_1_138' title='bbox 585 1979 881 2037; x_wconf 78' lang='lat' dir='ltr'><strong>oramentis</strong></span> <span class='ocrx_word' id='word_1_139' title='bbox 902 1976 1256 2050; x_wconf 84' lang='lat' dir='ltr'><strong>loqueretur?</strong></span> 
     </span>
    </p>
   </div>
   <div class='ocr_carea' id='block_1_21' title="bbox 659 2064 2179 2145">
    <p class='ocr_par' dir='ltr' id='par_1_21' title="bbox 659 2064 2179 2145">
     <span class='ocr_line' id='line_1_21' title="bbox 659 2064 2179 2145; baseline -0.002 -15"><span class='ocrx_word' id='word_1_140' title='bbox 659 2077 731 2130; x_wconf 79' lang='lat' dir='ltr'><strong>At</strong></span> <span class='ocrx_word' id='word_1_141' title='bbox 774 2072 905 2129; x_wconf 87' lang='lat' dir='ltr'><strong>nihil</strong></span> <span class='ocrx_word' id='word_1_142' title='bbox 946 2078 1096 2141; x_wconf 85' lang='lat' dir='ltr'><strong>certe</strong></span> <span class='ocrx_word' id='word_1_143' title='bbox 1134 2064 1202 2128; x_wconf 84' lang='lat' dir='ltr'><strong>ab</strong></span> <span class='ocrx_word' id='word_1_144' title='bbox 1234 2073 1353 2144; x_wconf 84' lang='lat' dir='ltr'><strong>ejus</strong></span> <span class='ocrx_word' id='word_1_145' title='bbox 1393 2078 1574 2129; x_wconf 84' lang='lat' dir='ltr'><strong>mente</strong></span> <span class='ocrx_word' id='word_1_146' title='bbox 1603 2070 1774 2145; x_wconf 83' lang='lat' dir='ltr'><strong>magis</strong></span> <span class='ocrx_word' id='word_1_147' title='bbox 1816 2072 2072 2127; x_wconf 88' lang='lat' dir='ltr'><strong>alienum.</strong></span> <span class='ocrx_word' id='word_1_148' title='bbox 2103 2070 2179 2127; x_wconf 86' lang='lat' dir='ltr'><strong>De</strong></span> 
     </span>
    </p>
   </div>
   <div class='ocr_carea' id='block_1_22' title="bbox 585 2160 2177 2237">
    <p class='ocr_par' dir='ltr' id='par_1_22' title="bbox 585 2160 2177 2237">
     <span class='ocr_line' id='line_1_22' title="bbox 585 2160 2177 2237; baseline -0.003 -14"><span class='ocrx_word' id='word_1_149' title='bbox 585 2167 707 2223; x_wconf 90' lang='lat' dir='ltr'><strong>sola</strong></span> <span class='ocrx_word' id='word_1_150' title='bbox 736 2166 1014 2223; x_wconf 85' lang='lat' dir='ltr'><strong>enimvero</strong></span> <span class='ocrx_word' id='word_1_151' title='bbox 1039 2160 1281 2237; x_wconf 82' lang='lat' dir='ltr'><strong>diSputat</strong></span> <span class='ocrx_word' id='word_1_152' title='bbox 1311 2163 1455 2221; x_wconf 76' lang='lat' dir='ltr'><strong>felici</strong></span> <span class='ocrx_word' id='word_1_153' title='bbox 1492 2166 1687 2220; x_wconf 66' lang='lat' dir='ltr'><strong>animae</strong></span> <span class='ocrx_word' id='word_1_154' title='bbox 1727 2173 1927 2220; x_wconf 74' lang='lat' dir='ltr'><strong>nostrae</strong></span> <span class='ocrx_word' id='word_1_155' title='bbox 1954 2165 2177 2219; x_wconf 86' lang='lat' dir='ltr'><strong>immor-</strong></span> 
     </span>
    </p>
   </div>
   <div class='ocr_carea' id='block_1_23' title="bbox 585 2242 2176 2331">
    <p class='ocr_par' dir='ltr' id='par_1_23' title="bbox 585 2242 2176 2331">
     <span class='ocr_line' id='line_1_23' title="bbox 585 2242 2176 2331; baseline -0.002 -16"><span class='ocrx_word' id='word_1_156' title='bbox 585 2242 812 2329; x_wconf 79' lang='lat' dir='ltr'><strong>talilale,</strong></span> <span class='ocrx_word' id='word_1_157' title='bbox 848 2266 1007 2331; x_wconf 86' lang='lat' dir='ltr'><strong>quam</strong></span> <span class='ocrx_word' id='word_1_158' title='bbox 1036 2256 1140 2314; x_wconf 82' lang='lat' dir='ltr'><strong>nisi</strong></span> <span class='ocrx_word' id='word_1_159' title='bbox 1165 2259 1349 2330; x_wconf 87' lang='lat' dir='ltr'><strong>agnito</strong></span> <span class='ocrx_word' id='word_1_160' title='bbox 1371 2266 1502 2314; x_wconf 88' lang='lat' dir='ltr'><strong>vero</strong></span> <span class='ocrx_word' id='word_1_161' title='bbox 1534 2252 1667 2325; x_wconf 89' lang='lat' dir='ltr'><strong>Deo,</strong></span> <span class='ocrx_word' id='word_1_162' title='bbox 1693 2266 1757 2313; x_wconf 84' lang='lat' dir='ltr'><strong>ac</strong></span> <span class='ocrx_word' id='word_1_163' title='bbox 1780 2251 1992 2313; x_wconf 82' lang='lat' dir='ltr'><strong>feritate</strong></span> <span class='ocrx_word' id='word_1_164' title='bbox 2019 2258 2176 2312; x_wconf 91' lang='lat' dir='ltr'><strong>vitio-</strong></span> 
     </span>
    </p>
   </div>
   <div class='ocr_carea' id='block_1_24' title="bbox 585 2346 2177 2421">
    <p class='ocr_par' dir='ltr' id='par_1_24' title="bbox 585 2346 2177 2421">
     <span class='ocr_line' id='line_1_24' title="bbox 585 2346 2177 2421; baseline -0.003 -14"><span class='ocrx_word' id='word_1_165' title='bbox 585 2355 731 2420; x_wconf 80' lang='lat' dir='ltr'><strong>rum,</strong></span> <span class='ocrx_word' id='word_1_166' title='bbox 781 2348 837 2407; x_wconf 89' lang='lat' dir='ltr'><strong>&#39;et</strong></span> <span class='ocrx_word' id='word_1_167' title='bbox 884 2366 1096 2407; x_wconf 90' lang='lat' dir='ltr'><strong>morum</strong></span> <span class='ocrx_word' id='word_1_168' title='bbox 1137 2346 1531 2405; x_wconf 75' lang='lat' dir='ltr'><strong>inhumanitate</strong></span> <span class='ocrx_word' id='word_1_169' title='bbox 1572 2348 1866 2421; x_wconf 83' lang='lat' dir='ltr'><strong>depositis,</strong></span> <span class='ocrx_word' id='word_1_170' title='bbox 1920 2349 2177 2419; x_wconf 81' lang='lat' dir='ltr'><strong>consequi</strong></span> 
     </span>
    </p>
   </div>
   <div class='ocr_carea' id='block_1_25' title="bbox 585 2441 2180 2515">
    <p class='ocr_par' dir='ltr' id='par_1_25' title="bbox 585 2441 2180 2515">
     <span class='ocr_line' id='line_1_25' title="bbox 585 2441 2180 2515; baseline -0.003 -16"><span class='ocrx_word' id='word_1_171' title='bbox 585 2458 694 2500; x_wconf 90' lang='lat' dir='ltr'><strong>non</strong></span> <span class='ocrx_word' id='word_1_172' title='bbox 739 2450 1047 2515; x_wconf 88' lang='lat' dir='ltr'><strong>possumus.</strong></span> <span class='ocrx_word' id='word_1_173' title='bbox 1093 2442 1362 2513; x_wconf 81' lang='lat' dir='ltr'><strong>Quorsum</strong></span> <span class='ocrx_word' id='word_1_174' title='bbox 1408 2444 1570 2514; x_wconf 81' lang='lat' dir='ltr'><strong>igitur</strong></span> <span class='ocrx_word' id='word_1_175' title='bbox 1613 2442 1685 2499; x_wconf 88' lang='lat' dir='ltr'><strong>ibi</strong></span> <span class='ocrx_word' id='word_1_176' title='bbox 1736 2441 2180 2497; x_wconf 81' lang='lat' dir='ltr'><strong>commemoratio</strong></span> 
     </span>
    </p>
   </div>
   <div class='ocr_carea' id='block_1_26' title="bbox 497 2523 2182 2607">
    <p class='ocr_par' dir='ltr' id='par_1_26' title="bbox 497 2523 2182 2607">
     <span class='ocr_line' id='line_1_26' title="bbox 497 2523 2182 2607; baseline -0.002 -16"><span class='ocrx_word' id='word_1_177' title='bbox 497 2523 510 2541; x_wconf 86' lang='grc'><em>’</em></span> <span class='ocrx_word' id='word_1_178' title='bbox 585 2534 948 2607; x_wconf 74' lang='lat' dir='ltr'><strong>baptismatis,</strong></span> <span class='ocrx_word' id='word_1_179' title='bbox 974 2534 1043 2592; x_wconf 89' lang='lat' dir='ltr'><strong>de</strong></span> <span class='ocrx_word' id='word_1_180' title='bbox 1072 2551 1176 2607; x_wconf 91' lang='lat' dir='ltr'><strong>qua</strong></span> <span class='ocrx_word' id='word_1_181' title='bbox 1200 2548 1305 2591; x_wconf 87' lang='lat' dir='ltr'><strong>non</strong></span> <span class='ocrx_word' id='word_1_182' title='bbox 1339 2532 1755 2607; x_wconf 71' lang='lat' dir='ltr'><strong>agebaturYCui</strong></span> <span class='ocrx_word' id='word_1_183' title='bbox 1782 2536 1944 2589; x_wconf 86' lang='lat' dir='ltr'><strong>etiam</strong></span> <span class='ocrx_word' id='word_1_184' title='bbox 1984 2544 2182 2605; x_wconf 61' lang='lat' dir='ltr'><strong>praeter</strong></span> 
     </span>
    </p>
   </div>
   <div class='ocr_carea' id='block_1_27' title="bbox 584 2626 2181 2699">
    <p class='ocr_par' dir='ltr' id='par_1_27' title="bbox 584 2626 2181 2699">
     <span class='ocr_line' id='line_1_27' title="bbox 584 2626 2181 2699; baseline -0.004 -13"><span class='ocrx_word' id='word_1_185' title='bbox 584 2626 876 2686; x_wconf 78' lang='lat' dir='ltr'><strong>Heralduni</strong></span> <span class='ocrx_word' id='word_1_186' title='bbox 926 2630 981 2684; x_wconf 82' lang='lat' dir='ltr'><strong>in’</strong></span> <span class='ocrx_word' id='word_1_187' title='bbox 1032 2638 1266 2685; x_wconf 90' lang='lat' dir='ltr'><strong>mentem</strong></span> <span class='ocrx_word' id='word_1_188' title='bbox 1311 2630 1497 2685; x_wconf 89' lang='lat' dir='ltr'><strong>venire</strong></span> <span class='ocrx_word' id='word_1_189' title='bbox 1546 2626 1719 2699; x_wconf 90' lang='lat' dir='ltr'><strong>potuit</strong></span> <span class='ocrx_word' id='word_1_190' title='bbox 1759 2626 1844 2683; x_wconf 91' lang='lat' dir='ltr'><strong>his</strong></span> <span class='ocrx_word' id='word_1_191' title='bbox 1894 2626 2181 2697; x_wconf 82' lang='lat' dir='ltr'><strong>postremis</strong></span> 
     </span>
    </p>
   </div>
   <div class='ocr_carea' id='block_1_28' title="bbox 588 2721 2181 2794">
    <p class='ocr_par' dir='ltr' id='par_1_28' title="bbox 588 2721 2181 2794">
     <span class='ocr_line' id='line_1_28' title="bbox 588 2721 2181 2794; baseline -0.004 -14"><span class='ocrx_word' id='word_1_192' title='bbox 588 2725 815 2781; x_wconf 87' lang='lat' dir='ltr'><strong>Arnobii</strong></span> <span class='ocrx_word' id='word_1_193' title='bbox 843 2724 1024 2781; x_wconf 90' lang='lat' dir='ltr'><strong>verbis</strong></span> <span class='ocrx_word' id='word_1_194' title='bbox 1055 2743 1068 2779; x_wconf 93' lang='lat'>:</span> <span class='ocrx_word' id='word_1_195' title='bbox 1105 2723 1172 2779; x_wconf 90' lang='lat' dir='ltr'><strong>Ut</strong></span> <span class='ocrx_word' id='word_1_196' title='bbox 1193 2724 1262 2778; x_wconf 87' lang='lat' dir='ltr'><strong>ad</strong></span> <span class='ocrx_word' id='word_1_197' title='bbox 1289 2724 1443 2791; x_wconf 83' lang='lat' dir='ltr'><strong>illud,</strong></span> <span class='ocrx_word' id='word_1_198' title='bbox 1471 2722 1606 2794; x_wconf 86' lang='lat' dir='ltr'><strong>quod</strong></span> <span class='ocrx_word' id='word_1_199' title='bbox 1631 2721 1858 2790; x_wconf 79' lang='lat' dir='ltr'><strong>dabitur,</strong></span> <span class='ocrx_word' id='word_1_200' title='bbox 1886 2722 2058 2777; x_wconf 66' lang='lat' dir='ltr'><strong>beatae</strong></span> <span class='ocrx_word' id='word_1_201' title='bbox 2079 2721 2181 2774; x_wconf 81' lang='lat' dir='ltr'><strong>im-</strong></span> 
     </span>
    </p>
   </div>
   <div class='ocr_carea' id='block_1_29' title="bbox 588 2814 2179 2886">
    <p class='ocr_par' dir='ltr' id='par_1_29' title="bbox 588 2814 2179 2886">
     <span class='ocr_line' id='line_1_29' title="bbox 588 2814 2179 2886; baseline -0.005 -13"><span class='ocrx_word' id='word_1_202' title='bbox 588 2816 939 2873; x_wconf 84' lang='lat' dir='ltr'><strong>mortalitatis</strong></span> <span class='ocrx_word' id='word_1_203' title='bbox 977 2816 1280 2886; x_wconf 65' lang='lat' dir='ltr'><strong>prmmium,</strong></span> <span class='ocrx_word' id='word_1_204' title='bbox 1323 2817 1519 2869; x_wconf 60' lang='lat' dir='ltr'><strong>animae</strong></span> <span class='ocrx_word' id='word_1_205' title='bbox 1562 2814 1755 2884; x_wconf 75' lang='lat' dir='ltr'><strong>possint</strong></span> <span class='ocrx_word' id='word_1_206' title='bbox 1803 2828 1911 2868; x_wconf 84' lang='lat' dir='ltr'><strong>esse</strong></span> <span class='ocrx_word' id='word_1_207' title='bbox 1954 2821 2179 2882; x_wconf 69' lang='lat' dir='ltr'><strong>paratae,</strong></span> 
     </span>
    </p>
   </div>
   <div class='ocr_carea' id='block_1_30' title="bbox 591 2906 2183 2982">
    <p class='ocr_par' dir='ltr' id='par_1_30' title="bbox 591 2906 2183 2982">
     <span class='ocr_line' id='line_1_30' title="bbox 591 2906 2183 2982; baseline -0.005 -13"><span class='ocrx_word' id='word_1_208' title='bbox 591 2906 972 2970; x_wconf 80' lang='lat' dir='ltr'><strong>eucharisnam</strong></span> <span class='ocrx_word' id='word_1_209' title='bbox 1020 2909 1349 2982; x_wconf 85' lang='lat' dir='ltr'><strong>signiﬁcari?</strong></span> <span class='ocrx_word' id='word_1_210' title='bbox 1382 2908 1489 2966; x_wconf 86' lang='lat' dir='ltr'><strong>Sed</strong></span> <span class='ocrx_word' id='word_1_211' title='bbox 1517 2907 1637 2965; x_wconf 85' lang='lat' dir='ltr'><strong>vide</strong></span> <span class='ocrx_word' id='word_1_212' title='bbox 1666 2907 1954 2964; x_wconf 82' lang='lat' dir='ltr'><strong>miriﬁcum</strong></span> <span class='ocrx_word' id='word_1_213' title='bbox 1981 2906 2183 2978; x_wconf 77' lang='lat' dir='ltr'><strong>ingenii</strong></span> 
     </span>
    </p>
   </div>
   <div class='ocr_carea' id='block_1_31' title="bbox 593 2996 2184 3074">
    <p class='ocr_par' dir='ltr' id='par_1_31' title="bbox 593 2996 2184 3074">
     <span class='ocr_line' id='line_1_31' title="bbox 593 2996 2184 3074; baseline -0.005 -12"><span class='ocrx_word' id='word_1_214' title='bbox 593 3006 742 3062; x_wconf 77' lang='lat' dir='ltr'><strong>illius</strong></span> <span class='ocrx_word' id='word_1_215' title='bbox 769 3018 1021 3061; x_wconf 86' lang='lat' dir='ltr'><strong>acumen.</strong></span> <span class='ocrx_word' id='word_1_216' title='bbox 1054 3006 1130 3060; x_wconf 89' lang='lat' dir='ltr'><strong>De</strong></span> <span class='ocrx_word' id='word_1_217' title='bbox 1160 3019 1242 3071; x_wconf 85' lang='lat' dir='ltr'><strong>ca,</strong></span> <span class='ocrx_word' id='word_1_218' title='bbox 1277 3004 1469 3074; x_wconf 86' lang='lat' dir='ltr'><strong>inquit,</strong></span> <span class='ocrx_word' id='word_1_219' title='bbox 1501 2996 1710 3057; x_wconf 78' lang='lat' dir='ltr'><strong>obscure</strong></span> <span class='ocrx_word' id='word_1_220' title='bbox 1737 3008 1784 3055; x_wconf 86' lang='lat' dir='ltr'><strong>et</strong></span> <span class='ocrx_word' id='word_1_221' title='bbox 1801 3001 1997 3072; x_wconf 79' lang='lat' dir='ltr'><strong>trepide</strong></span> <span class='ocrx_word' id='word_1_222' title='bbox 2016 3003 2184 3055; x_wconf 84' lang='lat' dir='ltr'><strong>Arno-</strong></span> 
     </span>
    </p>
   </div>
   <div class='ocr_carea' id='block_1_32' title="bbox 590 3093 2184 3172">
    <p class='ocr_par' dir='ltr' id='par_1_32' title="bbox 590 3093 2184 3172">
     <span class='ocr_line' id='line_1_32' title="bbox 590 3093 2184 3172; baseline -0.004 -17"><span class='ocrx_word' id='word_1_223' title='bbox 590 3097 734 3166; x_wconf 74' lang='lat' dir='ltr'><strong>hius;</strong></span> <span class='ocrx_word' id='word_1_224' title='bbox 768 3104 827 3153; x_wconf 91' lang='lat' dir='ltr'><strong>ut</strong></span> <span class='ocrx_word' id='word_1_225' title='bbox 854 3107 980 3172; x_wconf 90' lang='lat' dir='ltr'><strong>pote</strong></span> <span class='ocrx_word' id='word_1_226' title='bbox 1024 3097 1466 3163; x_wconf 80' lang='lat' dir='ltr'><strong>catechumenus,</strong></span> <span class='ocrx_word' id='word_1_227' title='bbox 1497 3095 1757 3165; x_wconf 89' lang='lat' dir='ltr'><strong>loquitur.</strong></span> <span class='ocrx_word' id='word_1_228' title='bbox 1781 3093 1989 3163; x_wconf 71' lang='lat' dir='ltr'><strong>[Nonne</strong></span> <span class='ocrx_word' id='word_1_229' title='bbox 2026 3093 2184 3164; x_wconf 86' lang='lat' dir='ltr'><strong>lynce</strong></span> 
     </span>
    </p>
   </div>
   <div class='ocr_carea' id='block_1_33' title="bbox 590 3187 2183 3263">
    <p class='ocr_par' dir='ltr' id='par_1_33' title="bbox 590 3187 2183 3263">
     <span class='ocr_line' id='line_1_33' title="bbox 590 3187 2183 3263; baseline -0.004 -16"><span class='ocrx_word' id='word_1_230' title='bbox 590 3188 955 3263; x_wconf 86' lang='lat' dir='ltr'><strong>perspicacior</strong></span> <span class='ocrx_word' id='word_1_231' title='bbox 1004 3191 1123 3260; x_wconf 78' lang='lat' dir='ltr'><strong>fuit,</strong></span> <span class='ocrx_word' id='word_1_232' title='bbox 1173 3188 1263 3262; x_wconf 79' lang='lat' dir='ltr'><strong>‘qn&#39;i</strong></span> <span class='ocrx_word' id='word_1_233' title='bbox 1315 3190 1367 3245; x_wconf 89' lang='lat' dir='ltr'><strong>id</strong></span> <span class='ocrx_word' id='word_1_234' title='bbox 1413 3190 1576 3255; x_wconf 90' lang='lat' dir='ltr'><strong>vidit,</strong></span> <span class='ocrx_word' id='word_1_235' title='bbox 1627 3190 1771 3259; x_wconf 91' lang='lat' dir='ltr'><strong>quod</strong></span> <span class='ocrx_word' id='word_1_236' title='bbox 1813 3200 1921 3242; x_wconf 88' lang='lat' dir='ltr'><strong>non</strong></span> <span class='ocrx_word' id='word_1_237' title='bbox 1965 3187 2183 3247; x_wconf 82' lang='lat' dir='ltr'><strong>quidem</strong></span> 
     </span>
    </p>
   </div>
   <div class='ocr_carea' id='block_1_34' title="bbox 2288 578 3898 657">
    <p class='ocr_par' dir='ltr' id='par_1_34' title="bbox 2288 578 3898 657">
     <span class='ocr_line' id='line_1_34' title="bbox 2288 578 3898 657; baseline -0.001 -18"><span class='ocrx_word' id='word_1_238' title='bbox 2288 582 2475 639; x_wconf 87' lang='lat' dir='ltr'><strong>tributi</strong></span> <span class='ocrx_word' id='word_1_239' title='bbox 2502 592 2702 654; x_wconf 89' lang='lat' dir='ltr'><strong>partes,</strong></span> <span class='ocrx_word' id='word_1_240' title='bbox 2744 580 2970 655; x_wconf 89' lang='lat' dir='ltr'><strong>quaru&#39;m</strong></span> <span class='ocrx_word' id='word_1_241' title='bbox 3000 599 3107 640; x_wconf 89' lang='lat' dir='ltr'><strong>una</strong></span> <span class='ocrx_word' id='word_1_242' title='bbox 3128 578 3437 640; x_wconf 71' lang='lat' dir='ltr'><strong>cliris’lianre&#39;</strong></span> <span class='ocrx_word' id='word_1_243' title='bbox 3478 584 3765 657; x_wconf 79' lang='lat' dir='ltr'><strong>religionis</strong></span> <span class='ocrx_word' id='word_1_244' title='bbox 3795 580 3898 640; x_wconf 77' lang='lat' dir='ltr'><strong>ve-</strong></span> 
     </span>
    </p>
   </div>
   <div class='ocr_carea' id='block_1_35' title="bbox 2285 668 3895 744">
    <p class='ocr_par' dir='ltr' id='par_1_35' title="bbox 2285 668 3895 744">
     <span class='ocr_line' id='line_1_35' title="bbox 2285 668 3895 744; baseline -0.001 -10"><span class='ocrx_word' id='word_1_245' title='bbox 2285 676 2517 744; x_wconf 75' lang='lat' dir='ltr'><strong>ritatem,</strong></span> <span class='ocrx_word' id='word_1_246' title='bbox 2543 677 2787 733; x_wconf 85' lang='lat' dir='ltr'><strong>etaltera</strong></span> <span class='ocrx_word' id='word_1_247' title='bbox 2817 675 3046 733; x_wconf 71' lang='lat' dir='ltr'><strong>ethniea:</strong></span> <span class='ocrx_word' id='word_1_248' title='bbox 3064 672 3348 732; x_wconf 77' lang='lat' dir='ltr'><strong>falsitatem</strong></span> <span class='ocrx_word' id='word_1_249' title='bbox 3377 668 3740 733; x_wconf 77' lang='lat' dir='ltr'><strong>demohstrai.</strong></span> <span class='ocrx_word' id='word_1_250' title='bbox 3766 670 3895 733; x_wconf 73' lang='lat' dir='ltr'><strong>1am</strong></span> 
     </span>
    </p>
   </div>
   <div class='ocr_carea' id='block_1_36' title="bbox 2286 770 3893 842">
    <p class='ocr_par' dir='ltr' id='par_1_36' title="bbox 2286 770 3893 842">
     <span class='ocr_line' id='line_1_36' title="bbox 2286 770 3893 842; baseline 0.001 -17"><span class='ocrx_word' id='word_1_251' title='bbox 2286 786 2418 826; x_wconf 92' lang='lat' dir='ltr'><strong>vero</strong></span> <span class='ocrx_word' id='word_1_252' title='bbox 2457 771 2811 841; x_wconf 83' lang='lat' dir='ltr'><strong>expendimus</strong></span> <span class='ocrx_word' id='word_1_253' title='bbox 2860 771 3044 840; x_wconf 89' lang='lat' dir='ltr'><strong>quanti</strong></span> <span class='ocrx_word' id='word_1_254' title='bbox 3090 770 3344 839; x_wconf 87' lang='lat' dir='ltr'><strong>ponderis</strong></span> <span class='ocrx_word' id='word_1_255' title='bbox 3384 770 3492 825; x_wconf 92' lang='lat' dir='ltr'><strong>sint</strong></span> <span class='ocrx_word' id='word_1_256' title='bbox 3531 781 3893 842; x_wconf 81' lang='lat' dir='ltr'><strong>argumenta,</strong></span> 
     </span>
    </p>
   </div>
   <div class='ocr_carea' id='block_1_37' title="bbox 2285 856 3891 933">
    <p class='ocr_par' dir='ltr' id='par_1_37' title="bbox 2285 856 3891 933">
     <span class='ocr_line' id='line_1_37' title="bbox 2285 856 3891 933; baseline -0.002 -17"><span class='ocrx_word' id='word_1_257' title='bbox 2285 862 2478 932; x_wconf 79' lang='lat' dir='ltr'><strong>quibus</strong></span> <span class='ocrx_word' id='word_1_258' title='bbox 2517 861 2892 918; x_wconf 89' lang='lat' dir='ltr'><strong>demonstrare</strong></span> <span class='ocrx_word' id='word_1_259' title='bbox 2922 858 3200 918; x_wconf 84' lang='lat' dir='ltr'><strong>contendit</strong></span> <span class='ocrx_word' id='word_1_260' title='bbox 3237 863 3544 917; x_wconf 73' lang='lat' dir='ltr'><strong>christiana:</strong></span> <span class='ocrx_word' id='word_1_261' title='bbox 3576 856 3891 933; x_wconf 56' lang='lat' dir='ltr'><strong>religionis,</strong></span> 
     </span>
    </p>
   </div>
   <div class='ocr_carea' id='block_1_38' title="bbox 2287 948 3888 1028">
    <p class='ocr_par' dir='ltr' id='par_1_38' title="bbox 2287 948 3888 1028">
     <span class='ocr_line' id='line_1_38' title="bbox 2287 948 3888 1028; baseline 0.002 -20"><span class='ocrx_word' id='word_1_262' title='bbox 2287 955 2779 1026; x_wconf 72' lang='lat' dir='ltr'><strong>przeeipuorumque</strong></span> <span class='ocrx_word' id='word_1_263' title='bbox 2796 955 2912 1025; x_wconf 88' lang='lat' dir='ltr'><strong>ejus</strong></span> <span class='ocrx_word' id='word_1_264' title='bbox 2925 956 3232 1028; x_wconf 86' lang='lat' dir='ltr'><strong>dogmatum</strong></span> <span class='ocrx_word' id='word_1_265' title='bbox 3262 956 3569 1024; x_wconf 88' lang='lat' dir='ltr'><strong>veritatem,</strong></span> <span class='ocrx_word' id='word_1_266' title='bbox 3594 948 3888 1013; x_wconf 87' lang='lat' dir='ltr'><strong>sacrorum</strong></span> 
     </span>
    </p>
   </div>
   <div class='ocr_carea' id='block_1_39' title="bbox 2286 1045 3882 1117">
    <p class='ocr_par' dir='ltr' id='par_1_39' title="bbox 2286 1045 3882 1117">
     <span class='ocr_line' id='line_1_39' title="bbox 2286 1045 3882 1117; baseline 0.004 -17"><span class='ocrx_word' id='word_1_267' title='bbox 2286 1045 2427 1100; x_wconf 86' lang='lat' dir='ltr'><strong>illius</strong></span> <span class='ocrx_word' id='word_1_268' title='bbox 2454 1045 2833 1117; x_wconf 85' lang='lat' dir='ltr'><strong>mysteriorum</strong></span> <span class='ocrx_word' id='word_1_269' title='bbox 2857 1057 2912 1102; x_wconf 89' lang='lat' dir='ltr'><strong>et</strong></span> <span class='ocrx_word' id='word_1_270' title='bbox 2940 1049 3142 1101; x_wconf 89' lang='lat' dir='ltr'><strong>rituum</strong></span> <span class='ocrx_word' id='word_1_271' title='bbox 3174 1050 3546 1115; x_wconf 90' lang='lat' dir='ltr'><strong>sanctitatem,</strong></span> <span class='ocrx_word' id='word_1_272' title='bbox 3583 1064 3648 1105; x_wconf 88' lang='lat' dir='ltr'><strong>ac</strong></span> <span class='ocrx_word' id='word_1_273' title='bbox 3679 1066 3882 1107; x_wconf 89' lang='lat' dir='ltr'><strong>eorum</strong></span> 
     </span>
    </p>
   </div>
   <div class='ocr_carea' id='block_1_40' title="bbox 2285 1134 3894 1215">
    <p class='ocr_par' dir='ltr' id='par_1_40' title="bbox 2285 1134 3894 1215">
     <span class='ocr_line' id='line_1_40' title="bbox 2285 1134 3894 1215; baseline 0.005 -24"><span class='ocrx_word' id='word_1_274' title='bbox 2285 1136 2373 1205; x_wconf 88' lang='lat' dir='ltr'><strong>qui</strong></span> <span class='ocrx_word' id='word_1_275' title='bbox 2399 1153 2517 1191; x_wconf 91' lang='lat' dir='ltr'><strong>eam</strong></span> <span class='ocrx_word' id='word_1_276' title='bbox 2550 1138 2760 1193; x_wconf 89' lang='lat' dir='ltr'><strong>sincere</strong></span> <span class='ocrx_word' id='word_1_277' title='bbox 2786 1136 3149 1215; x_wconf 77' lang='lat' dir='ltr'><strong>sectabantur,</strong></span> <span class='ocrx_word' id='word_1_278' title='bbox 3177 1134 3536 1210; x_wconf 83' lang='lat' dir='ltr'><strong>integritatem</strong></span> <span class='ocrx_word' id='word_1_279' title='bbox 3561 1157 3806 1205; x_wconf 88' lang='lat' dir='ltr'><strong>morum,</strong></span> <span class='ocrx_word' id='word_1_280' title='bbox 3836 1155 3894 1199; x_wconf 89' lang='lat' dir='ltr'><strong>et</strong></span> 
     </span>
    </p>
   </div>
   <div class='ocr_carea' id='block_1_41' title="bbox 2285 1230 3892 1303">
    <p class='ocr_par' dir='ltr' id='par_1_41' title="bbox 2285 1230 3892 1303">
     <span class='ocr_line' id='line_1_41' title="bbox 2285 1230 3892 1303; baseline 0.003 -17"><span class='ocrx_word' id='word_1_281' title='bbox 2285 1245 2347 1286; x_wconf 91' lang='lat' dir='ltr'><strong>ea</strong></span> <span class='ocrx_word' id='word_1_282' title='bbox 2373 1232 2549 1286; x_wconf 89' lang='lat' dir='ltr'><strong>omnia</strong></span> <span class='ocrx_word' id='word_1_283' title='bbox 2593 1230 2660 1286; x_wconf 91' lang='lat' dir='ltr'><strong>ab</strong></span> <span class='ocrx_word' id='word_1_284' title='bbox 2690 1231 2931 1303; x_wconf 88' lang='lat' dir='ltr'><strong>repetitis</strong></span> <span class='ocrx_word' id='word_1_285' title='bbox 2974 1233 3173 1303; x_wconf 80' lang='lat' dir='ltr'><strong>saepius</strong></span> <span class='ocrx_word' id='word_1_286' title='bbox 3216 1233 3551 1287; x_wconf 83' lang='lat' dir='ltr'><strong>ethnicorum</strong></span> <span class='ocrx_word' id='word_1_287' title='bbox 3589 1238 3892 1291; x_wconf 80' lang='lat' dir='ltr'><strong>calumniis</strong></span> 
     </span>
    </p>
   </div>
   <div class='ocr_carea' id='block_1_42' title="bbox 2284 1304 3888 1392">
    <p class='ocr_par' dir='ltr' id='par_1_42' title="bbox 2284 1304 3888 1392">
     <span class='ocr_line' id='line_1_42' title="bbox 2284 1304 3888 1392; baseline 0.004 -17"><span class='ocrx_word' id='word_1_288' title='bbox 2284 1304 2535 1377; x_wconf 85' lang='lat' dir='ltr'><strong>vindicet.</strong></span> <span class='ocrx_word' id='word_1_289' title='bbox 2562 1320 2817 1392; x_wconf 88' lang='lat' dir='ltr'><strong>Superest</strong></span> <span class='ocrx_word' id='word_1_290' title='bbox 2845 1334 2902 1376; x_wconf 93' lang='lat' dir='ltr'><strong>ut</strong></span> <span class='ocrx_word' id='word_1_291' title='bbox 2935 1304 3099 1377; x_wconf 78' lang='lat' dir='ltr'><strong>simili</strong></span> <span class='ocrx_word' id='word_1_292' title='bbox 3140 1310 3299 1377; x_wconf 88' lang='lat' dir='ltr'><strong>modo</strong></span> <span class='ocrx_word' id='word_1_293' title='bbox 3339 1304 3443 1377; x_wconf 78' lang='lat' dir='ltr'><strong>alia</strong></span> <span class='ocrx_word' id='word_1_294' title='bbox 3476 1308 3888 1391; x_wconf 74' lang='lat' dir='ltr'><strong>examinemus,</strong></span> 
     </span>
    </p>
   </div>
   <div class='ocr_carea' id='block_1_43' title="bbox 2292 1410 3892 1487">
    <p class='ocr_par' dir='ltr' id='par_1_43' title="bbox 2292 1410 3892 1487">
     <span class='ocr_line' id='line_1_43' title="bbox 2292 1410 3892 1487; baseline 0.005 -21"><span class='ocrx_word' id='word_1_295' title='bbox 2292 1424 2411 1483; x_wconf 69' lang='lat' dir='ltr'><strong>qua:</strong></span> <span class='ocrx_word' id='word_1_296' title='bbox 2443 1413 2508 1468; x_wconf 86' lang='lat' dir='ltr'><strong>ab</strong></span> <span class='ocrx_word' id='word_1_297' title='bbox 2538 1410 2630 1469; x_wconf 87' lang='lat' dir='ltr'><strong>illo</strong></span> <span class='ocrx_word' id='word_1_298' title='bbox 2674 1414 2727 1467; x_wconf 93' lang='lat' dir='ltr'><strong>in</strong></span> <span class='ocrx_word' id='word_1_299' title='bbox 2769 1412 3005 1469; x_wconf 83' lang='lat' dir='ltr'><strong>Secunda</strong></span> <span class='ocrx_word' id='word_1_300' title='bbox 3044 1414 3225 1484; x_wconf 85' lang='lat' dir='ltr'><strong>operis</strong></span> <span class='ocrx_word' id='word_1_301' title='bbox 3261 1415 3340 1469; x_wconf 90' lang='lat' dir='ltr'><strong>sui</strong></span> <span class='ocrx_word' id='word_1_302' title='bbox 3372 1424 3547 1487; x_wconf 88' lang='lat' dir='ltr'><strong>parte,</strong></span> <span class='ocrx_word' id='word_1_303' title='bbox 3598 1414 3667 1472; x_wconf 88' lang='lat' dir='ltr'><strong>ad</strong></span> <span class='ocrx_word' id='word_1_304' title='bbox 3712 1435 3892 1474; x_wconf 85' lang='lat' dir='ltr'><strong>vanas</strong></span> 
     </span>
    </p>
   </div>
   <div class='ocr_carea' id='block_1_44' title="bbox 2282 1496 3892 1582">
    <p class='ocr_par' dir='ltr' id='par_1_44' title="bbox 2282 1496 3892 1582">
     <span class='ocr_line' id='line_1_44' title="bbox 2282 1496 3892 1582; baseline 0.004 -22"><span class='ocrx_word' id='word_1_305' title='bbox 2282 1504 2560 1577; x_wconf 88' lang='lat' dir='ltr'><strong>gentilium</strong></span> <span class='ocrx_word' id='word_1_306' title='bbox 2589 1506 2894 1577; x_wconf 83' lang='lat' dir='ltr'><strong>religiones,</strong></span> <span class='ocrx_word' id='word_1_307' title='bbox 2919 1507 3112 1577; x_wconf 88' lang='lat' dir='ltr'><strong>impios</strong></span> <span class='ocrx_word' id='word_1_308' title='bbox 3128 1510 3324 1573; x_wconf 91' lang='lat' dir='ltr'><strong>cultus,</strong></span> <span class='ocrx_word' id='word_1_309' title='bbox 3352 1523 3415 1563; x_wconf 91' lang='lat' dir='ltr'><strong>ac</strong></span> <span class='ocrx_word' id='word_1_310' title='bbox 3434 1508 3691 1565; x_wconf 87' lang='lat' dir='ltr'><strong>ridiculas</strong></span> <span class='ocrx_word' id='word_1_311' title='bbox 3720 1496 3892 1582; x_wconf 78' lang='lat' dir='ltr'><strong>plane</strong></span> 
     </span>
    </p>
   </div>
   <div class='ocr_carea' id='block_1_45' title="bbox 2282 1596 3893 1669">
    <p class='ocr_par' dir='ltr' id='par_1_45' title="bbox 2282 1596 3893 1669">
     <span class='ocr_line' id='line_1_45' title="bbox 2282 1596 3893 1669; baseline 0.003 -15"><span class='ocrx_word' id='word_1_312' title='bbox 2282 1607 2338 1654; x_wconf 88' lang='lat' dir='ltr'><strong>et</strong></span> <span class='ocrx_word' id='word_1_313' title='bbox 2364 1596 2781 1654; x_wconf 79' lang='lat' dir='ltr'><strong>absurdissimas</strong></span> <span class='ocrx_word' id='word_1_314' title='bbox 2817 1599 3227 1669; x_wconf 87' lang='lat' dir='ltr'><strong>superstitiones</strong></span> <span class='ocrx_word' id='word_1_315' title='bbox 3276 1598 3515 1655; x_wconf 79' lang='lat' dir='ltr'><strong>funditus</strong></span> <span class='ocrx_word' id='word_1_316' title='bbox 3553 1604 3893 1659; x_wconf 84' lang='lat' dir='ltr'><strong>evertendas</strong></span> 
     </span>
    </p>
   </div>
   <div class='ocr_carea' id='block_1_46' title="bbox 2283 1693 2525 1763">
    <p class='ocr_par' dir='ltr' id='par_1_46' title="bbox 2283 1693 2525 1763">
     <span class='ocr_line' id='line_1_46' title="bbox 2283 1693 2525 1763; baseline 0 -15"><span class='ocrx_word' id='word_1_317' title='bbox 2283 1693 2525 1763; x_wconf 89' lang='lat' dir='ltr'><strong>protulit.</strong></span> 
     </span>
    </p>
   </div>
   <div class='ocr_carea' id='block_1_47' title="bbox 2354 1808 3893 1888">
    <p class='ocr_par' dir='ltr' id='par_1_47' title="bbox 2354 1808 3893 1888">
     <span class='ocr_line' id='line_1_47' title="bbox 2354 1808 3893 1888; baseline 0.004 -23"><span class='ocrx_word' id='word_1_318' title='bbox 2354 1808 2591 1866; x_wconf 90' lang='lat' dir='ltr'><strong>Primum</strong></span> <span class='ocrx_word' id='word_1_319' title='bbox 2619 1812 2798 1884; x_wconf 90' lang='lat' dir='ltr'><strong>itaque</strong></span> <span class='ocrx_word' id='word_1_320' title='bbox 2835 1813 3079 1883; x_wconf 87' lang='lat' dir='ltr'><strong>plurimis</strong></span> <span class='ocrx_word' id='word_1_321' title='bbox 3105 1824 3293 1871; x_wconf 83' lang='lat' dir='ltr'><strong>auctor</strong></span> <span class='ocrx_word' id='word_1_322' title='bbox 3322 1824 3512 1872; x_wconf 89' lang='lat' dir='ltr'><strong>noster</strong></span> <span class='ocrx_word' id='word_1_323' title='bbox 3539 1819 3893 1888; x_wconf 82' lang='lat' dir='ltr'><strong>argumentis</strong></span> 
     </span>
    </p>
   </div>
   <div class='ocr_carea' id='block_1_48' title="bbox 2286 1906 3892 1981">
    <p class='ocr_par' dir='ltr' id='par_1_48' title="bbox 2286 1906 3892 1981">
     <span class='ocr_line' id='line_1_48' title="bbox 2286 1906 3892 1981; baseline 0.004 -22"><span class='ocrx_word' id='word_1_324' title='bbox 2286 1914 2392 1960; x_wconf 91' lang='lat' dir='ltr'><strong>tam</strong></span> <span class='ocrx_word' id='word_1_325' title='bbox 2423 1906 2705 1976; x_wconf 85' lang='lat' dir='ltr'><strong>perspicue</strong></span> <span class='ocrx_word' id='word_1_326' title='bbox 2727 1920 2888 1976; x_wconf 79' lang='lat' dir='ltr'><strong>quam</strong></span> <span class='ocrx_word' id='word_1_327' title='bbox 2914 1907 3111 1964; x_wconf 84' lang='lat' dir='ltr'><strong>invicte</strong></span> <span class='ocrx_word' id='word_1_328' title='bbox 3143 1910 3338 1979; x_wconf 88' lang='lat' dir='ltr'><strong>probat</strong></span> <span class='ocrx_word' id='word_1_329' title='bbox 3382 1910 3544 1966; x_wconf 84' lang='lat' dir='ltr'><strong>falsos</strong></span> <span class='ocrx_word' id='word_1_330' title='bbox 3570 1912 3791 1981; x_wconf 84' lang='lat' dir='ltr'><strong>penitus</strong></span> <span class='ocrx_word' id='word_1_331' title='bbox 3823 1927 3892 1965; x_wconf 85' lang='lat' dir='ltr'><strong>ac</strong></span> 
     </span>
    </p>
   </div>
   <div class='ocr_carea' id='block_1_49' title="bbox 2281 2000 3893 2073">
    <p class='ocr_par' dir='ltr' id='par_1_49' title="bbox 2281 2000 3893 2073">
     <span class='ocr_line' id='line_1_49' title="bbox 2281 2000 3893 2073; baseline 0.002 -19"><span class='ocrx_word' id='word_1_332' title='bbox 2281 2000 2675 2056; x_wconf 90' lang='lat' dir='ltr'><strong>commentitios</strong></span> <span class='ocrx_word' id='word_1_333' title='bbox 2703 2015 2825 2056; x_wconf 90' lang='lat' dir='ltr'><strong>esse</strong></span> <span class='ocrx_word' id='word_1_334' title='bbox 2852 2015 3041 2056; x_wconf 89' lang='lat' dir='ltr'><strong>omnes</strong></span> <span class='ocrx_word' id='word_1_335' title='bbox 3061 2002 3214 2070; x_wconf 88' lang='lat' dir='ltr'><strong>deos,</strong></span> <span class='ocrx_word' id='word_1_336' title='bbox 3245 2013 3382 2073; x_wconf 89' lang='lat' dir='ltr'><strong>quos</strong></span> <span class='ocrx_word' id='word_1_337' title='bbox 3407 2003 3612 2059; x_wconf 84' lang='lat' dir='ltr'><strong>ethnici</strong></span> <span class='ocrx_word' id='word_1_338' title='bbox 3640 2018 3755 2059; x_wconf 90' lang='lat' dir='ltr'><strong>non</strong></span> <span class='ocrx_word' id='word_1_339' title='bbox 3784 2004 3893 2058; x_wconf 87' lang='lat' dir='ltr'><strong>mi-</strong></span> 
     </span>
    </p>
   </div>
   <div class='ocr_carea' id='block_1_50' title="bbox 2281 2090 3891 2163">
    <p class='ocr_par' dir='ltr' id='par_1_50' title="bbox 2281 2090 3891 2163">
     <span class='ocr_line' id='line_1_50' title="bbox 2281 2090 3891 2163; baseline 0.005 -20"><span class='ocrx_word' id='word_1_340' title='bbox 2281 2102 2381 2144; x_wconf 89' lang='lat' dir='ltr'><strong>nus</strong></span> <span class='ocrx_word' id='word_1_341' title='bbox 2401 2090 2584 2161; x_wconf 92' lang='lat' dir='ltr'><strong>impio,</strong></span> <span class='ocrx_word' id='word_1_342' title='bbox 2613 2102 2771 2162; x_wconf 90' lang='lat' dir='ltr'><strong>quam</strong></span> <span class='ocrx_word' id='word_1_343' title='bbox 2804 2093 3025 2163; x_wconf 86' lang='lat' dir='ltr'><strong>antiquo</strong></span> <span class='ocrx_word' id='word_1_344' title='bbox 3063 2094 3211 2149; x_wconf 90' lang='lat' dir='ltr'><strong>cultu</strong></span> <span class='ocrx_word' id='word_1_345' title='bbox 3247 2095 3671 2151; x_wconf 87' lang='lat' dir='ltr'><strong>venerabantur.</strong></span> <span class='ocrx_word' id='word_1_346' title='bbox 3701 2095 3792 2151; x_wconf 82' lang='lat' dir='ltr'><strong>Ab</strong></span> <span class='ocrx_word' id='word_1_347' title='bbox 3815 2111 3891 2150; x_wconf 87' lang='lat' dir='ltr'><strong>eo</strong></span> 
     </span>
    </p>
   </div>
   <div class='ocr_carea' id='block_1_51' title="bbox 2281 2185 3890 2256">
    <p class='ocr_par' dir='ltr' id='par_1_51' title="bbox 2281 2185 3890 2256">
     <span class='ocr_line' id='line_1_51' title="bbox 2281 2185 3890 2256; baseline 0.003 -18"><span class='ocrx_word' id='word_1_348' title='bbox 2281 2193 2457 2240; x_wconf 89' lang='lat' dir='ltr'><strong>autem</strong></span> <span class='ocrx_word' id='word_1_349' title='bbox 2489 2185 2596 2250; x_wconf 90' lang='lat' dir='ltr'><strong>ille,</strong></span> <span class='ocrx_word' id='word_1_350' title='bbox 2625 2186 2776 2256; x_wconf 86' lang='lat' dir='ltr'><strong>quasi</strong></span> <span class='ocrx_word' id='word_1_351' title='bbox 2807 2187 3001 2255; x_wconf 68' lang='lat' dir='ltr'><strong>[)I‘EBVla</strong></span> <span class='ocrx_word' id='word_1_352' title='bbox 3033 2187 3376 2255; x_wconf 88' lang='lat' dir='ltr'><strong>velitatioue,</strong></span> <span class='ocrx_word' id='word_1_353' title='bbox 3413 2188 3625 2243; x_wconf 89' lang='lat' dir='ltr'><strong>initium</strong></span> <span class='ocrx_word' id='word_1_354' title='bbox 3656 2189 3890 2245; x_wconf 88' lang='lat' dir='ltr'><strong>dicendi</strong></span> 
     </span>
    </p>
   </div>
   <div class='ocr_carea' id='block_1_52' title="bbox 2283 2256 3895 2353">
    <p class='ocr_par' dir='ltr' id='par_1_52' title="bbox 2283 2256 3895 2353">
     <span class='ocr_line' id='line_1_52' title="bbox 2283 2256 3895 2353; baseline 0.003 -22"><span class='ocrx_word' id='word_1_355' title='bbox 2283 2276 2409 2332; x_wconf 78' lang='lat' dir='ltr'><strong>fecit</strong></span> <span class='ocrx_word' id='word_1_356' title='bbox 2438 2277 2681 2350; x_wconf 83' lang='lat' dir='ltr'><strong>(Arnob.,</strong></span> <span class='ocrx_word' id='word_1_357' title='bbox 2714 2278 2803 2333; x_wconf 87' lang='lat' dir='ltr'><strong>lib.</strong></span> <span class='ocrx_word' id='word_1_358' title='bbox 2846 2295 2940 2345; x_wconf 85' lang='grc' dir='ltr'><strong>ιιι,</strong></span> <span class='ocrx_word' id='word_1_359' title='bbox 2973 2296 3093 2352; x_wconf 80' lang='lat' dir='ltr'><strong>pag.</strong></span> <span class='ocrx_word' id='word_1_360' title='bbox 3132 2256 3282 2353; x_wconf 74' lang='lat' dir='ltr'><strong>toé),</strong></span> <span class='ocrx_word' id='word_1_361' title='bbox 3318 2281 3460 2352; x_wconf 88' lang='lat' dir='ltr'><strong>quod</strong></span> <span class='ocrx_word' id='word_1_362' title='bbox 3501 2278 3706 2337; x_wconf 76' lang='lat' dir='ltr'><strong>ethnici</strong></span> <span class='ocrx_word' id='word_1_363' title='bbox 3740 2296 3895 2337; x_wconf 87' lang='lat' dir='ltr'><strong>nun—</strong></span> 
     </span>
    </p>
   </div>
   <div class='ocr_carea' id='block_1_53' title="bbox 2281 2371 3893 2445">
    <p class='ocr_par' dir='ltr' id='par_1_53' title="bbox 2281 2371 3893 2445">
     <span class='ocr_line' id='line_1_53' title="bbox 2281 2371 3893 2445; baseline 0.005 -22"><span class='ocrx_word' id='word_1_364' title='bbox 2281 2380 2440 2440; x_wconf 88' lang='lat' dir='ltr'><strong>quam</strong></span> <span class='ocrx_word' id='word_1_365' title='bbox 2473 2371 2743 2440; x_wconf 84' lang='lat' dir='ltr'><strong>explicare</strong></span> <span class='ocrx_word' id='word_1_366' title='bbox 2770 2373 3042 2442; x_wconf 88' lang='lat' dir='ltr'><strong>potuerint</strong></span> <span class='ocrx_word' id='word_1_367' title='bbox 3070 2373 3289 2429; x_wconf 92' lang='lat' dir='ltr'><strong>ubinam</strong></span> <span class='ocrx_word' id='word_1_368' title='bbox 3324 2376 3566 2445; x_wconf 86' lang='lat' dir='ltr'><strong>gentium</strong></span> <span class='ocrx_word' id='word_1_369' title='bbox 3605 2375 3780 2430; x_wconf 80' lang='lat' dir='ltr'><strong>vitam</strong></span> <span class='ocrx_word' id='word_1_370' title='bbox 3814 2377 3893 2431; x_wconf 90' lang='lat' dir='ltr'><strong>dii</strong></span> 
     </span>
    </p>
   </div>
   <div class='ocr_carea' id='block_1_54' title="bbox 2281 2465 3894 2537">
    <p class='ocr_par' dir='ltr' id='par_1_54' title="bbox 2281 2465 3894 2537">
     <span class='ocr_line' id='line_1_54' title="bbox 2281 2465 3894 2537; baseline 0.004 -17"><span class='ocrx_word' id='word_1_371' title='bbox 2281 2466 2362 2520; x_wconf 88' lang='lat' dir='ltr'><strong>sui</strong></span> <span class='ocrx_word' id='word_1_372' title='bbox 2391 2465 2608 2536; x_wconf 84' lang='lat' dir='ltr'><strong>degant,</strong></span> <span class='ocrx_word' id='word_1_373' title='bbox 2632 2473 2725 2521; x_wconf 87' lang='lat' dir='ltr'><strong>aut</strong></span> <span class='ocrx_word' id='word_1_374' title='bbox 2757 2473 2957 2537; x_wconf 85' lang='lat' dir='ltr'><strong>quanta</strong></span> <span class='ocrx_word' id='word_1_375' title='bbox 2994 2468 3064 2522; x_wconf 83' lang='lat' dir='ltr'><strong>sit</strong></span> <span class='ocrx_word' id='word_1_376' title='bbox 3107 2468 3325 2523; x_wconf 90' lang='lat' dir='ltr'><strong>illorum</strong></span> <span class='ocrx_word' id='word_1_377' title='bbox 3361 2468 3672 2524; x_wconf 88' lang='lat' dir='ltr'><strong>multitudo.</strong></span> <span class='ocrx_word' id='word_1_378' title='bbox 3714 2470 3894 2526; x_wconf 86' lang='lat' dir='ltr'><strong>Certo</strong></span> 
     </span>
    </p>
   </div>
   <div class='ocr_carea' id='block_1_55' title="bbox 2282 2560 3896 2632">
    <p class='ocr_par' dir='ltr' id='par_1_55' title="bbox 2282 2560 3896 2632">
     <span class='ocr_line' id='line_1_55' title="bbox 2282 2560 3896 2632; baseline 0.003 -17"><span class='ocrx_word' id='word_1_379' title='bbox 2282 2561 2425 2615; x_wconf 85' lang='lat' dir='ltr'><strong>enini</strong></span> <span class='ocrx_word' id='word_1_380' title='bbox 2466 2560 2738 2616; x_wconf 77' lang='lat' dir='ltr'><strong>afﬁrmare</strong></span> <span class='ocrx_word' id='word_1_381' title='bbox 2769 2569 3042 2632; x_wconf 89' lang='lat' dir='ltr'><strong>nequeunt</strong></span> <span class='ocrx_word' id='word_1_382' title='bbox 3071 2575 3166 2617; x_wconf 89' lang='lat' dir='ltr'><strong>eos</strong></span> <span class='ocrx_word' id='word_1_383' title='bbox 3206 2562 3259 2617; x_wconf 90' lang='lat' dir='ltr'><strong>in</strong></span> <span class='ocrx_word' id='word_1_384' title='bbox 3290 2562 3429 2618; x_wconf 63' lang='lat' dir='ltr'><strong>cosio</strong></span> <span class='ocrx_word' id='word_1_385' title='bbox 3473 2562 3721 2619; x_wconf 88' lang='lat' dir='ltr'><strong>habitare</strong></span> <span class='ocrx_word' id='word_1_386' title='bbox 3749 2606 3766 2629; x_wconf 91' lang='lat'><strong>,</strong></span> <span class='ocrx_word' id='word_1_387' title='bbox 3810 2574 3896 2620; x_wconf 81' lang='lat' dir='ltr'><strong>ta—</strong></span> 
     </span>
    </p>
   </div>
   <div class='ocr_carea' id='block_1_56' title="bbox 2283 2652 3892 2723">
    <p class='ocr_par' dir='ltr' id='par_1_56' title="bbox 2283 2652 3892 2723">
     <span class='ocr_line' id='line_1_56' title="bbox 2283 2652 3892 2723; baseline 0.003 -17"><span class='ocrx_word' id='word_1_388' title='bbox 2283 2652 2470 2722; x_wconf 80' lang='lat' dir='ltr'><strong>lesqlie</strong></span> <span class='ocrx_word' id='word_1_389' title='bbox 2496 2653 2567 2706; x_wconf 91' lang='lat' dir='ltr'><strong>ibi</strong></span> <span class='ocrx_word' id='word_1_390' title='bbox 2594 2664 2736 2719; x_wconf 89' lang='lat' dir='ltr'><strong>esse,</strong></span> <span class='ocrx_word' id='word_1_391' title='bbox 2765 2653 2948 2723; x_wconf 85' lang='lat' dir='ltr'><strong>quales</strong></span> <span class='ocrx_word' id='word_1_392' title='bbox 2991 2654 3045 2708; x_wconf 90' lang='lat' dir='ltr'><strong>in</strong></span> <span class='ocrx_word' id='word_1_393' title='bbox 3093 2654 3251 2708; x_wconf 84' lang='lat' dir='ltr'><strong>terris</strong></span> <span class='ocrx_word' id='word_1_394' title='bbox 3276 2655 3548 2710; x_wconf 88' lang='lat' dir='ltr'><strong>coluntur.</strong></span> <span class='ocrx_word' id='word_1_395' title='bbox 3583 2654 3892 2712; x_wconf 84' lang='lat' dir='ltr'><strong>Gentilium</strong></span> 
     </span>
    </p>
   </div>
   <div class='ocr_carea' id='block_1_57' title="bbox 2284 2742 3889 2818">
    <p class='ocr_par' dir='ltr' id='par_1_57' title="bbox 2284 2742 3889 2818">
     <span class='ocr_line' id='line_1_57' title="bbox 2284 2742 3889 2818; baseline 0.005 -21"><span class='ocrx_word' id='word_1_396' title='bbox 2284 2742 2545 2812; x_wconf 80' lang='lat' dir='ltr'><strong>siquidem</strong></span> <span class='ocrx_word' id='word_1_397' title='bbox 2574 2743 2754 2798; x_wconf 90' lang='lat' dir='ltr'><strong>nullus</strong></span> <span class='ocrx_word' id='word_1_398' title='bbox 2780 2744 2909 2800; x_wconf 91' lang='lat' dir='ltr'><strong>illuc</strong></span> <span class='ocrx_word' id='word_1_399' title='bbox 2952 2746 3261 2801; x_wconf 86' lang='lat' dir='ltr'><strong>convolavit</strong></span> <span class='ocrx_word' id='word_1_400' title='bbox 3302 2762 3554 2818; x_wconf 87' lang='lat' dir='ltr'><strong>unquam,</strong></span> <span class='ocrx_word' id='word_1_401' title='bbox 3586 2756 3643 2803; x_wconf 86' lang='lat' dir='ltr'><strong>et</strong></span> <span class='ocrx_word' id='word_1_402' title='bbox 3669 2748 3889 2805; x_wconf 87' lang='lat' dir='ltr'><strong>vultum</strong></span> 
     </span>
    </p>
   </div>
   <div class='ocr_carea' id='block_1_58' title="bbox 2285 2830 3253 2906">
    <p class='ocr_par' dir='ltr' id='par_1_58' title="bbox 2285 2830 3253 2906">
     <span class='ocr_line' id='line_1_58' title="bbox 2285 2830 3253 2906; baseline 0.002 -18"><span class='ocrx_word' id='word_1_403' title='bbox 2285 2833 2625 2906; x_wconf 79' lang='lat' dir='ltr'><strong>formamque</strong></span> <span class='ocrx_word' id='word_1_404' title='bbox 2652 2830 2867 2891; x_wconf 90' lang='lat' dir='ltr'><strong>illorum</strong></span> <span class='ocrx_word' id='word_1_405' title='bbox 2901 2836 3123 2891; x_wconf 89' lang='lat' dir='ltr'><strong>intuitus</strong></span> <span class='ocrx_word' id='word_1_406' title='bbox 3150 2846 3253 2892; x_wconf 87' lang='lat' dir='ltr'><strong>est.</strong></span> 
     </span>
    </p>
   </div>
   <div class='ocr_carea' id='block_1_59' title="bbox 2356 2926 3889 3003">
    <p class='ocr_par' dir='ltr' id='par_1_59' title="bbox 2356 2926 3889 3003">
     <span class='ocr_line' id='line_1_59' title="bbox 2356 2926 3889 3003; baseline 0.007 -22"><span class='ocrx_word' id='word_1_407' title='bbox 2356 2926 2541 2997; x_wconf 85' lang='lat' dir='ltr'><strong>Neque</strong></span> <span class='ocrx_word' id='word_1_408' title='bbox 2568 2930 2729 2983; x_wconf 90' lang='lat' dir='ltr'><strong>etiam</strong></span> <span class='ocrx_word' id='word_1_409' title='bbox 2763 2929 2868 2984; x_wconf 90' lang='lat' dir='ltr'><strong>illis</strong></span> <span class='ocrx_word' id='word_1_410' title='bbox 2897 2928 3178 3001; x_wconf 84' lang='lat' dir='ltr'><strong>explorata</strong></span> <span class='ocrx_word' id='word_1_411' title='bbox 3223 2930 3394 3003; x_wconf 86' lang='lat' dir='ltr'><strong>magis</strong></span> <span class='ocrx_word' id='word_1_412' title='bbox 3436 2942 3553 2988; x_wconf 85' lang='lat' dir='ltr'><strong>erat</strong></span> <span class='ocrx_word' id='word_1_413' title='bbox 3573 2936 3889 3003; x_wconf 85' lang='lat' dir='ltr'><strong>nominum,</strong></span> 
     </span>
    </p>
   </div>
   <div class='ocr_carea' id='block_1_60' title="bbox 2285 3022 3890 3100">
    <p class='ocr_par' dir='ltr' id='par_1_60' title="bbox 2285 3022 3890 3100">
     <span class='ocr_line' id='line_1_60' title="bbox 2285 3022 3890 3100; baseline 0.004 -24"><span class='ocrx_word' id='word_1_414' title='bbox 2285 3022 2478 3092; x_wconf 88' lang='lat' dir='ltr'><strong>quibus</strong></span> <span class='ocrx_word' id='word_1_415' title='bbox 2505 3022 2580 3077; x_wconf 92' lang='lat' dir='ltr'><strong>dii</strong></span> <span class='ocrx_word' id='word_1_416' title='bbox 2609 3024 2967 3091; x_wconf 87' lang='lat' dir='ltr'><strong>vocabantur,</strong></span> <span class='ocrx_word' id='word_1_417' title='bbox 3002 3024 3176 3094; x_wconf 89' lang='lat' dir='ltr'><strong>origo,</strong></span> <span class='ocrx_word' id='word_1_418' title='bbox 3213 3035 3268 3081; x_wconf 89' lang='lat' dir='ltr'><strong>et</strong></span> <span class='ocrx_word' id='word_1_419' title='bbox 3291 3040 3320 3078; x_wconf 90' lang='lat' dir='ltr'><strong>a</strong></span> <span class='ocrx_word' id='word_1_420' title='bbox 3351 3027 3546 3097; x_wconf 86' lang='lat' dir='ltr'><strong>quibus</strong></span> <span class='ocrx_word' id='word_1_421' title='bbox 3574 3031 3890 3100; x_wconf 82' lang='lat' dir='ltr'><strong>excogitata</strong></span> 
     </span>
    </p>
   </div>
   <div class='ocr_carea' id='block_1_61' title="bbox 2285 3114 3889 3185">
    <p class='ocr_par' dir='ltr' id='par_1_61' title="bbox 2285 3114 3889 3185">
     <span class='ocr_line' id='line_1_61' title="bbox 2285 3114 3889 3185; baseline 0.006 -16"><span class='ocrx_word' id='word_1_422' title='bbox 2285 3114 2516 3185; x_wconf 84' lang='lat' dir='ltr'><strong>dataque</strong></span> <span class='ocrx_word' id='word_1_423' title='bbox 2556 3115 2793 3170; x_wconf 84' lang='lat' dir='ltr'><strong>fuerunt.</strong></span> <span class='ocrx_word' id='word_1_424' title='bbox 2823 3116 2955 3183; x_wconf 83' lang='lat' dir='ltr'><strong>Quis</strong></span> <span class='ocrx_word' id='word_1_425' title='bbox 2985 3118 3127 3172; x_wconf 89' lang='lat' dir='ltr'><strong>enim</strong></span> <span class='ocrx_word' id='word_1_426' title='bbox 3175 3133 3423 3175; x_wconf 86' lang='lat' dir='ltr'><strong>asserere</strong></span> <span class='ocrx_word' id='word_1_427' title='bbox 3462 3119 3659 3175; x_wconf 79' lang='lat' dir='ltr'><strong>audeat</strong></span> <span class='ocrx_word' id='word_1_428' title='bbox 3700 3130 3889 3178; x_wconf 86' lang='lat' dir='ltr'><strong>utrum</strong></span> 
     </span>
    </p>
   </div>
   <div class='ocr_carea' id='block_1_62' title="bbox 2286 3206 3891 3284">
    <p class='ocr_par' dir='ltr' id='par_1_62' title="bbox 2286 3206 3891 3284">
     <span class='ocr_line' id='line_1_62' title="bbox 2286 3206 3891 3284; baseline 0.007 -23"><span class='ocrx_word' id='word_1_429' title='bbox 2286 3206 2359 3261; x_wconf 88' lang='lat' dir='ltr'><strong>dii</strong></span> <span class='ocrx_word' id='word_1_430' title='bbox 2390 3208 2515 3272; x_wconf 79' lang='lat' dir='ltr'><strong>Ittec,</strong></span> <span class='ocrx_word' id='word_1_431' title='bbox 2551 3208 2722 3277; x_wconf 90' lang='lat' dir='ltr'><strong>inquit</strong></span> <span class='ocrx_word' id='word_1_432' title='bbox 2750 3209 3041 3277; x_wconf 82' lang='lat' dir='ltr'><strong>Arnobius,</strong></span> <span class='ocrx_word' id='word_1_433' title='bbox 3075 3210 3172 3264; x_wconf 78' lang='lat' dir='ltr'><strong>sibi</strong></span> <span class='ocrx_word' id='word_1_434' title='bbox 3197 3212 3373 3265; x_wconf 82' lang='lat' dir='ltr'><strong>diebus</strong></span> <span class='ocrx_word' id='word_1_435' title='bbox 3397 3212 3742 3284; x_wconf 71' lang='lat' dir='ltr'><strong>imposuerint</strong></span> <span class='ocrx_word' id='word_1_436' title='bbox 3778 3217 3891 3271; x_wconf 80' lang='lat' dir='ltr'><strong>lus-</strong></span> 
     </span>
    </p>
   </div>
   <div class='ocr_carea' id='block_1_63' title="bbox 591 3270 3887 3377">
    <p class='ocr_par' dir='ltr' id='par_1_63' title="bbox 591 3270 3887 3377">
     <span class='ocr_line' id='line_1_63' title="bbox 591 3270 3887 3377; baseline 0.009 -42"><span class='ocrx_word' id='word_1_437' title='bbox 591 3284 841 3351; x_wconf 76' lang='lat' dir='ltr'><strong>obscure,</strong></span> <span class='ocrx_word' id='word_1_438' title='bbox 871 3280 948 3339; x_wconf 82' lang='lat' dir='ltr'><strong>ull</strong></span> <span class='ocrx_word' id='word_1_439' title='bbox 969 3285 1063 3351; x_wconf 76' lang='lat' dir='ltr'><strong>ait,</strong></span> <span class='ocrx_word' id='word_1_440' title='bbox 1094 3283 1537 3377; x_wconf 4' lang='lat' dir='ltr'><strong>sedgnnllopla&#39;he</strong></span> <span class='ocrx_word' id='word_1_441' title='bbox 1562 3282 2017 3377; x_wconf 19' lang='grc' dir='ltr'><strong>ωοόρᾼΛιςηοῢιυε</strong></span> <span class='ocrx_word' id='word_1_442' title='bbox 2037 3281 2185 3335; x_wconf 66' lang='lat' dir='ltr'><strong>dixe“</strong></span> <span class='ocrx_word' id='word_1_443' title='bbox 2213 3270 2257 3334; x_wconf 65' lang='grc' dir='ltr'>δ</span> <span class='ocrx_word' id='word_1_444' title='bbox 2290 3302 2451 3365; x_wconf 77' lang='lat' dir='ltr'><strong>tricis,</strong></span> <span class='ocrx_word' id='word_1_445' title='bbox 2484 3270 2534 3355; x_wconf 90' lang='lat' dir='ltr'><strong>in</strong></span> <span class='ocrx_word' id='word_1_446' title='bbox 2568 3270 2715 3372; x_wconf 72' lang='lat' dir='ltr'><strong>regio</strong></span> <span class='ocrx_word' id='word_1_447' title='bbox 2738 3301 2926 3357; x_wconf 87' lang='lat' dir='ltr'><strong>codice</strong></span> <span class='ocrx_word' id='word_1_448' title='bbox 2966 3270 3337 3376; x_wconf 80' lang='lat' dir='ltr'><strong>manuscripto</strong></span> <span class='ocrx_word' id='word_1_449' title='bbox 3369 3270 3582 3377; x_wconf 62' lang='lat' dir='ltr'><strong>legitur,</strong></span> <span class='ocrx_word' id='word_1_450' title='bbox 3615 3308 3887 3373; x_wconf 74' lang='lat' dir='ltr'><strong>ludibriis,</strong></span> 
     </span>
    </p>
   </div>
   <div class='ocr_carea' id='block_1_64' title="bbox 590 3372 2183 3445">
    <p class='ocr_par' dir='ltr' id='par_1_64' title="bbox 590 3372 2183 3445">
     <span class='ocr_line' id='line_1_64' title="bbox 590 3372 2183 3445; baseline -0.005 -11"><span class='ocrx_word' id='word_1_451' title='bbox 590 3389 695 3445; x_wconf 88' lang='lat' dir='ltr'><strong>rat,</strong></span> <span class='ocrx_word' id='word_1_452' title='bbox 724 3395 825 3435; x_wconf 88' lang='lat' dir='ltr'><strong>nec</strong></span> <span class='ocrx_word' id='word_1_453' title='bbox 849 3379 1028 3433; x_wconf 91' lang='lat' dir='ltr'><strong>dicere</strong></span> <span class='ocrx_word' id='word_1_454' title='bbox 1058 3372 1262 3431; x_wconf 78' lang='lat' dir='ltr'><strong>voluit?</strong></span> <span class='ocrx_word' id='word_1_455' title='bbox 1308 3375 1449 3430; x_wconf 85' lang='lat' dir='ltr'><strong>Nihil</strong></span> <span class='ocrx_word' id='word_1_456' title='bbox 1486 3376 1630 3430; x_wconf 81' lang='lat' dir='ltr'><strong>enim</strong></span> <span class='ocrx_word' id='word_1_457' title='bbox 1676 3374 1820 3429; x_wconf 80' lang='lat' dir='ltr'><strong>aliud</strong></span> <span class='ocrx_word' id='word_1_458' title='bbox 1842 3417 1856 3440; x_wconf 91' lang='lat'><strong>,</strong></span> <span class='ocrx_word' id='word_1_459' title='bbox 1890 3377 2029 3430; x_wconf 91' lang='lat' dir='ltr'><strong>sicut</strong></span> <span class='ocrx_word' id='word_1_460' title='bbox 2069 3390 2183 3428; x_wconf 90' lang='lat' dir='ltr'><strong>mu—</strong></span> 
     </span>
    </p>
   </div>
   <div class='ocr_carea' id='block_1_65' title="bbox 590 3470 2182 3542">
    <p class='ocr_par' dir='ltr' id='par_1_65' title="bbox 590 3470 2182 3542">
     <span class='ocr_line' id='line_1_65' title="bbox 590 3470 2182 3542; baseline -0.003 -14"><span class='ocrx_word' id='word_1_461' title='bbox 590 3475 827 3539; x_wconf 85' lang='lat' dir='ltr'><strong>nuimus,</strong></span> <span class='ocrx_word' id='word_1_462' title='bbox 868 3470 1026 3538; x_wconf 86' lang='lat' dir='ltr'><strong>dixit,</strong></span> <span class='ocrx_word' id='word_1_463' title='bbox 1074 3487 1232 3542; x_wconf 88' lang='lat' dir='ltr'><strong>quam</strong></span> <span class='ocrx_word' id='word_1_464' title='bbox 1265 3471 1473 3524; x_wconf 89' lang='lat' dir='ltr'><strong>animas</strong></span> <span class='ocrx_word' id='word_1_465' title='bbox 1513 3470 1686 3524; x_wconf 66' lang='lat' dir='ltr'><strong>beata:</strong></span> <span class='ocrx_word' id='word_1_466' title='bbox 1725 3470 2047 3524; x_wconf 62' lang='lat' dir='ltr'><strong>aeternitatis</strong></span> <span class='ocrx_word' id='word_1_467' title='bbox 2076 3484 2182 3524; x_wconf 91' lang='lat' dir='ltr'><strong>non</strong></span> 
     </span>
    </p>
   </div>
   <div class='ocr_carea' id='block_1_66' title="bbox 590 3562 2185 3635">
    <p class='ocr_par' dir='ltr' id='par_1_66' title="bbox 590 3562 2185 3635">
     <span class='ocr_line' id='line_1_66' title="bbox 590 3562 2185 3635; baseline -0.001 -16"><span class='ocrx_word' id='word_1_468' title='bbox 590 3567 702 3621; x_wconf 79' lang='lat' dir='ltr'><strong>fore</strong></span> <span class='ocrx_word' id='word_1_469' title='bbox 731 3565 1039 3635; x_wconf 77' lang='lat' dir='ltr'><strong>participes,</strong></span> <span class='ocrx_word' id='word_1_470' title='bbox 1067 3564 1167 3618; x_wconf 91' lang='lat' dir='ltr'><strong>nisi</strong></span> <span class='ocrx_word' id='word_1_471' title='bbox 1199 3562 1367 3617; x_wconf 90' lang='lat' dir='ltr'><strong>Deum</strong></span> <span class='ocrx_word' id='word_1_472' title='bbox 1400 3571 1716 3633; x_wconf 79' lang='lat' dir='ltr'><strong>agnoscant,</strong></span> <span class='ocrx_word' id='word_1_473' title='bbox 1763 3577 1826 3616; x_wconf 86' lang='lat' dir='ltr'><strong>ac</strong></span> <span class='ocrx_word' id='word_1_474' title='bbox 1864 3564 2185 3633; x_wconf 79' lang='lat' dir='ltr'><strong>purgatione</strong></span> 
     </span>
    </p>
   </div>
   <div class='ocr_carea' id='block_1_67' title="bbox 590 3638 2184 3727">
    <p class='ocr_par' dir='ltr' id='par_1_67' title="bbox 590 3638 2184 3727">
     <span class='ocr_line' id='line_1_67' title="bbox 590 3638 2184 3727; baseline 0.001 -16"><span class='ocrx_word' id='word_1_475' title='bbox 590 3656 845 3712; x_wconf 84' lang='lat' dir='ltr'><strong>vitiorum</strong></span> <span class='ocrx_word' id='word_1_476' title='bbox 897 3656 964 3711; x_wconf 84' lang='lat' dir='ltr'><strong>ad</strong></span> <span class='ocrx_word' id='word_1_477' title='bbox 1014 3662 1131 3711; x_wconf 86' lang='lat' dir='ltr'><strong>eam</strong></span> <span class='ocrx_word' id='word_1_478' title='bbox 1189 3656 1580 3726; x_wconf 82' lang='lat' dir='ltr'><strong>assequendam</strong></span> <span class='ocrx_word' id='word_1_479' title='bbox 1611 3638 1814 3726; x_wconf 75' lang='lat' dir='ltr'><strong>paratae</strong></span> <span class='ocrx_word' id='word_1_480' title='bbox 1839 3656 1964 3711; x_wconf 90' lang='lat' dir='ltr'><strong>sint.</strong></span> <span class='ocrx_word' id='word_1_481' title='bbox 2000 3659 2184 3727; x_wconf 76' lang='lat' dir='ltr'><strong>Apage</strong></span> 
     </span>
    </p>
   </div>
   <div class='ocr_carea' id='block_1_68' title="bbox 591 3734 2182 3821">
    <p class='ocr_par' dir='ltr' id='par_1_68' title="bbox 591 3734 2182 3821">
     <span class='ocr_line' id='line_1_68' title="bbox 591 3734 2182 3821; baseline -0.001 -14"><span class='ocrx_word' id='word_1_482' title='bbox 591 3751 744 3821; x_wconf 62' lang='lat' dir='ltr'><strong>ergo,</strong></span> <span class='ocrx_word' id='word_1_483' title='bbox 796 3734 891 3803; x_wconf 87' lang='lat' dir='ltr'><strong>has</strong></span> <span class='ocrx_word' id='word_1_484' title='bbox 940 3748 1179 3819; x_wconf 78' lang='lat' dir='ltr'><strong>aliaSque</strong></span> <span class='ocrx_word' id='word_1_485' title='bbox 1225 3749 1431 3803; x_wconf 75' lang='lat' dir='ltr'><strong>Similes</strong></span> <span class='ocrx_word' id='word_1_486' title='bbox 1474 3749 1797 3818; x_wconf 85' lang='lat' dir='ltr'><strong>scriptorum</strong></span> <span class='ocrx_word' id='word_1_487' title='bbox 1825 3750 2182 3820; x_wconf 87' lang='lat' dir='ltr'><strong>quorumdam</strong></span> 
     </span>
    </p>
   </div>
   <div class='ocr_carea' id='block_1_69' title="bbox 589 3841 2182 3914">
    <p class='ocr_par' dir='ltr' id='par_1_69' title="bbox 589 3841 2182 3914">
     <span class='ocr_line' id='line_1_69' title="bbox 589 3841 2182 3914; baseline 0.001 -17"><span class='ocrx_word' id='word_1_488' title='bbox 589 3842 999 3909; x_wconf 86' lang='lat' dir='ltr'><strong>annotationes,</strong></span> <span class='ocrx_word' id='word_1_489' title='bbox 1042 3846 1177 3913; x_wconf 81' lang='lat' dir='ltr'><strong>quas</strong></span> <span class='ocrx_word' id='word_1_490' title='bbox 1214 3855 1277 3897; x_wconf 91' lang='lat' dir='ltr'><strong>ea</strong></span> <span class='ocrx_word' id='word_1_491' title='bbox 1324 3841 1695 3896; x_wconf 76' lang='lat' dir='ltr'><strong>tantummodo</strong></span> <span class='ocrx_word' id='word_1_492' title='bbox 1726 3845 1934 3898; x_wconf 83' lang='lat' dir='ltr'><strong>ratione</strong></span> <span class='ocrx_word' id='word_1_493' title='bbox 1980 3858 2182 3914; x_wconf 81' lang='lat' dir='ltr'><strong>conge—</strong></span> 
     </span>
    </p>
   </div>
   <div class='ocr_carea' id='block_1_70' title="bbox 589 3934 2185 4006">
    <p class='ocr_par' dir='ltr' id='par_1_70' title="bbox 589 3934 2185 4006">
     <span class='ocr_line' id='line_1_70' title="bbox 589 3934 2185 4006; baseline 0.001 -16"><span class='ocrx_word' id='word_1_494' title='bbox 589 3943 740 4003; x_wconf 89' lang='lat' dir='ltr'><strong>runt,</strong></span> <span class='ocrx_word' id='word_1_495' title='bbox 773 3942 833 3989; x_wconf 91' lang='lat' dir='ltr'><strong>ut</strong></span> <span class='ocrx_word' id='word_1_496' title='bbox 859 3944 1026 3989; x_wconf 88' lang='lat' dir='ltr'><strong>vanos</strong></span> <span class='ocrx_word' id='word_1_497' title='bbox 1059 3935 1196 3990; x_wconf 87' lang='lat' dir='ltr'><strong>male</strong></span> <span class='ocrx_word' id='word_1_498' title='bbox 1234 3934 1457 4006; x_wconf 64' lang='lat' dir='ltr'><strong>digesta:</strong></span> <span class='ocrx_word' id='word_1_499' title='bbox 1485 3934 1805 3991; x_wconf 85' lang='lat' dir='ltr'><strong>eruditionis</strong></span> <span class='ocrx_word' id='word_1_500' title='bbox 1842 3934 2185 3993; x_wconf 90' lang='lat' dir='ltr'><strong>rumusculos</strong></span> 
     </span>
    </p>
   </div>
   <div class='ocr_carea' id='block_1_71' title="bbox 588 4032 945 4097">
    <p class='ocr_par' dir='ltr' id='par_1_71' title="bbox 588 4032 945 4097">
     <span class='ocr_line' id='line_1_71' title="bbox 588 4032 945 4097; baseline -0.003 -15"><span class='ocrx_word' id='word_1_501' title='bbox 588 4032 945 4097; x_wconf 85' lang='lat' dir='ltr'><strong>auctlp&#39;entur.</strong></span> 
     </span>
    </p>
   </div>
   <div class='ocr_carea' id='block_1_72' title="bbox 665 4118 2186 4190">
    <p class='ocr_par' dir='ltr' id='par_1_72' title="bbox 665 4118 2186 4190">
     <span class='ocr_line' id='line_1_72' title="bbox 665 4118 2186 4190; baseline 0.001 -16"><span class='ocrx_word' id='word_1_502' title='bbox 665 4118 835 4174; x_wconf 82' lang='lat' dir='ltr'><strong>Multo</strong></span> <span class='ocrx_word' id='word_1_503' title='bbox 871 4118 1034 4189; x_wconf 84' lang='lat' dir='ltr'><strong>igitur</strong></span> <span class='ocrx_word' id='word_1_504' title='bbox 1063 4118 1266 4174; x_wconf 86' lang='lat' dir='ltr'><strong>certius</strong></span> <span class='ocrx_word' id='word_1_505' title='bbox 1290 4126 1375 4175; x_wconf 89' lang='lat' dir='ltr'><strong>est</strong></span> <span class='ocrx_word' id='word_1_506' title='bbox 1397 4120 1630 4190; x_wconf 84' lang='lat' dir='ltr'><strong>agnitam</strong></span> <span class='ocrx_word' id='word_1_507' title='bbox 1656 4119 1725 4174; x_wconf 85' lang='lat' dir='ltr'><strong>ab</strong></span> <span class='ocrx_word' id='word_1_508' title='bbox 1751 4129 1972 4177; x_wconf 87' lang='lat' dir='ltr'><strong>auctore</strong></span> <span class='ocrx_word' id='word_1_509' title='bbox 2000 4130 2186 4176; x_wconf 89' lang='lat' dir='ltr'><strong>nostro</strong></span> 
     </span>
    </p>
   </div>
   <div class='ocr_carea' id='block_1_73' title="bbox 590 4212 2187 4285">
    <p class='ocr_par' dir='ltr' id='par_1_73' title="bbox 590 4212 2187 4285">
     <span class='ocr_line' id='line_1_73' title="bbox 590 4212 2187 4285; baseline -0.001 -15"><span class='ocrx_word' id='word_1_510' title='bbox 590 4214 786 4271; x_wconf 84' lang='lat' dir='ltr'><strong>divinae</strong></span> <span class='ocrx_word' id='word_1_511' title='bbox 815 4213 1000 4285; x_wconf 68' lang='lat' dir='ltr'><strong>gratiae</strong></span> <span class='ocrx_word' id='word_1_512' title='bbox 1019 4257 1033 4281; x_wconf 93' lang='lat'><strong>,</strong></span> <span class='ocrx_word' id='word_1_513' title='bbox 1063 4227 1158 4269; x_wconf 91' lang='lat' dir='ltr'><strong>seu</strong></span> <span class='ocrx_word' id='word_1_514' title='bbox 1201 4212 1368 4269; x_wconf 87' lang='lat' dir='ltr'><strong>divini</strong></span> <span class='ocrx_word' id='word_1_515' title='bbox 1398 4213 1589 4270; x_wconf 85' lang='lat' dir='ltr'><strong>auxilll</strong></span> <span class='ocrx_word' id='word_1_516' title='bbox 1619 4214 1686 4269; x_wconf 86' lang='lat' dir='ltr'><strong>ad</strong></span> <span class='ocrx_word' id='word_1_517' title='bbox 1718 4215 2056 4271; x_wconf 89' lang='lat' dir='ltr'><strong>subeundum</strong></span> <span class='ocrx_word' id='word_1_518' title='bbox 2086 4229 2187 4285; x_wconf 89' lang='lat' dir='ltr'><strong>pro</strong></span> 
     </span>
    </p>
   </div>
   <div class='ocr_carea' id='block_1_74' title="bbox 591 4305 2187 4381">
    <p class='ocr_par' dir='ltr' id='par_1_74' title="bbox 591 4305 2187 4381">
     <span class='ocr_line' id='line_1_74' title="bbox 591 4305 2187 4381; baseline 0.001 -17"><span class='ocrx_word' id='word_1_519' title='bbox 591 4307 903 4364; x_wconf 67' lang='lat' dir='ltr'><strong>Christianae</strong></span> <span class='ocrx_word' id='word_1_520' title='bbox 948 4307 1224 4378; x_wconf 84' lang='lat' dir='ltr'><strong>religionis</strong></span> <span class='ocrx_word' id='word_1_521' title='bbox 1268 4305 1613 4363; x_wconf 73' lang='lat' dir='ltr'><strong>coiiIeSsione</strong></span> <span class='ocrx_word' id='word_1_522' title='bbox 1669 4310 2015 4381; x_wconf 81' lang='lat' dir='ltr'><strong>martyrium.</strong></span> <span class='ocrx_word' id='word_1_523' title='bbox 2085 4308 2187 4365; x_wconf 88' lang='lat' dir='ltr'><strong>Tot</strong></span> 
     </span>
    </p>
   </div>
   <div class='ocr_carea' id='block_1_75' title="bbox 592 4396 2191 4474">
    <p class='ocr_par' dir='ltr' id='par_1_75' title="bbox 592 4396 2191 4474">
     <span class='ocr_line' id='line_1_75' title="bbox 592 4396 2191 4474; baseline 0 -17"><span class='ocrx_word' id='word_1_524' title='bbox 592 4398 736 4457; x_wconf 89' lang='lat' dir='ltr'><strong>enim</strong></span> <span class='ocrx_word' id='word_1_525' title='bbox 761 4396 990 4471; x_wconf 86' lang='lat' dir='ltr'><strong>ltamque</strong></span> <span class='ocrx_word' id='word_1_526' title='bbox 1030 4400 1298 4457; x_wconf 88' lang='lat' dir='ltr'><strong>horrenda</strong></span> <span class='ocrx_word' id='word_1_527' title='bbox 1328 4401 1395 4457; x_wconf 90' lang='lat' dir='ltr'><strong>ad</strong></span> <span class='ocrx_word' id='word_1_528' title='bbox 1432 4411 1656 4458; x_wconf 91' lang='lat' dir='ltr'><strong>mortem</strong></span> <span class='ocrx_word' id='word_1_529' title='bbox 1701 4414 1870 4473; x_wconf 88' lang='lat' dir='ltr'><strong>usque</strong></span> <span class='ocrx_word' id='word_1_530' title='bbox 1905 4402 2191 4474; x_wconf 82' lang='lat' dir='ltr'><strong>supplicia;</strong></span> 
     </span>
    </p>
   </div>
   <div class='ocr_carea' id='block_1_76' title="bbox 594 4493 2186 4566">
    <p class='ocr_par' dir='ltr' id='par_1_76' title="bbox 594 4493 2186 4566">
     <span class='ocr_line' id='line_1_76' title="bbox 594 4493 2186 4566; baseline 0.001 -16"><span class='ocrx_word' id='word_1_531' title='bbox 594 4502 702 4550; x_wconf 81' lang='lat' dir='ltr'><strong>tam</strong></span> <span class='ocrx_word' id='word_1_532' title='bbox 733 4500 1047 4550; x_wconf 81' lang='lat' dir='ltr'><strong>constanter</strong></span> <span class='ocrx_word' id='word_1_533' title='bbox 1077 4496 1283 4565; x_wconf 87' lang='lat' dir='ltr'><strong>perpeti</strong></span> <span class='ocrx_word' id='word_1_534' title='bbox 1326 4496 1436 4550; x_wconf 83' lang='lat' dir='ltr'><strong>sine</strong></span> <span class='ocrx_word' id='word_1_535' title='bbox 1459 4493 1602 4563; x_wconf 83' lang='lat' dir='ltr'><strong>Deo,</strong></span> <span class='ocrx_word' id='word_1_536' title='bbox 1642 4496 1816 4566; x_wconf 86' lang='lat' dir='ltr'><strong>inquit</strong></span> <span class='ocrx_word' id='word_1_537' title='bbox 1842 4508 1950 4550; x_wconf 91' lang='lat' dir='ltr'><strong>non</strong></span> <span class='ocrx_word' id='word_1_538' title='bbox 1992 4506 2186 4564; x_wconf 83' lang='lat' dir='ltr'><strong>patue-</strong></span> 
     </span>
    </p>
   </div>
   <div class='ocr_carea' id='block_1_77' title="bbox 590 4584 2182 4661">
    <p class='ocr_par' dir='ltr' id='par_1_77' title="bbox 590 4584 2182 4661">
     <span class='ocr_line' id='line_1_77' title="bbox 590 4584 2182 4661; baseline 0.001 -19"><span class='ocrx_word' id='word_1_539' title='bbox 590 4593 737 4642; x_wconf 85' lang='lat' dir='ltr'><strong>runt.</strong></span> <span class='ocrx_word' id='word_1_540' title='bbox 769 4584 878 4643; x_wconf 85' lang='lat' dir='ltr'><strong>Sed</strong></span> <span class='ocrx_word' id='word_1_541' title='bbox 906 4587 960 4642; x_wconf 88' lang='lat' dir='ltr'><strong>id</strong></span> <span class='ocrx_word' id='word_1_542' title='bbox 1005 4600 1035 4641; x_wconf 86' lang='lat' dir='ltr'><strong>a</strong></span> <span class='ocrx_word' id='word_1_543' title='bbox 1065 4586 1219 4644; x_wconf 88' lang='lat' dir='ltr'><strong>nobis</strong></span> <span class='ocrx_word' id='word_1_544' title='bbox 1248 4602 1410 4659; x_wconf 88' lang='lat' dir='ltr'><strong>supra</strong></span> <span class='ocrx_word' id='word_1_545' title='bbox 1452 4588 1771 4661; x_wconf 86' lang='lat' dir='ltr'><strong>explicatum</strong></span> <span class='ocrx_word' id='word_1_546' title='bbox 1812 4602 1876 4644; x_wconf 93' lang='lat' dir='ltr'><strong>ac</strong></span> <span class='ocrx_word' id='word_1_547' title='bbox 1900 4589 2182 4658; x_wconf 88' lang='lat' dir='ltr'><strong>probatum</strong></span> 
     </span>
    </p>
   </div>
   <div class='ocr_carea' id='block_1_78' title="bbox 2288 3393 3889 3464">
    <p class='ocr_par' dir='ltr' id='par_1_78' title="bbox 2288 3393 3889 3464">
     <span class='ocr_line' id='line_1_78' title="bbox 2288 3393 3889 3464; baseline 0.006 -17"><span class='ocrx_word' id='word_1_548' title='bbox 2288 3394 2339 3447; x_wconf 91' lang='lat' dir='ltr'><strong>in</strong></span> <span class='ocrx_word' id='word_1_549' title='bbox 2362 3394 2596 3460; x_wconf 87' lang='lat' dir='ltr'><strong>antiquis</strong></span> <span class='ocrx_word' id='word_1_550' title='bbox 2626 3393 2952 3449; x_wconf 86' lang='lat' dir='ltr'><strong>editionibus</strong></span> <span class='ocrx_word' id='word_1_551' title='bbox 2983 3396 3217 3457; x_wconf 79' lang='lat' dir='ltr'><strong>ludicris.</strong></span> <span class='ocrx_word' id='word_1_552' title='bbox 3243 3397 3297 3451; x_wconf 91' lang='lat' dir='ltr'><strong>in</strong></span> <span class='ocrx_word' id='word_1_553' title='bbox 3324 3398 3509 3452; x_wconf 87' lang='lat' dir='ltr'><strong>ultima</strong></span> <span class='ocrx_word' id='word_1_554' title='bbox 3541 3399 3799 3464; x_wconf 78' lang='lat' dir='ltr'><strong>lustricis,</strong></span> <span class='ocrx_word' id='word_1_555' title='bbox 3836 3414 3889 3457; x_wconf 81' lang='lat' dir='ltr'><strong>et</strong></span> 
     </span>
    </p>
   </div>
   <div class='ocr_carea' id='block_1_79' title="bbox 2288 3486 3889 3563">
    <p class='ocr_par' dir='ltr' id='par_1_79' title="bbox 2288 3486 3889 3563">
     <span class='ocr_line' id='line_1_79' title="bbox 2288 3486 3889 3563; baseline 0.004 -21"><span class='ocrx_word' id='word_1_556' title='bbox 2288 3486 2340 3542; x_wconf 91' lang='lat' dir='ltr'><strong>id</strong></span> <span class='ocrx_word' id='word_1_557' title='bbox 2370 3486 2583 3541; x_wconf 88' lang='lat' dir='ltr'><strong>melius.</strong></span> <span class='ocrx_word' id='word_1_558' title='bbox 2617 3486 2711 3541; x_wconf 75' lang='lat' dir='ltr'><strong>ESt</strong></span> <span class='ocrx_word' id='word_1_559' title='bbox 2739 3488 2905 3551; x_wconf 89' lang='lat' dir='ltr'><strong>enim,</strong></span> <span class='ocrx_word' id='word_1_560' title='bbox 2939 3488 3107 3558; x_wconf 90' lang='lat' dir='ltr'><strong>inquit</strong></span> <span class='ocrx_word' id='word_1_561' title='bbox 3147 3488 3448 3545; x_wconf 81' lang='lat' dir='ltr'><strong>Macrobius</strong></span> <span class='ocrx_word' id='word_1_562' title='bbox 3478 3489 3765 3563; x_wconf 75' lang='lat' dir='ltr'><strong>(Macrob..</strong></span> <span class='ocrx_word' id='word_1_563' title='bbox 3795 3496 3889 3549; x_wconf 82' lang='lat' dir='ltr'><strong>lib.</strong></span> 
     </span>
    </p>
   </div>
   <div class='ocr_carea' id='block_1_80' title="bbox 2286 3580 3889 3660">
    <p class='ocr_par' dir='ltr' id='par_1_80' title="bbox 2286 3580 3889 3660">
     <span class='ocr_line' id='line_1_80' title="bbox 2286 3580 3889 3660; baseline 0.006 -25"><span class='ocrx_word' id='word_1_564' title='bbox 2286 3597 2322 3647; x_wconf 84' lang='grc' dir='ltr'>ι,</span> <span class='ocrx_word' id='word_1_565' title='bbox 2358 3580 2650 3646; x_wconf 84' lang='lat' dir='ltr'><strong>Salurnal.,</strong></span> <span class='ocrx_word' id='word_1_566' title='bbox 2683 3597 2799 3651; x_wconf 85' lang='lat' dir='ltr'><strong>cap.</strong></span> <span class='ocrx_word' id='word_1_567' title='bbox 2852 3583 2938 3649; x_wconf 79' lang='lat' dir='ltr'><strong>l6,</strong></span> <span class='ocrx_word' id='word_1_568' title='bbox 2986 3601 3104 3653; x_wconf 84' lang='lat' dir='ltr'><strong>pag.</strong></span> <span class='ocrx_word' id='word_1_569' title='bbox 3137 3584 3288 3654; x_wconf 75' lang='lat'><strong>507),</strong></span> <span class='ocrx_word' id='word_1_570' title='bbox 3316 3586 3557 3640; x_wconf 78' lang='lat' dir='ltr'><strong>lustricns</strong></span> <span class='ocrx_word' id='word_1_571' title='bbox 3598 3588 3742 3653; x_wconf 73' lang='lat' dir='ltr'><strong>dies,</strong></span> <span class='ocrx_word' id='word_1_572' title='bbox 3774 3606 3889 3660; x_wconf 90' lang='lat' dir='ltr'><strong>quo</strong></span> 
     </span>
    </p>
   </div>
   <div class='ocr_carea' id='block_1_81' title="bbox 2288 3672 3893 3750">
    <p class='ocr_par' dir='ltr' id='par_1_81' title="bbox 2288 3672 3893 3750">
     <span class='ocr_line' id='line_1_81' title="bbox 2288 3672 3893 3750; baseline 0.007 -24"><span class='ocrx_word' id='word_1_573' title='bbox 2288 3672 2520 3726; x_wconf 82' lang='lat' dir='ltr'><strong>infantes</strong></span> <span class='ocrx_word' id='word_1_574' title='bbox 2549 3674 2866 3741; x_wconf 89' lang='lat' dir='ltr'><strong>lustrantur,</strong></span> <span class='ocrx_word' id='word_1_575' title='bbox 2899 3686 2945 3729; x_wconf 90' lang='lat' dir='ltr'><strong>et</strong></span> <span class='ocrx_word' id='word_1_576' title='bbox 2963 3691 3143 3729; x_wconf 86' lang='lat' dir='ltr'><strong>nomen</strong></span> <span class='ocrx_word' id='word_1_577' title='bbox 3171 3677 3449 3746; x_wconf 82' lang='lat' dir='ltr'><strong>accipiant,</strong></span> <span class='ocrx_word' id='word_1_578' title='bbox 3472 3692 3538 3733; x_wconf 90' lang='lat' dir='ltr'><strong>ac</strong></span> <span class='ocrx_word' id='word_1_579' title='bbox 3563 3694 3746 3735; x_wconf 89' lang='lat' dir='ltr'><strong>mares</strong></span> <span class='ocrx_word' id='word_1_580' title='bbox 3770 3685 3893 3750; x_wconf 81' lang='lat' dir='ltr'><strong>qui-</strong></span> 
     </span>
    </p>
   </div>
   <div class='ocr_carea' id='block_1_82' title="bbox 2288 3766 3892 3839">
    <p class='ocr_par' dir='ltr' id='par_1_82' title="bbox 2288 3766 3892 3839">
     <span class='ocr_line' id='line_1_82' title="bbox 2288 3766 3892 3839; baseline 0.007 -20"><span class='ocrx_word' id='word_1_581' title='bbox 2288 3766 2410 3819; x_wconf 89' lang='lat' dir='ltr'><strong>dem</strong></span> <span class='ocrx_word' id='word_1_582' title='bbox 2433 3780 2597 3833; x_wconf 89' lang='lat' dir='ltr'><strong>nono,</strong></span> <span class='ocrx_word' id='word_1_583' title='bbox 2633 3766 2842 3822; x_wconf 71' lang='lat' dir='ltr'><strong>femina:</strong></span> <span class='ocrx_word' id='word_1_584' title='bbox 2871 3778 3066 3823; x_wconf 86' lang='lat' dir='ltr'><strong>octavo</strong></span> <span class='ocrx_word' id='word_1_585' title='bbox 3086 3809 3100 3833; x_wconf 89' lang='lat'><strong>,</strong></span> <span class='ocrx_word' id='word_1_586' title='bbox 3131 3769 3588 3839; x_wconf 88' lang='lat' dir='ltr'><strong>quemadmodum</strong></span> <span class='ocrx_word' id='word_1_587' title='bbox 3618 3789 3645 3824; x_wconf 85' lang='lat' dir='ltr'><strong>a</strong></span> <span class='ocrx_word' id='word_1_588' title='bbox 3694 3773 3892 3829; x_wconf 80' lang='lat' dir='ltr'><strong>Servio</strong></span> 
     </span>
    </p>
   </div>
   <div class='ocr_carea' id='block_1_83' title="bbox 2286 3858 3892 3932">
    <p class='ocr_par' dir='ltr' id='par_1_83' title="bbox 2286 3858 3892 3932">
     <span class='ocr_line' id='line_1_83' title="bbox 2286 3858 3892 3932; baseline 0.007 -19"><span class='ocrx_word' id='word_1_589' title='bbox 2286 3872 2500 3931; x_wconf 88' lang='lat' dir='ltr'><strong>quoque</strong></span> <span class='ocrx_word' id='word_1_590' title='bbox 2530 3859 2867 3915; x_wconf 78' lang='lat' dir='ltr'><strong>observatur.</strong></span> <span class='ocrx_word' id='word_1_591' title='bbox 2902 3865 2971 3915; x_wconf 80' lang='lat' dir='ltr'><strong>At</strong></span> <span class='ocrx_word' id='word_1_592' title='bbox 2997 3861 3106 3929; x_wconf 89' lang='lat' dir='ltr'><strong>dii,</strong></span> <span class='ocrx_word' id='word_1_593' title='bbox 3153 3878 3290 3932; x_wconf 86' lang='lat' dir='ltr'><strong>quos</strong></span> <span class='ocrx_word' id='word_1_594' title='bbox 3315 3863 3554 3929; x_wconf 82' lang='lat' dir='ltr'><strong>ethnici,</strong></span> <span class='ocrx_word' id='word_1_595' title='bbox 3588 3858 3697 3919; x_wconf 82' lang='lat' dir='ltr'><strong>non</strong></span> <span class='ocrx_word' id='word_1_596' title='bbox 3727 3882 3892 3924; x_wconf 89' lang='lat' dir='ltr'><strong>secus</strong></span> 
     </span>
    </p>
   </div>
   <div class='ocr_carea' id='block_1_84' title="bbox 2286 3955 3894 4023">
    <p class='ocr_par' dir='ltr' id='par_1_84' title="bbox 2286 3955 3894 4023">
     <span class='ocr_line' id='line_1_84' title="bbox 2286 3955 3894 4023; baseline 0.005 -16"><span class='ocrx_word' id='word_1_597' title='bbox 2286 3967 2351 4009; x_wconf 89' lang='lat' dir='ltr'><strong>ac</strong></span> <span class='ocrx_word' id='word_1_598' title='bbox 2377 3965 2606 4009; x_wconf 70' lang='lat' dir='ltr'><strong>cwteros</strong></span> <span class='ocrx_word' id='word_1_599' title='bbox 2646 3956 2912 4017; x_wconf 87' lang='lat' dir='ltr'><strong>homines,</strong></span> <span class='ocrx_word' id='word_1_600' title='bbox 2946 3967 3102 4010; x_wconf 90' lang='lat' dir='ltr'><strong>natos</strong></span> <span class='ocrx_word' id='word_1_601' title='bbox 3136 3969 3257 4011; x_wconf 89' lang='lat' dir='ltr'><strong>esse</strong></span> <span class='ocrx_word' id='word_1_602' title='bbox 3289 3955 3613 4023; x_wconf 77' lang='lat' dir='ltr'><strong>fatebantur,</strong></span> <span class='ocrx_word' id='word_1_603' title='bbox 3642 3968 3758 4013; x_wconf 90' lang='lat' dir='ltr'><strong>tum</strong></span> <span class='ocrx_word' id='word_1_604' title='bbox 3792 3975 3894 4015; x_wconf 86' lang='lat' dir='ltr'><strong>no-</strong></span> 
     </span>
    </p>
   </div>
   <div class='ocr_carea' id='block_1_85' title="bbox 2288 4046 3891 4122">
    <p class='ocr_par' dir='ltr' id='par_1_85' title="bbox 2288 4046 3891 4122">
     <span class='ocr_line' id='line_1_85' title="bbox 2288 4046 3891 4122; baseline 0.004 -21"><span class='ocrx_word' id='word_1_605' title='bbox 2288 4046 2432 4101; x_wconf 88' lang='lat' dir='ltr'><strong>mina</strong></span> <span class='ocrx_word' id='word_1_606' title='bbox 2457 4047 2558 4103; x_wconf 90' lang='lat' dir='ltr'><strong>sibi</strong></span> <span class='ocrx_word' id='word_1_607' title='bbox 2595 4058 2871 4104; x_wconf 88' lang='lat' dir='ltr'><strong>assumere</strong></span> <span class='ocrx_word' id='word_1_608' title='bbox 2900 4061 3006 4102; x_wconf 92' lang='lat' dir='ltr'><strong>non</strong></span> <span class='ocrx_word' id='word_1_609' title='bbox 3037 4056 3326 4116; x_wconf 88' lang='lat' dir='ltr'><strong>potuerunt</strong></span> <span class='ocrx_word' id='word_1_610' title='bbox 3353 4046 3549 4122; x_wconf 84' lang='lat' dir='ltr'><strong>(Fest.,</strong></span> <span class='ocrx_word' id='word_1_611' title='bbox 3582 4048 3646 4103; x_wconf 86' lang='lat' dir='ltr'><strong>de</strong></span> <span class='ocrx_word' id='word_1_612' title='bbox 3682 4052 3891 4108; x_wconf 78' lang='lat' dir='ltr'><strong>verbor.</strong></span> 
     </span>
    </p>
   </div>
   <div class='ocr_carea' id='block_1_86' title="bbox 2290 4138 3895 4212">
    <p class='ocr_par' dir='ltr' id='par_1_86' title="bbox 2290 4138 3895 4212">
     <span class='ocr_line' id='line_1_86' title="bbox 2290 4138 3895 4212; baseline 0.002 -17"><span class='ocrx_word' id='word_1_613' title='bbox 2290 4138 2521 4212; x_wconf 66' lang='lat' dir='ltr'><strong>Signi/5.,</strong></span> <span class='ocrx_word' id='word_1_614' title='bbox 2567 4156 2687 4212; x_wconf 85' lang='lat' dir='ltr'><strong>pag.</strong></span> <span class='ocrx_word' id='word_1_615' title='bbox 2739 4140 2890 4211; x_wconf 79' lang='lat'><strong>507).</strong></span> <span class='ocrx_word' id='word_1_616' title='bbox 2932 4140 3118 4210; x_wconf 87' lang='lat' dir='ltr'><strong>Neque</strong></span> <span class='ocrx_word' id='word_1_617' title='bbox 3162 4140 3325 4196; x_wconf 89' lang='lat' dir='ltr'><strong>etiam</strong></span> <span class='ocrx_word' id='word_1_618' title='bbox 3372 4141 3439 4195; x_wconf 92' lang='lat' dir='ltr'><strong>iis</strong></span> <span class='ocrx_word' id='word_1_619' title='bbox 3482 4139 3604 4195; x_wconf 87' lang='lat' dir='ltr'><strong>data</strong></span> <span class='ocrx_word' id='word_1_620' title='bbox 3649 4155 3782 4197; x_wconf 90' lang='lat' dir='ltr'><strong>sunt</strong></span> <span class='ocrx_word' id='word_1_621' title='bbox 3822 4145 3895 4200; x_wconf 86' lang='lat' dir='ltr'><strong>ab</strong></span> 
     </span>
    </p>
   </div>
   <div class='ocr_carea' id='block_1_87' title="bbox 2290 4231 3898 4302">
    <p class='ocr_par' dir='ltr' id='par_1_87' title="bbox 2290 4231 3898 4302">
     <span class='ocr_line' id='line_1_87' title="bbox 2290 4231 3898 4302; baseline 0.003 -17"><span class='ocrx_word' id='word_1_622' title='bbox 2290 4231 2616 4286; x_wconf 81' lang='lat' dir='ltr'><strong>hominibus.</strong></span> <span class='ocrx_word' id='word_1_623' title='bbox 2649 4231 2816 4286; x_wconf 87' lang='lat' dir='ltr'><strong>Tanta</strong></span> <span class='ocrx_word' id='word_1_624' title='bbox 2861 4232 3006 4287; x_wconf 89' lang='lat' dir='ltr'><strong>enim</strong></span> <span class='ocrx_word' id='word_1_625' title='bbox 3047 4241 3166 4286; x_wconf 88' lang='lat' dir='ltr'><strong>erat</strong></span> <span class='ocrx_word' id='word_1_626' title='bbox 3199 4247 3262 4287; x_wconf 90' lang='lat' dir='ltr'><strong>ac</strong></span> <span class='ocrx_word' id='word_1_627' title='bbox 3302 4246 3526 4302; x_wconf 88' lang='lat' dir='ltr'><strong>prorsus</strong></span> <span class='ocrx_word' id='word_1_628' title='bbox 3570 4233 3898 4290; x_wconf 89' lang='lat' dir='ltr'><strong>innumera-</strong></span> 
     </span>
    </p>
   </div>
   <div class='ocr_carea' id='block_1_88' title="bbox 2289 4323 3899 4397">
    <p class='ocr_par' dir='ltr' id='par_1_88' title="bbox 2289 4323 3899 4397">
     <span class='ocr_line' id='line_1_88' title="bbox 2289 4323 3899 4397; baseline 0.004 -19"><span class='ocrx_word' id='word_1_629' title='bbox 2289 4323 2409 4378; x_wconf 90' lang='lat' dir='ltr'><strong>bilis</strong></span> <span class='ocrx_word' id='word_1_630' title='bbox 2438 4325 2654 4379; x_wconf 91' lang='lat' dir='ltr'><strong>illorum</strong></span> <span class='ocrx_word' id='word_1_631' title='bbox 2694 4323 3013 4392; x_wconf 86' lang='lat' dir='ltr'><strong>multitudo,</strong></span> <span class='ocrx_word' id='word_1_632' title='bbox 3046 4333 3105 4378; x_wconf 89' lang='lat' dir='ltr'><strong>ut</strong></span> <span class='ocrx_word' id='word_1_633' title='bbox 3149 4339 3339 4394; x_wconf 86' lang='lat' dir='ltr'><strong>magna</strong></span> <span class='ocrx_word' id='word_1_634' title='bbox 3372 4340 3517 4394; x_wconf 91' lang='lat' dir='ltr'><strong>pars,</strong></span> <span class='ocrx_word' id='word_1_635' title='bbox 3560 4325 3725 4379; x_wconf 87' lang='lat' dir='ltr'><strong>sicuti</strong></span> <span class='ocrx_word' id='word_1_636' title='bbox 3769 4338 3899 4397; x_wconf 88' lang='lat' dir='ltr'><strong>post</strong></span> 
     </span>
    </p>
   </div>
   <div class='ocr_carea' id='block_1_89' title="bbox 2291 4417 3894 4491">
    <p class='ocr_par' dir='ltr' id='par_1_89' title="bbox 2291 4417 3894 4491">
     <span class='ocr_line' id='line_1_89' title="bbox 2291 4417 3894 4491; baseline 0.003 -19"><span class='ocrx_word' id='word_1_637' title='bbox 2291 4417 2683 4473; x_wconf 88' lang='lat' dir='ltr'><strong>Tertullianum</strong></span> <span class='ocrx_word' id='word_1_638' title='bbox 2713 4417 3093 4485; x_wconf 87' lang='lat' dir='ltr'><strong>ostendemus,</strong></span> <span class='ocrx_word' id='word_1_639' title='bbox 3135 4417 3407 4489; x_wconf 90' lang='lat' dir='ltr'><strong>plerisque</strong></span> <span class='ocrx_word' id='word_1_640' title='bbox 3446 4417 3677 4474; x_wconf 87' lang='lat' dir='ltr'><strong>diversis</strong></span> <span class='ocrx_word' id='word_1_641' title='bbox 3708 4423 3894 4491; x_wconf 81' lang='lat' dir='ltr'><strong>genti-</strong></span> 
     </span>
    </p>
   </div>
   <div class='ocr_carea' id='block_1_90' title="bbox 2290 4510 3689 4583">
    <p class='ocr_par' dir='ltr' id='par_1_90' title="bbox 2290 4510 3689 4583">
     <span class='ocr_line' id='line_1_90' title="bbox 2290 4510 3689 4583; baseline 0.002 -17"><span class='ocrx_word' id='word_1_642' title='bbox 2290 4510 2388 4566; x_wconf 83' lang='lat' dir='ltr'><strong>bus</strong></span> <span class='ocrx_word' id='word_1_643' title='bbox 2418 4520 2472 4565; x_wconf 90' lang='lat' dir='ltr'><strong>et</strong></span> <span class='ocrx_word' id='word_1_644' title='bbox 2498 4510 2711 4582; x_wconf 90' lang='lat' dir='ltr'><strong>populis</strong></span> <span class='ocrx_word' id='word_1_645' title='bbox 2732 4528 2799 4567; x_wconf 88' lang='lat' dir='ltr'><strong>ne</strong></span> <span class='ocrx_word' id='word_1_646' title='bbox 2827 4513 3045 4567; x_wconf 90' lang='lat' dir='ltr'><strong>nomine</strong></span> <span class='ocrx_word' id='word_1_647' title='bbox 3077 4522 3232 4567; x_wconf 89' lang='lat' dir='ltr'><strong>tenus</strong></span> <span class='ocrx_word' id='word_1_648' title='bbox 3262 4512 3474 4583; x_wconf 83' lang='lat' dir='ltr'><strong>cognita</strong></span> <span class='ocrx_word' id='word_1_649' title='bbox 3505 4511 3689 4569; x_wconf 77' lang='lat' dir='ltr'><strong>fuerit.</strong></span> 
     </span>
    </p>
   </div>
   <div class='ocr_carea' id='block_1_91' title="bbox 2361 4605 3894 4675">
    <p class='ocr_par' dir='ltr' id='par_1_91' title="bbox 2361 4605 3894 4675">
     <span class='ocr_line' id='line_1_91' title="bbox 2361 4605 3894 4675; baseline 0.002 -14"><span class='ocrx_word' id='word_1_650' title='bbox 2361 4605 2534 4661; x_wconf 84' lang='lat' dir='ltr'><strong>Velim</strong></span> <span class='ocrx_word' id='word_1_651' title='bbox 2564 4614 2743 4660; x_wconf 87' lang='lat' dir='ltr'><strong>autem</strong></span> <span class='ocrx_word' id='word_1_652' title='bbox 2774 4605 3050 4675; x_wconf 84' lang='lat' dir='ltr'><strong>expendas</strong></span> <span class='ocrx_word' id='word_1_653' title='bbox 3098 4614 3275 4660; x_wconf 90' lang='lat' dir='ltr'><strong>utrum</strong></span> <span class='ocrx_word' id='word_1_654' title='bbox 3304 4616 3492 4661; x_wconf 90' lang='lat' dir='ltr'><strong>auctor</strong></span> <span class='ocrx_word' id='word_1_655' title='bbox 3520 4617 3734 4673; x_wconf 89' lang='lat' dir='ltr'><strong>noster,</strong></span> <span class='ocrx_word' id='word_1_656' title='bbox 3771 4608 3894 4665; x_wconf 68' lang='lat' dir='ltr'><strong>haec</strong></span> 
     </span>
    </p>
   </div>
   <div class='ocr_carea' id='block_1_92' title="bbox 592 4657 3895 4770">
    <p class='ocr_par' dir='ltr' id='par_1_92' title="bbox 592 4657 3895 4770">
     <span class='ocr_line' id='line_1_92' title="bbox 592 4657 3895 4770; baseline 0.003 -21"><span class='ocrx_word' id='word_1_657' title='bbox 592 4682 789 4752; x_wconf 73' lang='grc' dir='ltr'><strong>(εκρτο.</strong></span> <span class='ocrx_word' id='word_1_658' title='bbox 832 4693 951 4750; x_wconf 60' lang='lat' dir='ltr'><strong>cap:</strong></span> <span class='ocrx_word' id='word_1_659' title='bbox 978 4679 1037 4748; x_wconf 64' lang='grc' dir='ltr'><strong>ιιι</strong></span> <span class='ocrx_word' id='word_1_660' title='bbox 1068 4691 1169 4735; x_wconf 63' lang='lat' dir='ltr'><strong>art.</strong></span> <span class='ocrx_word' id='word_1_661' title='bbox 1200 4678 1294 4753; x_wconf 76' lang='grc' dir='ltr'><strong>υ)</strong></span> <span class='ocrx_word' id='word_1_662' title='bbox 1319 4657 1497 4738; x_wconf 65' lang='lat' dir='ltr'><strong>iusius</strong></span> <span class='ocrx_word' id='word_1_663' title='bbox 1522 4657 1755 4755; x_wconf 51' lang='lat' dir='ltr'><strong>&#39;probari</strong></span> <span class='ocrx_word' id='word_1_664' title='bbox 1798 4657 1932 4737; x_wconf 5' lang='lat' dir='ltr'><strong>nihill</strong></span> <span class='ocrx_word' id='word_1_665' title='bbox 1964 4695 2186 4739; x_wconf 80' lang='lat' dir='ltr'><strong>necesse</strong></span> <span class='ocrx_word' id='word_1_666' title='bbox 2209 4657 2265 4718; x_wconf 76' lang='grc' dir='ltr'><strong>Ι)</strong></span> <span class='ocrx_word' id='word_1_667' title='bbox 2290 4657 3173 4770; x_wconf 58' lang='grc' dir='ltr'><strong>εστιιιειιὲιοζιιῖιιέι”ιιὲὲέἕι»ἑειιῖι“</strong></span> <span class='ocrx_word' id='word_1_668' title='bbox 3191 4657 3274 4755; x_wconf 57' lang='grc' dir='ltr'><strong>ἐξ</strong></span> <span class='ocrx_word' id='word_1_669' title='bbox 3300 4657 3401 4756; x_wconf 70' lang='lat' dir='ltr'><strong>illo</strong></span> <span class='ocrx_word' id='word_1_670' title='bbox 3413 4657 3701 4757; x_wconf 53' lang='lat' dir='ltr'><strong>acgax.‘</strong></span> <span class='ocrx_word' id='word_1_671' title='bbox 3719 4657 3895 4770; x_wconf 46' lang='lat' dir='ltr'><strong>ne}:</strong></span> 
     </span>
    </p>
   </div>
   <div class='ocr_carea' id='block_1_93' title="bbox 590 4785 1591 4831">
    <p class='ocr_par' dir='ltr' id='par_1_93' title="bbox 590 4785 1591 4831">
     <span class='ocr_line' id='line_1_93' title="bbox 590 4785 1591 4831; baseline -0.002 0"><span class='ocrx_word' id='word_1_672' title='bbox 590 4785 696 4831; x_wconf 73' lang='lat' dir='ltr'><strong>68L</strong></span> <span class='ocrx_word' id='word_1_673' title='bbox 1584 4826 1591 4829; x_wconf 70' lang='lat'><strong>.</strong></span> 
     </span>
    </p>
   </div>
   <div class='ocr_carea' id='block_1_94' title="bbox 1210 4886 1568 4947">
    <p class='ocr_par' dir='ltr' id='par_1_94' title="bbox 1210 4886 1568 4947">
     <span class='ocr_line' id='line_1_94' title="bbox 1210 4886 1568 4947; baseline -0.006 0"><span class='ocrx_word' id='word_1_674' title='bbox 1210 4886 1439 4947; x_wconf 67' lang='lat' dir='ltr'><strong>CAPUT</strong></span> <span class='ocrx_word' id='word_1_675' title='bbox 1474 4888 1568 4945; x_wconf 83' lang='lat' dir='ltr'><strong>XI.</strong></span> 
     </span>
    </p>
   </div>
   <div class='ocr_carea' id='block_1_95' title="bbox 594 5001 2191 5077">
    <p class='ocr_par' dir='ltr' id='par_1_95' title="bbox 594 5001 2191 5077">
     <span class='ocr_line' id='line_1_95' title="bbox 594 5001 2191 5077; baseline -0.003 -15"><span class='ocrx_word' id='word_1_676' title='bbox 594 5004 972 5062; x_wconf 68' lang='lat' dir='ltr'><strong>Ezaminanlur</strong></span> <span class='ocrx_word' id='word_1_677' title='bbox 998 5006 1171 5077; x_wconf 83' lang='lat' dir='ltr'><strong>priora</strong></span> <span class='ocrx_word' id='word_1_678' title='bbox 1206 5004 1418 5060; x_wconf 85' lang='lat' dir='ltr'><strong>Arnobii</strong></span> <span class='ocrx_word' id='word_1_679' title='bbox 1443 5011 1765 5074; x_wconf 86' lang='lat' dir='ltr'><strong>argumenta,</strong></span> <span class='ocrx_word' id='word_1_680' title='bbox 1807 5002 1985 5072; x_wconf 84' lang='lat' dir='ltr'><strong>quibus</strong></span> <span class='ocrx_word' id='word_1_681' title='bbox 2024 5001 2191 5058; x_wconf 80' lang='lat' dir='ltr'><strong>ethni-</strong></span> 
     </span>
    </p>
   </div>
   <div class='ocr_carea' id='block_1_96' title="bbox 798 5092 1984 5175">
    <p class='ocr_par' dir='ltr' id='par_1_96' title="bbox 798 5092 1984 5175">
     <span class='ocr_line' id='line_1_96' title="bbox 798 5092 1984 5175; baseline -0.006 -19"><span class='ocrx_word' id='word_1_682' title='bbox 798 5103 972 5156; x_wconf 72' lang='lat' dir='ltr'><strong>corum</strong></span> <span class='ocrx_word' id='word_1_683' title='bbox 995 5100 1291 5175; x_wconf 81' lang='lat' dir='ltr'><strong>religionem</strong></span> <span class='ocrx_word' id='word_1_684' title='bbox 1313 5092 1501 5170; x_wconf 78' lang='lat' dir='ltr'><strong>falsam</strong></span> <span class='ocrx_word' id='word_1_685' title='bbox 1527 5098 1633 5152; x_wconf 77' lang='lat' dir='ltr'><strong>esse</strong></span> <span class='ocrx_word' id='word_1_686' title='bbox 1654 5096 1984 5152; x_wconf 79' lang='lat' dir='ltr'><strong>demonstrat.</strong></span> 
     </span>
    </p>
   </div>
   <div class='ocr_carea' id='block_1_97' title="bbox 1120 5226 1672 5270">
    <p class='ocr_par' dir='ltr' id='par_1_97' title="bbox 1120 5226 1672 5270">
     <span class='ocr_line' id='line_1_97' title="bbox 1120 5226 1672 5270; baseline -0.004 -1"><span class='ocrx_word' id='word_1_687' title='bbox 1120 5227 1421 5270; x_wconf 74' lang='lat' dir='ltr'><strong>ARTICULUS</strong></span> <span class='ocrx_word' id='word_1_688' title='bbox 1458 5226 1672 5267; x_wconf 66' lang='lat' dir='ltr'><strong>PRIMUS.</strong></span> 
     </span>
    </p>
   </div>
   <div class='ocr_carea' id='block_1_98' title="bbox 589 5321 2181 5390">
    <p class='ocr_par' dir='ltr' id='par_1_98' title="bbox 589 5321 2181 5390">
     <span class='ocr_line' id='line_1_98' title="bbox 589 5321 2181 5390; baseline -0.003 -8"><span class='ocrx_word' id='word_1_689' title='bbox 589 5329 916 5382; x_wconf 79' lang='lat' dir='ltr'><strong>Excutiuntur</strong></span> <span class='ocrx_word' id='word_1_690' title='bbox 932 5330 1243 5390; x_wconf 82' lang='lat' dir='ltr'><strong>argumenta,</strong></span> <span class='ocrx_word' id='word_1_691' title='bbox 1270 5321 1388 5390; x_wconf 80' lang='lat' dir='ltr'><strong>inde</strong></span> <span class='ocrx_word' id='word_1_692' title='bbox 1408 5329 1577 5390; x_wconf 72' lang='lat' dir='ltr'><strong>contra</strong></span> <span class='ocrx_word' id='word_1_693' title='bbox 1599 5324 1863 5390; x_wconf 72' lang='lat' dir='ltr'><strong>gentilium</strong></span> <span class='ocrx_word' id='word_1_694' title='bbox 1886 5326 2181 5390; x_wconf 83' lang='lat' dir='ltr'><strong>religionem</strong></span> 
     </span>
    </p>
   </div>
   <div class='ocr_carea' id='block_1_99' title="bbox 648 5378 2184 5452">
    <p class='ocr_par' dir='ltr' id='par_1_99' title="bbox 648 5378 2184 5452">
     <span class='ocr_line' id='line_1_99' title="bbox 648 5378 2184 5452; baseline -0.001 -11"><span class='ocrx_word' id='word_1_695' title='bbox 648 5378 713 5441; x_wconf 75' lang='lat' dir='ltr'><strong>ab</strong></span> <span class='ocrx_word' id='word_1_696' title='bbox 746 5378 968 5440; x_wconf 71' lang='lat' dir='ltr'><strong>Arnohio</strong></span> <span class='ocrx_word' id='word_1_697' title='bbox 988 5378 1165 5452; x_wconf 66' lang='lat' dir='ltr'><strong>petita,</strong></span> <span class='ocrx_word' id='word_1_698' title='bbox 1201 5378 1550 5452; x_wconf 68' lang='lat' dir='ltr'><strong>quodetltuici</strong></span> <span class='ocrx_word' id='word_1_699' title='bbox 1592 5378 1843 5449; x_wconf 67' lang='lat' dir='ltr'><strong>EXplicare</strong></span> <span class='ocrx_word' id='word_1_700' title='bbox 1889 5378 2184 5452; x_wconf 53' lang='lat' dir='ltr'><strong>nonvpotue-</strong></span> 
     </span>
    </p>
   </div>
   <div class='ocr_carea' id='block_1_100' title="bbox 649 5444 2182 5513">
    <p class='ocr_par' dir='ltr' id='par_1_100' title="bbox 649 5444 2182 5513">
     <span class='ocr_line' id='line_1_100' title="bbox 649 5444 2182 5513; baseline -0.001 -10"><span class='ocrx_word' id='word_1_701' title='bbox 649 5454 767 5513; x_wconf 86' lang='lat' dir='ltr'><strong>riht,</strong></span> <span class='ocrx_word' id='word_1_702' title='bbox 790 5444 1205 5513; x_wconf 76' lang='lat' dir='ltr'><strong>ubinam&#39;illorum</strong></span> <span class='ocrx_word' id='word_1_703' title='bbox 1219 5444 1290 5496; x_wconf 75' lang='lat' dir='ltr'><strong>dii</strong></span> <span class='ocrx_word' id='word_1_704' title='bbox 1309 5447 1455 5497; x_wconf 81' lang='lat' dir='ltr'><strong>vitam</strong></span> <span class='ocrx_word' id='word_1_705' title='bbox 1480 5444 1684 5513; x_wconf 60' lang='lat' dir='ltr'><strong>degant,</strong></span> <span class='ocrx_word' id='word_1_706' title='bbox 1709 5460 1738 5496; x_wconf 81' lang='lat' dir='ltr'><strong>a</strong></span> <span class='ocrx_word' id='word_1_707' title='bbox 1758 5451 1938 5513; x_wconf 83' lang='lat' dir='ltr'><strong>quibus</strong></span> <span class='ocrx_word' id='word_1_708' title='bbox 1961 5444 2182 5513; x_wconf 79' lang='lat' dir='ltr'><strong>imposita</strong></span> 
     </span>
    </p>
   </div>
   <div class='ocr_carea' id='block_1_101' title="bbox 650 5511 2179 5574">
    <p class='ocr_par' dir='ltr' id='par_1_101' title="bbox 650 5511 2179 5574">
     <span class='ocr_line' id='line_1_101' title="bbox 650 5511 2179 5574; baseline -0.001 -8"><span class='ocrx_word' id='word_1_709' title='bbox 650 5511 760 5567; x_wconf 84' lang='lat' dir='ltr'><strong>sint</strong></span> <span class='ocrx_word' id='word_1_710' title='bbox 784 5525 957 5574; x_wconf 77' lang='lat' dir='ltr'><strong>eorum</strong></span> <span class='ocrx_word' id='word_1_711' title='bbox 1003 5511 1218 5570; x_wconf 87' lang='lat' dir='ltr'><strong>nomina,</strong></span> <span class='ocrx_word' id='word_1_712' title='bbox 1269 5517 1322 5559; x_wconf 86' lang='lat' dir='ltr'><strong>et</strong></span> <span class='ocrx_word' id='word_1_713' title='bbox 1359 5515 1540 5574; x_wconf 70' lang='lat' dir='ltr'><strong>quanta</strong></span> <span class='ocrx_word' id='word_1_714' title='bbox 1583 5511 1648 5560; x_wconf 88' lang='lat' dir='ltr'><strong>sit</strong></span> <span class='ocrx_word' id='word_1_715' title='bbox 1695 5511 1867 5562; x_wconf 77' lang='lat' dir='ltr'><strong>eorum</strong></span> <span class='ocrx_word' id='word_1_716' title='bbox 1906 5511 2179 5574; x_wconf 83' lang='lat' dir='ltr'><strong>multitudo,</strong></span> 
     </span>
    </p>
   </div>
   <div class='ocr_carea' id='block_1_102' title="bbox 655 5569 2180 5641">
    <p class='ocr_par' dir='ltr' id='par_1_102' title="bbox 655 5569 2180 5641">
     <span class='ocr_line' id='line_1_102' title="bbox 655 5569 2180 5641; baseline -0.001 -14"><span class='ocrx_word' id='word_1_717' title='bbox 655 5587 804 5641; x_wconf 86' lang='lat' dir='ltr'><strong>atque</strong></span> <span class='ocrx_word' id='word_1_718' title='bbox 824 5590 890 5641; x_wconf 10' lang='lat' dir='ltr'><strong>rex</strong></span> <span class='ocrx_word' id='word_1_719' title='bbox 919 5569 1488 5641; x_wconf 48' lang='lat' dir='ltr'><strong>Cice_ronis_,_praaseijtim</strong></span> <span class='ocrx_word' id='word_1_720' title='bbox 1503 5569 1568 5641; x_wconf 77' lang='lat' dir='ltr'><strong>de</strong></span> <span class='ocrx_word' id='word_1_721' title='bbox 1588 5582 1761 5641; x_wconf 64' lang='lat' dir='ltr'><strong>natura</strong></span> <span class='ocrx_word' id='word_1_722' title='bbox 1784 5578 2006 5641; x_wconf 84' lang='lat' dir='ltr'><strong>deorum,</strong></span> <span class='ocrx_word' id='word_1_723' title='bbox 2028 5569 2180 5636; x_wconf 72' lang='lat' dir='ltr'><strong>libris,</strong></span> 
     </span>
    </p>
   </div>
   <div class='ocr_carea' id='block_1_103' title="bbox 654 5630 2184 5701">
    <p class='ocr_par' dir='ltr' id='par_1_103' title="bbox 654 5630 2184 5701">
     <span class='ocr_line' id='line_1_103' title="bbox 654 5630 2184 5701; baseline -0.002 -10"><span class='ocrx_word' id='word_1_724' title='bbox 654 5630 916 5701; x_wconf 43' lang='lat' dir='ltr'><strong>dte-quibus</strong></span> <span class='ocrx_word' id='word_1_725' title='bbox 933 5636 1079 5700; x_wconf 87' lang='lat' dir='ltr'><strong>quale</strong></span> <span class='ocrx_word' id='word_1_726' title='bbox 1097 5630 1333 5701; x_wconf 67' lang='lat' dir='ltr'><strong>judicium</strong></span> <span class='ocrx_word' id='word_1_727' title='bbox 1370 5632 1616 5701; x_wconf 76' lang='lat' dir='ltr'><strong>Arnobius</strong></span> <span class='ocrx_word' id='word_1_728' title='bbox 1639 5630 1765 5701; x_wconf 60' lang='lat' dir='ltr'><strong>lerat</strong></span> <span class='ocrx_word' id='word_1_729' title='bbox 1788 5630 2102 5701; x_wconf 8' lang='lat' dir='ltr'><strong>expeﬁttditur,</strong></span> <span class='ocrx_word' id='word_1_730' title='bbox 2128 5630 2184 5688; x_wconf 83' lang='lat' dir='ltr'><strong>ac</strong></span> 
     </span>
    </p>
   </div>
   <div class='ocr_carea' id='block_1_104' title="bbox 658 5697 2182 5763">
    <p class='ocr_par' dir='ltr' id='par_1_104' title="bbox 658 5697 2182 5763">
     <span class='ocr_line' id='line_1_104' title="bbox 658 5697 2182 5763; baseline -0.001 -11"><span class='ocrx_word' id='word_1_731' title='bbox 658 5697 855 5753; x_wconf 82' lang='lat' dir='ltr'><strong>tandem</strong></span> <span class='ocrx_word' id='word_1_732' title='bbox 881 5697 1167 5763; x_wconf 80' lang='lat' dir='ltr'><strong>Euhemeri,</strong></span> <span class='ocrx_word' id='word_1_733' title='bbox 1192 5697 1654 5763; x_wconf 51' lang='lat' dir='ltr'><strong>Nicagoral’ellati</strong></span> <span class='ocrx_word' id='word_1_734' title='bbox 1677 5697 1895 5763; x_wconf 81' lang='lat' dir='ltr'><strong>Leontis,</strong></span> <span class='ocrx_word' id='word_1_735' title='bbox 1916 5697 2182 5763; x_wconf 80' lang='lat' dir='ltr'><strong>Theoderi,</strong></span> 
     </span>
    </p>
   </div>
   <div class='ocr_carea' id='block_1_105' title="bbox 656 5756 1533 5827">
    <p class='ocr_par' dir='ltr' id='par_1_105' title="bbox 656 5756 1533 5827">
     <span class='ocr_line' id='line_1_105' title="bbox 656 5756 1533 5827; baseline -0.005 -12"><span class='ocrx_word' id='word_1_736' title='bbox 656 5765 915 5827; x_wconf 80' lang='lat' dir='ltr'><strong>Hippouis,</strong></span> <span class='ocrx_word' id='word_1_737' title='bbox 935 5769 987 5813; x_wconf 86' lang='lat' dir='ltr'><strong>et</strong></span> <span class='ocrx_word' id='word_1_738' title='bbox 1008 5756 1211 5811; x_wconf 85' lang='lat' dir='ltr'><strong>aliorum</strong></span> <span class='ocrx_word' id='word_1_739' title='bbox 1236 5756 1533 5813; x_wconf 65' lang='lat' dir='ltr'><strong>tesiiuionio.</strong></span> 
     </span>
    </p>
   </div>
   <div class='ocr_carea' id='block_1_106' title="bbox 669 5892 2186 5964">
    <p class='ocr_par' dir='ltr' id='par_1_106' title="bbox 669 5892 2186 5964">
     <span class='ocr_line' id='line_1_106' title="bbox 669 5892 2186 5964; baseline 0.004 -15"><span class='ocrx_word' id='word_1_740' title='bbox 669 5893 799 5949; x_wconf 62' lang='lat' dir='ltr'><strong>Dum</strong></span> <span class='ocrx_word' id='word_1_741' title='bbox 821 5901 949 5950; x_wconf 80' lang='lat' dir='ltr'><strong>sunt</strong></span> <span class='ocrx_word' id='word_1_742' title='bbox 968 5900 1175 5949; x_wconf 83' lang='lat' dir='ltr'><strong>tantum</strong></span> <span class='ocrx_word' id='word_1_743' title='bbox 1197 5894 1361 5953; x_wconf 81' lang='lat' dir='ltr'><strong>totius</strong></span> <span class='ocrx_word' id='word_1_744' title='bbox 1381 5893 1540 5964; x_wconf 85' lang='lat' dir='ltr'><strong>hujus</strong></span> <span class='ocrx_word' id='word_1_745' title='bbox 1566 5892 1882 5963; x_wconf 84' lang='lat' dir='ltr'><strong>Arnobiaui,</strong></span> <span class='ocrx_word' id='word_1_746' title='bbox 1900 5892 1978 5951; x_wconf 91' lang='lat' dir='ltr'><strong>uti</strong></span> <span class='ocrx_word' id='word_1_747' title='bbox 2003 5903 2186 5955; x_wconf 85' lang='lat' dir='ltr'><strong>osten-</strong></span> 
     </span>
    </p>
   </div>
   <div class='ocr_carea' id='block_1_107' title="bbox 2293 4790 3897 4863">
    <p class='ocr_par' dir='ltr' id='par_1_107' title="bbox 2293 4790 3897 4863">
     <span class='ocr_line' id='line_1_107' title="bbox 2293 4790 3897 4863; baseline 0.001 -14"><span class='ocrx_word' id='word_1_748' title='bbox 2293 4793 2384 4849; x_wconf 90' lang='lat' dir='ltr'><strong>ubi</strong></span> <span class='ocrx_word' id='word_1_749' title='bbox 2427 4792 2581 4847; x_wconf 81' lang='lat' dir='ltr'><strong>Cotta</strong></span> <span class='ocrx_word' id='word_1_750' title='bbox 2628 4790 2732 4846; x_wconf 89' lang='lat' dir='ltr'><strong>hoc</strong></span> <span class='ocrx_word' id='word_1_751' title='bbox 2769 4799 3144 4862; x_wconf 80' lang='lat' dir='ltr'><strong>argumentum</strong></span> <span class='ocrx_word' id='word_1_752' title='bbox 3178 4801 3332 4862; x_wconf 90' lang='lat' dir='ltr'><strong>urget</strong></span> <span class='ocrx_word' id='word_1_753' title='bbox 3356 4796 3569 4858; x_wconf 88' lang='lat' dir='ltr'><strong>acrius,</strong></span> <span class='ocrx_word' id='word_1_754' title='bbox 3596 4792 3897 4863; x_wconf 88' lang='lat' dir='ltr'><strong>nullosque</strong></span> 
     </span>
    </p>
   </div>
   <div class='ocr_carea' id='block_1_108' title="bbox 2290 4885 3899 4957">
    <p class='ocr_par' dir='ltr' id='par_1_108' title="bbox 2290 4885 3899 4957">
     <span class='ocr_line' id='line_1_108' title="bbox 2290 4885 3899 4957; baseline 0.001 -15"><span class='ocrx_word' id='word_1_755' title='bbox 2290 4901 2413 4942; x_wconf 84' lang='lat' dir='ltr'><strong>esse</strong></span> <span class='ocrx_word' id='word_1_756' title='bbox 2437 4885 2719 4956; x_wconf 86' lang='lat' dir='ltr'><strong>gentilium</strong></span> <span class='ocrx_word' id='word_1_757' title='bbox 2745 4885 2877 4941; x_wconf 89' lang='lat' dir='ltr'><strong>deos</strong></span> <span class='ocrx_word' id='word_1_758' title='bbox 2907 4885 3243 4940; x_wconf 88' lang='lat' dir='ltr'><strong>demonstrat</strong></span> <span class='ocrx_word' id='word_1_759' title='bbox 3270 4903 3284 4939; x_wconf 93' lang='lat'><strong>:</strong></span> <span class='ocrx_word' id='word_1_760' title='bbox 3319 4903 3338 4937; x_wconf 74' lang='grc' dir='ltr'><strong>ι</strong></span> <span class='ocrx_word' id='word_1_761' title='bbox 3376 4885 3512 4957; x_wconf 84' lang='lat' dir='ltr'><strong>Age,</strong></span> <span class='ocrx_word' id='word_1_762' title='bbox 3535 4895 3590 4941; x_wconf 91' lang='lat' dir='ltr'><strong>et</strong></span> <span class='ocrx_word' id='word_1_763' title='bbox 3616 4887 3700 4941; x_wconf 87' lang='lat' dir='ltr'><strong>his</strong></span> <span class='ocrx_word' id='word_1_764' title='bbox 3723 4904 3899 4945; x_wconf 87' lang='lat' dir='ltr'><strong>voca-</strong></span> 
     </span>
    </p>
   </div>
   <div class='ocr_carea' id='block_1_109' title="bbox 2292 4976 3892 5047">
    <p class='ocr_par' dir='ltr' id='par_1_109' title="bbox 2292 4976 3892 5047">
     <span class='ocr_line' id='line_1_109' title="bbox 2292 4976 3892 5047; baseline 0.003 -15"><span class='ocrx_word' id='word_1_765' title='bbox 2292 4977 2431 5033; x_wconf 89' lang='lat' dir='ltr'><strong>bulis</strong></span> <span class='ocrx_word' id='word_1_766' title='bbox 2457 4978 2588 5033; x_wconf 90' lang='lat' dir='ltr'><strong>deos</strong></span> <span class='ocrx_word' id='word_1_767' title='bbox 2614 4992 2736 5033; x_wconf 87' lang='lat' dir='ltr'><strong>esse</strong></span> <span class='ocrx_word' id='word_1_768' title='bbox 2762 4977 3008 5040; x_wconf 81' lang='lat' dir='ltr'><strong>facimus,</strong></span> <span class='ocrx_word' id='word_1_769' title='bbox 3039 4976 3235 5047; x_wconf 85' lang='lat' dir='ltr'><strong>quibus</strong></span> <span class='ocrx_word' id='word_1_770' title='bbox 3259 4991 3289 5031; x_wconf 88' lang='lat' dir='ltr'><strong>a</strong></span> <span class='ocrx_word' id='word_1_771' title='bbox 3317 4977 3472 5033; x_wconf 90' lang='lat' dir='ltr'><strong>nobis</strong></span> <span class='ocrx_word' id='word_1_772' title='bbox 3505 4979 3892 5038; x_wconf 88' lang='lat' dir='ltr'><strong>nominantur.</strong></span> 
     </span>
    </p>
   </div>
   <div class='ocr_carea' id='block_1_110' title="bbox 2291 5067 3895 5140">
    <p class='ocr_par' dir='ltr' id='par_1_110' title="bbox 2291 5067 3895 5140">
     <span class='ocr_line' id='line_1_110' title="bbox 2291 5067 3895 5140; baseline 0.004 -16"><span class='ocrx_word' id='word_1_773' title='bbox 2291 5070 2361 5124; x_wconf 84' lang='lat' dir='ltr'><strong>At</strong></span> <span class='ocrx_word' id='word_1_774' title='bbox 2386 5070 2613 5140; x_wconf 87' lang='lat' dir='ltr'><strong>primum</strong></span> <span class='ocrx_word' id='word_1_775' title='bbox 2637 5077 2771 5139; x_wconf 90' lang='lat' dir='ltr'><strong>quot</strong></span> <span class='ocrx_word' id='word_1_776' title='bbox 2804 5067 3078 5122; x_wconf 87' lang='lat' dir='ltr'><strong>hominum</strong></span> <span class='ocrx_word' id='word_1_777' title='bbox 3113 5069 3328 5139; x_wconf 80' lang='lat' dir='ltr'><strong>liugtne,</strong></span> <span class='ocrx_word' id='word_1_778' title='bbox 3364 5078 3443 5124; x_wconf 82' lang='lat' dir='ltr'><strong>tot</strong></span> <span class='ocrx_word' id='word_1_779' title='bbox 3486 5071 3707 5125; x_wconf 86' lang='lat' dir='ltr'><strong>nomina</strong></span> <span class='ocrx_word' id='word_1_780' title='bbox 3754 5073 3895 5130; x_wconf 86' lang='lat' dir='ltr'><strong>deo—</strong></span> 
     </span>
    </p>
   </div>
   <div class='ocr_carea' id='block_1_111' title="bbox 2291 5159 3890 5232">
    <p class='ocr_par' dir='ltr' id='par_1_111' title="bbox 2291 5159 3890 5232">
     <span class='ocr_line' id='line_1_111' title="bbox 2291 5159 3890 5232; baseline 0.003 -16"><span class='ocrx_word' id='word_1_781' title='bbox 2291 5175 2431 5216; x_wconf 88' lang='lat' dir='ltr'><strong>rum.</strong></span> <span class='ocrx_word' id='word_1_782' title='bbox 2466 5160 2585 5216; x_wconf 92' lang='lat' dir='ltr'><strong>Non</strong></span> <span class='ocrx_word' id='word_1_783' title='bbox 2614 5161 2758 5215; x_wconf 89' lang='lat' dir='ltr'><strong>enim</strong></span> <span class='ocrx_word' id='word_1_784' title='bbox 2782 5169 2838 5214; x_wconf 85' lang='lat' dir='ltr'><strong>ut</strong></span> <span class='ocrx_word' id='word_1_785' title='bbox 2861 5169 2913 5214; x_wconf 85' lang='grc' dir='ltr'><strong>ιιι</strong></span> <span class='ocrx_word' id='word_1_786' title='bbox 2943 5159 3203 5224; x_wconf 82' lang='lat' dir='ltr'><strong>Velleius,</strong></span> <span class='ocrx_word' id='word_1_787' title='bbox 3225 5176 3611 5231; x_wconf 85' lang='lat' dir='ltr'><strong>quoquumque</strong></span> <span class='ocrx_word' id='word_1_788' title='bbox 3640 5167 3890 5232; x_wconf 88' lang='lat' dir='ltr'><strong>veneris,</strong></span> 
     </span>
    </p>
   </div>
   <div class='ocr_carea' id='block_1_112' title="bbox 2288 5250 3890 5320">
    <p class='ocr_par' dir='ltr' id='par_1_112' title="bbox 2288 5250 3890 5320">
     <span class='ocr_line' id='line_1_112' title="bbox 2288 5250 3890 5320; baseline 0.002 -11"><span class='ocrx_word' id='word_1_789' title='bbox 2288 5254 2368 5309; x_wconf 89' lang='lat' dir='ltr'><strong>sic</strong></span> <span class='ocrx_word' id='word_1_790' title='bbox 2390 5253 2530 5307; x_wconf 87' lang='lat' dir='ltr'><strong>idem</strong></span> <span class='ocrx_word' id='word_1_791' title='bbox 2562 5253 2614 5306; x_wconf 90' lang='lat' dir='ltr'><strong>in</strong></span> <span class='ocrx_word' id='word_1_792' title='bbox 2643 5250 2793 5306; x_wconf 88' lang='lat' dir='ltr'><strong>Italia</strong></span> <span class='ocrx_word' id='word_1_793' title='bbox 2815 5250 3110 5318; x_wconf 82' lang='lat' dir='ltr'><strong>Vulcanus,</strong></span> <span class='ocrx_word' id='word_1_794' title='bbox 3141 5252 3281 5307; x_wconf 88' lang='lat' dir='ltr'><strong>idem</strong></span> <span class='ocrx_word' id='word_1_795' title='bbox 3321 5255 3370 5306; x_wconf 90' lang='lat' dir='ltr'><strong>iu</strong></span> <span class='ocrx_word' id='word_1_796' title='bbox 3399 5252 3578 5308; x_wconf 77' lang='lat' dir='ltr'><strong>Africa</strong></span> <span class='ocrx_word' id='word_1_797' title='bbox 3600 5297 3616 5320; x_wconf 93' lang='lat'><strong>,</strong></span> <span class='ocrx_word' id='word_1_798' title='bbox 3649 5254 3801 5311; x_wconf 87' lang='lat' dir='ltr'><strong>idem</strong></span> <span class='ocrx_word' id='word_1_799' title='bbox 3835 5259 3890 5311; x_wconf 92' lang='lat' dir='ltr'><strong>iu</strong></span> 
     </span>
    </p>
   </div>
   <div class='ocr_carea' id='block_1_113' title="bbox 2287 5344 3891 5417">
    <p class='ocr_par' dir='ltr' id='par_1_113' title="bbox 2287 5344 3891 5417">
     <span class='ocr_line' id='line_1_113' title="bbox 2287 5344 3891 5417; baseline 0.006 -19"><span class='ocrx_word' id='word_1_800' title='bbox 2287 5344 2562 5414; x_wconf 78' lang='lat' dir='ltr'><strong>ﬂiSpania.</strong></span> <span class='ocrx_word' id='word_1_801' title='bbox 2594 5344 2799 5401; x_wconf 88' lang='lat' dir='ltr'><strong>Deinde</strong></span> <span class='ocrx_word' id='word_1_802' title='bbox 2828 5346 3103 5400; x_wconf 87' lang='lat' dir='ltr'><strong>nominum</strong></span> <span class='ocrx_word' id='word_1_803' title='bbox 3129 5361 3232 5401; x_wconf 90' lang='lat' dir='ltr'><strong>non</strong></span> <span class='ocrx_word' id='word_1_804' title='bbox 3261 5361 3488 5417; x_wconf 87' lang='lat' dir='ltr'><strong>magnus</strong></span> <span class='ocrx_word' id='word_1_805' title='bbox 3508 5363 3795 5414; x_wconf 88' lang='lat' dir='ltr'><strong>numerus,</strong></span> <span class='ocrx_word' id='word_1_806' title='bbox 3823 5366 3891 5408; x_wconf 87' lang='lat' dir='ltr'><strong>ne</strong></span> 
     </span>
    </p>
   </div>
   <div class='ocr_carea' id='block_1_114' title="bbox 2287 5436 3890 5508">
    <p class='ocr_par' dir='ltr' id='par_1_114' title="bbox 2287 5436 3890 5508">
     <span class='ocr_line' id='line_1_114' title="bbox 2287 5436 3890 5508; baseline 0.005 -16"><span class='ocrx_word' id='word_1_807' title='bbox 2287 5438 2340 5493; x_wconf 87' lang='lat' dir='ltr'><strong>in</strong></span> <span class='ocrx_word' id='word_1_808' title='bbox 2365 5437 2654 5493; x_wconf 85' lang='lat' dir='ltr'><strong>Pontiliciis</strong></span> <span class='ocrx_word' id='word_1_809' title='bbox 2679 5436 2892 5508; x_wconf 83' lang='lat' dir='ltr'><strong>quidem</strong></span> <span class='ocrx_word' id='word_1_810' title='bbox 2923 5439 3151 5501; x_wconf 84' lang='lat' dir='ltr'><strong>nostris;</strong></span> <span class='ocrx_word' id='word_1_811' title='bbox 3181 5439 3407 5495; x_wconf 89' lang='lat' dir='ltr'><strong>deorum</strong></span> <span class='ocrx_word' id='word_1_812' title='bbox 3427 5449 3606 5503; x_wconf 79' lang='lat' dir='ltr'><strong>autem</strong></span> <span class='ocrx_word' id='word_1_813' title='bbox 3631 5442 3890 5501; x_wconf 87' lang='lat' dir='ltr'><strong>innume-</strong></span> 
     </span>
    </p>
   </div>
   <div class='ocr_carea' id='block_1_115' title="bbox 2286 5531 3887 5603">
    <p class='ocr_par' dir='ltr' id='par_1_115' title="bbox 2286 5531 3887 5603">
     <span class='ocr_line' id='line_1_115' title="bbox 2286 5531 3887 5603; baseline 0.002 -16"><span class='ocrx_word' id='word_1_814' title='bbox 2286 5531 2488 5587; x_wconf 85' lang='lat' dir='ltr'><strong>rabilis.</strong></span> <span class='ocrx_word' id='word_1_815' title='bbox 2524 5535 2603 5585; x_wconf 88' lang='lat' dir='ltr'><strong>An</strong></span> <span class='ocrx_word' id='word_1_816' title='bbox 2645 5531 2761 5586; x_wconf 85' lang='lat' dir='ltr'><strong>sine</strong></span> <span class='ocrx_word' id='word_1_817' title='bbox 2792 5531 3099 5586; x_wconf 88' lang='lat' dir='ltr'><strong>nominibus</strong></span> <span class='ocrx_word' id='word_1_818' title='bbox 3146 5533 3309 5586; x_wconf 87' lang='lat' dir='ltr'><strong>sunt?</strong></span> <span class='ocrx_word' id='word_1_819' title='bbox 3348 5532 3497 5588; x_wconf 86' lang='lat' dir='ltr'><strong>Istud</strong></span> <span class='ocrx_word' id='word_1_820' title='bbox 3540 5535 3759 5603; x_wconf 89' lang='lat' dir='ltr'><strong>quidem</strong></span> <span class='ocrx_word' id='word_1_821' title='bbox 3813 5538 3887 5592; x_wconf 86' lang='lat' dir='ltr'><strong>ita</strong></span> 
     </span>
    </p>
   </div>
   <div class='ocr_carea' id='block_1_116' title="bbox 2287 5622 3885 5691">
    <p class='ocr_par' dir='ltr' id='par_1_116' title="bbox 2287 5622 3885 5691">
     <span class='ocr_line' id='line_1_116' title="bbox 2287 5622 3885 5691; baseline 0.006 -17"><span class='ocrx_word' id='word_1_822' title='bbox 2287 5622 2442 5678; x_wconf 84' lang='lat' dir='ltr'><strong>vobis</strong></span> <span class='ocrx_word' id='word_1_823' title='bbox 2484 5622 2661 5676; x_wconf 88' lang='lat' dir='ltr'><strong>dicere</strong></span> <span class='ocrx_word' id='word_1_824' title='bbox 2702 5636 2923 5676; x_wconf 88' lang='lat' dir='ltr'><strong>necesse</strong></span> <span class='ocrx_word' id='word_1_825' title='bbox 2971 5632 3072 5677; x_wconf 91' lang='lat' dir='ltr'><strong>est.</strong></span> <span class='ocrx_word' id='word_1_826' title='bbox 3118 5622 3255 5690; x_wconf 87' lang='lat' dir='ltr'><strong>Quid</strong></span> <span class='ocrx_word' id='word_1_827' title='bbox 3295 5624 3438 5678; x_wconf 90' lang='lat' dir='ltr'><strong>enim</strong></span> <span class='ocrx_word' id='word_1_828' title='bbox 3478 5624 3706 5691; x_wconf 89' lang='lat' dir='ltr'><strong>attinet,</strong></span> <span class='ocrx_word' id='word_1_829' title='bbox 3755 5641 3885 5683; x_wconf 89' lang='lat' dir='ltr'><strong>cum</strong></span> 
     </span>
    </p>
   </div>
   <div class='ocr_carea' id='block_1_117' title="bbox 2289 5713 3885 5788">
    <p class='ocr_par' dir='ltr' id='par_1_117' title="bbox 2289 5713 3885 5788">
     <span class='ocr_line' id='line_1_117' title="bbox 2289 5713 3885 5788; baseline 0.003 -17"><span class='ocrx_word' id='word_1_830' title='bbox 2289 5730 2394 5777; x_wconf 80' lang='lat' dir='ltr'><strong>una</strong></span> <span class='ocrx_word' id='word_1_831' title='bbox 2421 5713 2587 5769; x_wconf 83' lang='lat' dir='ltr'><strong>facies</strong></span> <span class='ocrx_word' id='word_1_832' title='bbox 2612 5715 2702 5776; x_wconf 80' lang='lat' dir='ltr'><strong>sit,</strong></span> <span class='ocrx_word' id='word_1_833' title='bbox 2733 5714 2886 5783; x_wconf 86' lang='lat' dir='ltr'><strong>plura</strong></span> <span class='ocrx_word' id='word_1_834' title='bbox 2908 5729 3027 5770; x_wconf 89' lang='lat' dir='ltr'><strong>esse</strong></span> <span class='ocrx_word' id='word_1_835' title='bbox 3045 5715 3258 5771; x_wconf 82' lang='lat' dir='ltr'><strong>nomina</strong></span> <span class='ocrx_word' id='word_1_836' title='bbox 3277 5716 3300 5771; x_wconf 84' lang='lat'><strong>?</strong></span> <span class='ocrx_word' id='word_1_837' title='bbox 3317 5716 3485 5785; x_wconf 88' lang='lat' dir='ltr'><strong>Quam</strong></span> <span class='ocrx_word' id='word_1_838' title='bbox 3510 5716 3713 5772; x_wconf 88' lang='lat' dir='ltr'><strong>bellum</strong></span> <span class='ocrx_word' id='word_1_839' title='bbox 3739 5731 3885 5788; x_wconf 81' lang='lat' dir='ltr'><strong>erat,</strong></span> 
     </span>
    </p>
   </div>
   <div class='ocr_carea' id='block_1_118' title="bbox 2288 5808 3885 5884">
    <p class='ocr_par' dir='ltr' id='par_1_118' title="bbox 2288 5808 3885 5884">
     <span class='ocr_line' id='line_1_118' title="bbox 2288 5808 3885 5884; baseline 0.003 -19"><span class='ocrx_word' id='word_1_840' title='bbox 2288 5808 2476 5871; x_wconf 85' lang='lat' dir='ltr'><strong>Vellei,</strong></span> <span class='ocrx_word' id='word_1_841' title='bbox 2507 5808 2751 5865; x_wconf 90' lang='lat' dir='ltr'><strong>conﬁteri</strong></span> <span class='ocrx_word' id='word_1_842' title='bbox 2780 5810 2956 5879; x_wconf 89' lang='lat' dir='ltr'><strong>potius</strong></span> <span class='ocrx_word' id='word_1_843' title='bbox 2987 5810 3219 5875; x_wconf 87' lang='lat' dir='ltr'><strong>nescire,</strong></span> <span class='ocrx_word' id='word_1_844' title='bbox 3251 5809 3395 5881; x_wconf 90' lang='lat' dir='ltr'><strong>quod</strong></span> <span class='ocrx_word' id='word_1_845' title='bbox 3423 5810 3683 5876; x_wconf 88' lang='lat' dir='ltr'><strong>nescires,</strong></span> <span class='ocrx_word' id='word_1_846' title='bbox 3716 5830 3885 5884; x_wconf 89' lang='lat' dir='ltr'><strong>quam</strong></span> 
     </span>
    </p>
   </div>
   <div class='ocr_carea' id='block_1_119' title="bbox 2299 5902 3894 5980">
    <p class='ocr_par' dir='ltr' id='par_1_119' title="bbox 2299 5902 3894 5980">
     <span class='ocr_line' id='line_1_119' title="bbox 2299 5902 3894 5980; baseline 0.003 -18"><span class='ocrx_word' id='word_1_847' title='bbox 2299 5904 2399 5962; x_wconf 84' lang='lat' dir='ltr'><strong>ista</strong></span> <span class='ocrx_word' id='word_1_848' title='bbox 2420 5902 2748 5962; x_wconf 78' lang='lat' dir='ltr'><strong>eiiutieutem</strong></span> <span class='ocrx_word' id='word_1_849' title='bbox 2780 5904 3079 5962; x_wconf 83' lang='lat' dir='ltr'><strong>nauseare?</strong></span> <span class='ocrx_word' id='word_1_850' title='bbox 3106 5903 3187 5961; x_wconf 80' lang='lat' dir='ltr'><strong>An</strong></span> <span class='ocrx_word' id='word_1_851' title='bbox 3214 5913 3291 5980; x_wconf 23' lang='lat' dir='ltr'><strong>‘tu</strong></span> <span class='ocrx_word' id='word_1_852' title='bbox 3319 5903 3425 5961; x_wconf 84' lang='lat' dir='ltr'><strong>mei</strong></span> <span class='ocrx_word' id='word_1_853' title='bbox 3462 5903 3692 5961; x_wconf 83' lang='lat' dir='ltr'><strong>similem</strong></span> <span class='ocrx_word' id='word_1_854' title='bbox 3726 5919 3894 5976; x_wconf 80' lang='lat' dir='ltr'><strong>putas</strong></span> 
     </span>
    </p>
   </div>
  </div>
