4030 6304
249 365 354 424 501

1450 364 1520 422 IN
1546 354 1938 438 ARNOBI’UH,
1983 368 2141 428 CAP.
2185 370 2274 428 XI.

3440 372 3545 432 5'02

250 495 396 550 esse,
428 487 521 537 aut
548 480 623 536 tui
657 476 870 537 Deum?
900 478 1149 537 Profecto
1182 486 1291 536 non
1329 480 1505 550 putas.
1555 498 1574 533 ›
1622 480 1840 552 (Ciam,
1870 486 1925 547 Α
1949 484 2230 555 gentilium
2253 484 2879 561 opinionibusindignari
2894 489 3138 561 quidem,
3158 489 3256 549 sed
3281 508 3301 543 ι
3332 493 3542 557 conari,

252 577 343 631 lib.
375 591 415 641 t,
446 564 509 631 de
534 573 663 631 Nat.
691 576 860 641 ὀισπ,
906 582 1027 646 pag.
1066 573 1194 640 207,
1226 576 1320 629 lin.
1357 570 1477 645 29.)
1505 574 1668 630 Vides
1696 580 1846 630 certe

253 667 503 724 eamdem
533 680 655 724 esse
701 664 979 723 Cicerbnis
1018 674 1180 736 atque
1214 667 1438 721 Arnobii
1479 668 1649 722 nostri
1687 681 1845 738 argu-

250 764 658 829 mentationem,
693 774 794 834 qua
842 762 1147 819 ﬁctitiorum
1194 765 1475 819 numinum
1505 763 1843 822 divinitatem

248 855 375 927 jure
409 856 600 913 merito
628 856 884 926 explodit.

327 948 513 1020 Neque
545 948 619 1004 ibi
664 957 869 1004 tantum
909 958 1098 1004 auctor
1144 960 1328 1005 noster
1370 950 1567 1018 premit
1611 950 1841 1004 oratoris

256 1039 407 1095 latini
438 1039 656 1110 vestigia
688 1079 701 1092 .
737 1039 833 1094 sed
859 1036 985 1094 alibi
1012 1039 1224 1110 sacpius,
1265 1048 1355 1094 aut
1392 1040 1556 1095 verba
1582 1040 1718 1108 ejus.
1751 1051 1846 1095 aut

251 1132 471 1189 sensum
503 1132 778 1201 exprimit.
804 1132 874 1189 At
895 1146 956 1188 ea
987 1132 1165 1189 hausit
1196 1134 1531 1204 petissimum
1578 1147 1646 1187 ex
1675 1132 1845 1187 tribtts

252 1224 399 1281 illius
421 1225 486 1278 de
509 1223 712 1279 Natura
743 1226 953 1279 deorum
990 1225 1159 1290 libris,
1205 1226 1280 1279 uti
1325 1239 1395 1280 ex
1429 1224 1565 1279 intra
1604 1223 1845 1278 dicendis

250 1332 449 1375 Omnes
478 1318 797 1392 intelligent.
844 1318 1003 1372 Prius
1031 1316 1211 1386 igitttr,
1260 1332 1421 1387 quam
1466 1317 1690 1372 ulteritts
1722 1330 1846 1385 pro-

251 1410 585 1481 grediamur,
609 1426 717 1465 non
763 1409 969 1465 inutilis
1009 1409 1363 1479 proculdubio
1402 1423 1580 1479 Operm
1620 1408 1843 1478 pretium

254 1503 362 1559 erit
390 1502 703 1570 observare,
730 1504 874 1573 quod
901 1513 1087 1560 auctor
1128 1512 1313 1558 noster
1350 1501 1418 1557 de
1445 1501 1529 1555 his
1569 1500 1845 1556 Ciceronis

250 1596 408 1652 libris
433 1596 569 1652 {erat
601 1596 887 1667 judicium,
917 1606 973 1653 et
1000 1611 1095 1653 cur
1140 1611 1327 1653 eorum
1359 1596 1413 1650 in
1440 1596 1631 1667 primis
1655 1603 1846 1650 aucto-

249 1689 412 1745 ritate
437 1690 682 1745 ethnicos
708 1690 938 1746 refellat.

324 1780 400 1835 De
450 1781 681 1850 ipsomet
726 1792 907 1837 autem
954 1780 1246 1847 Cicerone,
1296 1781 1349 1835 in
1381 1779 1532 1835 hisce
1574 1778 1724 1833 libris
1766 1779 1842 1833 lo-

1952 579 2077 632 dum
2107 581 2555 637 consuetudinem
2587 582 2820 638 civitatis
2856 583 3026 647 timet,
3060 583 3381 654 religionem
3429 583 3545 638 lau-

1950 670 2083 726 dare
2108 673 2396 740 majorum,
2427 688 2652 744 eamque
2690 689 2718 728 a
2756 676 3141 744 superstitione
3180 676 3323 732 velle
3361 674 3545 747 sejun-

1950 779 2101 836 gere,
2128 765 2223 820 sed
2250 768 2521 837 quomodo
2555 768 2606 822 id
2637 769 2825 838 possit,
2870 784 2976 822 non
3024 768 3293 825 invenire.
3347 789 3368 823 ι
3418 769 3546 841 (Au-

1951 868 2111 929 gust.,
2131 859 2220 912 lib.
2247 874 2301 912 tv
2328 862 2390 913 de
2407 858 2582 927 Civit.,
2611 876 2727 929 cap.
2752 861 2844 926 30,
2872 878 2993 933 pag.
3020 860 3168 935 110).
3192 861 3328 917 Tum
3351 862 3545 918 deinde

1952 954 2198 1019 sequenti
2230 950 2369 1006 libro
2389 954 2485 1019 ait,
2518 967 2641 1008 cum
2666 953 2756 1007 ille
2773 953 2982 1008 videret
3007 953 3402 1021 apertissitnam
3423 969 3545 1010 esse

1954 1044 2242 1111 insaniam,
2273 1056 2292 1096 ι
2330 1046 2572 1101 confiteri
2620 1048 2784 1101 Deum
2814 1055 2869 1101 et
2914 1060 3112 1117 negare
3154 1050 3435 1120 praascium
3466 1050 3547 1106 lu;

1952 1145 2219 1201 turorum,
2248 1140 2477 1193 tentavit
2505 1154 2770 1205 asserere,
2795 1138 2938 1210 quod
2962 1141 3221 1211 scriptum
3252 1153 3367 1197 est:
3393 1142 3543 1198 Dixit

1951 1227 2214 1297 insipiens
2240 1230 2289 1282 in
2313 1231 2479 1284 corde
2521 1246 2617 1286 suo
2652 1249 2666 1285 :
2712 1231 2829 1286 Non
2861 1242 2944 1286 est
2986 1236 3159 1299 Dens;
3201 1233 3296 1289 sed
3341 1249 3448 1289 non
3480 1251 3545 1291 ex

1953 1334 2050 1374 sua
2098 1336 2345 1388 persona.
2390 1322 2536 1377 Vidit
2581 1326 2723 1378 enim
2764 1338 2923 1393 quam
2955 1335 3100 1381 esset
3126 1326 3453 1383 invidiosum
3494 1334 3550 1386 et

1952 1414 2271 1479 molestum;
2307 1416 2536 1487 ideoque
2563 1418 2770 1474 Cottam
2802 1418 2927 1474 fecit
2950 1420 3313 1491 disputantem
3340 1422 3409 1479 de
3447 1424 3547 1480 hac

1950 1523 2012 1563 re
2049 1508 2332 1564 adversum
2370 1511 2580 1567 Stoicos
2625 1513 2675 1566 in
2707 1511 2857 1568 libris
2882 1513 2949 1569 de
2977 1514 3200 1569 deorum
3246 1525 3457 1583 natura,
3496 1526 3551 1573 et

1952 1612 2050 1670 pro
2079 1600 2285 1657 Lucilio
2319 1601 2501 1667 Balbo,
2532 1604 2619 1660 cui
2643 1605 2934 1660 stoicorum
2966 1617 3145 1675 partes
3184 1607 3548 1667 defendendas

1952 1694 2122 1760 dedit,
2158 1695 2347 1750 maluit
2378 1695 2517 1752 ferre
2544 1701 2892 1764 sententiam,
2929 1716 3087 1771 quam
3121 1716 3219 1772 pro
3253 1702 3433 1770 Cotta,
3458 1700 3547 1775 qui

1952 1788 2157 1843 nullam
2207 1799 2457 1845 naturam
2507 1792 2741 1846 divinam
2784 1810 2904 1850 esse
2950 1795 3245 1851 contendit.
3301 1815 3321 1848 ι
3376 1794 3546 1869 (Idem

247 1883 471 1944 quente,
504 1873 583 1928 sic
620 1874 933 1942 pronuntiat
968 1891 980 1927 :
1029 1892 1047 1924 ι
1102 1875 1243 1928 Ante
1273 1887 1464 1927 omnes
1489 1870 1701 1927 Tullius
1726 1870 1839 1926 Ro-
1872 1880 1921 1943 Β
1947 1880 2097 1946 ἰδίω,
2124 1882 2213 1936 lib,
2242 1898 2296 1948 ν,
2328 1899 2444 1953 cap.
2470 1882 2526 1951 9,
2557 1884 2852 1957 pag,12|,)

246 1967 396 2021 mani
450 1965 841 2021 disertissimus
880 1965 1123 2035 generis,
1171 1964 1376 2019 nullam‘
1414 1965 1618 2018 veritus
1648 1958 1844 2033 impie-

248 2059 381 2114 tatis
410 2057 685 2125 invidiam‘,
717 2059 968 2129 ingenue,
1001 2064 1342 2122 constanter,
1383 2052 1437 2112 et
1467 2057 1669 2123 libere,
1717 2057 1845 2126 quid

248 2167 416 2223 super
457 2153 548 2208 tali
584 2154 929 2224 opinatione,
966 2172 984 2205 ο
1019 2152 1271 2207 nimirum
1302 2150 1371 2205 de
1393 2150 1683 2221 gentilium
1715 2146 1843 2213 diis,

257 2265 279 2300 ς
316 2247 563 2313 sentiret,
594 2247 815 2317 pietate,
839 2260 961 2302 cum
989 2247 1194 2318 majore
1219 2246 1561 2300 monstravit.
1592 2243 1638 2300 A
1669 2259 1776 2313 quo
1798 2244 1846 2299 si

247 2355 342 2395 res
387 2354 600 2395 sumere
644 2340 833 2409 judicii
869 2342 1095 2395 veritate
1141 2339 1472 2408 conscriptas
1522 2335 1841 2407 pergeretis,

249 2442 504 2504 perorata
530 2442 676 2487 esset
708 2433 822 2487 hate
861 2448 1047 2499 causa,
1079 2447 1181 2488 nec
1206 2431 1492 2496 secundas,
1538 2441 1596 2483 ut
1625 2428 1842 2491 dicitur,

249 2523 495 2578 actiones
535 2524 691 2579 nobis
736 2524 805 2577 ah
846 2522 1132 2579 inlantibus
1172 2523 1486 2594 postularet.
1535 2541 1553 2574 i
1591 2519 1835 2593 (Arnob.,

248 2615 345 2670 lib.
372 2631 453 2679 ιιι,
484 2632 601 2687 pag.
631 2617 782 2681 103.)
802 2617 1163 2684 Quamobrem
1193 2633 1297 2671 non
1328 2616 1503 2686 pauci,
1534 2615 1704 2684 pergit
1728 2613 1842 2675 ille,

246 2710 642 2765 aversabantur
669 2711 929 2766 librarum
951 2710 1068 2780 ejus
1095 2711 1166 2766 de
1193 2720 1382 2765 natura
1408 2710 1635 2766 deorum
1660 2708 1845 2763 lectio-

253 2817 404 2868 nem,
447 2803 703 2873 nulloque
739 2804 956 2875 penitus
988 2804 1151 2859 modo
1176 2819 1268 2857 nec
1296 2804 1349 2857 in
1379 2818 1555 2856 aurem
1595 2800 1846 2855 volebant

250 2892 542 2949 admittere
574 2913 586 2948 :
617 2894 707 2949 alii
737 2911 868 2951 vero
895 2910 992 2951 eos
1033 2895 1502 2953 senatusconsulto
1526 2890 1842 2956 abolendos,

252 3000 319 3041 ac
348 2986 417 3041 de
456 2986 639 3041 medio
667 2987 935 3043 tollendos
961 2986 1279 3043 censebant.
1329 2984 1634 3041 Cardinalis
1664 2992 1843 3037 autem

249 3080 518 3136 Baronius
546 3080 797 3150 opinatus
833 3090 917 3136 est
947 3080 999 3135 id
1033 3088 1332 3135 memorato
1358 3094 1386 3131 a
1414 3076 1570 3132 nobis
1595 3074 1845 3144 superius

250 3171 574 3228 Diocletiani
600 3171 780 3227 edicto
826 3172 1044 3237 factum,
1096 3172 1324 3241 illosque
1369 3169 1534 3224 libros
1564 3164 1843 3221 Ciceronis

2022 1977 2093 2033 At
2122 1979 2166 2032 si
2195 1977 2385 2034 Cicero
2415 1980 2500 2034 bis
2525 1981 2576 2034 in
2604 1981 2754 2035 libris
2782 1996 2975 2037 omnes
3002 1982 3242 2040 funditus
3263 1986 3550 2057 religiones

1951 2071 2186 2135 sustulit,
2230 2070 2274 2124 si
2316 2070 2381 2125 ad
2414 2071 2668 2126 invidiam
2700 2073 3111 2144 molestiamque
3147 2076 3544 2147 depellendam,

1951 2162 2119 2218 verbo
2145 2172 2351 2217 tantum
2381 2179 2481 2219 nec
2523 2166 2733 2220 sincera
2771 2175 2953 2222 mente
2980 2167 3112 2223 deos
3140 2170 3373 2226 existere
3399 2186 3546 2229 asse-

1950 2252 2078 2325 ruit,
2107 2277 2235 2329 quo,
2269 2252 2497 2331 inquies,
2517 2262 2641 2331 jure
2666 2263 2938 2319 Arnobius
2972 2273 3117 2322 tanta
3148 2267 3548 2323 asseveratione

1950 2351 2181 2406 aftirmat
2209 2352 2448 2424 (ΑΙ-ποὺ..
2478 2355 2567 2409 lib.
2624 2371 2699 2423 tn,
2751 2373 2871 2427 pag.
2917 2348 3043 2431 1’05)
3087 2359 3185 2414 hos
3230 2358 3377 2431 ipsos
3422 2375 3545 2416 esse

1950 2443 2229 2501 Ciceronis
2250 2447 2439 2512 libros,
2476 2468 2495 2500 ι
2530 2450 2726 2520 quibus
2752 2451 3044 2507 christiana
3075 2453 3264 2524 religio
3291 2470 3545 2525 compro-

1952 2537 2129 2603 betur,
2153 2549 2207 2594 et
2239 2534 2522 2595 vetustatis
2544 2543 2881 2612 Opprimatur
2909 2547 3235 2601 auctoritas?
3264 2567 3282 2599 ι
3302 2546 3547 2618 Respon-

1952 2629 2067 2684 deri
2097 2631 2238 2685 ltand
2266 2632 2447 2701 inepte
2479 2640 2659 2702 potest
2684 2635 2993 2691 cltristianae
3023 2638 3302 2708 religionis
3327 2640 3546 2694 nomine

1951 2723 2022 2777 ab
2048 2723 2139 2777 illo
2158 2724 2444 2791 signiﬁcari
2485 2726 2627 2780 illius
2655 2727 2722 2782 de
2747 2743 2879 2783 vero
2910 2738 2964 2783 et
2983 2732 3143 2785 unico
3180 2729 3314 2795 Deo,
3340 2731 3548 2786 divina-

1952 2828 2055 2883 que
2085 2815 2228 2869 illius
2251 2817 2430 2871 omnia
2452 2816 2866 2875 administrante
2897 2820 3229 2890 providentia
3252 2822 3544 2878 documen-

1956 2915 2088 2960 tum.
2118 2904 2249 2961 Nam
2272 2924 2338 2963 eo
2362 2920 2571 2964 asserto
2585 2912 2906 2981 Opprimitur
2931 2915 3211 2969 vetustatis
3230 2916 3543 2981 auctoritas,

1953 3006 2073 3070 qua:
2104 3000 2429 3069 multiplices
2456 3013 2509 3057 et
2530 3002 2793 3071 inﬁnitos,
2827 3005 2968 3083 sicut
2994 3006 3243 3073 diximus,
3277 3006 3416 3063 Deos
3439 3005 3544 3061 ﬁn-

1952 3103 2124 3148 xerat.
2151 3095 2313 3165 Atqui
2339 3095 2531 3152 Cicero
2575 3098 2629 3151 in
2660 3098 2771 3152 suis
2806 3097 2868 3151 de
2905 3097 3113 3152 Natura
3140 3104 3351 3155 deorum
3389 3100 3543 3155 libris

1954 3187 2072 3242 hmo
2103 3199 2207 3242 tam
2237 3198 2422 3259 aperte
2444 3190 2808 3257 domonstrat,
2836 3207 2995 3261 quam
3021 3194 3180 3247 t’alsas
3209 3207 3332 3248 esse
3354 3206 3544 3248 omnes

247 3280 376 3321 cum
428 3264 850 3322 Chrmlanorum
900 3265 1115 3336 εονίμιίε
1166 3266 1288 3333 ⁵8⁸⁸
1330 3268 1916 3356 νθνθτθίθτθίηθίοδο
1948 3282 2228 3353 gentilium
2277 3285 2546 3355 quoslibet
2591 3286 2721 3340 deos
2772 3286 3061 3340 colentium
3110 3286 3417 3356 religiones.
3473 3288 3545 3340 At

247 3356 504 3430 (Raram,
554 3359 623 3413 ad
672 3359 807 3414 Ann.
863 3358 990 3425 509,
1039 3357 1068 3430 §
1126 3357 1213 3421 19,
1271 3356 1418 3426 795).
1453 3355 1559 3411 Sed
1589 3368 1840 3410 veremur

247 3466 323 3506 ne
346 3450 695 3505 doctissimus
720 3451 805 3506 vir
831 3451 1069 3506 animum
1108 3464 1214 3503 non
1253 3448 1384 3502 satis
1414 3447 1707 3501 adverterit
1730 3446 1841 3517 0p-

252 3554 424 3599 tatnm
453 3552 508 3600 et
533 3543 845 3607 Eusebium,
877 3556 1013 3613 quos
1065 3544 1132 3598 de
1177 3542 1370 3598 eodem
1410 3540 1728 3596 Diocletiani
1748 3538 1845 3595 de-

248 3644 404 3692 creto
423 3636 752 3693 disserentes
781 3638 904 3692 alibi
931 3638 1236 3702 citavitnus,
1266 3650 1543 3691 sacrorum
1566 3636 1845 3689 dumtaxat

248 3727 450 3783 divinae
465 3727 775 3796 Scripturae,
799 3742 894 3784 seu
917 3728 1230 3784 deiﬂcorutn
1247 3738 1557 3783 nostrorum
1582 3728 1841 3783 librorum

248 3820 447 3879 fecisse
478 3825 827 3878 mentionem.

325 3937 498 3994 Porro
540 3947 718 3994 autem
749 3953 907 4009 quam
949 3937 1187 3993 funditus
1217 3936 1410 3991 Cicero
1450 3936 1599 3991 hisce
1638 3936 1751 3991 suis
1788 3935 1843 3990 in

248 4031 407 4087 libris
443 4032 662 4100 impium
710 4031 932 4087 deorum
960 4031 1183 4097 cultum,
1215 4044 1509 4099 omnesque
1537 4027 1700 4083 falsas
1723 4030 1844 4083 eth-

251 4123 496 4179 nicorum
537 4124 826 4194 religiones
852 4124 1128 4187 everterit,
1160 4122 1356 4189 quidve
1397 4121 1465 4176 de
1508 4120 1696 4175 iisdem
1740 4120 1845 4176 diis

249 4219 506 4284 senserit,
555 4217 643 4274 hic
671 4218 981 4273 Lactantius
1023 4218 1257 4288 explicat
1300 4217 1478 4272 verbis
1524 4234 1537 4270 :
1585 4215 1843 4271 Romana:

251 4312 611 4384 philosophiae
640 4314 911 4383 princeps,
943 4324 995 4368 et
1024 4314 1354 4383 amplissimo
1376 4312 1684 4367 sacerdotio
1707 4327 1845 4382 prae-

250 4407 422 4473 ditus,
455 4409 856 4463 commentitios
896 4425 960 4463 ac
990 4410 1143 4463 lictos
1171 4408 1302 4462 deos
1348 4406 1620 4478 redarguit
1664 4424 1678 4460 :
1711 4420 1846 4475 quo-

250 4516 374 4556 rum
405 4500 579 4555 cultus
622 4499 1037 4571 superStitiones
1064 4516 1202 4570 pene
1238 4499 1409 4554 aniles
1437 4514 1557 4554 esse
1584 4507 1841 4562 testatur;

252 4591 405 4648 falsis
454 4590 831 4663 opinionibus,
861 4592 1243 4660 errbribusque
1294 4590 1615 4647 turbulentis
1658 4588 1843 4657 impli-

1946 3379 2310 3434 detnonstrata
2379 3394 2566 3435 earum
2612 3379 2871 3446 falsitate,
2918 3380 3192 3435 Arnobius
3237 3380 3546 3435 necessario

1946 3474 2192 3529 concludi
2226 3490 2384 3545 posse
2407 3475 2632 3545 putavit,
2660 3475 2826 3529 solam
2847 3473 3192 3529 christianam
3226 3474 3540 3542 religionem

1947 3583 2069 3624 esse
2098 3584 2301 3636 veram,
2333 3580 2387 3625 et
2416 3569 2536 3624 aliis
2557 3570 2827 3626 veteribus
2855 3568 3175 3640 repudiatis,
3199 3569 3268 3625 ab
3293 3569 3543 3625 omnibus

1944 3660 2361 3734 suscipiendam.

2018 3756 2222 3810 Prmter
2270 3754 2584 3811 Ciceronem
2633 3770 2784 3823 vero,
2819 3757 2964 3813 mille
3011 3756 3182 3821 alios,
3241 3771 3306 3812 ex
3346 3757 3541 3828 quibus

1948 3848 2235 3903 nonnullos
2287 3847 2596 3902 nominibus
2646 3849 2758 3903 suis
2831 3849 3099 3918 appellat,
3176 3862 3207 3902 a
3271 3862 3333 3903 se
3384 3849 3540 3904 citari

1947 3952 2111 4009 posse
2137 3948 2327 3994 auctor
2367 3947 2551 3993 noster
2581 3939 2775 3993 asserit
2810 3940 2902 4009 qui
2940 3939 3072 3993 deos
3112 3939 3391 4010 gentilium
3444 3939 3546 3993 fal-

1947 4047 2040 4087 sos
2087 4033 2331 4102 penitus,
2381 4048 2445 4088 ac
2473 4047 2654 4087 meros
2696 4033 2943 4087 homines
2976 4031 3145 4089 fuisse
3191 4033 3406 4103 scriptis
3447 4048 3545 4103 pu-

1948 4126 2103 4180 blicis
2158 4126 2494 4196 proclamare
2543 4132 2607 4181 ac
2665 4127 2894 4195 probare
2938 4141 3044 4181 non
3101 4126 3533 4182 dubitaverunt:

1956 4236 1975 4269 ι
2012 4217 2302 4272 Possumus
2347 4218 2564 4289 quidem
2597 4233 2787 4273 omnes
2830 4222 2984 4283 istos,
3022 4238 3042 4271 ι
3086 4219 3158 4273 ita
3191 4220 3281 4274 ille
3309 4219 3543 4289 loquitur

1950 4311 2165 4381 (idem,
2196 4312 2286 4365 lib.
2317 4327 2402 4376 tv,
2436 4326 2555 4383 pag.
2589 4312 2712 4381 M'I)
2738 4353 2752 4379 ,
2800 4330 2820 4365 ‹
2868 4314 3023 4367 nobis
3046 4352 3061 4375 ,
3105 4327 3241 4383 quos
3292 4314 3541 4368 inducitis

1948 4412 2110 4474 atque
2139 4398 2423 4475 appellatis
2461 4404 2622 4469 deos,
2684 4403 2930 4459 homines
2977 4402 3144 4460 fuisse
3201 4414 3539 4471 monstrare,

1948 4496 2034 4551 vel
2084 4497 2446 4567 Agragantino
2498 4496 2802 4551 Euhemero
2830 4494 3144 4565 greplicato,
3188 4496 3339 4564 cujus
3390 4496 3543 4551 libel-

1950 4591 2031 4646 los
2079 4591 2315 4657 Ennius,
2345 4591 2547 4645 clarum
2587 4597 2645 4643 ut
2677 4590 2827 4643 iteret
2869 4587 3112 4653 cunctis,
3145 4602 3450 4643 sermonem
3487 4590 3539 4645 in

252 4694 405 4739 catos
439 4697 555 4740 esse
584 4670 829 4738 homines
857 4684 1117 4753 queritur.
1152 4680 1282 4736 Nam
1318 4691 1461 4737 totus
1490 4681 1627 4735 liber
1656 4681 1844 4734 tertius
1868 4682 1923 4743 D
1956 4686 2143 4740 italum
2190 4683 2459 4740 transtulit
2479 4724 2492 4747 ,
2523 4683 2606 4737 vel
2657 4680 2915 4750 Nicagora
2943 4678 3142 4750 Cyprio
3163 4723 3179 4747 ,
3229 4680 3315 4734 vel
3343 4680 3544 4737 Pellaeo

252 4775 324 4832 de
346 4776 540 4831 Natura
568 4774 792 4831 deorum
823 4788 1013 4829 omnes
1044 4774 1279 4829 funditus
1308 4775 1597 4845 religiones
1623 4775 1842 4840 evertit,

254 4884 321 4924 ac
364 4868 526 4924 delet.
577 4868 713 4937 Quid
752 4882 881 4939 ergo
930 4882 957 4920 a
1003 4868 1154 4921 ndbis
1203 4876 1518 4936 ettpectatur
1576 4866 1848 4938 amplius?

255 4962 394 5020 Num
424 4966 730 5036 eloquentia
761 4980 1020 5037 sttpcrare
1050 4980 1336 5036 possumus
1364 4964 1725 5019 Ciceroneni?
1752 4962 1848 5020 Mi-

258 5058 405 5114 nime
436 5060 487 5113 id
514 5062 750 5131 quidem.
786 5060 892 5115 Sed
920 5058 1109 5114 fiducia
1132 5058 1205 5113 illi
1236 5059 1425 5125 defuit,
1451 5059 1717 5129 ignoranti
1752 5075 1844 5115 ve-

257 5152 496 5208 ritatent.
528 5154 616 5207 Ait
643 5155 786 5209 enim
818 5152 1021 5207 facilius
1046 5167 1103 5206 se
1137 5166 1299 5222 posse
1339 5151 1543 5219 dicere,
1575 5152 1700 5222 quid
1737 5166 1845 5207 non

209 5274 219 5286 -
259 5246 352 5310 sit,
385 5252 542 5313 ttuatn
572 5240 695 5316 quid
729 5249 819 5310 sit,
850 5246 950 5303 ltdc
981 5255 1082 5307 est,
1115 5246 1247 5300 falsa
1278 5258 1338 5301 se
1368 5232 1690 5315 intelligere,
1720 5258 1846 5303 vera

259 5339 493 5393 nescire.
532 5344 550 5391 i
584 5337 865 5407 (Laetam,
894 5339 981 5393 lib.
1012 5348 1046 5394 t.
1072 5338 1271 5404 Inslil.,
1300 5352 1417 5407 cap.
1454 5340 1541 5404 l7,
1574 5357 1692 5410 pag.
1726 5337 1845 5409 90.)

333 5429 611 5485 Lactantio
642 5430 822 5501 igitur,
860 5430 1086 5501 aliisque
1111 5428 1518 5502 quam’plurimis
1559 5431 1847 5486 eruditissi-

260 5521 364 5578 mis
383 5522 754 5593 scriptoribus,
782 5524 952 5577 visutn
970 5533 1054 5579 est
1082 5523 1165 5577 his
1182 5522 1460 5578 Ciceronis
1479 5522 1630 5578 libris
1659 5523 1848 5578 falsam

260 5613 595 5671 ethnicorum
638 5612 951 5684 religionem
994 5608 1230 5668 funditas
1256 5614 1461 5679 everti,
1508 5616 1716 5668 tametsi
1762 5614 1849 5670 ille

261 5707 421 5762 aliam
449 5721 634 5761 veram
657 5688 944 5762 ostendere
970 5704 1024 5761 et
1051 5707 1292 5762 stabilire
1322 5723 1430 5762 non
1458 5706 1710 5762 valuerit.

338 5799 665 5869 Augustinus
708 5810 839 5853 vero
886 5798 1062 5853 citatis
1119 5798 1439 5869 quibusdam
1494 5815 1558 5854 ex
1614 5797 1853 5855 secundo

261 5891 535 5952 concludit
577 5891 726 5949 illum
773 5891 1185 5949 simulacrorum
1234 5892 1554 5951 institutioni
1602 5900 1657 5949 et
1706 5891 1855 5948 falsis

1953 4778 2159 4833 Leonte
2182 4821 2196 4844 ,
2250 4777 2334 4831 vel
2365 4774 2661 4845 Cyrenensi
2707 4772 3017 4838 Theodoro,
3046 4773 3133 4827 vel
3168 4773 3435 4843 llippone,
3481 4790 3545 4829 ac

1954 4871 2182 4941 Diagora
2221 4869 2422 4933 Meliis,
2457 4870 2539 4923 vel
2567 4867 2880 4922 auctoribus
2907 4867 3027 4921 aliis
3059 4868 3235 4933 mille,
3265 4869 3356 4939 qui
3391 4883 3545 4924 scru-

1953 4964 2160 5032 pulosa:
2197 4961 2488 5031 diligentiae
2533 4972 2658 5014 cura
2709 4958 2761 5013 in
2805 4960 2980 5014 lucctn
3012 4974 3100 5014 res
3124 4959 3333 5015 abditas
3379 4960 3544 5016 liber-

1955 5064 2062 5108 tate
2111 5057 2339 5123 ingenua
2385 5052 2747 5121 protulerunt.
2787 5071 2806 5104 ι
2842 5051 3013 5119 Quam
3041 5062 3220 5108 autem
3270 5052 3324 5107 id
3356 5069 3541 5109 verum

1951 5148 2043 5211 sit,
2071 5147 2203 5201 satis
2225 5146 2391 5215 liquet
2407 5159 2473 5201 ex
2492 5143 2598 5211 his,
2619 5159 2739 5214 qua:
2760 5159 2858 5199 nos
2877 5145 2947 5200 de
2970 5144 3198 5200 laudatis
3222 5145 3290 5200 ab
3312 5159 3380 5200 eo
3411 5146 3543 5200 scri-

1956 5240 2202 5312 ptoribus
2232 5240 2285 5295 in
2336 5241 2515 5310 priore
2544 5252 2832 5311 apparatus
2864 5242 3030 5295 nostri
3080 5249 3225 5294 tomo
3247 5282 3263 5306 ,
3295 5251 3350 5294 et
3390 5254 3549 5310 supe-

1951 5333 2097 5387 riore
2140 5332 2208 5387 de
2234 5332 2450 5387 Minucii
2476 5332 2701 5388 Octavio
2724 5332 3104 5387 dissertatione
3150 5330 3540 5399 disputavimus

1948 5426 2097 5498 (tam.
2123 5440 2140 5480 ι
2170 5427 2422 5497 Apparet.
2445 5468 2461 5491 ,
2499 5426 2589 5481 lib.
2618 5441 2696 5488 ιιι,
2746 5424 2964 5479 Dium.
2998 5424 3049 5488 1,
3082 5440 3200 5493 cap.
3234 5424 3321 5489 ll,
3353 5433 3454 5477 art.
3484 5424 3540 5491 5,

1951 5532 2072 5594 pag.
2128 5519 2267 5585 785;
2311 5530 2358 5575 et
2405 5536 2552 5589 rem;
2581 5519 2796 5576 Dium.
2845 5521 2900 5573 in
2929 5517 3131 5573 Minue.
3166 5517 3383 5584 Oetam,
3422 5536 3540 5592 cap.

1958 5624 2007 5669 et
2057 5622 2157 5669 arl.
2211 5613 2425 5686 ναῦφι).
2462 5612 2669 5669 Nemini
2719 5625 2880 5681 porro
2905 5611 3082 5679 ullus,
3130 5612 3206 5667 uti
3253 5621 3538 5682 putamus,

1956 5706 2236 5763 dubitandi
2299 5708 2451 5762 locus
2496 5714 2580 5762 est
2633 5718 2756 5760 cum
2804 5702 3159 5771 Ciceronem,
3212 5712 3325 5759 tum
3369 5702 3545 5771 alios,

1956 5815 2090 5869 quos
2114 5799 2385 5855 Arnobius
2414 5798 2732 5853 nominatim
2780 5795 3028 5862 vocavit,
3060 5810 3156 5851 eos
3197 5795 3344 5867 ipsos
3382 5810 3504 5852 esse
3530 5839 3544 5863 ,

1962 5893 2029 5949 dc
2070 5892 2266 5963 quibus
2316 5892 2405 5949 ille
2444 5890 2570 5947 alibi
2624 5888 2838 5947 dixerat
2869 5906 2883 5945 :
2922 5906 2941 5942 ι
2976 5887 3238 5967 Audimus
3288 5888 3551 5963 quosdam
