4030 6290
523 291 632 346 505

1764 296 2219 358 DISSERTATIO
2255 301 2535 361 PBJEVIA

3725 309 3867 371 Ξίοι

525 406 940 479 philosophandi
987 408 1165 466 studio
1204 410 1414 468 deditos
1460 414 1654 484 partim
1704 413 1867 469 ullam
1916 429 2113 484 negare
2142 420 2197 481 Α
2224 417 2426 475 tionem
2469 420 2633 476 etiam
2682 419 3009 494 Euripides,
3054 422 3259 495 aliique
3301 421 3519 480 Baccho
3576 422 3859 482 tribuunt

525 500 632 554 vim
680 516 800 557 esse
849 502 1118 569 divinam,
1174 505 1363 573 partim
1416 520 1484 560 an
1516 508 1621 574 sit,
1672 505 1910 578 quotidie
1960 522 2109 579 qua:-

522 609 666 651 l'ere.
718 615 738 648 ι
775 595 986 667 (Arnob.
1012 638 1027 662 ,
1062 596 1149 651 lib.
1183 613 1236 662 ι,
1270 615 1390 670 pag.
1428 598 1543 670 18.)

596 687 685 741 His
717 702 876 757 porro
907 689 979 743 ita
1008 689 1342 753 constitutis.
1389 690 1456 745 ad
1485 691 1588 746 alia
1634 693 1913 748 veniamus
1955 708 2113 766 argn-

522 790 737 845 meuta,
796 780 989 851 quibus
1067 781 1158 838 ille
1222 783 1480 839 absurdas
1547 785 1826 854 gentilium
1893 786 1961 842 de
2008 774 2115 843 diis

523 874 637 929 suis
682 874 998 944 Opiniones,
1025 884 1186 947 atque
1224 877 1361 933 adeo
1399 893 1612 936 omnem
1660 880 1871 935 illorum
1922 879 2115 938 falsam

520 966 838 1038 religionem
888 969 1014 1025 inde
1044 972 1323 1035 concutit,
1370 971 1512 1027 unde
1559 972 1663 1028 illis
1718 973 1935 1030 fundata
1980 991 2114 1032 con-

519 1067 826 1131 structaque
869 1061 1172 1118 videbatur.
1224 1063 1511 1119 Rationum
1577 1065 1842 1136 siquidem
1889 1083 2113 1124 suarum

518 1163 792 1207 momenta
843 1169 908 1210 ex
968 1154 1032 1209 iis
1083 1155 1340 1222 deducit,
1400 1173 1519 1227 qua:
1581 1158 1784 1215 ethnici
1837 1169 2114 1231 tamquam

518 1254 665 1301 certa
692 1254 747 1300 et
795 1247 1018 1303 minime
1065 1248 1228 1304 dubia
1279 1249 1454 1319 palam
1503 1249 1701 1322 ubique
1751 1252 1818 1307 de
1867 1251 1972 1308 diis
2001 1253 2113 1309 suis

522 1340 911 1410 praedicabant.
935 1343 993 1399 lu
1019 1343 1123 1399 illis
1145 1359 1310 1415 porro
1341 1344 1691 1400 recensendis
1718 1355 1773 1401 et
1794 1346 2114 1403 examinan-

517 1434 602 1489 tiis
636 1435 867 1505 positum
910 1436 979 1490 ab
1009 1436 1102 1492 illo
1154 1438 1437 1505 ordinem,
1483 1438 1661 1509 quoad
1716 1437 1829 1494 fieri
1883 1439 2110 1510 poterit,

520 1542 829 1598 sequemur.
863 1528 933 1586 At
975 1548 1043 1586 ne
1072 1530 1261 1586 eadem
1302 1531 1591 1602 aliquando
1619 1548 1740 1587 cum
1790 1548 1857 1587 eo
1900 1543 2116 1605 repeta-

520 1636 670 1687 mus,
726 1638 787 1676 ea
835 1624 1013 1678 omnia
1061 1639 1181 1696 quae
1254 1624 1318 1678 ad
1369 1640 1532 1680 unam
1589 1625 1943 1697 eamdemque
1993 1640 2113 1682 rem

521 1713 763 1785 faciunt,
815 1716 940 1771 etsi
983 1717 1173 1772 abillo
1205 1717 1367 1775 variis
1396 1717 1450 1776 in
1478 1717 1609 1777 locis
1653 1726 1917 1787 tractata,
1950 1718 2112 1778 simul

512 1808 789 1883 Semelque
816 1810 1246 1869 rctractabimus.

1103 1988 1408 2030 ARTICULUS
1459 1989 1519 2029 ll.

515 2105 766 2171 Quomodo
788 2105 1359 2171 Arnobiusdemonstret
1372 2105 1541 2171 falsam
1554 2105 1761 2171 illorum
1782 2106 2112 2171 divinitatem,

575 2170 660 2231 qui
684 2168 754 2219 dii
775 2168 1051 2218 renuntiati
1074 2178 1205 2227 sunt,
1232 2169 1312 2217 vel
1336 2170 1401 2217 ob
1421 2169 1532 2218 data
1554 2169 1835 2231 hominibus
1852 2168 2115 2231 beneﬁcia,

575 2233 701 2282 sicut
722 2232 872 2280 Liber
896 2239 1099 2293 prOpter
1123 2232 1239 2287 vini.
1267 2231 1423 2281 Ceres
1459 2232 1615 2292 panis,
1663 2230 1972 2294 lEscnlapius
1996 2233 2117 2282 her-

574 2295 768 2349 barum,
796 2294 1013 2358 Minerva
1038 2294 1180 2358 oleae,
1207 2294 1539 2358 Triptolemus
1560 2295 1708 2358 aratri
1746 2295 2115 2358 inventionem;

579 2358 655 2406 vel
674 2358 737 2405 ob
764 2356 994 2419 praeclara
1019 2355 1240 2418 quaedam
1274 2355 1419 2419 facta,
1446 2356 1572 2404 sicut
1594 2355 1842 2406 Hercules
1866 2363 1917 2407 et
1939 2355 2117 2407 Romae

576 2420 668 2479 lus,
689 2418 777 2482 qui
793 2426 1078 2469 senatorum
1093 2420 1318 2468 manibus
1334 2418 1635 2468 dilaceratus
1658 2425 1752 2468 est.

589 2570 805 2626 Variam
840 2570 1161 2625 idololatria:
1214 2578 1270 2624 et
1317 2570 1467 2639 impii
1522 2570 1750 2627 deorum
1781 2572 1960 2628 cultus
2009 2572 2119 2628 ori-

518 2664 700 2734 ginem
760 2661 1047 2733 fontesque
1101 2662 1551 2732 corruptissimos‘
1597 2663 1708 2732 jam
1760 2664 2118 2734 patefecimus

521 2766 577 2812 et
624 2754 963 2812 ostendimus
1001 2755 1165 2827 (tom.
1198 2771 1250 2821 ι,
1279 2755 1529 2824 Apparet.
1554 2796 1570 2821 ,
1619 2772 1740 2828 pag.
1775 2757 1883 2813 452
1910 2768 1958 2811 et
1985 2758 2112 2824 717,

518 2859 564 2909 et
594 2866 730 2918 seqq.
758 2891 773 2912 .
827 2864 889 2902 ac
936 2845 1156 2902 Dissert.
1193 2863 1393 2918 super.,
1423 2864 1538 2916 cap.
1587 2849 1691 2913 M,
1734 2861 1836 2905 art.
1888 2848 1945 2922 '5)
1998 2866 2116 2907 eam

522 2941 652 2997 inde
677 2941 1016 3011 potissimum
1046 2955 1329 3006 manasse,
1359 2939 1503 3011 quod
1536 2940 1702 3010 prisci
1741 2943 1983 3014 caecique
2015 2942 2119 2997 bo-

522 3040 702 3091 mines
746 3050 841 3090 eos
874 3034 925 3089 in
968 3033 1150 3088 album
1192 3033 1415 3089 deorum
1450 3034 1784 3100 retulerunt,
1842 3051 1872 3090 a
1923 3037 2120 3107 quibus

521 3128 757 3183 maxima
783 3143 844 3182 se
872 3126 1160 3195 accepisse
1198 3125 1462 3182 beneficia
1485 3167 1500 3189 ,
1528 3137 1621 3181 aut
1673 3127 1934 3196 praeclara
1967 3144 2118 3199 quie-

521 3220 645 3275 dam
680 3220 918 3275 facinora
963 3219 1108 3275 edita
1153 3218 1325 3276 fuisse
1363 3218 1790 3276 arbitrabantur.
1839 3220 2117 3286 Quamob—
2145 3219 2191 3282 C

528 3328 643 3367 rem
711 3311 981 3367 Arnobius
1048 3312 1268 3366 insanos
1332 3309 1457 3365 illos
1517 3310 1749 3380 gentiles
1799 3310 1885 3365 his
1938 3312 2121 3368 verbis

523 3406 816 3476 compellat
841 3425 854 3462 :
879 3425 899 3458 ι
937 3405 1047 3461 Vos
1086 3403 1366 3470 Liberum,
1401 3403 1545 3474 quod
1571 3420 1728 3459 usum
1757 3405 1962 3475 reperit
1990 3406 2118 3473 vini;

535 3499 678 3569 quod
708 3500 861 3570 panis
886 3540 901 3564 ,
946 3496 1202 3553 Cererem
1228 3513 1247 3564 ;
1297 3496 1670 3567 IEsculapium
1696 3539 1712 3564 ,
1751 3498 1894 3569 quod
1923 3498 2122 3555 herba-

524 3607 682 3657 rum;
733 3590 1057 3657 Minervam,
1108 3588 1251 3661 quod
1282 3590 1449 3653 clem;
1499 3590 1931 3661 Triptolemum,
1978 3594 2123 3665 quod

526 3689 729 3745 aratri:
776 3687 1011 3757 denique
1041 3686 1358 3753 Herculem,
1393 3685 1538 3756 quod
1567 3686 1745 3753 feras,
1771 3689 1915 3759 quod
1944 3689 2118 3758 fures,

527 3781 671 3853 quod
706 3779 1080 3849 multiplicium
1112 3780 1347 3850 capitum
1378 3781 1654 3851 superavit
1682 3783 2123 3855 compescuitque

529 3878 794 3943 nutrices,
825 3876 1074 3937 divorum
1100 3876 1359 3933 retulistis
1381 3877 1434 3933 in
1457 3885 1682 3935 coitum.
1706 3875 1949 3952 (Arnob.,
1968 3878 2057 3935 lib.
2081 3897 2121 3948 ι,

532 3988 657 4043 pag.
688 3969 808 4039 21.)

602 4067 674 4121 At
700 4065 860 4136 quid,
895 4080 993 4121 oro
1034 4076 1119 4131 te,
1163 4065 1286 4121 inde
1331 4065 1613 4137 sequitur,
1665 4066 1768 4122 nisi
1818 4083 1913 4123 eos
1940 4068 2123 4124 homi-

533 4174 632 4216 nes
654 4158 822 4216 fuisse
843 4203 858 4226 ,
885 4168 977 4215 aut
998 4159 1189 4215 saltem
1220 4160 1351 4217 deos
1380 4159 1670 4230 aliquando
1694 4175 1816 4218 esse
1846 4164 2079 4232 coepisse
2104 4204 2123 4229 ,

530 4268 597 4305 ac
621 4253 847 4322 proinde
876 4254 1066 4310 falsam
1099 4254 1319 4312 omnino
1357 4255 1463 4311 illis
1495 4255 1839 4313 divinitatem
1868 4257 2125 4312 attribui?

533 4345 673 4402 Vera
719 4348 862 4403 enim
908 4348 1158 4404 divinitas
1187 4358 1389 4405 aeterna
1436 4364 1559 4406 esse
1581 4348 1779 4417 debet,
1824 4364 1924 4407 nec
1952 4349 2124 4406 ullum

535 4459 785 4515 umquam
819 4444 991 4514 potuit
1020 4443 1219 4499 habere
1258 4444 1489 4500 initium.

603 4535 787 4607 Neque
816 4536 933 4593 haec
967 4535 1035 4591 ab
1062 4536 1300 4593 Arnobio
1343 4552 1627 4607 perperam
1671 4537 1971 4607 excogitata
2000 4550 2124 4606 gra-

534 4628 712 4700 tisque
741 4630 864 4685 ﬁcta
892 4629 1113 4685 dixeris.
1150 4630 1391 4686 Primum
1420 4630 1565 4686 enim
1590 4630 1860 4686 Diodorus
1883 4628 2120 4693 Siculus,
2146 4637 2202 4697 1)

2139 1819 2189 1880 B

2216 506 2482 582 (Euripid.
2515 512 2570 567 in
2615 511 2856 571 Bacchis.
2910 531 3041 571 vers.
3099 515 3203 570 277
3261 526 3307 571 et
3345 533 3493 588 seq.;
3537 515 3847 574 Dissertat.

2216 619 2333 675 sup.
2363 647 2379 672 ,
2411 623 2530 677 cap.
2562 607 2668 675 M,
2696 618 2800 665 art.
2841 607 2922 681 4).
2950 609 3057 666 Sed
3088 608 3157 665 de
3196 608 3299 666 hoc
3319 650 3338 679 ,
3382 620 3439 666 et
3466 610 3718 682 ,Cerere,
3765 611 3855 670 de

2217 697 2410 766 quibus
2458 715 2559 756 nos
2614 702 2669 757 in
2714 704 2983 775 superiori
3029 703 3447 776 dissertatibne,
3513 706 3639 764 haec
3694 716 3853 767 sunt

2222 787 2465 848 Lucretii
2510 795 2749 850 carmina
2780 812 2796 851 :

2311 912 2532 983 piamque
2553 911 2710 983 Ceres
2731 911 2891 983 fertur
2909 912 3098 983 fruges,
3124 915 3375 983 Liberque
3402 916 3626 983 liquores

2310 974 2529 1039 Vitigeni
2552 974 2751 1027 laticem
2773 974 3062 1028 mortalibus
3085 974 3378 1031 instituisse.

2745 1062 2980 1128 (Lucret.,
3003 1060 3088 1114 lib.
3114 1079 3163 1127 v,
3189 1076 3315 1117 vers.
3334 1064 3396 1117 11
3411 1071 3457 1117 et
3472 1066 3631 1133 seqq.)

2219 1188 2294 1243 Ea
2325 1199 2505 1246 autem
2532 1189 2699 1246 Ceres
2727 1191 2885 1264 panis
2914 1192 3184 1249 inventrix
3202 1234 3218 1259 ,
3267 1192 3336 1248 ab
3360 1193 3553 1250 eodem
3583 1193 3845 1253 Diodoro

2220 1281 2406 1336 Siculo
2443 1282 2639 1339 dicitur
2662 1285 3013 1341 serendarum
3038 1285 3249 1358 frugum
3275 1328 3292 1355 ,
3324 1297 3377 1343 et
3407 1289 3575 1346 totius
3617 1290 3844 1348 messis

2221 1376 2489 1431 rationem
2515 1418 2530 1442 ,
2580 1377 2723 1434 unde
2771 1380 2926 1450 panis
2969 1381 3287 1448 conficitur,
3331 1396 3394 1437 ea
3438 1383 3559 1452 lege
3604 1381 3848 1453 Tripto-

2219 1469 2423 1525 lemum
2450 1470 2742 1539 docuisse,
2774 1482 2833 1528 ut
2878 1489 2996 1529 eam
3034 1490 3155 1530 cum
3187 1475 3455 1531 universis
3510 1474 3848 1533 hominibus

2220 1564 2647 1621 communicaret
2691 1564 2938 1635 (Diodor.
2990 1567 3198 1633 Sicul.,
3243 1568 3336 1623 lib.
3386 1584 3481 1637 ιιι,
3528 1566 3845 1638 Biblioth.,

2222 1674 2344 1731 pag.
2373 1657 2528 1732 252).
2570 1659 2914 1733 Quapropter
2941 1662 3088 1718 canit
3119 1661 3374 1733 Virgilius
3408 1680 3424 1716 :

2315 1773 2480 1824 Prima
2499 1775 2654 1826 Ceres
2675 1776 2810 1827 ferro
2831 1775 3069 1827 mortales
3085 1781 3288 1827 vertere
3307 1782 3493 1827 terram

2314 1836 2551 1903 instituit,
2574 1852 2684 1903 cum
2696 1840 2794 1901 jam
2817 1838 3023 1903 glandes
3045 1847 3194 1903 atque
3210 1840 3382 1889 arbuta
3404 1851 3556 1889 sacra

2315 1897 2601 1951 Defieerent
2614 1897 2780 1964 sylvie,
2806 1897 2862 1952 ἐι
2882 1904 3061 1953 victum
3083 1897 3285 1952 Dodona
3308 1907 3539 1965 negaret.

2593 1984 2821 2053 (Virgil.,
2846 1985 2934 2038 lib.
2955 2003 2972 2039 ι
2996 1988 3191 2051 Georg.,
3213 1999 3339 2040 vers.
3359 1985 3449 2038 147
3476 1991 3523 2038 el
3538 1985 3709 2051 seqq.)

2222 2089 2446 2162 Virgilio
2465 2065 2707 2146 concinit
2730 2090 2960 2148 Ovidius
2990 2111 3005 2146 ε

2438 2204 2601 2254 Prima
2624 2204 2795 2263 Ceres,
2821 2205 3006 2256 homini
3029 2205 3088 2256 ad
3111 2205 3321 2256 meliora
3346 2214 3534 2266 vocato,

2378 2266 2583 2318 Mutavit
2605 2266 2811 2330 glandes
2832 2267 3030 2318 utiliore
3057 2270 3186 2319 cibo.

2319 2329 2541 2395 Illajugo
2558 2329 2723 2395 tauros
2741 2329 2916 2395 collum
2936 2332 3162 2395 praebere
3184 2333 3353 2395 coegit
3377 2345 3390 2380 :

2378 2391 2502 2442 Tum
2531 2394 2740 2457 primum
2754 2392 2888 2442 soles
2909 2391 3048 2444 e'ruta
3073 2395 3197 2445 vidit
3211 2391 3407 2443 humus.

2759 2474 2948 2541 (auia,
2970 2475 3055 2529 lib.
3083 2493 3150 2539 IV,
3178 2478 3334 2539 Fast.,
3360 2490 3472 2543 pag.
3499 2478 3639 2545 sis.)

2226 2584 2399 2638 Porro
2436 2594 2616 2639 autem
2648 2593 2833 2640 narrat
2878 2584 3055 2642 adhuc
3103 2585 3400 2648 Diodorus.
3437 2586 3549 2657 jam
3594 2602 3628 2641 a
3669 2587 3846 2644 nobis

2223 2676 2513 2740 laudatus.
2570 2676 2723 2731 deam
2770 2675 3026 2733 Cererem
3074 2677 3143 2733 ab
3195 2662 3617 2734 Atheniensibus
3660 2694 3842 2752 prop-

2224 2780 2308 2827 ter
2346 2772 2448 2826 hoc
2471 2771 2793 2827 beneficium
2816 2772 2949 2842 ipsis
2976 2772 3235 2827 collatum
3258 2815 3273 2835 ,
3298 2772 3665 2829 oblationibus
3712 2776 3838 2830 vic-

2226 2865 2511 2933 timarum,
2556 2875 2717 2936 atque
2743 2866 3033 2921 Eleusiniis
3061 2865 3230 2922 initiis
3259 2865 3579 2922 honoratam
3605 2864 3835 2941 (Diod.,

2226 2956 2316 3010 lib.
2348 2972 2404 3023 v,
2428 2956 2680 3012 Bibliotlt.
2707 2998 2722 3022 ,
2752 2974 2876 3029 pag.
2900 2956 3055 3029 200).

2296 3053 2366 3107 At
2404 3052 2495 3107 ille
2534 3062 2829 3123 prieterea,
2863 3061 2918 3107 et
2954 3053 3044 3122 qui
3086 3052 3247 3108 verba
3280 3052 3397 3122 ejus
3430 3053 3835 3125 trauscripsere

2226 3143 2495 3198 Eusebius
2522 3153 2577 3199 et
2619 3143 2930 3199 Lactantius
2953 3186 2968 3210 ,
3001 3145 3346 3215 apertissime
3382 3145 3667 3201 declarant
3692 3146 3829 3203 Es-

2226 3236 2496 3306 culapium
2526 3250 2634 3292 non
2664 3235 2823 3291 modo
2853 3236 3139 3292 herbarum
3161 3278 3179 3303 ,
3202 3237 3297 3293 sed
3330 3237 3499 3293 totius
3519 3239 3683 3294 etiam
3710 3254 3834 3296 me-

2227 3329 2421 3385 dicinte
2450 3330 2715 3385 creditum
2756 3327 2925 3384 fuisse
2963 3339 3321 3407 repertorem.
3362 3332 3432 3387 At
3460 3331 3530 3387 de
3581 3332 3678 3388 illo
3722 3348 3831 3390 nos

2228 3422 2282 3477 in
2304 3422 2585 3493 superiore
2606 3421 2909 3492 Apparatus
2930 3422 3101 3477 nostri
3135 3432 3282 3478 tomo
3308 3421 3543 3477 diximus
3571 3422 3828 3492 (Diodor.

2229 3516 2317 3571 lib.
2351 3532 2403 3580 v.
2456 3531 2575 3586 pag.
2625 3515 2771 3582 255;
2830 3515 3047 3578 Euseb..
3085 3514 3172 3569 lib.
3202 3532 3257 3581 v,
3294 3514 3535 3587 Prwpar.
3577 3514 3785 3589 Evang.
3808 3562 3826 3584 ,

2226 3626 2342 3682 cap.
2374 3609 2430 3677 2,
2468 3625 2587 3679 pag.
2618 3608 2684 3663 57
2710 3624 2726 3673 ;
2763 3607 2999 3664 Lactant.
3023 3650 3038 3675 ,
3069 3608 3164 3666 lib.
3196 3624 3249 3678 ι,
3292 3625 3408 3680 cap.
3439 3609 3542 3677 19,
3575 3626 3697 3682 pag.
3731 3610 3828 3679 98;

2229 3710 2352 3756 tam.
2384 3717 2435 3766 ι,
2467 3700 2749 3771 Apparat.,
2784 3717 2901 3773 pag.
2938 3701 3127 3773 “92).

2300 3795 2578 3852 Testatum
2630 3796 2786 3852 nobis
2816 3796 2990 3851 adhuc
3029 3796 3296 3852 Diodorus
3324 3796 3453 3852 facit
3498 3813 3529 3852 a
3579 3797 3831 3855 Minerva

2231 3889 2482 3947 traditam
2514 3888 2778 3946 olivarum
2812 3890 3199 3960 plantationem
3241 3898 3297 3945 et
3323 3890 3621 3955 culturam,
3661 3900 3832 3962 atque

2229 3982 2339 4039 olei
2368 3981 2775 4055 expressionem
2808 3980 3074 4055 (Diodor.,
3100 3983 3200 4036 loc.
3227 3983 3363 4053 cit.).
3393 3980 3651 4051 Quamvis
3676 3984 3830 4039 enim

2162 4124 2165 4125 ν
2231 4075 2336 4132 hoc
2377 4075 2586 4131 arboris
2638 4090 2827 4148 genus,
2864 4075 3219 4147 sylvestribus
3274 4076 3641 4146 permixtum,
3700 4088 3832 4132 ante

2232 4171 2393 4243 hujus
2440 4171 2694 4227 Minervae
2740 4180 2921 4225 ortum
2975 4170 3282 4235 extitisset,
3327 4171 3508 4225 nullus
3551 4179 3737 4226 tamen
3765 4171 3834 4226 il-

2229 4266 2333 4321 lius
2361 4265 2539 4320 cultus
2577 4277 2631 4323 et
2677 4279 2805 4320 usus
2835 4262 3100 4320 hactenus
3134 4263 3391 4320 inventus
3424 4262 3619 4320 fuerat.
3671 4262 3834 4321 Unde

2230 4359 2486 4431 Virgilius
2515 4376 2529 4414 :

2976 4472 3211 4532 Oleaque
3230 4473 3448 4523 Minerva

2322 4537 2601 4598 Inventrix,
2627 4537 2843 4599 uncique
2867 4547 2994 4598 puer
3018 4542 3315 4587 monstrator
3340 4536 3512 4585 aratri.

2753 4616 2984 4683 (νει-θῶ,
3008 4618 3093 4670 lib.
3118 4635 3135 4668 ι
3156 4620 3353 4684 Georg,
3379 4631 3507 4693 vers.
3535 4618 3639 4680 18.)

536 4723 688 4778 testis
716 4738 778 4777 ea
813 4724 866 4777 in
889 4738 948 4778 re
971 4738 1100 4779 sane
1124 4724 1609 4794 locupletissimus,
1629 4722 1989 4778 disertissime
2011 4731 2123 4778 tra-
2225 4730 2321 4787 His
2358 4737 2536 4783 autem
2568 4726 2957 4797 posterioribus
2986 4725 3166 4783 herbis
3191 4725 3407 4797 quidam
3450 4724 3676 4793 Osirim,
3717 4728 3818 4784 alii

536 4815 731 4869 didita
775 4815 1198 4886 Dionysio,seu
1239 4814 1829 4881 Libero,autBacclio
1850 4823 2124 4885 repertum
2229 4820 2660 4892 Triptolemum,
2733 4821 2889 4890 cujus
2957 4819 3229 4875 Arnobius
3287 4829 3470 4874 noster
3539 4818 3830 4887 meminit,

533 4908 702 4963 fuisse
750 4909 861 4962 vini
909 4924 1062 4964 usum
1120 4907 1363 4980 (Diodor.
1419 4908 1620 4973 Sicul.,
1673 4909 1759 4963 lib.
1815 4926 1860 4973 ι,
1913 4926 2037 4980 pag.
2093 4908 2128 4965 9

535 5014 581 5055 et
610 5001 709 5067 10,
738 5011 785 5055 et
811 5001 900 5055 lib.
942 5017 1034 5063 ιιι,
1081 5016 1202 5071 pag.
1255 4999 1416 5071 112).
1450 5001 1604 5055 Prius
1640 5016 1771 5056 vero
1811 5000 1864 5055 id
1908 5001 2129 5056 uberius

534 5102 888 5160 narraverat,
915 5092 1006 5146 ubi
1035 5094 1473 5149 commemoratis
1513 5092 1834 5163 quibusdam
1863 5092 1985 5148 aliis
2013 5094 2130 5163 ejus

536 5188 590 5241 in
642 5185 890 5240 homines
932 5184 1247 5251 beneﬁciis,
1303 5182 1421 5240 hinc
1451 5184 1646 5255 adjecit
1672 5184 1874 5258 (Ibid.,
1922 5204 1973 5256 p.
2026 5187 2128 5242 157

537 5288 582 5331 el
626 5276 750 5347 158)
783 5295 798 5333 :
822 5276 945 5333 ’AvG'
972 5275 1037 5332 ὧν
1059 5272 1113 5332 εὖ
1137 5278 1389 5338 πάθοντας
1424 5280 1693 5352 ἀπονεῖμαι
1718 5281 1872 5352 τιμὰς
1906 5281 2136 5342 ἰσοθέους

537 5373 681 5445 ἀντῷ
706 5374 794 5425 καὶ
841 5373 1046 5436 θυσίας,
1076 5371 1352 5444 προθύμως
1379 5369 1618 5427 ἁπάντων
1644 5374 1938 5450 ἀνθρώπων,
1966 5370 2051 5428 διὰ
2074 5375 2134 5429 τὸ

539 5466 745 5536 μέγεθος
796 5472 889 5525 τῆς
944 5465 1240 5539 εὐεργεσίας
1285 5464 1661 5537 ἀπονειμάντων
1703 5469 1792 5523 τήν
1825 5466 2125 5521 ἀθανασίαν.

542 5555 643 5611 His
673 5568 779 5611 tam
801 5558 1088 5628 ingentibus
1119 5558 1374 5628 beneﬁciis
1401 5567 1600 5612 tantum
1638 5559 1735 5613 sibi
1781 5560 1972 5630 favoris
1999 5577 2128 5615 con-

543 5648 765 5714 ciliavit,
810 5659 867 5703 ut
907 5651 1212 5721 propensius
1260 5650 1487 5706 omnium
1529 5649 1712 5705 stadiis
1753 5651 2131 5707 immortalitati

2232 4914 2501 4986 designari
2530 4914 2842 4984 opinantur.
2878 4910 2983 4967 Sed
3010 4909 3208 4966 videsis
3234 4910 3285 4965 in
3308 4909 3410 4965 hos
3433 4919 3489 4964 et
3516 4910 3835 4980 superiores

2235 5007 2386 5063 latini
2428 5014 2604 5079 poeta:
2648 5019 2837 5060 versus
2886 5002 3061 5060 Servii
3103 5002 3570 5058 commentarium.
3618 5001 3836 5060 Plinius

2234 5115 2364 5157 vero
2408 5098 2541 5155 dixit
2571 5097 2777 5169 (Plin.,
2822 5097 2912 5152 lib.
2947 5111 3049 5163 vn,
3099 5092 3292 5150 Natur.
3338 5094 3459 5149 bist.
3485 5139 3498 5161 ,
3550 5110 3671 5165 cap.
3720 5095 3831 5166 56,

2236 5210 2355 5264 pag.
2385 5187 2480 5261 99)
2506 5190 2652 5245 illam
2685 5188 2847 5244 aratri
2868 5182 3229 5244 inventionem
3259 5186 3443 5258 Buzigi
3463 5185 3791 5245 Atheniensi
3812 5233 3831 5254 .

2237 5286 2324 5342 vel
2345 5284 2675 5355 Triptolemo
2698 5281 2952 5337 adscribi.
2981 5281 3086 5339 Sed
3109 5281 3177 5337 de
3204 5281 3298 5338 illo
3317 5295 3577 5352 expresse
3598 5277 3830 5340 Ovidius

2237 5376 2491 5434 Cererem
2522 5376 2600 5430 sic
2630 5375 2938 5444 loquentem
2970 5372 3218 5429 inducit:

2328 5489 2429 5539 Iste
2445 5487 2648 5551 quidem
2671 5487 2891 5551 mortalis
2913 5488 3027 5551 erit,
3055 5486 3145 5551 sed
3161 5488 3347 5551 primus
3368 5486 3544 5549 arabit,

2328 5551 2390 5601 Et
2411 5549 2568 5611 seret,
2597 5557 2649 5600 et
2673 5549 2821 5609 culta,
2844 5549 3042 5613 praemia
3067 5549 3225 5608 tollet.
3243 5550 3405 5600 humo.

2777 5634 2963 5697 (Ουὶα.,
2985 5631 3067 5684 lib.
3092 5648 3157 5695 iv,
3184 5634 3337 5694 Fast.,
3361 5646 3475 5699 pag.
3502 5634 3640 5699 592.)

543 5749 866 5795 consecratus
893 5782 910 5808 ,
980 5753 1238 5813 tamquam
1287 5740 1453 5809 Deus,
1508 5750 1556 5797 et
1606 5742 1774 5797 cultus
1822 5743 2033 5798 eximios
2081 5753 2130 5798 et
2227 5743 2305 5801 lbi
2332 5742 2515 5812 itaque
2548 5740 2917 5813 Triptolemus
2940 5743 3217 5813 expressis
3246 5742 3427 5798 verbis
3467 5740 3669 5798 dicitur
3699 5759 3825 5804 ara-

537 5829 851 5887 victimarmn
899 5832 1244 5891 solemnitate:
1287 5834 1555 5907 reciperet.
1584 5833 1709 5892 Vini
1736 5850 1902 5912 porro
1940 5834 2130 5893 inven-

2231 5838 2302 5896 tri
2348 5837 2617 5909 inventor,
2646 5836 2785 5893 sicut
2810 5852 2842 5894 a
2885 5836 3120 5895 Diodoro
3166 5834 3346 5893 Siculo
3387 5835 3545 5906 paulo
3571 5838 3708 5894 ante
3739 5841 3827 5899 ci-
