  <div class='ocr_page' id='page_1' title='image "/cluster/home/n/w/nwhite01/storage/ocr_20150623/5/umn.31951002477299b/262.png"; bbox 0 0 4030 6310; ppageno 0'>
   <div class='ocr_carea' id='block_1_1' title="bbox 193 373 312 430">
    <p class='ocr_par' dir='ltr' id='par_1_1' title="bbox 193 373 312 430">
     <span class='ocr_line' id='line_1_1' title="bbox 193 373 312 430; baseline -0.017 0"><span class='ocrx_word' id='word_1_1' title='bbox 193 373 312 430; x_wconf 72' lang='lat'><strong>505</strong></span> 
     </span>
    </p>
   </div>
   <div class='ocr_carea' id='block_1_2' title="bbox 1421 369 2250 440">
    <p class='ocr_par' dir='ltr' id='par_1_2' title="bbox 1421 369 2250 440">
     <span class='ocr_line' id='line_1_2' title="bbox 1421 369 2250 440; baseline 0.004 -14"><span class='ocrx_word' id='word_1_2' title='bbox 1421 370 1486 426; x_wconf 86' lang='lat' dir='ltr'><strong>IN</strong></span> <span class='ocrx_word' id='word_1_3' title='bbox 1526 369 1898 440; x_wconf 81' lang='lat' dir='ltr'><strong>ARNOBIUM,</strong></span> <span class='ocrx_word' id='word_1_4' title='bbox 1940 371 2092 430; x_wconf 83' lang='lat' dir='ltr'><strong>CAP.</strong></span> <span class='ocrx_word' id='word_1_5' title='bbox 2132 372 2250 431; x_wconf 68' lang='lat' dir='ltr'><strong>XI.</strong></span> 
     </span>
    </p>
   </div>
   <div class='ocr_carea' id='block_1_3' title="bbox 3385 377 3487 437">
    <p class='ocr_par' dir='ltr' id='par_1_3' title="bbox 3385 377 3487 437">
     <span class='ocr_line' id='line_1_3' title="bbox 3385 377 3487 437; baseline 0.049 -5"><span class='ocrx_word' id='word_1_6' title='bbox 3385 377 3487 437; x_wconf 69' lang='lat'><strong>£506</strong></span> 
     </span>
    </p>
   </div>
   <div class='ocr_carea' id='block_1_4' title="bbox 192 487 3487 566">
    <p class='ocr_par' dir='ltr' id='par_1_4' title="bbox 192 487 3487 566">
     <span class='ocr_line' id='line_1_4' title="bbox 192 487 3487 566; baseline 0.002 -22"><span class='ocrx_word' id='word_1_7' title='bbox 192 497 320 544; x_wconf 83' lang='lat' dir='ltr'><strong>tato</strong></span> <span class='ocrx_word' id='word_1_8' title='bbox 359 487 524 545; x_wconf 78' lang='lat' dir='ltr'><strong>totius</strong></span> <span class='ocrx_word' id='word_1_9' title='bbox 553 488 896 561; x_wconf 72' lang='lat' dir='ltr'><strong>agricultura:</strong></span> <span class='ocrx_word' id='word_1_10' title='bbox 923 487 1169 544; x_wconf 77' lang='lat' dir='ltr'><strong>doctrina</strong></span> <span class='ocrx_word' id='word_1_11' title='bbox 1210 487 1466 542; x_wconf 88' lang='lat' dir='ltr'><strong>imbutus.</strong></span> <span class='ocrx_word' id='word_1_12' title='bbox 1512 487 1587 543; x_wconf 91' lang='lat' dir='ltr'><strong>De</strong></span> <span class='ocrx_word' id='word_1_13' title='bbox 1626 487 1788 544; x_wconf 77' lang='lat' dir='ltr'><strong>aratri</strong></span> <span class='ocrx_word' id='word_1_14' title='bbox 1816 495 1868 556; x_wconf 75' lang='grc' dir='ltr'>Α</span> <span class='ocrx_word' id='word_1_15' title='bbox 1893 488 2340 558; x_wconf 81' lang='lat' dir='ltr'><strong>admirationem,</strong></span> <span class='ocrx_word' id='word_1_16' title='bbox 2414 500 2470 547; x_wconf 91' lang='lat' dir='ltr'><strong>et</strong></span> <span class='ocrx_word' id='word_1_17' title='bbox 2536 490 2812 551; x_wconf 88' lang='lat' dir='ltr'><strong>beneﬁciis</strong></span> <span class='ocrx_word' id='word_1_18' title='bbox 2871 491 3312 550; x_wconf 81' lang='lat' dir='ltr'><strong>benevolentiam</strong></span> <span class='ocrx_word' id='word_1_19' title='bbox 3358 509 3487 566; x_wconf 84' lang='lat' dir='ltr'><strong>gra-</strong></span> 
     </span>
    </p>
   </div>
   <div class='ocr_carea' id='block_1_5' title="bbox 189 580 1790 654">
    <p class='ocr_par' dir='ltr' id='par_1_5' title="bbox 189 580 1790 654">
     <span class='ocr_line' id='line_1_5' title="bbox 189 580 1790 654; baseline 0.001 -19"><span class='ocrx_word' id='word_1_20' title='bbox 189 595 370 653; x_wconf 84' lang='lat' dir='ltr'><strong>porro</strong></span> <span class='ocrx_word' id='word_1_21' title='bbox 397 581 732 654; x_wconf 89' lang='lat' dir='ltr'><strong>aliorumque</strong></span> <span class='ocrx_word' id='word_1_22' title='bbox 772 582 840 635; x_wconf 92' lang='lat' dir='ltr'><strong>ab</strong></span> <span class='ocrx_word' id='word_1_23' title='bbox 881 580 1120 637; x_wconf 87' lang='lat' dir='ltr'><strong>Arnohio</strong></span> <span class='ocrx_word' id='word_1_24' title='bbox 1147 591 1566 637; x_wconf 88' lang='lat' dir='ltr'><strong>memoratorum</strong></span> <span class='ocrx_word' id='word_1_25' title='bbox 1599 583 1790 637; x_wconf 84' lang='lat' dir='ltr'><strong>inven-</strong></span> 
     </span>
    </p>
   </div>
   <div class='ocr_carea' id='block_1_6' title="bbox 1901 583 3486 653">
    <p class='ocr_par' dir='ltr' id='par_1_6' title="bbox 1901 583 3486 653">
     <span class='ocr_line' id='line_1_6' title="bbox 1901 583 3486 653; baseline 0.004 -17"><span class='ocrx_word' id='word_1_26' title='bbox 1901 583 2045 653; x_wconf 88' lang='lat' dir='ltr'><strong>tique</strong></span> <span class='ocrx_word' id='word_1_27' title='bbox 2071 583 2237 638; x_wconf 85' lang='lat' dir='ltr'><strong>animi</strong></span> <span class='ocrx_word' id='word_1_28' title='bbox 2282 584 2600 638; x_wconf 88' lang='lat' dir='ltr'><strong>memoriam</strong></span> <span class='ocrx_word' id='word_1_29' title='bbox 2642 585 2743 642; x_wconf 86' lang='lat' dir='ltr'><strong>sibi</strong></span> <span class='ocrx_word' id='word_1_30' title='bbox 2783 584 3223 642; x_wconf 84' lang='lat' dir='ltr'><strong>conciliaverunt.</strong></span> <span class='ocrx_word' id='word_1_31' title='bbox 3274 584 3331 641; x_wconf 90' lang='lat' dir='ltr'><strong>Si</strong></span> <span class='ocrx_word' id='word_1_32' title='bbox 3373 585 3486 643; x_wconf 88' lang='lat' dir='ltr'><strong>suis</strong></span> 
     </span>
    </p>
   </div>
   <div class='ocr_carea' id='block_1_7' title="bbox 190 673 3486 750">
    <p class='ocr_par' dir='ltr' id='par_1_7' title="bbox 190 673 3486 750">
     <span class='ocr_line' id='line_1_7' title="bbox 190 673 3486 750; baseline 0.002 -20"><span class='ocrx_word' id='word_1_33' title='bbox 190 676 370 741; x_wconf 80' lang='lat' dir='ltr'><strong>tione,</strong></span> <span class='ocrx_word' id='word_1_34' title='bbox 433 675 630 731; x_wconf 86' lang='lat' dir='ltr'><strong>videsis</strong></span> <span class='ocrx_word' id='word_1_35' title='bbox 685 675 1012 747; x_wconf 82' lang='lat' dir='ltr'><strong>Polydorum</strong></span> <span class='ocrx_word' id='word_1_36' title='bbox 1073 674 1360 746; x_wconf 79' lang='lat' dir='ltr'><strong>Vergilium</strong></span> <span class='ocrx_word' id='word_1_37' title='bbox 1385 717 1400 740; x_wconf 93' lang='lat'><strong>,</strong></span> <span class='ocrx_word' id='word_1_38' title='bbox 1454 674 1697 744; x_wconf 89' lang='lat' dir='ltr'><strong>aliosque</strong></span> <span class='ocrx_word' id='word_1_39' title='bbox 1725 673 1793 728; x_wconf 91' lang='lat' dir='ltr'><strong>de</strong></span> <span class='ocrx_word' id='word_1_40' title='bbox 1896 691 2023 747; x_wconf 88' lang='lat' dir='ltr'><strong>ergo</strong></span> <span class='ocrx_word' id='word_1_41' title='bbox 2051 675 2346 733; x_wconf 80' lang='lat' dir='ltr'><strong>rationibus</strong></span> <span class='ocrx_word' id='word_1_42' title='bbox 2372 677 2646 732; x_wconf 87' lang='lat' dir='ltr'><strong>stetissent</strong></span> <span class='ocrx_word' id='word_1_43' title='bbox 2669 677 2902 745; x_wconf 89' lang='lat' dir='ltr'><strong>ethnici,</strong></span> <span class='ocrx_word' id='word_1_44' title='bbox 2931 694 3037 732; x_wconf 92' lang='lat' dir='ltr'><strong>non</strong></span> <span class='ocrx_word' id='word_1_45' title='bbox 3074 687 3321 750; x_wconf 84' lang='lat' dir='ltr'><strong>poterant</strong></span> <span class='ocrx_word' id='word_1_46' title='bbox 3352 692 3486 737; x_wconf 83' lang='lat' dir='ltr'><strong>sane</strong></span> 
     </span>
    </p>
   </div>
   <div class='ocr_carea' id='block_1_8' title="bbox 189 768 1786 842">
    <p class='ocr_par' dir='ltr' id='par_1_8' title="bbox 189 768 1786 842">
     <span class='ocr_line' id='line_1_8' title="bbox 189 768 1786 842; baseline 0 -18"><span class='ocrx_word' id='word_1_47' title='bbox 189 771 768 826; x_wconf 84' lang='lat' dir='ltr'><strong>reruminventoribus</strong></span> <span class='ocrx_word' id='word_1_48' title='bbox 784 771 1076 841; x_wconf 91' lang='lat' dir='ltr'><strong>scriptores</strong></span> <span class='ocrx_word' id='word_1_49' title='bbox 1104 768 1346 842; x_wconf 87' lang='lat' dir='ltr'><strong>(Diodor.</strong></span> <span class='ocrx_word' id='word_1_50' title='bbox 1364 769 1453 824; x_wconf 86' lang='lat' dir='ltr'><strong>lib.</strong></span> <span class='ocrx_word' id='word_1_51' title='bbox 1487 786 1526 837; x_wconf 95' lang='grc' dir='ltr'><strong>ι,</strong></span> <span class='ocrx_word' id='word_1_52' title='bbox 1555 786 1675 841; x_wconf 87' lang='lat' dir='ltr'><strong>pag.</strong></span> <span class='ocrx_word' id='word_1_53' title='bbox 1699 771 1786 837; x_wconf 83' lang='lat' dir='ltr'><strong>ll,</strong></span> 
     </span>
    </p>
   </div>
   <div class='ocr_carea' id='block_1_9' title="bbox 193 861 1786 936">
    <p class='ocr_par' dir='ltr' id='par_1_9' title="bbox 193 861 1786 936">
     <span class='ocr_line' id='line_1_9' title="bbox 193 861 1786 936; baseline -0.002 -17"><span class='ocrx_word' id='word_1_54' title='bbox 193 864 294 931; x_wconf 68' lang='lat'><strong>&#39;19.,</strong></span> <span class='ocrx_word' id='word_1_55' title='bbox 329 866 428 919; x_wconf 91' lang='lat' dir='ltr'><strong>loc.</strong></span> <span class='ocrx_word' id='word_1_56' title='bbox 459 866 586 929; x_wconf 85' lang='lat' dir='ltr'><strong>cit.;</strong></span> <span class='ocrx_word' id='word_1_57' title='bbox 623 863 810 935; x_wconf 84' lang='lat' dir='ltr'><strong>Polyd.</strong></span> <span class='ocrx_word' id='word_1_58' title='bbox 851 862 1024 936; x_wconf 86' lang='lat' dir='ltr'><strong>Verg.,</strong></span> <span class='ocrx_word' id='word_1_59' title='bbox 1059 862 1148 920; x_wconf 79' lang='lat' dir='ltr'><strong>lib.</strong></span> <span class='ocrx_word' id='word_1_60' title='bbox 1173 879 1191 919; x_wconf 93' lang='grc' dir='ltr'><strong>ι</strong></span> <span class='ocrx_word' id='word_1_61' title='bbox 1212 905 1227 930; x_wconf 92' lang='grc'><strong>,</strong></span> <span class='ocrx_word' id='word_1_62' title='bbox 1251 863 1315 918; x_wconf 86' lang='lat' dir='ltr'><strong>de</strong></span> <span class='ocrx_word' id='word_1_63' title='bbox 1335 863 1437 918; x_wconf 85' lang='lat' dir='ltr'><strong>inv.</strong></span> <span class='ocrx_word' id='word_1_64' title='bbox 1470 878 1596 928; x_wconf 88' lang='lat' dir='ltr'><strong>rer.,</strong></span> <span class='ocrx_word' id='word_1_65' title='bbox 1623 879 1670 916; x_wconf 81' lang='grc' dir='ltr'><strong>ε.</strong></span> <span class='ocrx_word' id='word_1_66' title='bbox 1693 861 1786 930; x_wconf 73' lang='grc'><strong>21,</strong></span> 
     </span>
    </p>
   </div>
   <div class='ocr_carea' id='block_1_10' title="bbox 191 958 872 1029">
    <p class='ocr_par' dir='ltr' id='par_1_10' title="bbox 191 958 872 1029">
     <span class='ocr_line' id='line_1_10' title="bbox 191 958 872 1029; baseline -0.001 -16"><span class='ocrx_word' id='word_1_67' title='bbox 191 968 249 1013; x_wconf 80' lang='lat' dir='ltr'><strong>et</strong></span> <span class='ocrx_word' id='word_1_68' title='bbox 279 960 370 1013; x_wconf 94' lang='lat' dir='ltr'><strong>lib.</strong></span> <span class='ocrx_word' id='word_1_69' title='bbox 400 958 486 1025; x_wconf 87' lang='lat' dir='ltr'><strong>tit,</strong></span> <span class='ocrx_word' id='word_1_70' title='bbox 516 975 630 1029; x_wconf 86' lang='lat' dir='ltr'><strong>cap.</strong></span> <span class='ocrx_word' id='word_1_71' title='bbox 660 958 696 1014; x_wconf 71' lang='grc'>2</span> <span class='ocrx_word' id='word_1_72' title='bbox 716 968 768 1014; x_wconf 71' lang='lat' dir='ltr'><strong>et</strong></span> <span class='ocrx_word' id='word_1_73' title='bbox 794 958 872 1028; x_wconf 78' lang='grc'><strong>5).</strong></span> 
     </span>
    </p>
   </div>
   <div class='ocr_carea' id='block_1_11' title="bbox 273 1049 1788 1122">
    <p class='ocr_par' dir='ltr' id='par_1_11' title="bbox 273 1049 1788 1122">
     <span class='ocr_line' id='line_1_11' title="bbox 273 1049 1788 1122; baseline -0.001 -15"><span class='ocrx_word' id='word_1_74' title='bbox 273 1051 360 1107; x_wconf 74' lang='lat' dir='ltr'><strong>Ex</strong></span> <span class='ocrx_word' id='word_1_75' title='bbox 393 1050 476 1107; x_wconf 87' lang='lat' dir='ltr'><strong>his</strong></span> <span class='ocrx_word' id='word_1_76' title='bbox 507 1060 707 1116; x_wconf 88' lang='lat' dir='ltr'><strong>autem,</strong></span> <span class='ocrx_word' id='word_1_77' title='bbox 755 1066 874 1122; x_wconf 75' lang='lat' dir='ltr'><strong>qua:</strong></span> <span class='ocrx_word' id='word_1_78' title='bbox 902 1051 1207 1118; x_wconf 86' lang='lat' dir='ltr'><strong>retulimus,</strong></span> <span class='ocrx_word' id='word_1_79' title='bbox 1251 1050 1383 1106; x_wconf 90' lang='lat' dir='ltr'><strong>illud</strong></span> <span class='ocrx_word' id='word_1_80' title='bbox 1423 1049 1576 1105; x_wconf 79' lang='lat' dir='ltr'><strong>facile</strong></span> <span class='ocrx_word' id='word_1_81' title='bbox 1631 1049 1788 1106; x_wconf 91' lang='lat' dir='ltr'><strong>intel—</strong></span> 
     </span>
    </p>
   </div>
   <div class='ocr_carea' id='block_1_12' title="bbox 185 1142 1783 1218">
    <p class='ocr_par' dir='ltr' id='par_1_12' title="bbox 185 1142 1783 1218">
     <span class='ocr_line' id='line_1_12' title="bbox 185 1142 1783 1218; baseline -0.003 -17"><span class='ocrx_word' id='word_1_82' title='bbox 185 1146 414 1218; x_wconf 84' lang='lat' dir='ltr'><strong>ligitur,</strong></span> <span class='ocrx_word' id='word_1_83' title='bbox 445 1144 587 1217; x_wconf 91' lang='lat' dir='ltr'><strong>quod</strong></span> <span class='ocrx_word' id='word_1_84' title='bbox 619 1144 889 1200; x_wconf 88' lang='lat' dir='ltr'><strong>Arnobius</strong></span> <span class='ocrx_word' id='word_1_85' title='bbox 915 1144 1039 1199; x_wconf 83' lang='lat' dir='ltr'><strong>alibi</strong></span> <span class='ocrx_word' id='word_1_86' title='bbox 1071 1144 1257 1200; x_wconf 89' lang='lat' dir='ltr'><strong>scribit</strong></span> <span class='ocrx_word' id='word_1_87' title='bbox 1285 1143 1500 1216; x_wconf 83' lang='lat' dir='ltr'><strong>(Arnob.</strong></span> <span class='ocrx_word' id='word_1_88' title='bbox 1522 1185 1537 1210; x_wconf 96' lang='lat'><strong>,</strong></span> <span class='ocrx_word' id='word_1_89' title='bbox 1565 1142 1659 1197; x_wconf 86' lang='lat' dir='ltr'><strong>lib.</strong></span> <span class='ocrx_word' id='word_1_90' title='bbox 1712 1157 1783 1209; x_wconf 90' lang='grc' dir='ltr'><strong>ιι,</strong></span> 
     </span>
    </p>
   </div>
   <div class='ocr_carea' id='block_1_13' title="bbox 188 1234 1784 1310">
    <p class='ocr_par' dir='ltr' id='par_1_13' title="bbox 188 1234 1784 1310">
     <span class='ocr_line' id='line_1_13' title="bbox 188 1234 1784 1310; baseline -0.002 -18"><span class='ocrx_word' id='word_1_91' title='bbox 188 1254 320 1310; x_wconf 86' lang='lat' dir='ltr'><strong>pag.</strong></span> <span class='ocrx_word' id='word_1_92' title='bbox 355 1236 446 1309; x_wconf 89' lang='lat'><strong>90)</strong></span> <span class='ocrx_word' id='word_1_93' title='bbox 496 1236 698 1307; x_wconf 90' lang='lat' dir='ltr'><strong>primos</strong></span> <span class='ocrx_word' id='word_1_94' title='bbox 738 1237 984 1292; x_wconf 84' lang='lat' dir='ltr'><strong>homines</strong></span> <span class='ocrx_word' id='word_1_95' title='bbox 1015 1252 1120 1292; x_wconf 94' lang='lat' dir='ltr'><strong>non</strong></span> <span class='ocrx_word' id='word_1_96' title='bbox 1151 1236 1320 1291; x_wconf 89' lang='lat' dir='ltr'><strong>alium</strong></span> <span class='ocrx_word' id='word_1_97' title='bbox 1349 1235 1662 1290; x_wconf 85' lang='lat' dir='ltr'><strong>adhibuisse</strong></span> <span class='ocrx_word' id='word_1_98' title='bbox 1703 1234 1784 1290; x_wconf 86' lang='lat' dir='ltr'><strong>ci-</strong></span> 
     </span>
    </p>
   </div>
   <div class='ocr_carea' id='block_1_14' title="bbox 183 1327 1784 1404">
    <p class='ocr_par' dir='ltr' id='par_1_14' title="bbox 183 1327 1784 1404">
     <span class='ocr_line' id='line_1_14' title="bbox 183 1327 1784 1404; baseline -0.004 -16"><span class='ocrx_word' id='word_1_99' title='bbox 183 1332 361 1400; x_wconf 82' lang='lat' dir='ltr'><strong>bum,</strong></span> <span class='ocrx_word' id='word_1_100' title='bbox 393 1348 552 1404; x_wconf 90' lang='lat' dir='ltr'><strong>quam</strong></span> <span class='ocrx_word' id='word_1_101' title='bbox 593 1332 852 1402; x_wconf 84' lang='lat' dir='ltr'><strong>glandes,</strong></span> <span class='ocrx_word' id='word_1_102' title='bbox 903 1341 993 1386; x_wconf 92' lang='lat' dir='ltr'><strong>aut</strong></span> <span class='ocrx_word' id='word_1_103' title='bbox 1031 1347 1096 1386; x_wconf 80' lang='lat' dir='ltr'><strong>ex</strong></span> <span class='ocrx_word' id='word_1_104' title='bbox 1137 1332 1302 1386; x_wconf 90' lang='lat' dir='ltr'><strong>ramis</strong></span> <span class='ocrx_word' id='word_1_105' title='bbox 1345 1329 1649 1401; x_wconf 80' lang='lat' dir='ltr'><strong>agrestibus</strong></span> <span class='ocrx_word' id='word_1_106' title='bbox 1685 1327 1784 1383; x_wconf 86' lang='lat' dir='ltr'><strong>bu-</strong></span> 
     </span>
    </p>
   </div>
   <div class='ocr_carea' id='block_1_15' title="bbox 180 1421 1783 1496">
    <p class='ocr_par' dir='ltr' id='par_1_15' title="bbox 180 1421 1783 1496">
     <span class='ocr_line' id='line_1_15' title="bbox 180 1421 1783 1496; baseline -0.003 -15"><span class='ocrx_word' id='word_1_107' title='bbox 180 1427 383 1493; x_wconf 89' lang='lat' dir='ltr'><strong>culos,</strong></span> <span class='ocrx_word' id='word_1_108' title='bbox 414 1441 514 1483; x_wconf 92' lang='lat' dir='ltr'><strong>nec</strong></span> <span class='ocrx_word' id='word_1_109' title='bbox 540 1425 675 1480; x_wconf 90' lang='lat' dir='ltr'><strong>alias</strong></span> <span class='ocrx_word' id='word_1_110' title='bbox 698 1440 856 1496; x_wconf 89' lang='lat' dir='ltr'><strong>quam</strong></span> <span class='ocrx_word' id='word_1_111' title='bbox 883 1439 953 1480; x_wconf 79' lang='lat' dir='ltr'><strong>ex</strong></span> <span class='ocrx_word' id='word_1_112' title='bbox 981 1424 1275 1480; x_wconf 89' lang='lat' dir='ltr'><strong>corticibus</strong></span> <span class='ocrx_word' id='word_1_113' title='bbox 1315 1431 1370 1480; x_wconf 87' lang='lat' dir='ltr'><strong>et</strong></span> <span class='ocrx_word' id='word_1_114' title='bbox 1399 1421 1630 1494; x_wconf 84' lang='lat' dir='ltr'><strong>pellibus</strong></span> <span class='ocrx_word' id='word_1_115' title='bbox 1659 1436 1783 1476; x_wconf 86' lang='lat' dir='ltr'><strong>ves-</strong></span> 
     </span>
    </p>
   </div>
   <div class='ocr_carea' id='block_1_16' title="bbox 181 1514 1776 1586">
    <p class='ocr_par' dir='ltr' id='par_1_16' title="bbox 181 1514 1776 1586">
     <span class='ocr_line' id='line_1_16' title="bbox 181 1514 1776 1586; baseline -0.004 -12"><span class='ocrx_word' id='word_1_116' title='bbox 181 1528 297 1574; x_wconf 88' lang='lat' dir='ltr'><strong>tes.</strong></span> <span class='ocrx_word' id='word_1_117' title='bbox 346 1518 496 1586; x_wconf 85' lang='lat' dir='ltr'><strong>Quod</strong></span> <span class='ocrx_word' id='word_1_118' title='bbox 525 1517 700 1574; x_wconf 90' lang='lat' dir='ltr'><strong>adhuc</strong></span> <span class='ocrx_word' id='word_1_119' title='bbox 741 1516 957 1572; x_wconf 85' lang='lat' dir='ltr'><strong>Diodori</strong></span> <span class='ocrx_word' id='word_1_120' title='bbox 983 1517 1147 1573; x_wconf 87' lang='lat' dir='ltr'><strong>Siculi</strong></span> <span class='ocrx_word' id='word_1_121' title='bbox 1173 1558 1188 1582; x_wconf 92' lang='lat'><strong>,</strong></span> <span class='ocrx_word' id='word_1_122' title='bbox 1237 1514 1452 1580; x_wconf 86' lang='lat' dir='ltr'><strong>Ovidii,</strong></span> <span class='ocrx_word' id='word_1_123' title='bbox 1497 1514 1776 1580; x_wconf 90' lang='lat' dir='ltr'><strong>Lucretii,</strong></span> 
     </span>
    </p>
   </div>
   <div class='ocr_carea' id='block_1_17' title="bbox 176 1608 1778 1668">
    <p class='ocr_par' dir='ltr' id='par_1_17' title="bbox 176 1608 1778 1668">
     <span class='ocr_line' id='line_1_17' title="bbox 176 1608 1778 1668; baseline -0.004 0"><span class='ocrx_word' id='word_1_124' title='bbox 176 1622 247 1668; x_wconf 81' lang='lat' dir='ltr'><strong>et</strong></span> <span class='ocrx_word' id='word_1_125' title='bbox 298 1611 524 1667; x_wconf 89' lang='lat' dir='ltr'><strong>aliorum</strong></span> <span class='ocrx_word' id='word_1_126' title='bbox 583 1611 892 1668; x_wconf 87' lang='lat' dir='ltr'><strong>testimonio</strong></span> <span class='ocrx_word' id='word_1_127' title='bbox 947 1610 1219 1666; x_wconf 90' lang='lat' dir='ltr'><strong>stabilitur</strong></span> <span class='ocrx_word' id='word_1_128' title='bbox 1269 1625 1335 1664; x_wconf 89' lang='lat' dir='ltr'><strong>ac</strong></span> <span class='ocrx_word' id='word_1_129' title='bbox 1385 1608 1778 1664; x_wconf 86' lang='lat' dir='ltr'><strong>corroboratur</strong></span> 
     </span>
    </p>
   </div>
   <div class='ocr_carea' id='block_1_18' title="bbox 177 1700 1780 1778">
    <p class='ocr_par' dir='ltr' id='par_1_18' title="bbox 177 1700 1780 1778">
     <span class='ocr_line' id='line_1_18' title="bbox 177 1700 1780 1778; baseline -0.003 -19"><span class='ocrx_word' id='word_1_130' title='bbox 177 1704 438 1778; x_wconf 82' lang='lat' dir='ltr'><strong>(Diodor.</strong></span> <span class='ocrx_word' id='word_1_131' title='bbox 461 1747 476 1769; x_wconf 91' lang='lat'><strong>,</strong></span> <span class='ocrx_word' id='word_1_132' title='bbox 521 1705 608 1762; x_wconf 87' lang='lat' dir='ltr'><strong>lib.</strong></span> <span class='ocrx_word' id='word_1_133' title='bbox 637 1721 685 1771; x_wconf 89' lang='grc' dir='ltr'><strong>ι,</strong></span> <span class='ocrx_word' id='word_1_134' title='bbox 717 1706 855 1776; x_wconf 64' lang='grc' dir='ltr'><strong>ἶνας.</strong></span> <span class='ocrx_word' id='word_1_135' title='bbox 887 1704 960 1770; x_wconf 82' lang='lat'><strong>5;</strong></span> <span class='ocrx_word' id='word_1_136' title='bbox 994 1703 1183 1770; x_wconf 82' lang='lat' dir='ltr'><strong>0vid.,</strong></span> <span class='ocrx_word' id='word_1_137' title='bbox 1212 1703 1302 1758; x_wconf 88' lang='lat' dir='ltr'><strong>lib.</strong></span> <span class='ocrx_word' id='word_1_138' title='bbox 1343 1718 1363 1758; x_wconf 90' lang='grc' dir='ltr'><strong>ι</strong></span> <span class='ocrx_word' id='word_1_139' title='bbox 1410 1701 1644 1768; x_wconf 60' lang='lat' dir='ltr'><strong>Faucia,</strong></span> <span class='ocrx_word' id='word_1_140' title='bbox 1686 1700 1780 1756; x_wconf 76' lang='lat' dir='ltr'><strong>sub</strong></span> 
     </span>
    </p>
   </div>
   <div class='ocr_carea' id='block_1_19' title="bbox 177 1795 1421 1868">
    <p class='ocr_par' dir='ltr' id='par_1_19' title="bbox 177 1795 1421 1868">
     <span class='ocr_line' id='line_1_19' title="bbox 177 1795 1421 1868; baseline 0.001 -19"><span class='ocrx_word' id='word_1_141' title='bbox 177 1797 285 1865; x_wconf 81' lang='lat' dir='ltr'><strong>ﬁn.</strong></span> <span class='ocrx_word' id='word_1_142' title='bbox 313 1813 328 1860; x_wconf 90' lang='lat'><strong>;</strong></span> <span class='ocrx_word' id='word_1_143' title='bbox 362 1795 570 1851; x_wconf 80' lang='lat' dir='ltr'><strong>Lucret.</strong></span> <span class='ocrx_word' id='word_1_144' title='bbox 591 1839 606 1861; x_wconf 92' lang='lat'><strong>,</strong></span> <span class='ocrx_word' id='word_1_145' title='bbox 638 1797 727 1851; x_wconf 84' lang='lat' dir='ltr'><strong>lib.</strong></span> <span class='ocrx_word' id='word_1_146' title='bbox 773 1812 826 1862; x_wconf 91' lang='lat' dir='ltr'><strong>v,</strong></span> <span class='ocrx_word' id='word_1_147' title='bbox 849 1813 979 1852; x_wconf 79' lang='lat' dir='ltr'><strong>vers.</strong></span> <span class='ocrx_word' id='word_1_148' title='bbox 1026 1795 1127 1852; x_wconf 74' lang='lat'><strong>951</strong></span> <span class='ocrx_word' id='word_1_149' title='bbox 1159 1805 1206 1850; x_wconf 85' lang='lat' dir='ltr'><strong>et</strong></span> <span class='ocrx_word' id='word_1_150' title='bbox 1232 1795 1421 1868; x_wconf 81' lang='lat' dir='ltr'><strong>seqq.).</strong></span> 
     </span>
    </p>
   </div>
   <div class='ocr_carea' id='block_1_20' title="bbox 269 1889 1856 1964">
    <p class='ocr_par' dir='ltr' id='par_1_20' title="bbox 269 1889 1856 1964">
     <span class='ocr_line' id='line_1_20' title="bbox 269 1889 1856 1964; baseline 0 -20"><span class='ocrx_word' id='word_1_151' title='bbox 269 1889 398 1944; x_wconf 81' lang='lat' dir='ltr'><strong>Post</strong></span> <span class='ocrx_word' id='word_1_152' title='bbox 425 1889 540 1945; x_wconf 74' lang='lat' dir='ltr'><strong>ha-c</strong></span> <span class='ocrx_word' id='word_1_153' title='bbox 565 1890 633 1945; x_wconf 90' lang='lat' dir='ltr'><strong>ab</strong></span> <span class='ocrx_word' id='word_1_154' title='bbox 653 1900 873 1946; x_wconf 90' lang='lat' dir='ltr'><strong>auctore</strong></span> <span class='ocrx_word' id='word_1_155' title='bbox 905 1900 1092 1946; x_wconf 90' lang='lat' dir='ltr'><strong>nostro</strong></span> <span class='ocrx_word' id='word_1_156' title='bbox 1137 1889 1437 1962; x_wconf 87' lang='lat' dir='ltr'><strong>appellatur</strong></span> <span class='ocrx_word' id='word_1_157' title='bbox 1480 1889 1774 1954; x_wconf 87' lang='lat' dir='ltr'><strong>Hercules,</strong></span> <span class='ocrx_word' id='word_1_158' title='bbox 1805 1904 1856 1964; x_wconf 75' lang='grc' dir='ltr'><strong>Β</strong></span> 
     </span>
    </p>
   </div>
   <div class='ocr_carea' id='block_1_21' title="bbox 179 1980 1776 2053">
    <p class='ocr_par' dir='ltr' id='par_1_21' title="bbox 179 1980 1776 2053">
     <span class='ocr_line' id='line_1_21' title="bbox 179 1980 1776 2053; baseline 0 -17"><span class='ocrx_word' id='word_1_159' title='bbox 179 1980 261 2036; x_wconf 88' lang='lat' dir='ltr'><strong>de</strong></span> <span class='ocrx_word' id='word_1_160' title='bbox 275 1981 449 2052; x_wconf 90' lang='lat' dir='ltr'><strong>cujus,</strong></span> <span class='ocrx_word' id='word_1_161' title='bbox 474 1983 715 2047; x_wconf 90' lang='lat' dir='ltr'><strong>utaiunt,</strong></span> <span class='ocrx_word' id='word_1_162' title='bbox 740 1983 1015 2038; x_wconf 88' lang='lat' dir='ltr'><strong>laboribus</strong></span> <span class='ocrx_word' id='word_1_163' title='bbox 1039 1983 1294 2053; x_wconf 89' lang='lat' dir='ltr'><strong>loquitur.</strong></span> <span class='ocrx_word' id='word_1_164' title='bbox 1326 1980 1434 2037; x_wconf 91' lang='lat' dir='ltr'><strong>Sed</strong></span> <span class='ocrx_word' id='word_1_165' title='bbox 1477 1981 1530 2036; x_wconf 91' lang='lat' dir='ltr'><strong>hi</strong></span> <span class='ocrx_word' id='word_1_166' title='bbox 1562 1981 1776 2038; x_wconf 89' lang='lat' dir='ltr'><strong>labores</strong></span> 
     </span>
    </p>
   </div>
   <div class='ocr_carea' id='block_1_22' title="bbox 176 2074 1778 2146">
    <p class='ocr_par' dir='ltr' id='par_1_22' title="bbox 176 2074 1778 2146">
     <span class='ocr_line' id='line_1_22' title="bbox 176 2074 1778 2146; baseline -0.001 -16"><span class='ocrx_word' id='word_1_167' title='bbox 176 2076 276 2130; x_wconf 87' lang='lat' dir='ltr'><strong>cui</strong></span> <span class='ocrx_word' id='word_1_168' title='bbox 310 2075 474 2146; x_wconf 84' lang='lat' dir='ltr'><strong>ignoti</strong></span> <span class='ocrx_word' id='word_1_169' title='bbox 503 2091 623 2132; x_wconf 89' lang='lat' dir='ltr'><strong>esse</strong></span> <span class='ocrx_word' id='word_1_170' title='bbox 665 2076 929 2146; x_wconf 90' lang='lat' dir='ltr'><strong>possunt?</strong></span> <span class='ocrx_word' id='word_1_171' title='bbox 958 2075 1016 2130; x_wconf 88' lang='lat' dir='ltr'><strong>Si</strong></span> <span class='ocrx_word' id='word_1_172' title='bbox 1061 2075 1155 2130; x_wconf 91' lang='lat' dir='ltr'><strong>ulli</strong></span> <span class='ocrx_word' id='word_1_173' title='bbox 1198 2083 1375 2130; x_wconf 87' lang='lat' dir='ltr'><strong>tamen</strong></span> <span class='ocrx_word' id='word_1_174' title='bbox 1426 2075 1643 2129; x_wconf 91' lang='lat' dir='ltr'><strong>curioso</strong></span> <span class='ocrx_word' id='word_1_175' title='bbox 1693 2074 1778 2128; x_wconf 92' lang='lat' dir='ltr'><strong>in—</strong></span> 
     </span>
    </p>
   </div>
   <div class='ocr_carea' id='block_1_23' title="bbox 174 2168 1778 2238">
    <p class='ocr_par' dir='ltr' id='par_1_23' title="bbox 174 2168 1778 2238">
     <span class='ocr_line' id='line_1_23' title="bbox 174 2168 1778 2238; baseline -0.001 -14"><span class='ocrx_word' id='word_1_176' title='bbox 174 2169 452 2238; x_wconf 87' lang='lat' dir='ltr'><strong>comperti</strong></span> <span class='ocrx_word' id='word_1_177' title='bbox 494 2169 634 2236; x_wconf 91' lang='lat' dir='ltr'><strong>sint,</strong></span> <span class='ocrx_word' id='word_1_178' title='bbox 683 2169 802 2225; x_wconf 86' lang='lat' dir='ltr'><strong>illos</strong></span> <span class='ocrx_word' id='word_1_179' title='bbox 843 2169 912 2224; x_wconf 91' lang='lat' dir='ltr'><strong>ab</strong></span> <span class='ocrx_word' id='word_1_180' title='bbox 961 2168 1149 2224; x_wconf 89' lang='lat' dir='ltr'><strong>eodem</strong></span> <span class='ocrx_word' id='word_1_181' title='bbox 1211 2168 1448 2224; x_wconf 90' lang='lat' dir='ltr'><strong>Diodoro</strong></span> <span class='ocrx_word' id='word_1_182' title='bbox 1497 2168 1680 2225; x_wconf 91' lang='lat' dir='ltr'><strong>Siculo</strong></span> <span class='ocrx_word' id='word_1_183' title='bbox 1722 2177 1778 2225; x_wconf 89' lang='lat' dir='ltr'><strong>et</strong></span> 
     </span>
    </p>
   </div>
   <div class='ocr_carea' id='block_1_24' title="bbox 173 2262 1774 2337">
    <p class='ocr_par' dir='ltr' id='par_1_24' title="bbox 173 2262 1774 2337">
     <span class='ocr_line' id='line_1_24' title="bbox 173 2262 1774 2337; baseline 0.001 -21"><span class='ocrx_word' id='word_1_184' title='bbox 173 2262 310 2317; x_wconf 86' lang='lat' dir='ltr'><strong>aliis</strong></span> <span class='ocrx_word' id='word_1_185' title='bbox 362 2263 605 2333; x_wconf 91' lang='lat' dir='ltr'><strong>plurimis</strong></span> <span class='ocrx_word' id='word_1_186' title='bbox 648 2265 944 2334; x_wconf 78' lang='lat' dir='ltr'><strong>explicatos</strong></span> <span class='ocrx_word' id='word_1_187' title='bbox 995 2264 1232 2320; x_wconf 90' lang='lat' dir='ltr'><strong>inveniet</strong></span> <span class='ocrx_word' id='word_1_188' title='bbox 1278 2264 1522 2337; x_wconf 88' lang='lat' dir='ltr'><strong>(Diodor.</strong></span> <span class='ocrx_word' id='word_1_189' title='bbox 1567 2264 1774 2332; x_wconf 84' lang='lat' dir='ltr'><strong>Sicul.,</strong></span> 
     </span>
    </p>
   </div>
   <div class='ocr_carea' id='block_1_25' title="bbox 177 2356 1778 2430">
    <p class='ocr_par' dir='ltr' id='par_1_25' title="bbox 177 2356 1778 2430">
     <span class='ocr_line' id='line_1_25' title="bbox 177 2356 1778 2430; baseline 0.002 -20"><span class='ocrx_word' id='word_1_190' title='bbox 177 2356 282 2412; x_wconf 84' lang='lat' dir='ltr'><strong>lib.</strong></span> <span class='ocrx_word' id='word_1_191' title='bbox 313 2373 385 2423; x_wconf 90' lang='lat' dir='ltr'><strong>tv,</strong></span> <span class='ocrx_word' id='word_1_192' title='bbox 416 2357 571 2414; x_wconf 83' lang='lat' dir='ltr'><strong>Bibli.</strong></span> <span class='ocrx_word' id='word_1_193' title='bbox 595 2399 610 2423; x_wconf 93' lang='lat'><strong>,</strong></span> <span class='ocrx_word' id='word_1_194' title='bbox 649 2375 770 2430; x_wconf 91' lang='lat' dir='ltr'><strong>pag.</strong></span> <span class='ocrx_word' id='word_1_195' title='bbox 802 2359 908 2414; x_wconf 74' lang='lat' dir='ltr'><strong>M5</strong></span> <span class='ocrx_word' id='word_1_196' title='bbox 935 2369 981 2412; x_wconf 88' lang='lat' dir='ltr'><strong>et</strong></span> <span class='ocrx_word' id='word_1_197' title='bbox 1021 2360 1213 2430; x_wconf 62' lang='lat' dir='ltr'><strong>seqq).</strong></span> <span class='ocrx_word' id='word_1_198' title='bbox 1260 2359 1334 2414; x_wconf 89' lang='lat' dir='ltr'><strong>De</strong></span> <span class='ocrx_word' id='word_1_199' title='bbox 1361 2359 1452 2413; x_wconf 93' lang='lat' dir='ltr'><strong>illo</strong></span> <span class='ocrx_word' id='word_1_200' title='bbox 1497 2368 1677 2413; x_wconf 89' lang='lat' dir='ltr'><strong>autem</strong></span> <span class='ocrx_word' id='word_1_201' title='bbox 1724 2368 1778 2414; x_wconf 89' lang='lat' dir='ltr'><strong>et</strong></span> 
     </span>
    </p>
   </div>
   <div class='ocr_carea' id='block_1_26' title="bbox 175 2447 1775 2522">
    <p class='ocr_par' dir='ltr' id='par_1_26' title="bbox 175 2447 1775 2522">
     <span class='ocr_line' id='line_1_26' title="bbox 175 2447 1775 2522; baseline 0.003 -20"><span class='ocrx_word' id='word_1_202' title='bbox 175 2447 385 2504; x_wconf 84' lang='lat' dir='ltr'><strong>Libero</strong></span> <span class='ocrx_word' id='word_1_203' title='bbox 424 2451 586 2506; x_wconf 90' lang='lat' dir='ltr'><strong>etiam</strong></span> <span class='ocrx_word' id='word_1_204' title='bbox 618 2465 713 2505; x_wconf 90' lang='lat' dir='ltr'><strong>seu</strong></span> <span class='ocrx_word' id='word_1_205' title='bbox 763 2451 995 2516; x_wconf 86' lang='lat' dir='ltr'><strong>Baccho,</strong></span> <span class='ocrx_word' id='word_1_206' title='bbox 1049 2461 1103 2506; x_wconf 89' lang='lat' dir='ltr'><strong>et</strong></span> <span class='ocrx_word' id='word_1_207' title='bbox 1141 2451 1262 2506; x_wconf 87' lang='lat' dir='ltr'><strong>aliis</strong></span> <span class='ocrx_word' id='word_1_208' title='bbox 1315 2451 1406 2522; x_wconf 94' lang='lat' dir='ltr'><strong>qui</strong></span> <span class='ocrx_word' id='word_1_209' title='bbox 1458 2451 1527 2506; x_wconf 93' lang='lat' dir='ltr'><strong>ob</strong></span> <span class='ocrx_word' id='word_1_210' title='bbox 1579 2450 1775 2506; x_wconf 83' lang='lat' dir='ltr'><strong>eximia</strong></span> 
     </span>
    </p>
   </div>
   <div class='ocr_carea' id='block_1_27' title="bbox 173 2543 1776 2612">
    <p class='ocr_par' dir='ltr' id='par_1_27' title="bbox 173 2543 1776 2612">
     <span class='ocr_line' id='line_1_27' title="bbox 173 2543 1776 2612; baseline -0.001 -14"><span class='ocrx_word' id='word_1_211' title='bbox 173 2544 348 2612; x_wconf 80' lang='lat' dir='ltr'><strong>facta,</strong></span> <span class='ocrx_word' id='word_1_212' title='bbox 390 2555 444 2600; x_wconf 92' lang='lat' dir='ltr'><strong>et</strong></span> <span class='ocrx_word' id='word_1_213' title='bbox 492 2543 754 2598; x_wconf 90' lang='lat' dir='ltr'><strong>beneﬁcia</strong></span> <span class='ocrx_word' id='word_1_214' title='bbox 800 2543 992 2599; x_wconf 88' lang='lat' dir='ltr'><strong>collata</strong></span> <span class='ocrx_word' id='word_1_215' title='bbox 1024 2544 1333 2600; x_wconf 88' lang='lat' dir='ltr'><strong>hominibus</strong></span> <span class='ocrx_word' id='word_1_216' title='bbox 1363 2544 1439 2598; x_wconf 91' lang='lat' dir='ltr'><strong>dii</strong></span> <span class='ocrx_word' id='word_1_217' title='bbox 1485 2543 1776 2599; x_wconf 88' lang='lat' dir='ltr'><strong>renuntiati</strong></span> 
     </span>
    </p>
   </div>
   <div class='ocr_carea' id='block_1_28' title="bbox 174 2637 1774 2709">
    <p class='ocr_par' dir='ltr' id='par_1_28' title="bbox 174 2637 1774 2709">
     <span class='ocr_line' id='line_1_28' title="bbox 174 2637 1774 2709; baseline -0.001 -15"><span class='ocrx_word' id='word_1_218' title='bbox 174 2648 343 2705; x_wconf 90' lang='lat' dir='ltr'><strong>sunt,</strong></span> <span class='ocrx_word' id='word_1_219' title='bbox 377 2648 572 2709; x_wconf 67' lang='lat' dir='ltr'><strong>praeter</strong></span> <span class='ocrx_word' id='word_1_220' title='bbox 618 2637 950 2694; x_wconf 91' lang='lat' dir='ltr'><strong>Lactantium</strong></span> <span class='ocrx_word' id='word_1_221' title='bbox 980 2637 1264 2708; x_wconf 88' lang='lat' dir='ltr'><strong>(Lactant.,</strong></span> <span class='ocrx_word' id='word_1_222' title='bbox 1314 2638 1402 2693; x_wconf 86' lang='lat' dir='ltr'><strong>lib.</strong></span> <span class='ocrx_word' id='word_1_223' title='bbox 1441 2655 1493 2706; x_wconf 92' lang='grc' dir='ltr'><strong>ι,</strong></span> <span class='ocrx_word' id='word_1_224' title='bbox 1525 2654 1641 2708; x_wconf 87' lang='lat' dir='ltr'><strong>cap.</strong></span> <span class='ocrx_word' id='word_1_225' title='bbox 1674 2637 1774 2703; x_wconf 84' lang='grc'><strong>19,</strong></span> 
     </span>
    </p>
   </div>
   <div class='ocr_carea' id='block_1_29' title="bbox 175 2731 1359 2804">
    <p class='ocr_par' dir='ltr' id='par_1_29' title="bbox 175 2731 1359 2804">
     <span class='ocr_line' id='line_1_29' title="bbox 175 2731 1359 2804; baseline -0.001 -16"><span class='ocrx_word' id='word_1_226' title='bbox 175 2751 309 2804; x_wconf 83' lang='lat' dir='ltr'><strong>pag.</strong></span> <span class='ocrx_word' id='word_1_227' title='bbox 343 2733 415 2788; x_wconf 87' lang='lat'><strong>98</strong></span> <span class='ocrx_word' id='word_1_228' title='bbox 439 2743 484 2788; x_wconf 89' lang='lat' dir='ltr'><strong>et</strong></span> <span class='ocrx_word' id='word_1_229' title='bbox 513 2732 701 2804; x_wconf 69' lang='lat' dir='ltr'><strong>seqq).</strong></span> <span class='ocrx_word' id='word_1_230' title='bbox 733 2732 812 2787; x_wconf 89' lang='lat' dir='ltr'><strong>sic</strong></span> <span class='ocrx_word' id='word_1_231' title='bbox 833 2731 1029 2788; x_wconf 89' lang='lat' dir='ltr'><strong>cecinit</strong></span> <span class='ocrx_word' id='word_1_232' title='bbox 1060 2732 1312 2787; x_wconf 85' lang='lat' dir='ltr'><strong>Horatius</strong></span> <span class='ocrx_word' id='word_1_233' title='bbox 1346 2751 1359 2786; x_wconf 90' lang='lat'>:</span> 
     </span>
    </p>
   </div>
   <div class='ocr_carea' id='block_1_30' title="bbox 278 2845 1624 2908">
    <p class='ocr_par' dir='ltr' id='par_1_30' title="bbox 278 2845 1624 2908">
     <span class='ocr_line' id='line_1_30' title="bbox 278 2845 1624 2908; baseline 0.003 -14"><span class='ocrx_word' id='word_1_234' title='bbox 278 2845 511 2895; x_wconf 79' lang='lat' dir='ltr'><strong>Romulus</strong></span> <span class='ocrx_word' id='word_1_235' title='bbox 537 2853 587 2896; x_wconf 90' lang='lat' dir='ltr'><strong>et</strong></span> <span class='ocrx_word' id='word_1_236' title='bbox 610 2846 763 2895; x_wconf 92' lang='lat' dir='ltr'><strong>Liber</strong></span> <span class='ocrx_word' id='word_1_237' title='bbox 787 2854 942 2908; x_wconf 86' lang='lat' dir='ltr'><strong>pater,</strong></span> <span class='ocrx_word' id='word_1_238' title='bbox 961 2855 1139 2896; x_wconf 82' lang='lat' dir='ltr'><strong>etcum</strong></span> <span class='ocrx_word' id='word_1_239' title='bbox 1158 2845 1356 2896; x_wconf 88' lang='lat' dir='ltr'><strong>Castore</strong></span> <span class='ocrx_word' id='word_1_240' title='bbox 1383 2846 1584 2908; x_wconf 79' lang='lat' dir='ltr'><strong>Pollux,</strong></span> <span class='ocrx_word' id='word_1_241' title='bbox 1618 2861 1624 2898; x_wconf 68' lang='grc' dir='ltr'>τ</span> 
     </span>
    </p>
   </div>
   <div class='ocr_carea' id='block_1_31' title="bbox 278 2908 1518 2972">
    <p class='ocr_par' dir='ltr' id='par_1_31' title="bbox 278 2908 1518 2972">
     <span class='ocr_line' id='line_1_31' title="bbox 278 2908 1518 2972; baseline -0.001 -14"><span class='ocrx_word' id='word_1_242' title='bbox 278 2908 396 2972; x_wconf 67' lang='lat' dir='ltr'><strong>Post</strong></span> <span class='ocrx_word' id='word_1_243' title='bbox 418 2911 635 2971; x_wconf 70' lang='lat' dir='ltr'><strong>iungentia</strong></span> <span class='ocrx_word' id='word_1_244' title='bbox 660 2908 786 2958; x_wconf 87' lang='lat' dir='ltr'><strong>facta</strong></span> <span class='ocrx_word' id='word_1_245' title='bbox 803 2910 1010 2959; x_wconf 86' lang='lat' dir='ltr'><strong>deorum</strong></span> <span class='ocrx_word' id='word_1_246' title='bbox 1034 2911 1085 2958; x_wconf 90' lang='lat' dir='ltr'><strong>in</strong></span> <span class='ocrx_word' id='word_1_247' title='bbox 1104 2909 1284 2971; x_wconf 89' lang='lat' dir='ltr'><strong>templa</strong></span> <span class='ocrx_word' id='word_1_248' title='bbox 1307 2911 1518 2972; x_wconf 87' lang='lat' dir='ltr'><strong>recepti,</strong></span> 
     </span>
    </p>
   </div>
   <div class='ocr_carea' id='block_1_32' title="bbox 275 2970 1714 3034">
    <p class='ocr_par' dir='ltr' id='par_1_32' title="bbox 275 2970 1714 3034">
     <span class='ocr_line' id='line_1_32' title="bbox 275 2970 1714 3034; baseline 0.001 -15"><span class='ocrx_word' id='word_1_249' title='bbox 275 2970 403 3020; x_wconf 92' lang='lat' dir='ltr'><strong>Dum</strong></span> <span class='ocrx_word' id='word_1_250' title='bbox 429 2970 589 3021; x_wconf 80' lang='lat' dir='ltr'><strong>terras</strong></span> <span class='ocrx_word' id='word_1_251' title='bbox 615 2972 968 3034; x_wconf 87' lang='lat' dir='ltr'><strong>hominumque</strong></span> <span class='ocrx_word' id='word_1_252' title='bbox 992 2973 1158 3021; x_wconf 91' lang='lat' dir='ltr'><strong>colunt</strong></span> <span class='ocrx_word' id='word_1_253' title='bbox 1182 2970 1358 3031; x_wconf 79' lang='lat' dir='ltr'><strong>genus,</strong></span> <span class='ocrx_word' id='word_1_254' title='bbox 1385 2970 1560 3034; x_wconf 81' lang='lat' dir='ltr'><strong>aspera</strong></span> <span class='ocrx_word' id='word_1_255' title='bbox 1582 2971 1714 3023; x_wconf 87' lang='lat' dir='ltr'><strong>bella</strong></span> 
     </span>
    </p>
   </div>
   <div class='ocr_carea' id='block_1_33' title="bbox 277 3033 1512 3098">
    <p class='ocr_par' dir='ltr' id='par_1_33' title="bbox 277 3033 1512 3098">
     <span class='ocr_line' id='line_1_33' title="bbox 277 3033 1512 3098; baseline -0.004 -13"><span class='ocrx_word' id='word_1_256' title='bbox 277 3035 599 3098; x_wconf 90' lang='lat' dir='ltr'><strong>Componunt,</strong></span> <span class='ocrx_word' id='word_1_257' title='bbox 623 3048 770 3096; x_wconf 83' lang='lat' dir='ltr'><strong>agros</strong></span> <span class='ocrx_word' id='word_1_258' title='bbox 792 3033 1059 3098; x_wconf 75' lang='lat' dir='ltr'><strong>assignant,</strong></span> <span class='ocrx_word' id='word_1_259' title='bbox 1084 3035 1262 3098; x_wconf 64' lang='lat' dir='ltr'><strong>oppida</strong></span> <span class='ocrx_word' id='word_1_260' title='bbox 1282 3033 1512 3084; x_wconf 88' lang='lat' dir='ltr'><strong>condunt.</strong></span> 
     </span>
    </p>
   </div>
   <div class='ocr_carea' id='block_1_34' title="bbox 834 3159 1589 3222">
    <p class='ocr_par' dir='ltr' id='par_1_34' title="bbox 834 3159 1589 3222">
     <span class='ocr_line' id='line_1_34' title="bbox 834 3159 1589 3222; baseline 0 -13"><span class='ocrx_word' id='word_1_261' title='bbox 834 3159 1001 3210; x_wconf 91' lang='lat' dir='ltr'><strong>Diram</strong></span> <span class='ocrx_word' id='word_1_262' title='bbox 1025 3164 1108 3222; x_wconf 90' lang='lat' dir='ltr'><strong>qui</strong></span> <span class='ocrx_word' id='word_1_263' title='bbox 1132 3161 1352 3210; x_wconf 87' lang='lat' dir='ltr'><strong>contudit</strong></span> <span class='ocrx_word' id='word_1_264' title='bbox 1369 3159 1589 3222; x_wconf 88' lang='lat' dir='ltr'><strong>hydram,</strong></span> 
     </span>
    </p>
   </div>
   <div class='ocr_carea' id='block_1_35' title="bbox 277 3221 1359 3286">
    <p class='ocr_par' dir='ltr' id='par_1_35' title="bbox 277 3221 1359 3286">
     <span class='ocr_line' id='line_1_35' title="bbox 277 3221 1359 3286; baseline -0.001 -13"><span class='ocrx_word' id='word_1_265' title='bbox 277 3221 525 3286; x_wconf 86' lang='lat' dir='ltr'><strong>Comperit</strong></span> <span class='ocrx_word' id='word_1_266' title='bbox 546 3223 772 3273; x_wconf 84' lang='lat' dir='ltr'><strong>invidiam</strong></span> <span class='ocrx_word' id='word_1_267' title='bbox 795 3235 1027 3285; x_wconf 91' lang='lat' dir='ltr'><strong>supremo</strong></span> <span class='ocrx_word' id='word_1_268' title='bbox 1043 3221 1140 3272; x_wconf 83' lang='lat' dir='ltr'><strong>line</strong></span> <span class='ocrx_word' id='word_1_269' title='bbox 1155 3223 1359 3272; x_wconf 86' lang='lat' dir='ltr'><strong>domari.</strong></span> 
     </span>
    </p>
   </div>
   <div class='ocr_carea' id='block_1_36' title="bbox 553 3304 1619 3372">
    <p class='ocr_par' dir='ltr' id='par_1_36' title="bbox 553 3304 1619 3372">
     <span class='ocr_line' id='line_1_36' title="bbox 553 3304 1619 3372; baseline -0.001 -15"><span class='ocrx_word' id='word_1_270' title='bbox 553 3307 769 3372; x_wconf 62' lang='lat' dir='ltr'><strong>(Horat,</strong></span> <span class='ocrx_word' id='word_1_271' title='bbox 791 3305 873 3358; x_wconf 86' lang='lat' dir='ltr'><strong>lib.</strong></span> <span class='ocrx_word' id='word_1_272' title='bbox 901 3321 954 3368; x_wconf 90' lang='grc' dir='ltr'><strong>ιι,</strong></span> <span class='ocrx_word' id='word_1_273' title='bbox 975 3305 1111 3371; x_wconf 81' lang='lat' dir='ltr'><strong>epist.</strong></span> <span class='ocrx_word' id='word_1_274' title='bbox 1135 3321 1175 3368; x_wconf 92' lang='grc' dir='ltr'><strong>ι,</strong></span> <span class='ocrx_word' id='word_1_275' title='bbox 1200 3318 1326 3358; x_wconf 84' lang='lat' dir='ltr'><strong>vers.</strong></span> <span class='ocrx_word' id='word_1_276' title='bbox 1347 3307 1378 3356; x_wconf 80' lang='lat' dir='ltr'><strong>b’</strong></span> <span class='ocrx_word' id='word_1_277' title='bbox 1395 3312 1439 3357; x_wconf 84' lang='lat' dir='ltr'><strong>et</strong></span> <span class='ocrx_word' id='word_1_278' title='bbox 1461 3304 1619 3372; x_wconf 82' lang='lat' dir='ltr'><strong>seqq.)</strong></span> 
     </span>
    </p>
   </div>
   <div class='ocr_carea' id='block_1_37' title="bbox 277 3433 1773 3505">
    <p class='ocr_par' dir='ltr' id='par_1_37' title="bbox 277 3433 1773 3505">
     <span class='ocr_line' id='line_1_37' title="bbox 277 3433 1773 3505; baseline -0.004 -11"><span class='ocrx_word' id='word_1_279' title='bbox 277 3441 346 3494; x_wconf 90' lang='lat' dir='ltr'><strong>At</strong></span> <span class='ocrx_word' id='word_1_280' title='bbox 397 3438 594 3494; x_wconf 88' lang='lat' dir='ltr'><strong>merito</strong></span> <span class='ocrx_word' id='word_1_281' title='bbox 644 3436 915 3496; x_wconf 86' lang='lat' dir='ltr'><strong>Arnobius</strong></span> <span class='ocrx_word' id='word_1_282' title='bbox 979 3435 1234 3490; x_wconf 82' lang='lat' dir='ltr'><strong>Romanis</strong></span> <span class='ocrx_word' id='word_1_283' title='bbox 1287 3435 1576 3505; x_wconf 83' lang='lat' dir='ltr'><strong>exprobrat</strong></span> <span class='ocrx_word' id='word_1_284' title='bbox 1628 3433 1773 3505; x_wconf 93' lang='lat' dir='ltr'><strong>quod</strong></span> 
     </span>
    </p>
   </div>
   <div class='ocr_carea' id='block_1_38' title="bbox 180 3529 1771 3602">
    <p class='ocr_par' dir='ltr' id='par_1_38' title="bbox 180 3529 1771 3602">
     <span class='ocr_line' id='line_1_38' title="bbox 180 3529 1771 3602; baseline -0.002 -15"><span class='ocrx_word' id='word_1_285' title='bbox 180 3533 328 3588; x_wconf 89' lang='lat' dir='ltr'><strong>hunc</strong></span> <span class='ocrx_word' id='word_1_286' title='bbox 356 3531 641 3587; x_wconf 84' lang='lat' dir='ltr'><strong>Romulum</strong></span> <span class='ocrx_word' id='word_1_287' title='bbox 665 3574 679 3596; x_wconf 90' lang='lat'><strong>,</strong></span> <span class='ocrx_word' id='word_1_288' title='bbox 725 3547 885 3602; x_wconf 90' lang='lat' dir='ltr'><strong>quem</strong></span> <span class='ocrx_word' id='word_1_289' title='bbox 921 3530 1170 3586; x_wconf 86' lang='lat' dir='ltr'><strong>Horatius</strong></span> <span class='ocrx_word' id='word_1_290' title='bbox 1214 3530 1444 3600; x_wconf 90' lang='lat' dir='ltr'><strong>primum</strong></span> <span class='ocrx_word' id='word_1_291' title='bbox 1494 3529 1771 3596; x_wconf 84' lang='lat' dir='ltr'><strong>nominat,</strong></span> 
     </span>
    </p>
   </div>
   <div class='ocr_carea' id='block_1_39' title="bbox 178 3625 1770 3697">
    <p class='ocr_par' dir='ltr' id='par_1_39' title="bbox 178 3625 1770 3697">
     <span class='ocr_line' id='line_1_39' title="bbox 178 3625 1770 3697; baseline -0.001 -16"><span class='ocrx_word' id='word_1_292' title='bbox 178 3627 256 3681; x_wconf 87' lang='lat' dir='ltr'><strong>ob</strong></span> <span class='ocrx_word' id='word_1_293' title='bbox 279 3625 492 3697; x_wconf 85' lang='lat' dir='ltr'><strong>egregia</strong></span> <span class='ocrx_word' id='word_1_294' title='bbox 539 3625 674 3680; x_wconf 78' lang='lat' dir='ltr'><strong>facta</strong></span> <span class='ocrx_word' id='word_1_295' title='bbox 706 3640 768 3679; x_wconf 90' lang='lat' dir='ltr'><strong>ac</strong></span> <span class='ocrx_word' id='word_1_296' title='bbox 808 3626 1005 3680; x_wconf 84' lang='lat' dir='ltr'><strong>collata</strong></span> <span class='ocrx_word' id='word_1_297' title='bbox 1055 3625 1347 3691; x_wconf 89' lang='lat' dir='ltr'><strong>benelicia,</strong></span> <span class='ocrx_word' id='word_1_298' title='bbox 1393 3625 1620 3680; x_wconf 91' lang='lat' dir='ltr'><strong>deorum</strong></span> <span class='ocrx_word' id='word_1_299' title='bbox 1668 3641 1770 3680; x_wconf 92' lang='lat' dir='ltr'><strong>nu-</strong></span> 
     </span>
    </p>
   </div>
   <div class='ocr_carea' id='block_1_40' title="bbox 180 3717 1774 3790">
    <p class='ocr_par' dir='ltr' id='par_1_40' title="bbox 180 3717 1774 3790">
     <span class='ocr_line' id='line_1_40' title="bbox 180 3717 1774 3790; baseline -0.001 -14"><span class='ocrx_word' id='word_1_300' title='bbox 180 3735 340 3776; x_wconf 89' lang='lat' dir='ltr'><strong>mero</strong></span> <span class='ocrx_word' id='word_1_301' title='bbox 384 3718 786 3790; x_wconf 83' lang='lat' dir='ltr'><strong>adscripserint.</strong></span> <span class='ocrx_word' id='word_1_302' title='bbox 837 3717 1157 3774; x_wconf 90' lang='lat' dir='ltr'><strong>Senatorum</strong></span> <span class='ocrx_word' id='word_1_303' title='bbox 1207 3719 1471 3790; x_wconf 90' lang='lat' dir='ltr'><strong>siquidem</strong></span> <span class='ocrx_word' id='word_1_304' title='bbox 1528 3720 1774 3776; x_wconf 91' lang='lat' dir='ltr'><strong>manibus</strong></span> 
     </span>
    </p>
   </div>
   <div class='ocr_carea' id='block_1_41' title="bbox 185 3810 1772 3882">
    <p class='ocr_par' dir='ltr' id='par_1_41' title="bbox 185 3810 1772 3882">
     <span class='ocr_line' id='line_1_41' title="bbox 185 3810 1772 3882; baseline -0.001 -15"><span class='ocrx_word' id='word_1_305' title='bbox 185 3812 530 3882; x_wconf 91' lang='lat' dir='ltr'><strong>discerptus,</strong></span> <span class='ocrx_word' id='word_1_306' title='bbox 576 3810 996 3882; x_wconf 83' lang='lat' dir='ltr'><strong>interfectusque</strong></span> <span class='ocrx_word' id='word_1_307' title='bbox 1045 3811 1259 3866; x_wconf 89' lang='lat' dir='ltr'><strong>fuerat:</strong></span> <span class='ocrx_word' id='word_1_308' title='bbox 1301 3832 1320 3864; x_wconf 69' lang='grc' dir='ltr'><strong>ι</strong></span> <span class='ocrx_word' id='word_1_309' title='bbox 1360 3811 1549 3869; x_wconf 81' lang='lat' dir='ltr'><strong>Nonne</strong></span> <span class='ocrx_word' id='word_1_310' title='bbox 1597 3814 1772 3882; x_wconf 90' lang='lat' dir='ltr'><strong>ipsum</strong></span> 
     </span>
    </p>
   </div>
   <div class='ocr_carea' id='block_1_42' title="bbox 181 3904 1771 3974">
    <p class='ocr_par' dir='ltr' id='par_1_42' title="bbox 181 3904 1771 3974">
     <span class='ocr_line' id='line_1_42' title="bbox 181 3904 1771 3974; baseline -0.001 -13"><span class='ocrx_word' id='word_1_311' title='bbox 181 3904 478 3961; x_wconf 82' lang='lat' dir='ltr'><strong>Romulum</strong></span> <span class='ocrx_word' id='word_1_312' title='bbox 527 3913 768 3974; x_wconf 90' lang='lat' dir='ltr'><strong>patrem,</strong></span> <span class='ocrx_word' id='word_1_313' title='bbox 839 3923 858 3956; x_wconf 77' lang='grc' dir='ltr'><strong>ι</strong></span> <span class='ocrx_word' id='word_1_314' title='bbox 917 3905 1091 3974; x_wconf 89' lang='lat' dir='ltr'><strong>inquit</strong></span> <span class='ocrx_word' id='word_1_315' title='bbox 1138 3904 1226 3959; x_wconf 90' lang='lat' dir='ltr'><strong>ille</strong></span> <span class='ocrx_word' id='word_1_316' title='bbox 1283 3904 1536 3973; x_wconf 83' lang='lat' dir='ltr'><strong>(Arnob.,</strong></span> <span class='ocrx_word' id='word_1_317' title='bbox 1590 3905 1676 3958; x_wconf 89' lang='lat' dir='ltr'><strong>lib.</strong></span> <span class='ocrx_word' id='word_1_318' title='bbox 1711 3921 1771 3972; x_wconf 91' lang='grc' dir='ltr'><strong>ι,</strong></span> 
     </span>
    </p>
   </div>
   <div class='ocr_carea' id='block_1_43' title="bbox 178 3993 1770 4069">
    <p class='ocr_par' dir='ltr' id='par_1_43' title="bbox 178 3993 1770 4069">
     <span class='ocr_line' id='line_1_43' title="bbox 178 3993 1770 4069; baseline 0.001 -19"><span class='ocrx_word' id='word_1_319' title='bbox 178 4015 305 4069; x_wconf 85' lang='lat' dir='ltr'><strong>pag.</strong></span> <span class='ocrx_word' id='word_1_320' title='bbox 327 3993 504 4067; x_wconf 54' lang='lat'><strong>20,1</strong></span> <span class='ocrx_word' id='word_1_321' title='bbox 539 4004 848 4051; x_wconf 86' lang='lat' dir='ltr'><strong>senatorum</strong></span> <span class='ocrx_word' id='word_1_322' title='bbox 883 3995 1132 4050; x_wconf 89' lang='lat' dir='ltr'><strong>manibus</strong></span> <span class='ocrx_word' id='word_1_323' title='bbox 1157 3996 1502 4051; x_wconf 87' lang='lat' dir='ltr'><strong>dilaceratmn</strong></span> <span class='ocrx_word' id='word_1_324' title='bbox 1534 4007 1770 4066; x_wconf 91' lang='lat' dir='ltr'><strong>centum,</strong></span> 
     </span>
    </p>
   </div>
   <div class='ocr_carea' id='block_1_44' title="bbox 181 4087 1773 4159">
    <p class='ocr_par' dir='ltr' id='par_1_44' title="bbox 181 4087 1773 4159">
     <span class='ocr_line' id='line_1_44' title="bbox 181 4087 1773 4159; baseline 0 -13"><span class='ocrx_word' id='word_1_325' title='bbox 181 4101 240 4146; x_wconf 88' lang='lat' dir='ltr'><strong>et</strong></span> <span class='ocrx_word' id='word_1_326' title='bbox 268 4089 546 4159; x_wconf 85' lang='lat' dir='ltr'><strong>Quirinum</strong></span> <span class='ocrx_word' id='word_1_327' title='bbox 584 4103 708 4144; x_wconf 89' lang='lat' dir='ltr'><strong>esse</strong></span> <span class='ocrx_word' id='word_1_328' title='bbox 742 4088 991 4143; x_wconf 81' lang='lat' dir='ltr'><strong>Martium</strong></span> <span class='ocrx_word' id='word_1_329' title='bbox 1040 4087 1250 4154; x_wconf 89' lang='lat' dir='ltr'><strong>dicitis,</strong></span> <span class='ocrx_word' id='word_1_330' title='bbox 1301 4097 1355 4143; x_wconf 88' lang='lat' dir='ltr'><strong>et</strong></span> <span class='ocrx_word' id='word_1_331' title='bbox 1403 4090 1773 4147; x_wconf 84' lang='lat' dir='ltr'><strong>sacerdotibus</strong></span> 
     </span>
    </p>
   </div>
   <div class='ocr_carea' id='block_1_45' title="bbox 188 4181 1770 4253">
    <p class='ocr_par' dir='ltr' id='par_1_45' title="bbox 188 4181 1770 4253">
     <span class='ocr_line' id='line_1_45' title="bbox 188 4181 1770 4253; baseline 0.001 -15"><span class='ocrx_word' id='word_1_332' title='bbox 188 4195 244 4238; x_wconf 90' lang='lat' dir='ltr'><strong>et</strong></span> <span class='ocrx_word' id='word_1_333' title='bbox 270 4181 632 4253; x_wconf 88' lang='lat' dir='ltr'><strong>pulvinaribus</strong></span> <span class='ocrx_word' id='word_1_334' title='bbox 669 4181 1043 4247; x_wconf 89' lang='lat' dir='ltr'><strong>houoratis,et</strong></span> <span class='ocrx_word' id='word_1_335' title='bbox 1071 4183 1120 4236; x_wconf 93' lang='lat' dir='ltr'><strong>in</strong></span> <span class='ocrx_word' id='word_1_336' title='bbox 1153 4181 1359 4238; x_wconf 74' lang='lat' dir='ltr'><strong>:edibus</strong></span> <span class='ocrx_word' id='word_1_337' title='bbox 1389 4183 1621 4238; x_wconf 86' lang='lat' dir='ltr'><strong>adoratis</strong></span> <span class='ocrx_word' id='word_1_338' title='bbox 1654 4200 1770 4239; x_wconf 89' lang='lat' dir='ltr'><strong>am-</strong></span> 
     </span>
    </p>
   </div>
   <div class='ocr_carea' id='block_1_46' title="bbox 184 4275 1771 4348">
    <p class='ocr_par' dir='ltr' id='par_1_46' title="bbox 184 4275 1771 4348">
     <span class='ocr_line' id='line_1_46' title="bbox 184 4275 1771 4348; baseline 0.001 -18"><span class='ocrx_word' id='word_1_339' title='bbox 184 4275 440 4348; x_wconf 88' lang='lat' dir='ltr'><strong>plissimis</strong></span> <span class='ocrx_word' id='word_1_340' title='bbox 462 4318 477 4341; x_wconf 93' lang='lat'><strong>,</strong></span> <span class='ocrx_word' id='word_1_341' title='bbox 523 4283 724 4347; x_wconf 89' lang='lat' dir='ltr'><strong>etpost</strong></span> <span class='ocrx_word' id='word_1_342' title='bbox 751 4277 863 4330; x_wconf 68' lang='lat' dir='ltr'><strong>haec</strong></span> <span class='ocrx_word' id='word_1_343' title='bbox 891 4279 1072 4328; x_wconf 88' lang='lat' dir='ltr'><strong>omnia</strong></span> <span class='ocrx_word' id='word_1_344' title='bbox 1113 4275 1309 4331; x_wconf 69' lang='lat' dir='ltr'><strong>cmlum</strong></span> <span class='ocrx_word' id='word_1_345' title='bbox 1339 4275 1647 4332; x_wconf 90' lang='lat' dir='ltr'><strong>ascendisse</strong></span> <span class='ocrx_word' id='word_1_346' title='bbox 1686 4277 1771 4346; x_wconf 92' lang='lat' dir='ltr'><strong>ju-</strong></span> 
     </span>
    </p>
   </div>
   <div class='ocr_carea' id='block_1_47' title="bbox 184 4367 1771 4435">
    <p class='ocr_par' dir='ltr' id='par_1_47' title="bbox 184 4367 1771 4435">
     <span class='ocr_line' id='line_1_47' title="bbox 184 4367 1771 4435; baseline 0.001 -12"><span class='ocrx_word' id='word_1_347' title='bbox 184 4367 332 4424; x_wconf 90' lang='lat' dir='ltr'><strong>ratis.</strong></span> <span class='ocrx_word' id='word_1_348' title='bbox 397 4387 415 4418; x_wconf 81' lang='grc' dir='ltr'><strong>ι</strong></span> <span class='ocrx_word' id='word_1_349' title='bbox 477 4368 652 4422; x_wconf 84' lang='lat' dir='ltr'><strong>Vitam</strong></span> <span class='ocrx_word' id='word_1_350' title='bbox 708 4378 888 4422; x_wconf 90' lang='lat' dir='ltr'><strong>autem</strong></span> <span class='ocrx_word' id='word_1_351' title='bbox 928 4367 1178 4435; x_wconf 65' lang='lat' dir='ltr'><strong>(Romulo</strong></span> <span class='ocrx_word' id='word_1_352' title='bbox 1243 4377 1348 4422; x_wconf 90' lang='lat' dir='ltr'><strong>tam</strong></span> <span class='ocrx_word' id='word_1_353' title='bbox 1396 4369 1688 4425; x_wconf 90' lang='lat' dir='ltr'><strong>crudeliter</strong></span> <span class='ocrx_word' id='word_1_354' title='bbox 1740 4386 1771 4425; x_wconf 93' lang='lat' dir='ltr'><strong>a</strong></span> 
     </span>
    </p>
   </div>
   <div class='ocr_carea' id='block_1_48' title="bbox 189 4459 1772 4530">
    <p class='ocr_par' dir='ltr' id='par_1_48' title="bbox 189 4459 1772 4530">
     <span class='ocr_line' id='line_1_48' title="bbox 189 4459 1772 4530; baseline 0.003 -16"><span class='ocrx_word' id='word_1_355' title='bbox 189 4459 526 4514; x_wconf 87' lang='lat' dir='ltr'><strong>senatoribus</strong></span> <span class='ocrx_word' id='word_1_356' title='bbox 551 4459 715 4514; x_wconf 84' lang='lat' dir='ltr'><strong>fuisse</strong></span> <span class='ocrx_word' id='word_1_357' title='bbox 755 4471 996 4530; x_wconf 88' lang='lat' dir='ltr'><strong>ereptam</strong></span> <span class='ocrx_word' id='word_1_358' title='bbox 1017 4503 1032 4524; x_wconf 92' lang='lat'><strong>,</strong></span> <span class='ocrx_word' id='word_1_359' title='bbox 1076 4459 1288 4515; x_wconf 86' lang='lat' dir='ltr'><strong>tametsi</strong></span> <span class='ocrx_word' id='word_1_360' title='bbox 1319 4461 1502 4516; x_wconf 91' lang='lat' dir='ltr'><strong>Livius</strong></span> <span class='ocrx_word' id='word_1_361' title='bbox 1525 4462 1772 4518; x_wconf 86' lang='lat' dir='ltr'><strong>dissimu-</strong></span> 
     </span>
    </p>
   </div>
   <div class='ocr_carea' id='block_1_49' title="bbox 185 4552 1770 4629">
    <p class='ocr_par' dir='ltr' id='par_1_49' title="bbox 185 4552 1770 4629">
     <span class='ocr_line' id='line_1_49' title="bbox 185 4552 1770 4629; baseline 0.002 -22"><span class='ocrx_word' id='word_1_362' title='bbox 185 4553 296 4608; x_wconf 89' lang='lat' dir='ltr'><strong>lare</strong></span> <span class='ocrx_word' id='word_1_363' title='bbox 323 4561 584 4618; x_wconf 88' lang='lat' dir='ltr'><strong>conetur,</strong></span> <span class='ocrx_word' id='word_1_364' title='bbox 621 4552 864 4608; x_wconf 80' lang='lat' dir='ltr'><strong>Valerius</strong></span> <span class='ocrx_word' id='word_1_365' title='bbox 903 4564 1081 4608; x_wconf 88' lang='lat' dir='ltr'><strong>tamen</strong></span> <span class='ocrx_word' id='word_1_366' title='bbox 1122 4553 1420 4621; x_wconf 76' lang='lat' dir='ltr'><strong>Maximus,</strong></span> <span class='ocrx_word' id='word_1_367' title='bbox 1476 4565 1530 4610; x_wconf 90' lang='lat' dir='ltr'><strong>et</strong></span> <span class='ocrx_word' id='word_1_368' title='bbox 1571 4556 1770 4629; x_wconf 87' lang='lat' dir='ltr'><strong>Diony-</strong></span> 
     </span>
    </p>
   </div>
   <div class='ocr_carea' id='block_1_50' title="bbox 185 4643 1771 4718">
    <p class='ocr_par' dir='ltr' id='par_1_50' title="bbox 185 4643 1771 4718">
     <span class='ocr_line' id='line_1_50' title="bbox 185 4643 1771 4718; baseline 0.003 -21"><span class='ocrx_word' id='word_1_369' title='bbox 185 4645 295 4698; x_wconf 89' lang='lat' dir='ltr'><strong>sius</strong></span> <span class='ocrx_word' id='word_1_370' title='bbox 323 4643 808 4717; x_wconf 85' lang='lat' dir='ltr'><strong>llalyearnasseus,</strong></span> <span class='ocrx_word' id='word_1_371' title='bbox 858 4653 912 4698; x_wconf 90' lang='lat' dir='ltr'><strong>et</strong></span> <span class='ocrx_word' id='word_1_372' title='bbox 934 4644 1021 4698; x_wconf 89' lang='lat' dir='ltr'><strong>alii</strong></span> <span class='ocrx_word' id='word_1_373' title='bbox 1053 4645 1225 4713; x_wconf 89' lang='lat' dir='ltr'><strong>palam</strong></span> <span class='ocrx_word' id='word_1_374' title='bbox 1266 4655 1558 4718; x_wconf 90' lang='lat' dir='ltr'><strong>aperteque</strong></span> <span class='ocrx_word' id='word_1_375' title='bbox 1600 4646 1771 4702; x_wconf 90' lang='lat' dir='ltr'><strong>faten-</strong></span> 
     </span>
    </p>
   </div>
   <div class='ocr_carea' id='block_1_51' title="bbox 187 4735 1766 4808">
    <p class='ocr_par' dir='ltr' id='par_1_51' title="bbox 187 4735 1766 4808">
     <span class='ocr_line' id='line_1_51' title="bbox 187 4735 1766 4808; baseline 0.005 -19"><span class='ocrx_word' id='word_1_376' title='bbox 187 4747 269 4790; x_wconf 89' lang='lat' dir='ltr'><strong>tur</strong></span> <span class='ocrx_word' id='word_1_377' title='bbox 291 4735 424 4806; x_wconf 86' lang='lat' dir='ltr'><strong>(Liv.</strong></span> <span class='ocrx_word' id='word_1_378' title='bbox 445 4779 459 4803; x_wconf 91' lang='lat'><strong>,</strong></span> <span class='ocrx_word' id='word_1_379' title='bbox 491 4735 579 4790; x_wconf 88' lang='lat' dir='ltr'><strong>lib.</strong></span> <span class='ocrx_word' id='word_1_380' title='bbox 610 4753 664 4801; x_wconf 94' lang='grc' dir='ltr'><strong>ι,</strong></span> <span class='ocrx_word' id='word_1_381' title='bbox 692 4753 808 4806; x_wconf 86' lang='lat' dir='ltr'><strong>cap.</strong></span> <span class='ocrx_word' id='word_1_382' title='bbox 836 4737 922 4800; x_wconf 70' lang='lat'><strong>1:2;</strong></span> <span class='ocrx_word' id='word_1_383' title='bbox 952 4735 1123 4790; x_wconf 85' lang='lat' dir='ltr'><strong>Valer.</strong></span> <span class='ocrx_word' id='word_1_384' title='bbox 1155 4736 1301 4792; x_wconf 69' lang='lat' dir='ltr'><strong>Max.</strong></span> <span class='ocrx_word' id='word_1_385' title='bbox 1323 4779 1338 4804; x_wconf 94' lang='lat'><strong>,</strong></span> <span class='ocrx_word' id='word_1_386' title='bbox 1369 4740 1458 4793; x_wconf 90' lang='lat' dir='ltr'><strong>lib.</strong></span> <span class='ocrx_word' id='word_1_387' title='bbox 1485 4755 1537 4807; x_wconf 94' lang='lat' dir='ltr'><strong>v,</strong></span> <span class='ocrx_word' id='word_1_388' title='bbox 1560 4757 1676 4807; x_wconf 88' lang='lat' dir='ltr'><strong>cap.</strong></span> <span class='ocrx_word' id='word_1_389' title='bbox 1711 4743 1766 4808; x_wconf 80' lang='lat'><strong>5,</strong></span> 
     </span>
    </p>
   </div>
   <div class='ocr_carea' id='block_1_52' title="bbox 189 4826 1765 4907">
    <p class='ocr_par' dir='ltr' id='par_1_52' title="bbox 189 4826 1765 4907">
     <span class='ocr_line' id='line_1_52' title="bbox 189 4826 1765 4907; baseline 0.006 -27"><span class='ocrx_word' id='word_1_390' title='bbox 189 4827 216 4900; x_wconf 85' lang='lat'><strong>§</strong></span> <span class='ocrx_word' id='word_1_391' title='bbox 255 4828 312 4892; x_wconf 86' lang='lat' dir='ltr'><strong>l;</strong></span> <span class='ocrx_word' id='word_1_392' title='bbox 345 4826 562 4899; x_wconf 82' lang='lat' dir='ltr'><strong>Dionys.</strong></span> <span class='ocrx_word' id='word_1_393' title='bbox 612 4827 785 4882; x_wconf 76' lang='lat' dir='ltr'><strong>Ilalic.</strong></span> <span class='ocrx_word' id='word_1_394' title='bbox 814 4871 828 4892; x_wconf 90' lang='lat'><strong>,</strong></span> <span class='ocrx_word' id='word_1_395' title='bbox 862 4829 953 4884; x_wconf 84' lang='lat' dir='ltr'><strong>lib.</strong></span> <span class='ocrx_word' id='word_1_396' title='bbox 991 4845 1059 4894; x_wconf 89' lang='grc' dir='ltr'><strong>ιι,</strong></span> <span class='ocrx_word' id='word_1_397' title='bbox 1092 4829 1265 4898; x_wconf 81' lang='lat' dir='ltr'><strong>Antig.</strong></span> <span class='ocrx_word' id='word_1_398' title='bbox 1292 4847 1515 4894; x_wconf 69' lang='lat' dir='ltr'><strong>romam,</strong></span> <span class='ocrx_word' id='word_1_399' title='bbox 1547 4850 1602 4902; x_wconf 84' lang='lat' dir='ltr'><strong>p.</strong></span> <span class='ocrx_word' id='word_1_400' title='bbox 1651 4834 1765 4907; x_wconf 89' lang='grc'><strong>18).</strong></span> 
     </span>
    </p>
   </div>
   <div class='ocr_carea' id='block_1_53' title="bbox 183 4920 1767 4998">
    <p class='ocr_par' dir='ltr' id='par_1_53' title="bbox 183 4920 1767 4998">
     <span class='ocr_line' id='line_1_53' title="bbox 183 4920 1767 4998; baseline 0.006 -24"><span class='ocrx_word' id='word_1_401' title='bbox 183 4920 296 4988; x_wconf 84' lang='lat' dir='ltr'><strong>Quo</strong></span> <span class='ocrx_word' id='word_1_402' title='bbox 345 4937 506 4992; x_wconf 85' lang='lat' dir='ltr'><strong>porro</strong></span> <span class='ocrx_word' id='word_1_403' title='bbox 562 4921 650 4976; x_wconf 90' lang='lat' dir='ltr'><strong>ille</strong></span> <span class='ocrx_word' id='word_1_404' title='bbox 708 4922 868 4976; x_wconf 87' lang='lat' dir='ltr'><strong>modo</strong></span> <span class='ocrx_word' id='word_1_405' title='bbox 913 4923 964 4977; x_wconf 90' lang='lat' dir='ltr'><strong>in</strong></span> <span class='ocrx_word' id='word_1_406' title='bbox 1011 4923 1233 4978; x_wconf 91' lang='lat' dir='ltr'><strong>deorum</strong></span> <span class='ocrx_word' id='word_1_407' title='bbox 1283 4941 1586 4990; x_wconf 89' lang='lat' dir='ltr'><strong>numerum,</strong></span> <span class='ocrx_word' id='word_1_408' title='bbox 1621 4929 1767 4998; x_wconf 89' lang='lat' dir='ltr'><strong>peje-</strong></span> 
     </span>
    </p>
   </div>
   <div class='ocr_carea' id='block_1_54' title="bbox 185 5013 1766 5088">
    <p class='ocr_par' dir='ltr' id='par_1_54' title="bbox 185 5013 1766 5088">
     <span class='ocr_line' id='line_1_54' title="bbox 185 5013 1766 5088; baseline 0.007 -22"><span class='ocrx_word' id='word_1_409' title='bbox 185 5022 334 5068; x_wconf 88' lang='lat' dir='ltr'><strong>rante</strong></span> <span class='ocrx_word' id='word_1_410' title='bbox 363 5013 590 5069; x_wconf 84' lang='lat' dir='ltr'><strong>Proculo</strong></span> <span class='ocrx_word' id='word_1_411' title='bbox 610 5057 625 5081; x_wconf 94' lang='lat'><strong>,</strong></span> <span class='ocrx_word' id='word_1_412' title='bbox 662 5017 860 5071; x_wconf 90' lang='lat' dir='ltr'><strong>relatus</strong></span> <span class='ocrx_word' id='word_1_413' title='bbox 886 5016 954 5069; x_wconf 90' lang='lat' dir='ltr'><strong>sit</strong></span> <span class='ocrx_word' id='word_1_414' title='bbox 977 5057 992 5079; x_wconf 93' lang='lat'><strong>,</strong></span> <span class='ocrx_word' id='word_1_415' title='bbox 1020 5016 1070 5070; x_wconf 93' lang='lat' dir='ltr'><strong>iu</strong></span> <span class='ocrx_word' id='word_1_416' title='bbox 1093 5017 1354 5088; x_wconf 86' lang='lat' dir='ltr'><strong>superiori</strong></span> <span class='ocrx_word' id='word_1_417' title='bbox 1383 5019 1766 5078; x_wconf 88' lang='lat' dir='ltr'><strong>dissertatione</strong></span> 
     </span>
    </p>
   </div>
   <div class='ocr_carea' id='block_1_55' title="bbox 185 5107 1670 5184">
    <p class='ocr_par' dir='ltr' id='par_1_55' title="bbox 185 5107 1670 5184">
     <span class='ocr_line' id='line_1_55' title="bbox 185 5107 1670 5184; baseline 0.003 -21"><span class='ocrx_word' id='word_1_418' title='bbox 185 5107 514 5164; x_wconf 87' lang='lat' dir='ltr'><strong>ostendimus</strong></span> <span class='ocrx_word' id='word_1_419' title='bbox 546 5107 784 5179; x_wconf 84' lang='lat' dir='ltr'><strong>(Dissert.</strong></span> <span class='ocrx_word' id='word_1_420' title='bbox 819 5112 872 5164; x_wconf 89' lang='lat' dir='ltr'><strong>in</strong></span> <span class='ocrx_word' id='word_1_421' title='bbox 902 5108 1124 5177; x_wconf 83' lang='lat' dir='ltr'><strong>Minuc.,</strong></span> <span class='ocrx_word' id='word_1_422' title='bbox 1157 5127 1274 5182; x_wconf 87' lang='lat' dir='ltr'><strong>cap.</strong></span> <span class='ocrx_word' id='word_1_423' title='bbox 1310 5112 1399 5179; x_wconf 70' lang='grc'><strong>15,</strong></span> <span class='ocrx_word' id='word_1_424' title='bbox 1450 5121 1547 5168; x_wconf 87' lang='lat' dir='ltr'><strong>art.</strong></span> <span class='ocrx_word' id='word_1_425' title='bbox 1589 5114 1670 5184; x_wconf 68' lang='lat'><strong>2).</strong></span> 
     </span>
    </p>
   </div>
   <div class='ocr_carea' id='block_1_56' title="bbox 207 5223 1762 5309">
    <p class='ocr_par' dir='ltr' id='par_1_56' title="bbox 207 5223 1762 5309">
     <span class='ocr_line' id='line_1_56' title="bbox 207 5223 1762 5309; baseline 0.007 -34"><span class='ocrx_word' id='word_1_426' title='bbox 207 5225 380 5309; x_wconf 68' lang='lat' dir='ltr'><strong>~Quis</strong></span> <span class='ocrx_word' id='word_1_427' title='bbox 425 5223 604 5294; x_wconf 86' lang='lat' dir='ltr'><strong>igitur,</strong></span> <span class='ocrx_word' id='word_1_428' title='bbox 651 5225 752 5279; x_wconf 90' lang='lat' dir='ltr'><strong>nisi</strong></span> <span class='ocrx_word' id='word_1_429' title='bbox 786 5226 944 5295; x_wconf 91' lang='lat' dir='ltr'><strong>plane</strong></span> <span class='ocrx_word' id='word_1_430' title='bbox 993 5227 1258 5294; x_wconf 89' lang='lat' dir='ltr'><strong>insaniat,</strong></span> <span class='ocrx_word' id='word_1_431' title='bbox 1310 5227 1481 5292; x_wconf 91' lang='lat' dir='ltr'><strong>hunc,</strong></span> <span class='ocrx_word' id='word_1_432' title='bbox 1521 5230 1762 5300; x_wconf 92' lang='lat' dir='ltr'><strong>aliosque</strong></span> 
     </span>
    </p>
   </div>
   <div class='ocr_carea' id='block_1_57' title="bbox 183 5321 1758 5394">
    <p class='ocr_par' dir='ltr' id='par_1_57' title="bbox 183 5321 1758 5394">
     <span class='ocr_line' id='line_1_57' title="bbox 183 5321 1758 5394; baseline 0.002 -16"><span class='ocrx_word' id='word_1_433' title='bbox 183 5340 211 5378; x_wconf 93' lang='lat' dir='ltr'><strong>a</strong></span> <span class='ocrx_word' id='word_1_434' title='bbox 280 5321 436 5376; x_wconf 88' lang='lat' dir='ltr'><strong>nobis</strong></span> <span class='ocrx_word' id='word_1_435' title='bbox 493 5332 858 5386; x_wconf 86' lang='lat' dir='ltr'><strong>memoratos,</strong></span> <span class='ocrx_word' id='word_1_436' title='bbox 909 5339 1262 5394; x_wconf 72' lang='lat' dir='ltr'><strong>qurccumque</strong></span> <span class='ocrx_word' id='word_1_437' title='bbox 1313 5334 1406 5378; x_wconf 92' lang='lat' dir='ltr'><strong>aut</strong></span> <span class='ocrx_word' id='word_1_438' title='bbox 1455 5324 1608 5392; x_wconf 85' lang='lat' dir='ltr'><strong>falsa,</strong></span> <span class='ocrx_word' id='word_1_439' title='bbox 1666 5337 1758 5382; x_wconf 90' lang='lat' dir='ltr'><strong>aut</strong></span> 
     </span>
    </p>
   </div>
   <div class='ocr_carea' id='block_1_58' title="bbox 179 5412 1760 5488">
    <p class='ocr_par' dir='ltr' id='par_1_58' title="bbox 179 5412 1760 5488">
     <span class='ocr_line' id='line_1_58' title="bbox 179 5412 1760 5488; baseline 0.002 -18"><span class='ocrx_word' id='word_1_440' title='bbox 179 5431 300 5470; x_wconf 85' lang='lat' dir='ltr'><strong>vera</strong></span> <span class='ocrx_word' id='word_1_441' title='bbox 328 5412 586 5468; x_wconf 88' lang='lat' dir='ltr'><strong>benclicia</strong></span> <span class='ocrx_word' id='word_1_442' title='bbox 613 5415 902 5469; x_wconf 87' lang='lat' dir='ltr'><strong>contulisse</strong></span> <span class='ocrx_word' id='word_1_443' title='bbox 922 5457 936 5479; x_wconf 93' lang='lat'><strong>,</strong></span> <span class='ocrx_word' id='word_1_444' title='bbox 967 5425 1057 5471; x_wconf 89' lang='lat' dir='ltr'><strong>aut</strong></span> <span class='ocrx_word' id='word_1_445' title='bbox 1084 5416 1220 5471; x_wconf 88' lang='lat' dir='ltr'><strong>facta</strong></span> <span class='ocrx_word' id='word_1_446' title='bbox 1268 5418 1480 5488; x_wconf 81' lang='lat' dir='ltr'><strong>egregia</strong></span> <span class='ocrx_word' id='word_1_447' title='bbox 1526 5417 1760 5474; x_wconf 91' lang='lat' dir='ltr'><strong>edidisse</strong></span> 
     </span>
    </p>
   </div>
   <div class='ocr_carea' id='block_1_59' title="bbox 183 5506 1759 5583">
    <p class='ocr_par' dir='ltr' id='par_1_59' title="bbox 183 5506 1759 5583">
     <span class='ocr_line' id='line_1_59' title="bbox 183 5506 1759 5583; baseline 0.003 -18"><span class='ocrx_word' id='word_1_448' title='bbox 183 5510 435 5572; x_wconf 89' lang='lat' dir='ltr'><strong>ferantur,</strong></span> <span class='ocrx_word' id='word_1_449' title='bbox 482 5506 614 5560; x_wconf 90' lang='lat' dir='ltr'><strong>deos</strong></span> <span class='ocrx_word' id='word_1_450' title='bbox 661 5508 898 5562; x_wconf 75' lang='lat' dir='ltr'><strong>dixerit?</strong></span> <span class='ocrx_word' id='word_1_451' title='bbox 942 5508 1072 5563; x_wconf 72' lang='lat' dir='ltr'><strong>Nam</strong></span> <span class='ocrx_word' id='word_1_452' title='bbox 1130 5509 1182 5564; x_wconf 91' lang='lat' dir='ltr'><strong>hi</strong></span> <span class='ocrx_word' id='word_1_453' title='bbox 1230 5513 1345 5581; x_wconf 89' lang='lat' dir='ltr'><strong>pttri</strong></span> <span class='ocrx_word' id='word_1_454' title='bbox 1397 5514 1615 5583; x_wconf 91' lang='lat' dir='ltr'><strong>putique</strong></span> <span class='ocrx_word' id='word_1_455' title='bbox 1663 5515 1759 5569; x_wconf 90' lang='lat' dir='ltr'><strong>ho-</strong></span> 
     </span>
    </p>
   </div>
   <div class='ocr_carea' id='block_1_60' title="bbox 182 5601 1757 5674">
    <p class='ocr_par' dir='ltr' id='par_1_60' title="bbox 182 5601 1757 5674">
     <span class='ocr_line' id='line_1_60' title="bbox 182 5601 1757 5674; baseline 0.003 -15"><span class='ocrx_word' id='word_1_456' title='bbox 182 5605 347 5659; x_wconf 89' lang='lat' dir='ltr'><strong>mines</strong></span> <span class='ocrx_word' id='word_1_457' title='bbox 395 5601 638 5664; x_wconf 80' lang='lat' dir='ltr'><strong>iuerunt.</strong></span> <span class='ocrx_word' id='word_1_458' title='bbox 705 5605 844 5673; x_wconf 89' lang='lat' dir='ltr'><strong>iique</strong></span> <span class='ocrx_word' id='word_1_459' title='bbox 890 5605 1306 5660; x_wconf 88' lang='lat' dir='ltr'><strong>sceleratissimi.</strong></span> <span class='ocrx_word' id='word_1_460' title='bbox 1360 5608 1613 5674; x_wconf 89' lang='lat' dir='ltr'><strong>Quamvis</strong></span> <span class='ocrx_word' id='word_1_461' title='bbox 1657 5626 1757 5665; x_wconf 87' lang='lat' dir='ltr'><strong>au-</strong></span> 
     </span>
    </p>
   </div>
   <div class='ocr_carea' id='block_1_61' title="bbox 185 5696 1751 5772">
    <p class='ocr_par' dir='ltr' id='par_1_61' title="bbox 185 5696 1751 5772">
     <span class='ocr_line' id='line_1_61' title="bbox 185 5696 1751 5772; baseline 0.004 -20"><span class='ocrx_word' id='word_1_462' title='bbox 185 5707 283 5752; x_wconf 86' lang='lat' dir='ltr'><strong>tem</strong></span> <span class='ocrx_word' id='word_1_463' title='bbox 323 5707 428 5750; x_wconf 89' lang='lat' dir='ltr'><strong>tam</strong></span> <span class='ocrx_word' id='word_1_464' title='bbox 462 5696 662 5761; x_wconf 82' lang='lat' dir='ltr'><strong>sancti,</strong></span> <span class='ocrx_word' id='word_1_465' title='bbox 693 5712 850 5767; x_wconf 89' lang='lat' dir='ltr'><strong>quam</strong></span> <span class='ocrx_word' id='word_1_466' title='bbox 879 5699 1091 5753; x_wconf 90' lang='lat' dir='ltr'><strong>scelesti</strong></span> <span class='ocrx_word' id='word_1_467' title='bbox 1123 5709 1176 5753; x_wconf 92' lang='lat' dir='ltr'><strong>et</strong></span> <span class='ocrx_word' id='word_1_468' title='bbox 1219 5699 1467 5771; x_wconf 83' lang='lat' dir='ltr'><strong>ﬂagitiosi</strong></span> <span class='ocrx_word' id='word_1_469' title='bbox 1508 5701 1751 5772; x_wconf 77' lang='lat' dir='ltr'><strong>fuissent,</strong></span> 
     </span>
    </p>
   </div>
   <div class='ocr_carea' id='block_1_62' title="bbox 184 5789 1755 5862">
    <p class='ocr_par' dir='ltr' id='par_1_62' title="bbox 184 5789 1755 5862">
     <span class='ocr_line' id='line_1_62' title="bbox 184 5789 1755 5862; baseline 0.003 -16"><span class='ocrx_word' id='word_1_470' title='bbox 184 5805 460 5862; x_wconf 88' lang='lat' dir='ltr'><strong>numquam</strong></span> <span class='ocrx_word' id='word_1_471' title='bbox 513 5800 688 5845; x_wconf 90' lang='lat' dir='ltr'><strong>tamen</strong></span> <span class='ocrx_word' id='word_1_472' title='bbox 735 5789 807 5844; x_wconf 89' lang='lat' dir='ltr'><strong>illi</strong></span> <span class='ocrx_word' id='word_1_473' title='bbox 867 5790 1024 5846; x_wconf 90' lang='lat' dir='ltr'><strong>etiam</strong></span> <span class='ocrx_word' id='word_1_474' title='bbox 1073 5807 1262 5848; x_wconf 90' lang='lat' dir='ltr'><strong>omnes</strong></span> <span class='ocrx_word' id='word_1_475' title='bbox 1287 5794 1443 5849; x_wconf 91' lang='lat' dir='ltr'><strong>simul</strong></span> <span class='ocrx_word' id='word_1_476' title='bbox 1472 5836 1487 5862; x_wconf 95' lang='lat'><strong>,</strong></span> <span class='ocrx_word' id='word_1_477' title='bbox 1520 5805 1598 5851; x_wconf 92' lang='lat' dir='ltr'><strong>tot</strong></span> <span class='ocrx_word' id='word_1_478' title='bbox 1621 5805 1755 5851; x_wconf 89' lang='lat' dir='ltr'><strong>tam-</strong></span> 
     </span>
    </p>
   </div>
   <div class='ocr_carea' id='block_1_63' title="bbox 183 5882 1756 5960">
    <p class='ocr_par' dir='ltr' id='par_1_63' title="bbox 183 5882 1756 5960">
     <span class='ocr_line' id='line_1_63' title="bbox 183 5882 1756 5960; baseline 0.004 -22"><span class='ocrx_word' id='word_1_479' title='bbox 183 5900 279 5957; x_wconf 85' lang='lat' dir='ltr'><strong>que</strong></span> <span class='ocrx_word' id='word_1_480' title='bbox 313 5900 371 5941; x_wconf 88' lang='lat' dir='ltr'><strong>ac</strong></span> <span class='ocrx_word' id='word_1_481' title='bbox 400 5883 644 5944; x_wconf 81' lang='lat' dir='ltr'><strong>Christus</strong></span> <span class='ocrx_word' id='word_1_482' title='bbox 666 5927 682 5954; x_wconf 88' lang='lat'><strong>,</strong></span> <span class='ocrx_word' id='word_1_483' title='bbox 712 5893 770 5940; x_wconf 92' lang='lat' dir='ltr'><strong>ut</strong></span> <span class='ocrx_word' id='word_1_484' title='bbox 797 5898 957 5954; x_wconf 87' lang='lat' dir='ltr'><strong>supra</strong></span> <span class='ocrx_word' id='word_1_485' title='bbox 987 5882 1233 5951; x_wconf 87' lang='lat' dir='ltr'><strong>vidimus,</strong></span> <span class='ocrx_word' id='word_1_486' title='bbox 1287 5887 1565 5960; x_wconf 88' lang='lat' dir='ltr'><strong>stupendis</strong></span> <span class='ocrx_word' id='word_1_487' title='bbox 1605 5889 1756 5947; x_wconf 84' lang='lat' dir='ltr'><strong>factis</strong></span> 
     </span>
    </p>
   </div>
   <div class='ocr_carea' id='block_1_64' title="bbox 1894 769 3481 842">
    <p class='ocr_par' dir='ltr' id='par_1_64' title="bbox 1894 769 3481 842">
     <span class='ocr_line' id='line_1_64' title="bbox 1894 769 3481 842; baseline 0.001 -17"><span class='ocrx_word' id='word_1_488' title='bbox 1894 769 2091 825; x_wconf 82' lang='lat' dir='ltr'><strong>Christi</strong></span> <span class='ocrx_word' id='word_1_489' title='bbox 2123 786 2318 842; x_wconf 83' lang='lat' dir='ltr'><strong>negare</strong></span> <span class='ocrx_word' id='word_1_490' title='bbox 2357 769 2693 825; x_wconf 85' lang='lat' dir='ltr'><strong>divinitatem</strong></span> <span class='ocrx_word' id='word_1_491' title='bbox 2715 813 2730 837; x_wconf 95' lang='lat'><strong>,</strong></span> <span class='ocrx_word' id='word_1_492' title='bbox 2757 780 2846 825; x_wconf 91' lang='lat' dir='ltr'><strong>aut</strong></span> <span class='ocrx_word' id='word_1_493' title='bbox 2872 771 3098 841; x_wconf 90' lang='lat' dir='ltr'><strong>rejicere</strong></span> <span class='ocrx_word' id='word_1_494' title='bbox 3138 771 3481 842; x_wconf 87' lang='lat' dir='ltr'><strong>religionem,</strong></span> 
     </span>
    </p>
   </div>
   <div class='ocr_carea' id='block_1_65' title="bbox 1893 863 3484 934">
    <p class='ocr_par' dir='ltr' id='par_1_65' title="bbox 1893 863 3484 934">
     <span class='ocr_line' id='line_1_65' title="bbox 1893 863 3484 934; baseline 0 -15"><span class='ocrx_word' id='word_1_495' title='bbox 1893 873 1947 919; x_wconf 92' lang='lat' dir='ltr'><strong>et</strong></span> <span class='ocrx_word' id='word_1_496' title='bbox 1977 864 2028 918; x_wconf 93' lang='lat' dir='ltr'><strong>in</strong></span> <span class='ocrx_word' id='word_1_497' title='bbox 2057 864 2173 934; x_wconf 90' lang='lat' dir='ltr'><strong>ejus</strong></span> <span class='ocrx_word' id='word_1_498' title='bbox 2215 873 2509 920; x_wconf 87' lang='lat' dir='ltr'><strong>sectatores</strong></span> <span class='ocrx_word' id='word_1_499' title='bbox 2546 873 2692 919; x_wconf 90' lang='lat' dir='ltr'><strong>tanto</strong></span> <span class='ocrx_word' id='word_1_500' title='bbox 2737 863 2918 920; x_wconf 89' lang='lat' dir='ltr'><strong>furore</strong></span> <span class='ocrx_word' id='word_1_501' title='bbox 2963 864 3305 921; x_wconf 89' lang='lat' dir='ltr'><strong>debacchari.</strong></span> <span class='ocrx_word' id='word_1_502' title='bbox 3351 864 3484 934; x_wconf 90' lang='lat' dir='ltr'><strong>Quis</strong></span> 
     </span>
    </p>
   </div>
   <div class='ocr_carea' id='block_1_66' title="bbox 1892 956 3482 1031">
    <p class='ocr_par' dir='ltr' id='par_1_66' title="bbox 1892 956 3482 1031">
     <span class='ocr_line' id='line_1_66' title="bbox 1892 956 3482 1031; baseline 0.003 -19"><span class='ocrx_word' id='word_1_503' title='bbox 1892 956 2073 1029; x_wconf 90' lang='lat' dir='ltr'><strong>itaque</strong></span> <span class='ocrx_word' id='word_1_504' title='bbox 2120 972 2226 1013; x_wconf 91' lang='lat' dir='ltr'><strong>non</strong></span> <span class='ocrx_word' id='word_1_505' title='bbox 2273 957 2453 1014; x_wconf 87' lang='lat' dir='ltr'><strong>videat</strong></span> <span class='ocrx_word' id='word_1_506' title='bbox 2503 973 2660 1029; x_wconf 91' lang='lat' dir='ltr'><strong>quam</strong></span> <span class='ocrx_word' id='word_1_507' title='bbox 2710 960 2860 1016; x_wconf 89' lang='lat' dir='ltr'><strong>futile</strong></span> <span class='ocrx_word' id='word_1_508' title='bbox 2889 975 3192 1031; x_wconf 90' lang='lat' dir='ltr'><strong>vanumque</strong></span> <span class='ocrx_word' id='word_1_509' title='bbox 3235 959 3306 1015; x_wconf 91' lang='lat' dir='ltr'><strong>sit</strong></span> <span class='ocrx_word' id='word_1_510' title='bbox 3351 959 3482 1017; x_wconf 88' lang='lat' dir='ltr'><strong>illud</strong></span> 
     </span>
    </p>
   </div>
   <div class='ocr_carea' id='block_1_67' title="bbox 1890 1049 3483 1124">
    <p class='ocr_par' dir='ltr' id='par_1_67' title="bbox 1890 1049 3483 1124">
     <span class='ocr_line' id='line_1_67' title="bbox 1890 1049 3483 1124; baseline 0.001 -20"><span class='ocrx_word' id='word_1_511' title='bbox 1890 1051 2301 1121; x_wconf 89' lang='lat' dir='ltr'><strong>argumentum?</strong></span> <span class='ocrx_word' id='word_1_512' title='bbox 2329 1050 2446 1106; x_wconf 86' lang='lat' dir='ltr'><strong>Jam</strong></span> <span class='ocrx_word' id='word_1_513' title='bbox 2499 1066 2629 1107; x_wconf 90' lang='lat' dir='ltr'><strong>vero</strong></span> <span class='ocrx_word' id='word_1_514' title='bbox 2668 1051 2900 1108; x_wconf 90' lang='lat' dir='ltr'><strong>vidimus</strong></span> <span class='ocrx_word' id='word_1_515' title='bbox 2925 1068 3027 1124; x_wconf 92' lang='lat' dir='ltr'><strong>qua</strong></span> <span class='ocrx_word' id='word_1_516' title='bbox 3057 1053 3265 1107; x_wconf 88' lang='lat' dir='ltr'><strong>ratione</strong></span> <span class='ocrx_word' id='word_1_517' title='bbox 3310 1049 3483 1107; x_wconf 84' lang='lat' dir='ltr'><strong>Minu-</strong></span> 
     </span>
    </p>
   </div>
   <div class='ocr_carea' id='block_1_68' title="bbox 1890 1141 3484 1211">
    <p class='ocr_par' dir='ltr' id='par_1_68' title="bbox 1890 1141 3484 1211">
     <span class='ocr_line' id='line_1_68' title="bbox 1890 1141 3484 1211; baseline 0.001 -15"><span class='ocrx_word' id='word_1_518' title='bbox 1890 1143 2005 1196; x_wconf 91' lang='lat' dir='ltr'><strong>cius</strong></span> <span class='ocrx_word' id='word_1_519' title='bbox 2051 1142 2203 1198; x_wconf 78' lang='lat' dir='ltr'><strong>Felix</strong></span> <span class='ocrx_word' id='word_1_520' title='bbox 2245 1141 2389 1197; x_wconf 87' lang='lat' dir='ltr'><strong>hunc</strong></span> <span class='ocrx_word' id='word_1_521' title='bbox 2432 1158 2676 1198; x_wconf 88' lang='lat' dir='ltr'><strong>errorem</strong></span> <span class='ocrx_word' id='word_1_522' title='bbox 2702 1145 2989 1211; x_wconf 89' lang='lat' dir='ltr'><strong>everterit,</strong></span> <span class='ocrx_word' id='word_1_523' title='bbox 3030 1159 3093 1198; x_wconf 88' lang='lat' dir='ltr'><strong>ac</strong></span> <span class='ocrx_word' id='word_1_524' title='bbox 3132 1143 3269 1198; x_wconf 91' lang='lat' dir='ltr'><strong>infra</strong></span> <span class='ocrx_word' id='word_1_525' title='bbox 3300 1153 3484 1200; x_wconf 76' lang='lat' dir='ltr'><strong>osten-</strong></span> 
     </span>
    </p>
   </div>
   <div class='ocr_carea' id='block_1_69' title="bbox 1887 1233 3482 1306">
    <p class='ocr_par' dir='ltr' id='par_1_69' title="bbox 1887 1233 3482 1306">
     <span class='ocr_line' id='line_1_69' title="bbox 1887 1233 3482 1306; baseline -0.001 -17"><span class='ocrx_word' id='word_1_526' title='bbox 1887 1234 2078 1289; x_wconf 92' lang='lat' dir='ltr'><strong>demus</strong></span> <span class='ocrx_word' id='word_1_527' title='bbox 2103 1234 2377 1306; x_wconf 90' lang='lat' dir='ltr'><strong>qnomodo</strong></span> <span class='ocrx_word' id='word_1_528' title='bbox 2404 1251 2434 1290; x_wconf 91' lang='lat' dir='ltr'><strong>a</strong></span> <span class='ocrx_word' id='word_1_529' title='bbox 2489 1235 2767 1292; x_wconf 87' lang='lat' dir='ltr'><strong>Lactantio</strong></span> <span class='ocrx_word' id='word_1_530' title='bbox 2792 1244 2848 1292; x_wconf 86' lang='lat' dir='ltr'><strong>et.</strong></span> <span class='ocrx_word' id='word_1_531' title='bbox 2889 1235 3220 1292; x_wconf 87' lang='lat' dir='ltr'><strong>Tertulliano</strong></span> <span class='ocrx_word' id='word_1_532' title='bbox 3267 1233 3482 1291; x_wconf 81' lang='lat' dir='ltr'><strong>refella-</strong></span> 
     </span>
    </p>
   </div>
   <div class='ocr_carea' id='block_1_70' title="bbox 1888 1328 3478 1401">
    <p class='ocr_par' dir='ltr' id='par_1_70' title="bbox 1888 1328 3478 1401">
     <span class='ocr_line' id='line_1_70' title="bbox 1888 1328 3478 1401; baseline 0.002 -18"><span class='ocrx_word' id='word_1_533' title='bbox 1888 1337 1972 1384; x_wconf 90' lang='lat' dir='ltr'><strong>tur</strong></span> <span class='ocrx_word' id='word_1_534' title='bbox 2003 1329 2250 1401; x_wconf 85' lang='lat' dir='ltr'><strong>(lbidem,</strong></span> <span class='ocrx_word' id='word_1_535' title='bbox 2285 1338 2386 1384; x_wconf 82' lang='lat' dir='ltr'><strong>art.</strong></span> <span class='ocrx_word' id='word_1_536' title='bbox 2421 1345 2470 1394; x_wconf 90' lang='lat' dir='ltr'><strong>t,</strong></span> <span class='ocrx_word' id='word_1_537' title='bbox 2505 1328 2773 1384; x_wconf 80' lang='lat' dir='ltr'><strong>Dissertat.</strong></span> <span class='ocrx_word' id='word_1_538' title='bbox 2807 1331 2859 1384; x_wconf 91' lang='lat' dir='ltr'><strong>in</strong></span> <span class='ocrx_word' id='word_1_539' title='bbox 2888 1329 3128 1385; x_wconf 87' lang='lat' dir='ltr'><strong>Lactant.</strong></span> <span class='ocrx_word' id='word_1_540' title='bbox 3155 1371 3170 1394; x_wconf 91' lang='lat'><strong>,</strong></span> <span class='ocrx_word' id='word_1_541' title='bbox 3207 1345 3322 1400; x_wconf 85' lang='lat' dir='ltr'><strong>cap.</strong></span> <span class='ocrx_word' id='word_1_542' title='bbox 3373 1328 3441 1386; x_wconf 78' lang='lat'><strong>30</strong></span> <span class='ocrx_word' id='word_1_543' title='bbox 3462 1370 3478 1396; x_wconf 89' lang='lat'><strong>,</strong></span> 
     </span>
    </p>
   </div>
   <div class='ocr_carea' id='block_1_71' title="bbox 1886 1421 3214 1495">
    <p class='ocr_par' dir='ltr' id='par_1_71' title="bbox 1886 1421 3214 1495">
     <span class='ocr_line' id='line_1_71' title="bbox 1886 1421 3214 1495; baseline -0.001 -17"><span class='ocrx_word' id='word_1_544' title='bbox 1886 1432 1988 1478; x_wconf 89' lang='lat' dir='ltr'><strong>art.</strong></span> <span class='ocrx_word' id='word_1_545' title='bbox 2023 1423 2055 1479; x_wconf 82' lang='lat'><strong>5</strong></span> <span class='ocrx_word' id='word_1_546' title='bbox 2075 1465 2089 1491; x_wconf 94' lang='lat'><strong>,</strong></span> <span class='ocrx_word' id='word_1_547' title='bbox 2135 1433 2183 1477; x_wconf 90' lang='lat' dir='ltr'><strong>et</strong></span> <span class='ocrx_word' id='word_1_548' title='bbox 2229 1423 2281 1480; x_wconf 85' lang='lat' dir='ltr'><strong>in</strong></span> <span class='ocrx_word' id='word_1_549' title='bbox 2332 1421 2637 1478; x_wconf 86' lang='lat' dir='ltr'><strong>Tertullian.</strong></span> <span class='ocrx_word' id='word_1_550' title='bbox 2657 1465 2672 1490; x_wconf 92' lang='lat'><strong>,</strong></span> <span class='ocrx_word' id='word_1_551' title='bbox 2703 1440 2820 1495; x_wconf 87' lang='lat' dir='ltr'><strong>cap.</strong></span> <span class='ocrx_word' id='word_1_552' title='bbox 2863 1423 2935 1480; x_wconf 70' lang='grc'>25</span> <span class='ocrx_word' id='word_1_553' title='bbox 2958 1465 2974 1492; x_wconf 96' lang='grc'><strong>,</strong></span> <span class='ocrx_word' id='word_1_554' title='bbox 3006 1433 3108 1478; x_wconf 86' lang='lat' dir='ltr'><strong>art.</strong></span> <span class='ocrx_word' id='word_1_555' title='bbox 3137 1423 3214 1495; x_wconf 75' lang='grc' dir='ltr'><strong>ὅ).</strong></span> 
     </span>
    </p>
   </div>
   <div class='ocr_carea' id='block_1_72' title="bbox 2483 1555 2893 1597">
    <p class='ocr_par' dir='ltr' id='par_1_72' title="bbox 2483 1555 2893 1597">
     <span class='ocr_line' id='line_1_72' title="bbox 2483 1555 2893 1597; baseline -0.005 -1"><span class='ocrx_word' id='word_1_556' title='bbox 2483 1555 2777 1597; x_wconf 72' lang='grc' dir='ltr'><strong>Αιιτιευιυε</strong></span> <span class='ocrx_word' id='word_1_557' title='bbox 2815 1557 2893 1596; x_wconf 82' lang='lat' dir='ltr'><strong>Ill.</strong></span> 
     </span>
    </p>
   </div>
   <div class='ocr_carea' id='block_1_73' title="bbox 1883 1676 3475 1743">
    <p class='ocr_par' dir='ltr' id='par_1_73' title="bbox 1883 1676 3475 1743">
     <span class='ocr_line' id='line_1_73' title="bbox 1883 1676 3475 1743; baseline 0.003 -15"><span class='ocrx_word' id='word_1_558' title='bbox 1883 1676 2190 1743; x_wconf 81' lang='lat' dir='ltr'><strong>Expenditnr</strong></span> <span class='ocrx_word' id='word_1_559' title='bbox 2235 1678 2363 1728; x_wconf 88' lang='lat' dir='ltr'><strong>aliud</strong></span> <span class='ocrx_word' id='word_1_560' title='bbox 2400 1677 2611 1743; x_wconf 22' lang='lat' dir='ltr'><strong>AArnobii</strong></span> <span class='ocrx_word' id='word_1_561' title='bbox 2653 1687 2820 1729; x_wconf 86' lang='lat' dir='ltr'><strong>contra</strong></span> <span class='ocrx_word' id='word_1_562' title='bbox 2845 1680 3156 1743; x_wconf 13' lang='lat' dir='ltr'><strong>ethnicorum,</strong></span> <span class='ocrx_word' id='word_1_563' title='bbox 3178 1679 3475 1742; x_wconf 88' lang='lat' dir='ltr'><strong>religionem</strong></span> 
     </span>
    </p>
   </div>
   <div class='ocr_carea' id='block_1_74' title="bbox 1944 1741 3478 1803">
    <p class='ocr_par' dir='ltr' id='par_1_74' title="bbox 1944 1741 3478 1803">
     <span class='ocr_line' id='line_1_74' title="bbox 1944 1741 3478 1803; baseline 0.002 -13"><span class='ocrx_word' id='word_1_564' title='bbox 1944 1741 2304 1802; x_wconf 81' lang='lat' dir='ltr'><strong>argumentum,</strong></span> <span class='ocrx_word' id='word_1_565' title='bbox 2333 1741 2445 1791; x_wconf 86' lang='lat' dir='ltr'><strong>inde</strong></span> <span class='ocrx_word' id='word_1_566' title='bbox 2491 1742 2709 1802; x_wconf 87' lang='lat' dir='ltr'><strong>ductum,</strong></span> <span class='ocrx_word' id='word_1_567' title='bbox 2735 1741 2866 1803; x_wconf 89' lang='lat' dir='ltr'><strong>quod</strong></span> <span class='ocrx_word' id='word_1_568' title='bbox 2909 1743 3092 1791; x_wconf 86' lang='lat' dir='ltr'><strong>ethnici</strong></span> <span class='ocrx_word' id='word_1_569' title='bbox 3113 1741 3334 1792; x_wconf 74' lang='lat' dir='ltr'><strong>dixerint</strong></span> <span class='ocrx_word' id='word_1_570' title='bbox 3355 1743 3478 1793; x_wconf 91' lang='lat' dir='ltr'><strong>deos</strong></span> 
     </span>
    </p>
   </div>
   <div class='ocr_carea' id='block_1_75' title="bbox 1944 1802 3475 1855">
    <p class='ocr_par' dir='ltr' id='par_1_75' title="bbox 1944 1802 3475 1855">
     <span class='ocr_line' id='line_1_75' title="bbox 1944 1802 3475 1855; baseline 0.002 -3"><span class='ocrx_word' id='word_1_571' title='bbox 1944 1817 2058 1852; x_wconf 87' lang='lat' dir='ltr'><strong>suos</strong></span> <span class='ocrx_word' id='word_1_572' title='bbox 2081 1817 2244 1853; x_wconf 83' lang='lat' dir='ltr'><strong>mares</strong></span> <span class='ocrx_word' id='word_1_573' title='bbox 2269 1813 2321 1854; x_wconf 91' lang='lat' dir='ltr'><strong>et</strong></span> <span class='ocrx_word' id='word_1_574' title='bbox 2339 1804 2562 1854; x_wconf 77' lang='lat' dir='ltr'><strong>feminas.</strong></span> <span class='ocrx_word' id='word_1_575' title='bbox 2592 1818 2648 1853; x_wconf 91' lang='lat' dir='ltr'><strong>ac</strong></span> <span class='ocrx_word' id='word_1_576' title='bbox 2673 1802 2942 1853; x_wconf 88' lang='lat' dir='ltr'><strong>celebratis</strong></span> <span class='ocrx_word' id='word_1_577' title='bbox 2979 1805 3190 1853; x_wconf 85' lang='lat' dir='ltr'><strong>humano</strong></span> <span class='ocrx_word' id='word_1_578' title='bbox 3221 1817 3358 1854; x_wconf 89' lang='lat' dir='ltr'><strong>more</strong></span> <span class='ocrx_word' id='word_1_579' title='bbox 3382 1818 3475 1855; x_wconf 89' lang='lat' dir='ltr'><strong>nu-</strong></span> 
     </span>
    </p>
   </div>
   <div class='ocr_carea' id='block_1_76' title="bbox 1945 1866 3474 1930">
    <p class='ocr_par' dir='ltr' id='par_1_76' title="bbox 1945 1866 3474 1930">
     <span class='ocr_line' id='line_1_76' title="bbox 1945 1866 3474 1930; baseline 0.003 -16"><span class='ocrx_word' id='word_1_580' title='bbox 1945 1869 2074 1929; x_wconf 90' lang='lat' dir='ltr'><strong>ptiis,</strong></span> <span class='ocrx_word' id='word_1_581' title='bbox 2115 1867 2312 1930; x_wconf 90' lang='lat' dir='ltr'><strong>alioque</strong></span> <span class='ocrx_word' id='word_1_582' title='bbox 2361 1867 2747 1930; x_wconf 84' lang='lat' dir='ltr'><strong>turpiori_tnodo</strong></span> <span class='ocrx_word' id='word_1_583' title='bbox 2786 1866 3385 1930; x_wconf 26' lang='lat' dir='ltr'><strong>ﬁliostrocreassehubi</strong></span> <span class='ocrx_word' id='word_1_584' title='bbox 3408 1867 3474 1918; x_wconf 91' lang='lat' dir='ltr'><strong>de</strong></span> 
     </span>
    </p>
   </div>
   <div class='ocr_carea' id='block_1_77' title="bbox 1944 1927 3473 1992">
    <p class='ocr_par' dir='ltr' id='par_1_77' title="bbox 1944 1927 3473 1992">
     <span class='ocr_line' id='line_1_77' title="bbox 1944 1927 3473 1992; baseline 0.001 -16"><span class='ocrx_word' id='word_1_585' title='bbox 1944 1927 2241 1992; x_wconf 67' lang='lat' dir='ltr'><strong>septimanis</strong></span> <span class='ocrx_word' id='word_1_586' title='bbox 2258 1927 2463 1987; x_wconf 71' lang='lat' dir='ltr'><strong>fmturis,</strong></span> <span class='ocrx_word' id='word_1_587' title='bbox 2478 1927 2789 1992; x_wconf 87' lang='lat' dir='ltr'><strong>_cbaleidicis,</strong></span> <span class='ocrx_word' id='word_1_588' title='bbox 2803 1927 3235 1992; x_wconf 3' lang='lat' dir='ltr'><strong>(AHelleSJiontiaco</strong></span> <span class='ocrx_word' id='word_1_589' title='bbox 3274 1928 3473 1992; x_wconf 87' lang='lat' dir='ltr'><strong>Priapo,</strong></span> 
     </span>
    </p>
   </div>
   <div class='ocr_carea' id='block_1_78' title="bbox 1943 1989 3476 2053">
    <p class='ocr_par' dir='ltr' id='par_1_78' title="bbox 1943 1989 3476 2053">
     <span class='ocr_line' id='line_1_78' title="bbox 1943 1989 3476 2053; baseline 0 -13"><span class='ocrx_word' id='word_1_590' title='bbox 1943 1989 2129 2053; x_wconf 82' lang='lat' dir='ltr'><strong>Cerere</strong></span> <span class='ocrx_word' id='word_1_591' title='bbox 2155 2003 2433 2049; x_wconf 85' lang='lat' dir='ltr'><strong>mammosa,</strong></span> <span class='ocrx_word' id='word_1_592' title='bbox 2457 1989 2661 2053; x_wconf 88' lang='lat' dir='ltr'><strong>deorum</strong></span> <span class='ocrx_word' id='word_1_593' title='bbox 2680 1990 2860 2048; x_wconf 83' lang='lat' dir='ltr'><strong>nuptiis</strong></span> <span class='ocrx_word' id='word_1_594' title='bbox 2879 1989 3476 2053; x_wconf 83' lang='lat' dir='ltr'><strong>usu,farre,eoemptione</strong></span> 
     </span>
    </p>
   </div>
   <div class='ocr_carea' id='block_1_79' title="bbox 1944 2051 3474 2116">
    <p class='ocr_par' dir='ltr' id='par_1_79' title="bbox 1944 2051 3474 2116">
     <span class='ocr_line' id='line_1_79' title="bbox 1944 2051 3474 2116; baseline 0.001 -14"><span class='ocrx_word' id='word_1_595' title='bbox 1944 2052 2227 2116; x_wconf 79' lang='lat' dir='ltr'><strong>celebratis,</strong></span> <span class='ocrx_word' id='word_1_596' title='bbox 2276 2051 2602 2116; x_wconf 72' lang='lat' dir='ltr'><strong>sponsalibus,</strong></span> <span class='ocrx_word' id='word_1_597' title='bbox 2643 2053 2940 2116; x_wconf 77' lang='lat' dir='ltr'><strong>fescenninis</strong></span> <span class='ocrx_word' id='word_1_598' title='bbox 2981 2051 3474 2116; x_wconf 40' lang='lat' dir='ltr'><strong>carminibus—regia</strong></span> 
     </span>
    </p>
   </div>
   <div class='ocr_carea' id='block_1_80' title="bbox 1943 2113 3476 2186">
    <p class='ocr_par' dir='ltr' id='par_1_80' title="bbox 1943 2113 3476 2186">
     <span class='ocr_line' id='line_1_80' title="bbox 1943 2113 3476 2186; baseline 0.002 -23"><span class='ocrx_word' id='word_1_599' title='bbox 1943 2114 2272 2186; x_wconf 65' lang='lat' dir='ltr'><strong>Opissobole,</strong></span> <span class='ocrx_word' id='word_1_600' title='bbox 2306 2113 2484 2164; x_wconf 78' lang='lat' dir='ltr'><strong>infami</strong></span> <span class='ocrx_word' id='word_1_601' title='bbox 2528 2114 2740 2186; x_wconf 47' lang='lat' dir='ltr'><strong>Venneris</strong></span> <span class='ocrx_word' id='word_1_602' title='bbox 2782 2113 3026 2186; x_wconf 63' lang='lat' dir='ltr'><strong>Cytheriaa</strong></span> <span class='ocrx_word' id='word_1_603' title='bbox 3065 2121 3196 2175; x_wconf 85' lang='lat' dir='ltr'><strong>ortu,</strong></span> <span class='ocrx_word' id='word_1_604' title='bbox 3234 2121 3286 2165; x_wconf 90' lang='lat' dir='ltr'><strong>et</strong></span> <span class='ocrx_word' id='word_1_605' title='bbox 3307 2113 3476 2166; x_wconf 75' lang='lat' dir='ltr'><strong>mere-</strong></span> 
     </span>
    </p>
   </div>
   <div class='ocr_carea' id='block_1_81' title="bbox 1940 2175 2943 2241">
    <p class='ocr_par' dir='ltr' id='par_1_81' title="bbox 1940 2175 2943 2241">
     <span class='ocr_line' id='line_1_81' title="bbox 1940 2175 2943 2241; baseline -0.001 -13"><span class='ocrx_word' id='word_1_606' title='bbox 1940 2175 2114 2228; x_wconf 87' lang='lat' dir='ltr'><strong>tricula</strong></span> <span class='ocrx_word' id='word_1_607' title='bbox 2139 2176 2358 2237; x_wconf 84' lang='lat' dir='ltr'><strong>Venere,</strong></span> <span class='ocrx_word' id='word_1_608' title='bbox 2384 2191 2412 2227; x_wconf 90' lang='lat' dir='ltr'><strong>a</strong></span> <span class='ocrx_word' id='word_1_609' title='bbox 2434 2189 2560 2240; x_wconf 79' lang='lat' dir='ltr'><strong>rege</strong></span> <span class='ocrx_word' id='word_1_610' title='bbox 2585 2175 2756 2241; x_wconf 84' lang='lat' dir='ltr'><strong>Cyprio</strong></span> <span class='ocrx_word' id='word_1_611' title='bbox 2771 2175 2943 2228; x_wconf 86' lang='lat' dir='ltr'><strong>ditata.</strong></span> 
     </span>
    </p>
   </div>
   <div class='ocr_carea' id='block_1_82' title="bbox 1952 2351 3462 2425">
    <p class='ocr_par' dir='ltr' id='par_1_82' title="bbox 1952 2351 3462 2425">
     <span class='ocr_line' id='line_1_82' title="bbox 1952 2351 3462 2425; baseline 0.002 -19"><span class='ocrx_word' id='word_1_612' title='bbox 1952 2351 2350 2408; x_wconf 76' lang='lat' dir='ltr'><strong>Validissimum</strong></span> <span class='ocrx_word' id='word_1_613' title='bbox 2395 2367 2526 2408; x_wconf 90' lang='lat' dir='ltr'><strong>sane</strong></span> <span class='ocrx_word' id='word_1_614' title='bbox 2563 2360 2748 2408; x_wconf 93' lang='lat' dir='ltr'><strong>contra</strong></span> <span class='ocrx_word' id='word_1_615' title='bbox 2793 2352 3039 2410; x_wconf 90' lang='lat' dir='ltr'><strong>ethnicos</strong></span> <span class='ocrx_word' id='word_1_616' title='bbox 3079 2361 3462 2425; x_wconf 88' lang='lat' dir='ltr'><strong>argumentum</strong></span> 
     </span>
    </p>
   </div>
   <div class='ocr_carea' id='block_1_83' title="bbox 1881 2443 3475 2516">
    <p class='ocr_par' dir='ltr' id='par_1_83' title="bbox 1881 2443 3475 2516">
     <span class='ocr_line' id='line_1_83' title="bbox 1881 2443 3475 2516; baseline 0 -16"><span class='ocrx_word' id='word_1_617' title='bbox 1881 2445 2005 2500; x_wconf 92' lang='lat' dir='ltr'><strong>inde</strong></span> <span class='ocrx_word' id='word_1_618' title='bbox 2059 2443 2237 2500; x_wconf 88' lang='lat' dir='ltr'><strong>adhuc</strong></span> <span class='ocrx_word' id='word_1_619' title='bbox 2299 2445 2433 2515; x_wconf 88' lang='lat' dir='ltr'><strong>petit</strong></span> <span class='ocrx_word' id='word_1_620' title='bbox 2485 2445 2794 2511; x_wconf 84' lang='lat' dir='ltr'><strong>Arnobius,</strong></span> <span class='ocrx_word' id='word_1_621' title='bbox 2855 2445 2998 2516; x_wconf 90' lang='lat' dir='ltr'><strong>quod</strong></span> <span class='ocrx_word' id='word_1_622' title='bbox 3051 2446 3125 2502; x_wconf 90' lang='lat' dir='ltr'><strong>illi</strong></span> <span class='ocrx_word' id='word_1_623' title='bbox 3181 2445 3314 2502; x_wconf 91' lang='lat' dir='ltr'><strong>deos</strong></span> <span class='ocrx_word' id='word_1_624' title='bbox 3347 2460 3475 2501; x_wconf 89' lang='lat' dir='ltr'><strong>suos</strong></span> 
     </span>
    </p>
   </div>
   <div class='ocr_carea' id='block_1_84' title="bbox 1881 2538 3474 2612">
    <p class='ocr_par' dir='ltr' id='par_1_84' title="bbox 1881 2538 3474 2612">
     <span class='ocr_line' id='line_1_84' title="bbox 1881 2538 3474 2612; baseline 0.004 -20"><span class='ocrx_word' id='word_1_625' title='bbox 1881 2553 2058 2594; x_wconf 90' lang='lat' dir='ltr'><strong>mares</strong></span> <span class='ocrx_word' id='word_1_626' title='bbox 2084 2548 2139 2593; x_wconf 91' lang='lat' dir='ltr'><strong>et</strong></span> <span class='ocrx_word' id='word_1_627' title='bbox 2182 2538 2406 2593; x_wconf 87' lang='lat' dir='ltr'><strong>feminas</strong></span> <span class='ocrx_word' id='word_1_628' title='bbox 2450 2539 2836 2609; x_wconf 73' lang='lat' dir='ltr'><strong>prmdicarent,</strong></span> <span class='ocrx_word' id='word_1_629' title='bbox 2868 2554 2932 2596; x_wconf 90' lang='lat' dir='ltr'><strong>ac</strong></span> <span class='ocrx_word' id='word_1_630' title='bbox 2961 2540 3185 2610; x_wconf 89' lang='lat' dir='ltr'><strong>publicis</strong></span> <span class='ocrx_word' id='word_1_631' title='bbox 3222 2540 3334 2596; x_wconf 92' lang='lat' dir='ltr'><strong>suis</strong></span> <span class='ocrx_word' id='word_1_632' title='bbox 3355 2556 3474 2612; x_wconf 90' lang='lat' dir='ltr'><strong>pre-</strong></span> 
     </span>
    </p>
   </div>
   <div class='ocr_carea' id='block_1_85' title="bbox 1879 2631 3468 2704">
    <p class='ocr_par' dir='ltr' id='par_1_85' title="bbox 1879 2631 3468 2704">
     <span class='ocr_line' id='line_1_85' title="bbox 1879 2631 3468 2704; baseline 0.002 -18"><span class='ocrx_word' id='word_1_633' title='bbox 1879 2631 2033 2686; x_wconf 91' lang='lat' dir='ltr'><strong>cibus</strong></span> <span class='ocrx_word' id='word_1_634' title='bbox 2081 2631 2463 2700; x_wconf 90' lang='lat' dir='ltr'><strong>proﬁterentur</strong></span> <span class='ocrx_word' id='word_1_635' title='bbox 2513 2652 2527 2687; x_wconf 92' lang='lat'>:</span> <span class='ocrx_word' id='word_1_636' title='bbox 2580 2651 2598 2681; x_wconf 74' lang='grc' dir='ltr'><em>α</em></span> <span class='ocrx_word' id='word_1_637' title='bbox 2654 2631 2789 2687; x_wconf 85' lang='lat' dir='ltr'><strong>Nam</strong></span> <span class='ocrx_word' id='word_1_638' title='bbox 2845 2634 3152 2700; x_wconf 87' lang='lat' dir='ltr'><strong>consuetis,</strong></span> <span class='ocrx_word' id='word_1_639' title='bbox 3189 2653 3208 2685; x_wconf 75' lang='grc' dir='ltr'><strong>ι</strong></span> <span class='ocrx_word' id='word_1_640' title='bbox 3257 2633 3468 2704; x_wconf 92' lang='lat' dir='ltr'><strong>inquit,</strong></span> 
     </span>
    </p>
   </div>
   <div class='ocr_carea' id='block_1_86' title="bbox 1879 2722 3471 2795">
    <p class='ocr_par' dir='ltr' id='par_1_86' title="bbox 1879 2722 3471 2795">
     <span class='ocr_line' id='line_1_86' title="bbox 1879 2722 3471 2795; baseline 0.003 -18"><span class='ocrx_word' id='word_1_641' title='bbox 1879 2724 2110 2790; x_wconf 83' lang='lat' dir='ltr'><strong>Arnob.,</strong></span> <span class='ocrx_word' id='word_1_642' title='bbox 2155 2724 2243 2780; x_wconf 89' lang='lat' dir='ltr'><strong>lib.</strong></span> <span class='ocrx_word' id='word_1_643' title='bbox 2288 2740 2377 2788; x_wconf 89' lang='grc' dir='ltr'><strong>ιιι,</strong></span> <span class='ocrx_word' id='word_1_644' title='bbox 2431 2741 2552 2795; x_wconf 86' lang='lat' dir='ltr'><strong>pag.</strong></span> <span class='ocrx_word' id='word_1_645' title='bbox 2599 2722 2724 2794; x_wconf 82' lang='grc'><strong>159)</strong></span> <span class='ocrx_word' id='word_1_646' title='bbox 2785 2743 2804 2776; x_wconf 72' lang='grc' dir='ltr'><strong>ι</strong></span> <span class='ocrx_word' id='word_1_647' title='bbox 2841 2726 2893 2779; x_wconf 95' lang='lat' dir='ltr'><strong>in</strong></span> <span class='ocrx_word' id='word_1_648' title='bbox 2939 2726 3188 2795; x_wconf 85' lang='lat' dir='ltr'><strong>precibus</strong></span> <span class='ocrx_word' id='word_1_649' title='bbox 3221 2743 3234 2780; x_wconf 90' lang='lat'><strong>:</strong></span> <span class='ocrx_word' id='word_1_650' title='bbox 3266 2725 3382 2780; x_wconf 88' lang='lat' dir='ltr'><strong>sive</strong></span> <span class='ocrx_word' id='word_1_651' title='bbox 3412 2733 3471 2781; x_wconf 88' lang='lat' dir='ltr'><strong>tu</strong></span> 
     </span>
    </p>
   </div>
   <div class='ocr_carea' id='block_1_87' title="bbox 1879 2805 3470 2890">
    <p class='ocr_par' dir='ltr' id='par_1_87' title="bbox 1879 2805 3470 2890">
     <span class='ocr_line' id='line_1_87' title="bbox 1879 2805 3470 2890; baseline 0.002 -20"><span class='ocrx_word' id='word_1_652' title='bbox 1879 2815 2013 2870; x_wconf 92' lang='lat' dir='ltr'><strong>deus</strong></span> <span class='ocrx_word' id='word_1_653' title='bbox 2035 2830 2094 2871; x_wconf 91' lang='lat' dir='ltr'><strong>es</strong></span> <span class='ocrx_word' id='word_1_654' title='bbox 2114 2856 2131 2881; x_wconf 91' lang='lat'><strong>,</strong></span> <span class='ocrx_word' id='word_1_655' title='bbox 2161 2816 2275 2870; x_wconf 90' lang='lat' dir='ltr'><strong>sive</strong></span> <span class='ocrx_word' id='word_1_656' title='bbox 2295 2815 2429 2882; x_wconf 87' lang='lat' dir='ltr'><strong>dea,</strong></span> <span class='ocrx_word' id='word_1_657' title='bbox 2469 2816 2669 2871; x_wconf 88' lang='lat' dir='ltr'><strong>dicere.</strong></span> <span class='ocrx_word' id='word_1_658' title='bbox 2702 2816 2831 2884; x_wconf 60' lang='lat' dir='ltr'><strong>Quae</strong></span> <span class='ocrx_word' id='word_1_659' title='bbox 2885 2805 3234 2874; x_wconf 80' lang='lat' dir='ltr'><strong>dubitationis</strong></span> <span class='ocrx_word' id='word_1_660' title='bbox 3270 2833 3470 2890; x_wconf 82' lang='lat' dir='ltr'><strong>excep-</strong></span> 
     </span>
    </p>
   </div>
   <div class='ocr_carea' id='block_1_88' title="bbox 1878 2909 3474 2982">
    <p class='ocr_par' dir='ltr' id='par_1_88' title="bbox 1878 2909 3474 2982">
     <span class='ocr_line' id='line_1_88' title="bbox 1878 2909 3474 2982; baseline 0.004 -19"><span class='ocrx_word' id='word_1_661' title='bbox 1878 2909 1994 2980; x_wconf 92' lang='lat' dir='ltr'><strong>ptio</strong></span> <span class='ocrx_word' id='word_1_662' title='bbox 2036 2909 2168 2964; x_wconf 92' lang='lat' dir='ltr'><strong>dare</strong></span> <span class='ocrx_word' id='word_1_663' title='bbox 2202 2923 2299 2965; x_wconf 90' lang='lat' dir='ltr'><strong>vos</strong></span> <span class='ocrx_word' id='word_1_664' title='bbox 2347 2909 2451 2966; x_wconf 90' lang='lat' dir='ltr'><strong>diis</strong></span> <span class='ocrx_word' id='word_1_665' title='bbox 2503 2925 2689 2966; x_wconf 79' lang='lat' dir='ltr'><strong>sexum</strong></span> <span class='ocrx_word' id='word_1_666' title='bbox 2729 2911 3091 2982; x_wconf 78' lang='lat' dir='ltr'><strong>disjunctioue</strong></span> <span class='ocrx_word' id='word_1_667' title='bbox 3125 2928 3192 2969; x_wconf 82' lang='lat' dir='ltr'><strong>ex</strong></span> <span class='ocrx_word' id='word_1_668' title='bbox 3237 2912 3350 2977; x_wconf 85' lang='lat' dir='ltr'><strong>ipsa</strong></span> <span class='ocrx_word' id='word_1_669' title='bbox 3379 2911 3474 2969; x_wconf 89' lang='lat' dir='ltr'><strong>de-</strong></span> 
     </span>
    </p>
   </div>
   <div class='ocr_carea' id='block_1_89' title="bbox 1879 3001 3470 3077">
    <p class='ocr_par' dir='ltr' id='par_1_89' title="bbox 1879 3001 3470 3077">
     <span class='ocr_line' id='line_1_89' title="bbox 1879 3001 3470 3077; baseline 0.003 -20"><span class='ocrx_word' id='word_1_670' title='bbox 1879 3003 2068 3057; x_wconf 87' lang='lat' dir='ltr'><strong>clarat.</strong></span> <span class='ocrx_word' id='word_1_671' title='bbox 2108 3022 2128 3054; x_wconf 77' lang='grc' dir='ltr'><strong>ι</strong></span> <span class='ocrx_word' id='word_1_672' title='bbox 2156 3003 2308 3074; x_wconf 86' lang='lat' dir='ltr'><strong>Apud</strong></span> <span class='ocrx_word' id='word_1_673' title='bbox 2339 3001 2633 3060; x_wconf 87' lang='lat' dir='ltr'><strong>Varronem</strong></span> <span class='ocrx_word' id='word_1_674' title='bbox 2655 3019 2782 3060; x_wconf 89' lang='lat' dir='ltr'><strong>vero</strong></span> <span class='ocrx_word' id='word_1_675' title='bbox 2803 3005 3031 3076; x_wconf 86' lang='lat' dir='ltr'><strong>legimus</strong></span> <span class='ocrx_word' id='word_1_676' title='bbox 3053 3005 3323 3076; x_wconf 90' lang='lat' dir='ltr'><strong>quomodo</strong></span> <span class='ocrx_word' id='word_1_677' title='bbox 3344 3020 3470 3077; x_wconf 86' lang='lat' dir='ltr'><strong>pre-</strong></span> 
     </span>
    </p>
   </div>
   <div class='ocr_carea' id='block_1_90' title="bbox 1879 3097 3466 3171">
    <p class='ocr_par' dir='ltr' id='par_1_90' title="bbox 1879 3097 3466 3171">
     <span class='ocr_line' id='line_1_90' title="bbox 1879 3097 3466 3171; baseline 0.001 -18"><span class='ocrx_word' id='word_1_678' title='bbox 1879 3111 1970 3153; x_wconf 89' lang='lat' dir='ltr'><strong>ces</strong></span> <span class='ocrx_word' id='word_1_679' title='bbox 1997 3097 2103 3151; x_wconf 62' lang='lat' dir='ltr'><strong>illa:</strong></span> <span class='ocrx_word' id='word_1_680' title='bbox 2145 3097 2261 3152; x_wconf 89' lang='lat' dir='ltr'><strong>ﬁeri</strong></span> <span class='ocrx_word' id='word_1_681' title='bbox 2291 3107 2688 3154; x_wconf 88' lang='lat' dir='ltr'><strong>consueverant</strong></span> <span class='ocrx_word' id='word_1_682' title='bbox 2730 3117 2745 3152; x_wconf 89' lang='lat'><strong>:</strong></span> <span class='ocrx_word' id='word_1_683' title='bbox 2797 3117 2816 3150; x_wconf 85' lang='grc'>‹</span> <span class='ocrx_word' id='word_1_684' title='bbox 2853 3098 3052 3154; x_wconf 90' lang='lat' dir='ltr'><strong>Lucum</strong></span> <span class='ocrx_word' id='word_1_685' title='bbox 3080 3119 3097 3150; x_wconf 63' lang='grc' dir='ltr'><em>ρ</em></span> <span class='ocrx_word' id='word_1_686' title='bbox 3134 3099 3206 3154; x_wconf 90' lang='lat' dir='ltr'><strong>ait</strong></span> <span class='ocrx_word' id='word_1_687' title='bbox 3258 3098 3466 3171; x_wconf 83' lang='lat' dir='ltr'><strong>(Varr.,</strong></span> 
     </span>
    </p>
   </div>
   <div class='ocr_carea' id='block_1_91' title="bbox 1879 3189 3460 3263">
    <p class='ocr_par' dir='ltr' id='par_1_91' title="bbox 1879 3189 3460 3263">
     <span class='ocr_line' id='line_1_91' title="bbox 1879 3189 3460 3263; baseline 0.002 -19"><span class='ocrx_word' id='word_1_688' title='bbox 1879 3191 1968 3244; x_wconf 89' lang='lat' dir='ltr'><strong>lib.</strong></span> <span class='ocrx_word' id='word_1_689' title='bbox 2015 3190 2078 3244; x_wconf 84' lang='lat' dir='ltr'><strong>de</strong></span> <span class='ocrx_word' id='word_1_690' title='bbox 2119 3189 2198 3244; x_wconf 87' lang='lat' dir='ltr'><strong>Re</strong></span> <span class='ocrx_word' id='word_1_691' title='bbox 2239 3191 2386 3244; x_wconf 82' lang='lat' dir='ltr'><strong>rusti.</strong></span> <span class='ocrx_word' id='word_1_692' title='bbox 2411 3233 2425 3256; x_wconf 92' lang='lat'><strong>,</strong></span> <span class='ocrx_word' id='word_1_693' title='bbox 2466 3207 2585 3262; x_wconf 87' lang='lat' dir='ltr'><strong>pag.</strong></span> <span class='ocrx_word' id='word_1_694' title='bbox 2617 3190 2775 3263; x_wconf 82' lang='lat' dir='ltr'><strong>l39),</strong></span> <span class='ocrx_word' id='word_1_695' title='bbox 2815 3210 2833 3242; x_wconf 73' lang='grc' dir='ltr'><strong>ι</strong></span> <span class='ocrx_word' id='word_1_696' title='bbox 2872 3193 3194 3247; x_wconf 90' lang='lat' dir='ltr'><strong>conculcare</strong></span> <span class='ocrx_word' id='word_1_697' title='bbox 3234 3207 3460 3248; x_wconf 88' lang='lat' dir='ltr'><strong>romano</strong></span> 
     </span>
    </p>
   </div>
   <div class='ocr_carea' id='block_1_92' title="bbox 1800 3285 3470 3364">
    <p class='ocr_par' dir='ltr' id='par_1_92' title="bbox 1800 3285 3470 3364">
     <span class='ocr_line' id='line_1_92' title="bbox 1800 3285 3470 3364; baseline 0.003 -26"><span class='ocrx_word' id='word_1_698' title='bbox 1800 3298 1846 3364; x_wconf 64' lang='grc' dir='ltr'><strong>(ς</strong></span> <span class='ocrx_word' id='word_1_699' title='bbox 1881 3299 2031 3339; x_wconf 84' lang='lat' dir='ltr'><strong>more</strong></span> <span class='ocrx_word' id='word_1_700' title='bbox 2059 3285 2139 3340; x_wconf 90' lang='lat' dir='ltr'><strong>sic</strong></span> <span class='ocrx_word' id='word_1_701' title='bbox 2181 3295 2415 3355; x_wconf 85' lang='lat' dir='ltr'><strong>oportet.</strong></span> <span class='ocrx_word' id='word_1_702' title='bbox 2474 3286 2647 3342; x_wconf 87' lang='lat' dir='ltr'><strong>Porco</strong></span> <span class='ocrx_word' id='word_1_703' title='bbox 2698 3285 2907 3357; x_wconf 90' lang='lat' dir='ltr'><strong>piaculo</strong></span> <span class='ocrx_word' id='word_1_704' title='bbox 2951 3286 3132 3344; x_wconf 88' lang='lat' dir='ltr'><strong>facito.</strong></span> <span class='ocrx_word' id='word_1_705' title='bbox 3177 3287 3265 3343; x_wconf 91' lang='lat' dir='ltr'><strong>Sic</strong></span> <span class='ocrx_word' id='word_1_706' title='bbox 3305 3287 3470 3343; x_wconf 89' lang='lat' dir='ltr'><strong>verba</strong></span> 
     </span>
    </p>
   </div>
   <div class='ocr_carea' id='block_1_93' title="bbox 1876 3377 3466 3450">
    <p class='ocr_par' dir='ltr' id='par_1_93' title="bbox 1876 3377 3466 3450">
     <span class='ocr_line' id='line_1_93' title="bbox 1876 3377 3466 3450; baseline 0.003 -18"><span class='ocrx_word' id='word_1_707' title='bbox 1876 3379 2146 3447; x_wconf 90' lang='lat' dir='ltr'><strong>concipito</strong></span> <span class='ocrx_word' id='word_1_708' title='bbox 2177 3397 2191 3433; x_wconf 95' lang='lat'><strong>:</strong></span> <span class='ocrx_word' id='word_1_709' title='bbox 2224 3377 2280 3434; x_wconf 91' lang='lat' dir='ltr'><strong>Si</strong></span> <span class='ocrx_word' id='word_1_710' title='bbox 2324 3379 2489 3444; x_wconf 89' lang='lat' dir='ltr'><strong>deus,</strong></span> <span class='ocrx_word' id='word_1_711' title='bbox 2539 3380 2582 3434; x_wconf 92' lang='lat' dir='ltr'><strong>si</strong></span> <span class='ocrx_word' id='word_1_712' title='bbox 2615 3379 2715 3434; x_wconf 89' lang='lat' dir='ltr'><strong>dea</strong></span> <span class='ocrx_word' id='word_1_713' title='bbox 2743 3395 2838 3446; x_wconf 90' lang='lat' dir='ltr'><strong>es,</strong></span> <span class='ocrx_word' id='word_1_714' title='bbox 2885 3381 3037 3450; x_wconf 84' lang='lat' dir='ltr'><strong>cujus</strong></span> <span class='ocrx_word' id='word_1_715' title='bbox 3079 3381 3206 3436; x_wconf 90' lang='lat' dir='ltr'><strong>illud</strong></span> <span class='ocrx_word' id='word_1_716' title='bbox 3255 3395 3466 3437; x_wconf 86' lang='lat' dir='ltr'><strong>sacrum</strong></span> 
     </span>
    </p>
   </div>
   <div class='ocr_carea' id='block_1_94' title="bbox 1875 3472 3468 3546">
    <p class='ocr_par' dir='ltr' id='par_1_94' title="bbox 1875 3472 3468 3546">
     <span class='ocr_line' id='line_1_94' title="bbox 1875 3472 3468 3546; baseline 0.001 -19"><span class='ocrx_word' id='word_1_717' title='bbox 1875 3483 1978 3528; x_wconf 90' lang='lat' dir='ltr'><strong>est.</strong></span> <span class='ocrx_word' id='word_1_718' title='bbox 2011 3472 2117 3528; x_wconf 90' lang='lat' dir='ltr'><strong>Sed</strong></span> <span class='ocrx_word' id='word_1_719' title='bbox 2165 3474 2282 3528; x_wconf 60' lang='lat' dir='ltr'><strong>hate</strong></span> <span class='ocrx_word' id='word_1_720' title='bbox 2317 3474 2485 3530; x_wconf 86' lang='lat' dir='ltr'><strong>fusius</strong></span> <span class='ocrx_word' id='word_1_721' title='bbox 2514 3474 2701 3544; x_wconf 91' lang='lat' dir='ltr'><strong>probat</strong></span> <span class='ocrx_word' id='word_1_722' title='bbox 2730 3474 3035 3530; x_wconf 85' lang='lat' dir='ltr'><strong>Brissonius</strong></span> <span class='ocrx_word' id='word_1_723' title='bbox 3062 3473 3318 3546; x_wconf 78' lang='lat' dir='ltr'><strong>(Briuon.</strong></span> <span class='ocrx_word' id='word_1_724' title='bbox 3340 3515 3356 3542; x_wconf 92' lang='lat'><strong>,</strong></span> <span class='ocrx_word' id='word_1_725' title='bbox 3404 3475 3468 3528; x_wconf 86' lang='lat' dir='ltr'><strong>de</strong></span> 
     </span>
    </p>
   </div>
   <div class='ocr_carea' id='block_1_95' title="bbox 1878 3563 3467 3638">
    <p class='ocr_par' dir='ltr' id='par_1_95' title="bbox 1878 3563 3467 3638">
     <span class='ocr_line' id='line_1_95' title="bbox 1878 3563 3467 3638; baseline 0.003 -19"><span class='ocrx_word' id='word_1_726' title='bbox 1878 3563 2155 3634; x_wconf 84' lang='lat' dir='ltr'><strong>Formul.,</strong></span> <span class='ocrx_word' id='word_1_727' title='bbox 2195 3585 2312 3638; x_wconf 87' lang='lat' dir='ltr'><strong>cap.</strong></span> <span class='ocrx_word' id='word_1_728' title='bbox 2365 3569 2492 3638; x_wconf 86' lang='lat'><strong>60),</strong></span> <span class='ocrx_word' id='word_1_729' title='bbox 2521 3577 2574 3623; x_wconf 90' lang='lat' dir='ltr'><strong>et</strong></span> <span class='ocrx_word' id='word_1_730' title='bbox 2617 3583 2717 3623; x_wconf 89' lang='lat' dir='ltr'><strong>nos</strong></span> <span class='ocrx_word' id='word_1_731' title='bbox 2753 3568 2822 3624; x_wconf 89' lang='lat' dir='ltr'><strong>de</strong></span> <span class='ocrx_word' id='word_1_732' title='bbox 2848 3569 2916 3624; x_wconf 92' lang='lat' dir='ltr'><strong>iis</strong></span> <span class='ocrx_word' id='word_1_733' title='bbox 2944 3568 3145 3637; x_wconf 85' lang='lat' dir='ltr'><strong>aliquid</strong></span> <span class='ocrx_word' id='word_1_734' title='bbox 3183 3568 3312 3624; x_wconf 88' lang='lat' dir='ltr'><strong>alibi</strong></span> <span class='ocrx_word' id='word_1_735' title='bbox 3339 3568 3467 3624; x_wconf 86' lang='lat' dir='ltr'><strong>atti-</strong></span> 
     </span>
    </p>
   </div>
   <div class='ocr_carea' id='block_1_96' title="bbox 1876 3659 3391 3733">
    <p class='ocr_par' dir='ltr' id='par_1_96' title="bbox 1876 3659 3391 3733">
     <span class='ocr_line' id='line_1_96' title="bbox 1876 3659 3391 3733; baseline 0.002 -20"><span class='ocrx_word' id='word_1_736' title='bbox 1876 3660 2050 3730; x_wconf 90' lang='lat' dir='ltr'><strong>gimus</strong></span> <span class='ocrx_word' id='word_1_737' title='bbox 2103 3659 2401 3732; x_wconf 77' lang='lat' dir='ltr'><strong>(Dissertat.</strong></span> <span class='ocrx_word' id='word_1_738' title='bbox 2460 3663 2512 3715; x_wconf 90' lang='lat' dir='ltr'><strong>in</strong></span> <span class='ocrx_word' id='word_1_739' title='bbox 2550 3660 2782 3726; x_wconf 75' lang='lat' dir='ltr'><strong>Minuc.,</strong></span> <span class='ocrx_word' id='word_1_740' title='bbox 2829 3678 2946 3732; x_wconf 90' lang='lat' dir='ltr'><strong>cap.</strong></span> <span class='ocrx_word' id='word_1_741' title='bbox 3007 3663 3106 3728; x_wconf 82' lang='grc'><strong>15,</strong></span> <span class='ocrx_word' id='word_1_742' title='bbox 3155 3671 3256 3716; x_wconf 91' lang='lat' dir='ltr'><strong>art.</strong></span> <span class='ocrx_word' id='word_1_743' title='bbox 3313 3662 3391 3733; x_wconf 92' lang='grc'><strong>1).</strong></span> 
     </span>
    </p>
   </div>
   <div class='ocr_carea' id='block_1_97' title="bbox 1949 3751 3467 3826">
    <p class='ocr_par' dir='ltr' id='par_1_97' title="bbox 1949 3751 3467 3826">
     <span class='ocr_line' id='line_1_97' title="bbox 1949 3751 3467 3826; baseline 0.002 -19"><span class='ocrx_word' id='word_1_744' title='bbox 1949 3751 2134 3822; x_wconf 85' lang='lat' dir='ltr'><strong>Neque</strong></span> <span class='ocrx_word' id='word_1_745' title='bbox 2155 3752 2284 3806; x_wconf 89' lang='lat' dir='ltr'><strong>sinit</strong></span> <span class='ocrx_word' id='word_1_746' title='bbox 2325 3751 2595 3808; x_wconf 82' lang='lat' dir='ltr'><strong>Arnobius</strong></span> <span class='ocrx_word' id='word_1_747' title='bbox 2624 3753 2727 3809; x_wconf 90' lang='lat' dir='ltr'><strong>sibi</strong></span> <span class='ocrx_word' id='word_1_748' title='bbox 2751 3753 2818 3808; x_wconf 89' lang='lat' dir='ltr'><strong>ab</strong></span> <span class='ocrx_word' id='word_1_749' title='bbox 2846 3753 3249 3810; x_wconf 87' lang='lat' dir='ltr'><strong>inconsiderato</strong></span> <span class='ocrx_word' id='word_1_750' title='bbox 3285 3753 3467 3826; x_wconf 90' lang='lat' dir='ltr'><strong>aliquo</strong></span> 
     </span>
    </p>
   </div>
   <div class='ocr_carea' id='block_1_98' title="bbox 1875 3844 3463 3916">
    <p class='ocr_par' dir='ltr' id='par_1_98' title="bbox 1875 3844 3463 3916">
     <span class='ocr_line' id='line_1_98' title="bbox 1875 3844 3463 3916; baseline 0.002 -17"><span class='ocrx_word' id='word_1_751' title='bbox 1875 3844 2073 3914; x_wconf 91' lang='lat' dir='ltr'><strong>opponi</strong></span> <span class='ocrx_word' id='word_1_752' title='bbox 2089 3844 2414 3900; x_wconf 86' lang='lat' dir='ltr'><strong>christianos</strong></span> <span class='ocrx_word' id='word_1_753' title='bbox 2428 3860 2642 3916; x_wconf 90' lang='lat' dir='ltr'><strong>quoque</strong></span> <span class='ocrx_word' id='word_1_754' title='bbox 2660 3845 2888 3902; x_wconf 90' lang='lat' dir='ltr'><strong>credere</strong></span> <span class='ocrx_word' id='word_1_755' title='bbox 2909 3861 3112 3902; x_wconf 84' lang='lat' dir='ltr'><strong>marem</strong></span> <span class='ocrx_word' id='word_1_756' title='bbox 3130 3861 3249 3902; x_wconf 89' lang='lat' dir='ltr'><strong>esse</strong></span> <span class='ocrx_word' id='word_1_757' title='bbox 3273 3846 3463 3915; x_wconf 90' lang='lat' dir='ltr'><strong>Deum,</strong></span> 
     </span>
    </p>
   </div>
   <div class='ocr_carea' id='block_1_99' title="bbox 1875 3937 3463 4012">
    <p class='ocr_par' dir='ltr' id='par_1_99' title="bbox 1875 3937 3463 4012">
     <span class='ocr_line' id='line_1_99' title="bbox 1875 3937 3463 4012; baseline 0.004 -20"><span class='ocrx_word' id='word_1_758' title='bbox 1875 3937 2311 4009; x_wconf 89' lang='lat' dir='ltr'><strong>quandoquidem</strong></span> <span class='ocrx_word' id='word_1_759' title='bbox 2341 3953 2575 4006; x_wconf 92' lang='lat' dir='ltr'><strong>nomen,</strong></span> <span class='ocrx_word' id='word_1_760' title='bbox 2608 3941 2778 4006; x_wconf 91' lang='lat' dir='ltr'><strong>Deus,</strong></span> <span class='ocrx_word' id='word_1_761' title='bbox 2810 3941 3091 3997; x_wconf 90' lang='lat' dir='ltr'><strong>masculini</strong></span> <span class='ocrx_word' id='word_1_762' title='bbox 3119 3943 3332 4012; x_wconf 88' lang='lat' dir='ltr'><strong>generis</strong></span> <span class='ocrx_word' id='word_1_763' title='bbox 3359 3951 3463 3998; x_wconf 90' lang='lat' dir='ltr'><strong>est.</strong></span> 
     </span>
    </p>
   </div>
   <div class='ocr_carea' id='block_1_100' title="bbox 1878 4033 3466 4106">
    <p class='ocr_par' dir='ltr' id='par_1_100' title="bbox 1878 4033 3466 4106">
     <span class='ocr_line' id='line_1_100' title="bbox 1878 4033 3466 4106; baseline 0.001 -18"><span class='ocrx_word' id='word_1_764' title='bbox 1878 4033 1955 4088; x_wconf 81' lang='lat' dir='ltr'><strong>Eo</strong></span> <span class='ocrx_word' id='word_1_765' title='bbox 1995 4033 2273 4087; x_wconf 87' lang='lat' dir='ltr'><strong>enimvero</strong></span> <span class='ocrx_word' id='word_1_766' title='bbox 2305 4033 2523 4089; x_wconf 87' lang='lat' dir='ltr'><strong>nomine</strong></span> <span class='ocrx_word' id='word_1_767' title='bbox 2565 4049 2670 4089; x_wconf 93' lang='lat' dir='ltr'><strong>non</strong></span> <span class='ocrx_word' id='word_1_768' title='bbox 2697 4050 2858 4090; x_wconf 82' lang='lat' dir='ltr'><strong>sexus</strong></span> <span class='ocrx_word' id='word_1_769' title='bbox 2878 4077 2894 4102; x_wconf 96' lang='lat'><strong>,</strong></span> <span class='ocrx_word' id='word_1_770' title='bbox 2927 4034 3023 4090; x_wconf 89' lang='lat' dir='ltr'><strong>sed</strong></span> <span class='ocrx_word' id='word_1_771' title='bbox 3055 4049 3155 4106; x_wconf 73' lang='lat' dir='ltr'><strong>usu</strong></span> <span class='ocrx_word' id='word_1_772' title='bbox 3200 4036 3466 4092; x_wconf 89' lang='lat' dir='ltr'><strong>sermonis</strong></span> 
     </span>
    </p>
   </div>
   <div class='ocr_carea' id='block_1_101' title="bbox 1877 4125 3464 4200">
    <p class='ocr_par' dir='ltr' id='par_1_101' title="bbox 1877 4125 3464 4200">
     <span class='ocr_line' id='line_1_101' title="bbox 1877 4125 3464 4200; baseline 0.004 -20"><span class='ocrx_word' id='word_1_773' title='bbox 1877 4126 2145 4196; x_wconf 91' lang='lat' dir='ltr'><strong>promitur</strong></span> <span class='ocrx_word' id='word_1_774' title='bbox 2172 4125 2268 4181; x_wconf 91' lang='lat' dir='ltr'><strong>Dei</strong></span> <span class='ocrx_word' id='word_1_775' title='bbox 2317 4126 2658 4198; x_wconf 78' lang='lat' dir='ltr'><strong>signiﬁcatio.</strong></span> <span class='ocrx_word' id='word_1_776' title='bbox 2689 4127 2804 4184; x_wconf 85' lang='lat' dir='ltr'><strong>Non</strong></span> <span class='ocrx_word' id='word_1_777' title='bbox 2837 4128 2979 4184; x_wconf 87' lang='lat' dir='ltr'><strong>Deus</strong></span> <span class='ocrx_word' id='word_1_778' title='bbox 3007 4143 3136 4200; x_wconf 82' lang='lat' dir='ltr'><strong>ergo</strong></span> <span class='ocrx_word' id='word_1_779' title='bbox 3155 4170 3170 4196; x_wconf 91' lang='lat'><strong>,</strong></span> <span class='ocrx_word' id='word_1_780' title='bbox 3201 4129 3296 4185; x_wconf 89' lang='lat' dir='ltr'><strong>sed</strong></span> <span class='ocrx_word' id='word_1_781' title='bbox 3345 4130 3464 4199; x_wconf 86' lang='lat' dir='ltr'><strong>ejus</strong></span> 
     </span>
    </p>
   </div>
   <div class='ocr_carea' id='block_1_102' title="bbox 1875 4221 2971 4293">
    <p class='ocr_par' dir='ltr' id='par_1_102' title="bbox 1875 4221 2971 4293">
     <span class='ocr_line' id='line_1_102' title="bbox 1875 4221 2971 4293; baseline 0.003 -20"><span class='ocrx_word' id='word_1_782' title='bbox 1875 4233 2072 4273; x_wconf 90' lang='lat' dir='ltr'><strong>nomen</strong></span> <span class='ocrx_word' id='word_1_783' title='bbox 2103 4233 2273 4287; x_wconf 91' lang='lat' dir='ltr'><strong>genus</strong></span> <span class='ocrx_word' id='word_1_784' title='bbox 2300 4221 2653 4276; x_wconf 88' lang='lat' dir='ltr'><strong>masculinum</strong></span> <span class='ocrx_word' id='word_1_785' title='bbox 2685 4221 2971 4293; x_wconf 86' lang='lat' dir='ltr'><strong>signiﬁcat.</strong></span> 
     </span>
    </p>
   </div>
   <div class='ocr_carea' id='block_1_103' title="bbox 1942 4311 3462 4389">
    <p class='ocr_par' dir='ltr' id='par_1_103' title="bbox 1942 4311 3462 4389">
     <span class='ocr_line' id='line_1_103' title="bbox 1942 4311 3462 4389; baseline 0.007 -25"><span class='ocrx_word' id='word_1_786' title='bbox 1942 4312 2015 4365; x_wconf 63' lang='lat' dir='ltr'><strong>“At</strong></span> <span class='ocrx_word' id='word_1_787' title='bbox 2042 4311 2174 4366; x_wconf 91' lang='lat' dir='ltr'><strong>deos</strong></span> <span class='ocrx_word' id='word_1_788' title='bbox 2201 4327 2380 4367; x_wconf 91' lang='lat' dir='ltr'><strong>mares</strong></span> <span class='ocrx_word' id='word_1_789' title='bbox 2409 4323 2464 4368; x_wconf 91' lang='lat' dir='ltr'><strong>et</strong></span> <span class='ocrx_word' id='word_1_790' title='bbox 2489 4313 2718 4369; x_wconf 89' lang='lat' dir='ltr'><strong>feminas</strong></span> <span class='ocrx_word' id='word_1_791' title='bbox 2743 4329 2866 4370; x_wconf 83' lang='lat' dir='ltr'><strong>esse</strong></span> <span class='ocrx_word' id='word_1_792' title='bbox 2893 4330 2997 4370; x_wconf 93' lang='lat' dir='ltr'><strong>non</strong></span> <span class='ocrx_word' id='word_1_793' title='bbox 3027 4331 3185 4387; x_wconf 86' lang='lat' dir='ltr'><strong>posse</strong></span> <span class='ocrx_word' id='word_1_794' title='bbox 3220 4317 3297 4373; x_wconf 90' lang='lat' dir='ltr'><strong>sic</strong></span> <span class='ocrx_word' id='word_1_795' title='bbox 3334 4332 3462 4389; x_wconf 89' lang='lat' dir='ltr'><strong>pro-</strong></span> 
     </span>
    </p>
   </div>
   <div class='ocr_carea' id='block_1_104' title="bbox 1875 4405 3465 4483">
    <p class='ocr_par' dir='ltr' id='par_1_104' title="bbox 1875 4405 3465 4483">
     <span class='ocr_line' id='line_1_104' title="bbox 1875 4405 3465 4483; baseline 0.005 -23"><span class='ocrx_word' id='word_1_796' title='bbox 1875 4405 1964 4460; x_wconf 89' lang='lat' dir='ltr'><strong>bat</strong></span> <span class='ocrx_word' id='word_1_797' title='bbox 1985 4405 2272 4460; x_wconf 86' lang='lat' dir='ltr'><strong>Arnobius.</strong></span> <span class='ocrx_word' id='word_1_798' title='bbox 2303 4406 2492 4473; x_wconf 90' lang='lat' dir='ltr'><strong>Tales,</strong></span> <span class='ocrx_word' id='word_1_799' title='bbox 2543 4407 2712 4478; x_wconf 90' lang='lat' dir='ltr'><strong>inquit</strong></span> <span class='ocrx_word' id='word_1_800' title='bbox 2739 4408 2954 4480; x_wconf 81' lang='lat' dir='ltr'><strong>(Arnob.</strong></span> <span class='ocrx_word' id='word_1_801' title='bbox 2979 4451 2994 4475; x_wconf 94' lang='lat'><strong>,</strong></span> <span class='ocrx_word' id='word_1_802' title='bbox 3028 4410 3116 4464; x_wconf 90' lang='lat' dir='ltr'><strong>lib.</strong></span> <span class='ocrx_word' id='word_1_803' title='bbox 3151 4427 3204 4464; x_wconf 89' lang='lat' dir='ltr'><strong>Ill</strong></span> <span class='ocrx_word' id='word_1_804' title='bbox 3226 4453 3240 4476; x_wconf 92' lang='lat'><strong>,</strong></span> <span class='ocrx_word' id='word_1_805' title='bbox 3273 4430 3326 4483; x_wconf 90' lang='lat' dir='ltr'><strong>p.</strong></span> <span class='ocrx_word' id='word_1_806' title='bbox 3360 4412 3465 4468; x_wconf 71' lang='grc'><strong>104</strong></span> 
     </span>
    </p>
   </div>
   <div class='ocr_carea' id='block_1_105' title="bbox 1874 4496 3463 4572">
    <p class='ocr_par' dir='ltr' id='par_1_105' title="bbox 1874 4496 3463 4572">
     <span class='ocr_line' id='line_1_105' title="bbox 1874 4496 3463 4572; baseline 0.005 -22"><span class='ocrx_word' id='word_1_807' title='bbox 1874 4505 1920 4550; x_wconf 87' lang='lat' dir='ltr'><strong>et</strong></span> <span class='ocrx_word' id='word_1_808' title='bbox 1946 4496 2110 4566; x_wconf 80' lang='lat' dir='ltr'><strong>seqq.)</strong></span> <span class='ocrx_word' id='word_1_809' title='bbox 2132 4538 2146 4561; x_wconf 94' lang='lat'><strong>,</strong></span> <span class='ocrx_word' id='word_1_810' title='bbox 2177 4511 2298 4553; x_wconf 87' lang='lat' dir='ltr'><strong>esse</strong></span> <span class='ocrx_word' id='word_1_811' title='bbox 2324 4507 2626 4567; x_wconf 90' lang='lat' dir='ltr'><strong>nequeunt,</strong></span> <span class='ocrx_word' id='word_1_812' title='bbox 2658 4499 2786 4570; x_wconf 91' lang='lat' dir='ltr'><strong>quin</strong></span> <span class='ocrx_word' id='word_1_813' title='bbox 2811 4515 2905 4554; x_wconf 90' lang='lat' dir='ltr'><strong>eas</strong></span> <span class='ocrx_word' id='word_1_814' title='bbox 2939 4510 3122 4572; x_wconf 89' lang='lat' dir='ltr'><strong>partes</strong></span> <span class='ocrx_word' id='word_1_815' title='bbox 3155 4516 3323 4572; x_wconf 89' lang='lat' dir='ltr'><strong>eaque</strong></span> <span class='ocrx_word' id='word_1_816' title='bbox 3364 4503 3463 4558; x_wconf 90' lang='lat' dir='ltr'><strong>ha-</strong></span> 
     </span>
    </p>
   </div>
   <div class='ocr_carea' id='block_1_106' title="bbox 1873 4588 3460 4663">
    <p class='ocr_par' dir='ltr' id='par_1_106' title="bbox 1873 4588 3460 4663">
     <span class='ocr_line' id='line_1_106' title="bbox 1873 4588 3460 4663; baseline 0.005 -21"><span class='ocrx_word' id='word_1_817' title='bbox 1873 4588 2036 4644; x_wconf 88' lang='lat' dir='ltr'><strong>beant</strong></span> <span class='ocrx_word' id='word_1_818' title='bbox 2075 4589 2351 4656; x_wconf 89' lang='lat' dir='ltr'><strong>membra,</strong></span> <span class='ocrx_word' id='word_1_819' title='bbox 2397 4590 2589 4660; x_wconf 89' lang='lat' dir='ltr'><strong>quibus</strong></span> <span class='ocrx_word' id='word_1_820' title='bbox 2633 4603 2856 4660; x_wconf 88' lang='lat' dir='ltr'><strong>uterque</strong></span> <span class='ocrx_word' id='word_1_821' title='bbox 2883 4606 3048 4647; x_wconf 73' lang='lat' dir='ltr'><strong>sexus</strong></span> <span class='ocrx_word' id='word_1_822' title='bbox 3085 4593 3460 4663; x_wconf 90' lang='lat' dir='ltr'><strong>distinguitur,</strong></span> 
     </span>
    </p>
   </div>
   <div class='ocr_carea' id='block_1_107' title="bbox 1794 4683 3462 4764">
    <p class='ocr_par' dir='ltr' id='par_1_107' title="bbox 1794 4683 3462 4764">
     <span class='ocr_line' id='line_1_107' title="bbox 1794 4683 3462 4764; baseline 0.005 -27"><span class='ocrx_word' id='word_1_823' title='bbox 1794 4701 1849 4764; x_wconf 80' lang='lat' dir='ltr'><strong>D</strong></span> <span class='ocrx_word' id='word_1_824' title='bbox 1873 4691 1929 4738; x_wconf 91' lang='lat' dir='ltr'><strong>et</strong></span> <span class='ocrx_word' id='word_1_825' title='bbox 1953 4699 2072 4752; x_wconf 78' lang='lat' dir='ltr'><strong>qua:</strong></span> <span class='ocrx_word' id='word_1_826' title='bbox 2097 4683 2164 4738; x_wconf 90' lang='lat' dir='ltr'><strong>ad</strong></span> <span class='ocrx_word' id='word_1_827' title='bbox 2197 4683 2596 4755; x_wconf 89' lang='lat' dir='ltr'><strong>pr0pagandam</strong></span> <span class='ocrx_word' id='word_1_828' title='bbox 2643 4685 2884 4740; x_wconf 87' lang='lat' dir='ltr'><strong>sobolem</strong></span> <span class='ocrx_word' id='word_1_829' title='bbox 2929 4686 3064 4741; x_wconf 88' lang='lat' dir='ltr'><strong>facta</strong></span> <span class='ocrx_word' id='word_1_830' title='bbox 3105 4697 3248 4743; x_wconf 87' lang='lat' dir='ltr'><strong>sunt.</strong></span> <span class='ocrx_word' id='word_1_831' title='bbox 3301 4690 3462 4762; x_wconf 84' lang='lat' dir='ltr'><strong>Atqui</strong></span> 
     </span>
    </p>
   </div>
   <div class='ocr_carea' id='block_1_108' title="bbox 1873 4777 3457 4848">
    <p class='ocr_par' dir='ltr' id='par_1_108' title="bbox 1873 4777 3457 4848">
     <span class='ocr_line' id='line_1_108' title="bbox 1873 4777 3457 4848; baseline 0.005 -19"><span class='ocrx_word' id='word_1_832' title='bbox 1873 4790 1953 4830; x_wconf 54' lang='lat' dir='ltr'><strong>ear.</strong></span> <span class='ocrx_word' id='word_1_833' title='bbox 1983 4786 2167 4845; x_wconf 88' lang='lat' dir='ltr'><strong>partes</strong></span> <span class='ocrx_word' id='word_1_834' title='bbox 2221 4791 2393 4847; x_wconf 90' lang='lat' dir='ltr'><strong>eaque</strong></span> <span class='ocrx_word' id='word_1_835' title='bbox 2435 4777 2681 4846; x_wconf 92' lang='lat' dir='ltr'><strong>corporis</strong></span> <span class='ocrx_word' id='word_1_836' title='bbox 2713 4777 2950 4833; x_wconf 92' lang='lat' dir='ltr'><strong>membra</strong></span> <span class='ocrx_word' id='word_1_837' title='bbox 2970 4820 2984 4841; x_wconf 92' lang='lat'><strong>,</strong></span> <span class='ocrx_word' id='word_1_838' title='bbox 3015 4779 3061 4832; x_wconf 85' lang='lat' dir='ltr'><strong>si</strong></span> <span class='ocrx_word' id='word_1_839' title='bbox 3106 4779 3158 4833; x_wconf 91' lang='lat' dir='ltr'><strong>in</strong></span> <span class='ocrx_word' id='word_1_840' title='bbox 3187 4779 3290 4834; x_wconf 85' lang='lat' dir='ltr'><strong>diis</strong></span> <span class='ocrx_word' id='word_1_841' title='bbox 3319 4781 3457 4848; x_wconf 90' lang='lat' dir='ltr'><strong>sint,</strong></span> 
     </span>
    </p>
   </div>
   <div class='ocr_carea' id='block_1_109' title="bbox 1873 4867 3456 4947">
    <p class='ocr_par' dir='ltr' id='par_1_109' title="bbox 1873 4867 3456 4947">
     <span class='ocr_line' id='line_1_109' title="bbox 1873 4867 3456 4947; baseline 0.005 -25"><span class='ocrx_word' id='word_1_842' title='bbox 1873 4867 2118 4932; x_wconf 88' lang='lat' dir='ltr'><strong>inutilia,</strong></span> <span class='ocrx_word' id='word_1_843' title='bbox 2151 4869 2289 4922; x_wconf 90' lang='lat' dir='ltr'><strong>sicut</strong></span> <span class='ocrx_word' id='word_1_844' title='bbox 2328 4868 2487 4922; x_wconf 91' lang='lat' dir='ltr'><strong>etiam</strong></span> <span class='ocrx_word' id='word_1_845' title='bbox 2515 4871 2591 4923; x_wconf 89' lang='lat' dir='ltr'><strong>ait</strong></span> <span class='ocrx_word' id='word_1_846' title='bbox 2629 4869 2840 4932; x_wconf 90' lang='lat' dir='ltr'><strong>Cicero,</strong></span> <span class='ocrx_word' id='word_1_847' title='bbox 2882 4886 2988 4925; x_wconf 90' lang='lat' dir='ltr'><strong>non</strong></span> <span class='ocrx_word' id='word_1_848' title='bbox 3014 4880 3300 4942; x_wconf 90' lang='lat' dir='ltr'><strong>potuerunt</strong></span> <span class='ocrx_word' id='word_1_849' title='bbox 3327 4873 3456 4947; x_wconf 86' lang='lat' dir='ltr'><strong>(Cic.</strong></span> 
     </span>
    </p>
   </div>
   <div class='ocr_carea' id='block_1_110' title="bbox 1872 4961 3462 5038">
    <p class='ocr_par' dir='ltr' id='par_1_110' title="bbox 1872 4961 3462 5038">
     <span class='ocr_line' id='line_1_110' title="bbox 1872 4961 3462 5038; baseline 0.006 -25"><span class='ocrx_word' id='word_1_850' title='bbox 1872 4961 1957 5016; x_wconf 90' lang='lat' dir='ltr'><strong>lib.</strong></span> <span class='ocrx_word' id='word_1_851' title='bbox 1994 4977 2031 5016; x_wconf 89' lang='lat' dir='ltr'><strong>tt</strong></span> <span class='ocrx_word' id='word_1_852' title='bbox 2060 4961 2124 5014; x_wconf 85' lang='lat' dir='ltr'><strong>de</strong></span> <span class='ocrx_word' id='word_1_853' title='bbox 2155 4961 2345 5014; x_wconf 87' lang='lat' dir='ltr'><strong>Natur.</strong></span> <span class='ocrx_word' id='word_1_854' title='bbox 2378 4963 2520 5018; x_wconf 86' lang='lat' dir='ltr'><strong>deor.</strong></span> <span class='ocrx_word' id='word_1_855' title='bbox 2545 5004 2558 5028; x_wconf 89' lang='lat'><strong>,</strong></span> <span class='ocrx_word' id='word_1_856' title='bbox 2589 4980 2708 5034; x_wconf 85' lang='lat' dir='ltr'><strong>pag.</strong></span> <span class='ocrx_word' id='word_1_857' title='bbox 2739 4962 2848 5018; x_wconf 80' lang='lat'><strong>9.08</strong></span> <span class='ocrx_word' id='word_1_858' title='bbox 2877 4974 2923 5018; x_wconf 89' lang='lat' dir='ltr'><strong>et</strong></span> <span class='ocrx_word' id='word_1_859' title='bbox 2952 4964 3138 5038; x_wconf 69' lang='lat' dir='ltr'><strong>seqq).</strong></span> <span class='ocrx_word' id='word_1_860' title='bbox 3168 4963 3334 5021; x_wconf 86' lang='lat' dir='ltr'><strong>Tanta</strong></span> <span class='ocrx_word' id='word_1_861' title='bbox 3364 4967 3462 5038; x_wconf 82' lang='lat' dir='ltr'><strong>igi-</strong></span> 
     </span>
    </p>
   </div>
   <div class='ocr_carea' id='block_1_111' title="bbox 1869 5051 3454 5128">
    <p class='ocr_par' dir='ltr' id='par_1_111' title="bbox 1869 5051 3454 5128">
     <span class='ocr_line' id='line_1_111' title="bbox 1869 5051 3454 5128; baseline 0.006 -22"><span class='ocrx_word' id='word_1_862' title='bbox 1869 5061 1956 5106; x_wconf 93' lang='lat' dir='ltr'><strong>tur</strong></span> <span class='ocrx_word' id='word_1_863' title='bbox 1983 5051 2209 5108; x_wconf 89' lang='lat' dir='ltr'><strong>deorum</strong></span> <span class='ocrx_word' id='word_1_864' title='bbox 2235 5053 2620 5108; x_wconf 90' lang='lat' dir='ltr'><strong>immortalium</strong></span> <span class='ocrx_word' id='word_1_865' title='bbox 2648 5098 2664 5123; x_wconf 95' lang='lat'><strong>,</strong></span> <span class='ocrx_word' id='word_1_866' title='bbox 2696 5055 2788 5127; x_wconf 90' lang='lat' dir='ltr'><strong>qui</strong></span> <span class='ocrx_word' id='word_1_867' title='bbox 2820 5073 3116 5128; x_wconf 88' lang='lat' dir='ltr'><strong>numquam</strong></span> <span class='ocrx_word' id='word_1_868' title='bbox 3147 5071 3454 5125; x_wconf 90' lang='lat' dir='ltr'><strong>senescunt,</strong></span> 
     </span>
    </p>
   </div>
   <div class='ocr_carea' id='block_1_112' title="bbox 1869 5145 3458 5221">
    <p class='ocr_par' dir='ltr' id='par_1_112' title="bbox 1869 5145 3458 5221">
     <span class='ocr_line' id='line_1_112' title="bbox 1869 5145 3458 5221; baseline 0.007 -24"><span class='ocrx_word' id='word_1_869' title='bbox 1869 5158 1970 5197; x_wconf 90' lang='lat' dir='ltr'><strong>nec</strong></span> <span class='ocrx_word' id='word_1_870' title='bbox 1991 5145 2240 5213; x_wconf 90' lang='lat' dir='ltr'><strong>corporis</strong></span> <span class='ocrx_word' id='word_1_871' title='bbox 2261 5145 2468 5200; x_wconf 88' lang='lat' dir='ltr'><strong>viribus</strong></span> <span class='ocrx_word' id='word_1_872' title='bbox 2487 5147 2859 5216; x_wconf 90' lang='lat' dir='ltr'><strong>debilitantur,</strong></span> <span class='ocrx_word' id='word_1_873' title='bbox 2885 5153 3156 5221; x_wconf 92' lang='lat' dir='ltr'><strong>procreari</strong></span> <span class='ocrx_word' id='word_1_874' title='bbox 3185 5153 3458 5209; x_wconf 89' lang='lat' dir='ltr'><strong>debuisset</strong></span> 
     </span>
    </p>
   </div>
   <div class='ocr_carea' id='block_1_113' title="bbox 1867 5236 3455 5314">
    <p class='ocr_par' dir='ltr' id='par_1_113' title="bbox 1867 5236 3455 5314">
     <span class='ocr_line' id='line_1_113' title="bbox 1867 5236 3455 5314; baseline 0.007 -25"><span class='ocrx_word' id='word_1_875' title='bbox 1867 5236 2187 5304; x_wconf 89' lang='lat' dir='ltr'><strong>multitudo,</strong></span> <span class='ocrx_word' id='word_1_876' title='bbox 2223 5248 2281 5293; x_wconf 91' lang='lat' dir='ltr'><strong>ut</strong></span> <span class='ocrx_word' id='word_1_877' title='bbox 2304 5242 2483 5295; x_wconf 90' lang='lat' dir='ltr'><strong>omnia</strong></span> <span class='ocrx_word' id='word_1_878' title='bbox 2526 5242 2592 5296; x_wconf 91' lang='lat' dir='ltr'><strong>iis</strong></span> <span class='ocrx_word' id='word_1_879' title='bbox 2616 5242 2726 5311; x_wconf 93' lang='lat' dir='ltr'><strong>jam</strong></span> <span class='ocrx_word' id='word_1_880' title='bbox 2759 5243 2915 5314; x_wconf 90' lang='lat' dir='ltr'><strong>plena</strong></span> <span class='ocrx_word' id='word_1_881' title='bbox 2941 5246 3147 5313; x_wconf 90' lang='lat' dir='ltr'><strong>forent,</strong></span> <span class='ocrx_word' id='word_1_882' title='bbox 3179 5261 3278 5302; x_wconf 89' lang='lat' dir='ltr'><strong>nec</strong></span> <span class='ocrx_word' id='word_1_883' title='bbox 3303 5248 3455 5303; x_wconf 73' lang='lat' dir='ltr'><strong>cmlis</strong></span> 
     </span>
    </p>
   </div>
   <div class='ocr_carea' id='block_1_114' title="bbox 1866 5329 3452 5410">
    <p class='ocr_par' dir='ltr' id='par_1_114' title="bbox 1866 5329 3452 5410">
     <span class='ocr_line' id='line_1_114' title="bbox 1866 5329 3452 5410; baseline 0.008 -26"><span class='ocrx_word' id='word_1_884' title='bbox 1866 5329 2162 5387; x_wconf 89' lang='lat' dir='ltr'><strong>innumeris</strong></span> <span class='ocrx_word' id='word_1_885' title='bbox 2207 5346 2427 5402; x_wconf 88' lang='lat' dir='ltr'><strong>possent</strong></span> <span class='ocrx_word' id='word_1_886' title='bbox 2470 5335 2703 5407; x_wconf 90' lang='lat' dir='ltr'><strong>amplius</strong></span> <span class='ocrx_word' id='word_1_887' title='bbox 2740 5339 3027 5393; x_wconf 87' lang='lat' dir='ltr'><strong>contineri.</strong></span> <span class='ocrx_word' id='word_1_888' title='bbox 3072 5339 3276 5396; x_wconf 87' lang='lat' dir='ltr'><strong>Eodem</strong></span> <span class='ocrx_word' id='word_1_889' title='bbox 3319 5357 3452 5410; x_wconf 90' lang='lat' dir='ltr'><strong>quo-</strong></span> 
     </span>
    </p>
   </div>
   <div class='ocr_carea' id='block_1_115' title="bbox 1863 5425 3450 5504">
    <p class='ocr_par' dir='ltr' id='par_1_115' title="bbox 1863 5425 3450 5504">
     <span class='ocr_line' id='line_1_115' title="bbox 1863 5425 3450 5504; baseline 0.009 -29"><span class='ocrx_word' id='word_1_890' title='bbox 1863 5436 1966 5491; x_wconf 90' lang='lat' dir='ltr'><strong>que</strong></span> <span class='ocrx_word' id='word_1_891' title='bbox 2015 5434 2334 5494; x_wconf 86' lang='lat' dir='ltr'><strong>argumento</strong></span> <span class='ocrx_word' id='word_1_892' title='bbox 2383 5425 2671 5482; x_wconf 84' lang='lat' dir='ltr'><strong>Minucium</strong></span> <span class='ocrx_word' id='word_1_893' title='bbox 2699 5428 2946 5500; x_wconf 89' lang='lat' dir='ltr'><strong>aliosque</strong></span> <span class='ocrx_word' id='word_1_894' title='bbox 2971 5445 3096 5485; x_wconf 92' lang='lat' dir='ltr'><strong>usos</strong></span> <span class='ocrx_word' id='word_1_895' title='bbox 3140 5431 3304 5488; x_wconf 87' lang='lat' dir='ltr'><strong>fuisse</strong></span> <span class='ocrx_word' id='word_1_896' title='bbox 3339 5435 3450 5504; x_wconf 89' lang='lat' dir='ltr'><strong>jam</strong></span> 
     </span>
    </p>
   </div>
   <div class='ocr_carea' id='block_1_116' title="bbox 1862 5515 3448 5596">
    <p class='ocr_par' dir='ltr' id='par_1_116' title="bbox 1862 5515 3448 5596">
     <span class='ocr_line' id='line_1_116' title="bbox 1862 5515 3448 5596; baseline 0.009 -28"><span class='ocrx_word' id='word_1_897' title='bbox 1862 5515 2199 5570; x_wconf 88' lang='lat' dir='ltr'><strong>ostendimus</strong></span> <span class='ocrx_word' id='word_1_898' title='bbox 2268 5515 2510 5588; x_wconf 76' lang='lat' dir='ltr'><strong>(Dissert.</strong></span> <span class='ocrx_word' id='word_1_899' title='bbox 2562 5520 2614 5574; x_wconf 86' lang='lat' dir='ltr'><strong>in</strong></span> <span class='ocrx_word' id='word_1_900' title='bbox 2662 5518 2858 5574; x_wconf 77' lang='lat' dir='ltr'><strong>Minue.</strong></span> <span class='ocrx_word' id='word_1_901' title='bbox 2901 5520 3124 5588; x_wconf 87' lang='lat' dir='ltr'><strong>0ctav.,</strong></span> <span class='ocrx_word' id='word_1_902' title='bbox 3174 5539 3288 5594; x_wconf 92' lang='lat' dir='ltr'><strong>cap.</strong></span> <span class='ocrx_word' id='word_1_903' title='bbox 3346 5525 3448 5596; x_wconf 85' lang='grc'><strong>16,</strong></span> 
     </span>
    </p>
   </div>
   <div class='ocr_carea' id='block_1_117' title="bbox 1864 5608 2064 5681">
    <p class='ocr_par' dir='ltr' id='par_1_117' title="bbox 1864 5608 2064 5681">
     <span class='ocr_line' id='line_1_117' title="bbox 1864 5608 2064 5681; baseline 0.005 -18"><span class='ocrx_word' id='word_1_904' title='bbox 1864 5620 1964 5664; x_wconf 84' lang='lat' dir='ltr'><strong>art.</strong></span> <span class='ocrx_word' id='word_1_905' title='bbox 1987 5608 2064 5681; x_wconf 69' lang='grc'><strong>2).</strong></span> 
     </span>
    </p>
   </div>
   <div class='ocr_carea' id='block_1_118' title="bbox 1934 5705 3449 5775">
    <p class='ocr_par' dir='ltr' id='par_1_118' title="bbox 1934 5705 3449 5775">
     <span class='ocr_line' id='line_1_118' title="bbox 1934 5705 3449 5775; baseline 0.007 -18"><span class='ocrx_word' id='word_1_906' title='bbox 1934 5705 2103 5773; x_wconf 89' lang='lat' dir='ltr'><strong>Quam</strong></span> <span class='ocrx_word' id='word_1_907' title='bbox 2161 5705 2327 5761; x_wconf 91' lang='lat' dir='ltr'><strong>multa</strong></span> <span class='ocrx_word' id='word_1_908' title='bbox 2377 5718 2553 5763; x_wconf 88' lang='lat' dir='ltr'><strong>autem</strong></span> <span class='ocrx_word' id='word_1_909' title='bbox 2601 5707 2868 5774; x_wconf 89' lang='lat' dir='ltr'><strong>absurda,</strong></span> <span class='ocrx_word' id='word_1_910' title='bbox 2921 5708 3205 5775; x_wconf 74' lang='lat' dir='ltr'><strong>obscmna,</strong></span> <span class='ocrx_word' id='word_1_911' title='bbox 3251 5721 3306 5767; x_wconf 92' lang='lat' dir='ltr'><strong>et</strong></span> <span class='ocrx_word' id='word_1_912' title='bbox 3345 5712 3449 5769; x_wconf 89' lang='lat' dir='ltr'><strong>diis</strong></span> 
     </span>
    </p>
   </div>
   <div class='ocr_carea' id='block_1_119' title="bbox 1864 5798 3450 5874">
    <p class='ocr_par' dir='ltr' id='par_1_119' title="bbox 1864 5798 3450 5874">
     <span class='ocr_line' id='line_1_119' title="bbox 1864 5798 3450 5874; baseline 0.004 -20"><span class='ocrx_word' id='word_1_913' title='bbox 1864 5798 2079 5870; x_wconf 87' lang='lat' dir='ltr'><strong>indigna</strong></span> <span class='ocrx_word' id='word_1_914' title='bbox 2114 5815 2180 5857; x_wconf 79' lang='lat' dir='ltr'><strong>ex</strong></span> <span class='ocrx_word' id='word_1_915' title='bbox 2211 5801 2426 5856; x_wconf 90' lang='lat' dir='ltr'><strong>diverso</strong></span> <span class='ocrx_word' id='word_1_916' title='bbox 2453 5803 2689 5871; x_wconf 86' lang='lat' dir='ltr'><strong>ipsorum</strong></span> <span class='ocrx_word' id='word_1_917' title='bbox 2732 5817 2862 5857; x_wconf 80' lang='lat' dir='ltr'><strong>sexu</strong></span> <span class='ocrx_word' id='word_1_918' title='bbox 2901 5811 3224 5874; x_wconf 85' lang='lat' dir='ltr'><strong>sequantur,</strong></span> <span class='ocrx_word' id='word_1_919' title='bbox 3275 5804 3450 5860; x_wconf 87' lang='lat' dir='ltr'><strong>Arno-</strong></span> 
     </span>
    </p>
   </div>
   <div class='ocr_carea' id='block_1_120' title="bbox 1863 5891 3444 5973">
    <p class='ocr_par' dir='ltr' id='par_1_120' title="bbox 1863 5891 3444 5973">
     <span class='ocr_line' id='line_1_120' title="bbox 1863 5891 3444 5973; baseline 0.004 -24"><span class='ocrx_word' id='word_1_920' title='bbox 1863 5891 1984 5949; x_wconf 89' lang='lat' dir='ltr'><strong>bius</strong></span> <span class='ocrx_word' id='word_1_921' title='bbox 2027 5892 2268 5951; x_wconf 86' lang='lat' dir='ltr'><strong>breviter</strong></span> <span class='ocrx_word' id='word_1_922' title='bbox 2312 5895 2542 5967; x_wconf 81' lang='lat' dir='ltr'><strong>explicat</strong></span> <span class='ocrx_word' id='word_1_923' title='bbox 2586 5894 2959 5968; x_wconf 82' lang='lat' dir='ltr'><strong>(Arnob.,lib.</strong></span> <span class='ocrx_word' id='word_1_924' title='bbox 2989 5911 3057 5973; x_wconf 82' lang='lat' dir='ltr'><strong>tu</strong></span> <span class='ocrx_word' id='word_1_925' title='bbox 3082 5939 3096 5967; x_wconf 90' lang='lat'><strong>,</strong></span> <span class='ocrx_word' id='word_1_926' title='bbox 3135 5913 3255 5970; x_wconf 88' lang='lat' dir='ltr'><strong>pag.</strong></span> <span class='ocrx_word' id='word_1_927' title='bbox 3290 5897 3444 5969; x_wconf 73' lang='grc'><strong>104).</strong></span> 
     </span>
    </p>
   </div>
  </div>
