4030 6280
589 356 696 415 507

1819 334 2276 415 olsssn'rario
2312 338 2592 411 PRASVIA

3796 354 3904 412 508

588 474 722 532 lude
750 472 891 533 enini
909 519 923 542 ,
956 475 1125 546 inquit
1144 516 1160 543 ,
1187 476 1317 531 oriri
1343 464 1603 532 deberent
1629 474 1850 531 dearum
1873 478 2173 540 menstrua,
2204 460 2259 536 Α
2281 468 2494 529 Videsis
2514 470 2766 529 eumdem
2783 470 3030 529 Servium
3053 472 3109 527 in
3129 470 3228 528 lib.
3248 486 3301 528 tv
3330 469 3579 539 zEnét'd.,
3602 470 3905 545 vers.103,

592 558 968 641 graviditates,
998 567 1220 622 abortus
1242 610 1256 633 ,
1285 566 1427 622 soliti
1453 577 1637 639 partus
1665 567 1881 622 dolores
1902 610 1915 629 ,
1945 574 1990 620 et
2019 562 2147 635 septi
2159 594 2175 605 -

593 674 761 714 mana:
808 658 1025 730 rerum,
1082 658 1134 714 id
1185 648 1299 723 est,
1350 650 1465 713 dcte
1515 659 1743 730 septimo
1783 674 1967 713 mense
1999 668 2174 727 partu-

590 744 815 810 rientes.
861 740 992 809 inde
1019 752 1094 808 dii
1127 764 1181 807 et
1209 753 1325 808 dese
1352 746 1495 809 nudo
1520 769 1748 824 corpore
1776 753 1827 807 in
1859 746 2176 817 chatcidicis,

592 844 696 902 hoc
719 846 835 913 est,
876 846 950 901 uti
1000 844 1289 902 observant
1335 848 1618 902 Turnebus
1661 857 1714 902 et
1759 845 2030 917 Scaliger,
2072 859 2180 902 ete-

593 932 803 996 naciilis
829 950 885 995 et
912 934 1155 996 aediliciis
1177 942 1410 1013 magnis,
1435 953 1593 1010 atque
1619 941 1833 997 infamis
1865 932 2182 1010 Hellespon-

594 1022 719 1087 tiaci
751 1032 973 1104 Priapi,
1007 1033 1073 1089 de
1114 1049 1222 1105 quo
1268 1033 1473 1089 Natalis
1499 1032 1723 1100 Comes,
1760 1033 2001 1093 Vossius.
2034 1032 2179 1087 llue-

593 1126 725 1192 tius,
746 1124 1015 1182 horrenda
1035 1124 1307 1198 turpitudo
1333 1126 1606 1199 (Turneb,
1625 1127 1714 1181 tib.
1749 1132 1902 1191 va,
1928 1132 2044 1194 cup.
2078 1126 2179 1191 ὄις

596 1220 829 1293 Scalig.,
860 1204 915 1276 in
953 1220 1140 1277 Euseb.
1185 1221 1377 1278 Chron.
1422 1224 1490 1276 ad
1534 1239 1659 1281 ann.
1687 1222 1849 1287 2101,
1876 1219 1949 1275 Ν.
1981 1220 2180 1287 Comes,

595 1300 685 1371 at.
730 1316 783 1381 ψ,
818 1315 1224 1389 Μψιιοιηεάρ.
1259 1316 1360 1379 15;
1414 1315 1655 1381 Vossius,
1686 1310 1774 1370 lib.
1820 1322 1891 1382 ιι,
1925 1315 1988 1368 de
2036 1314 2181 1386 Orig.

595 1418 642 1464 et
679 1405 868 1479 Progr.
900 1408 1026 1462 idol.
1052 1450 1069 1476 ,
1101 1418 1219 1478 cap.
1245 1398 1307 1476 ’1,
1343 1418 1462 1481 pag.
1492 1411 1561 1463 75
1592 1412 1638 1464 et
1660 1420 1836 1479 seqq.;
1865 1390 2018 1464 Ruet.
2040 1451 2055 1475 ,
2085 1408 2186 1464 De-

597 1509 905 1569 monstrat.,
955 1518 1073 1574 pag.
1106 1500 1211 1557 109
1266 1508 1311 1556 et
1359 1499 1561 1575 καφ),
1603 1512 1649 1556 et
1700 1502 1762 1556 ab
1812 1501 1977 1556 Iac/io
2036 1500 2185 1556 Ceres

596 1611 909 1671 mammosa,
952 1595 1028 1651 ait
1054 1605 1242 1650 auctor
1268 1607 1476 1664 noster,
1525 1612 1672 1652 musa
1706 1605 1761 1650 ut
1806 1596 2055 1666 prwdicat
2081 1593 2188 1647 Lu-

595 1670 776 1757 cretii,
812 1689 915 1744 hoc
944 1689 1198 1773 nimirum
1226 1670 1386 1745 versu
1411 1705 1426 1742 :

690 1816 755 1874 At
777 1825 975 1886 gemina
1000 1832 1053 1874 et
1075 1836 1337 1875 mammosa
1358 1823 1513 1875 Ceres
1536 1830 1615 1874 est
1636 1825 1738 1888 ipsa
1759 1825 1821 1874 ab
1842 1823 2002 1874 iaeho.

1192 1907 1426 1971 (Lucret.,
1447 1906 1529 1958 lib.
1550 1923 1614 1969 ιν,
1633 1919 1758 1959 vers.
1780 1908 1943 1970 1161.)

597 2033 705 2092 Sed
743 2034 860 2091 haec
886 2036 1063 2090 omnia
1100 2036 1337 2105 pressius
1365 2030 1554 2089 Cicero
1596 2034 1828 2103 exagitat
1856 2049 1872 2088 :
1907 2051 1925 2085 ‹
1959 2032 2111 2101 Quod
2141 2043 2195 2089 et

600 2143 779 2183 mares
814 2147 835 2180 ι
863 2168 874 2183 .
906 2127 1080 2198 inquit
1113 2125 1339 2198 (Cicer.,
1388 2127 1477 2181 tib.
1506 2142 1543 2180 ll
1581 2112 1645 2180 de
1671 2136 1843 2181 natur.
1871 2127 2038 2193 deor.,
2070 2144 2191 2199 pag.

598 2224 842 2291 209,1in.
878 2222 990 2293 19),
1030 2243 1048 2277 ι
1084 2223 1216 2278 deos
1237 2234 1291 2277 et
1314 2221 1541 2277 feminas
1566 2236 1688 2276 esse
1715 2219 1921 2284 dicitis,
1942 2220 2068 2290 quid
2106 2237 2192 2276 sc-

599 2322 826 2388 quatur,
857 2316 1069 2372 videtis.
1105 2314 1366 2386 Enuident
1411 2313 1593 2368 mirari
1640 2313 1774 2368 satis
1803 2328 1908 2367 non
1941 2322 2188 2383 possum,

598 2408 741 2464 unde
757 2409 824 2464 ad
848 2409 976 2465 istas
997 2408 1283 2479 opiniones
1308 2414 1489 2463 vester
1516 2407 1606 2462 ille
1630 2408 1880 2478 princeps
1900 2406 2126 2470 venerit,
2166 2423 2186 2458 ι

598 2502 807 2557 scilicet
840 2502 1124 2571 Epicurus.

668 2595 740 2651 At
781 2609 878 2650 cur
903 2594 1208 2659 Arnobius,
1232 2593 1439 2665 inquiet
1478 2593 1716 2664 aliquis,
1746 2600 1802 2649 et
1827 2590 2035 2647 Tullius
2056 2590 2189 2646 ridi-

599 2694 775 2750 culam
800 2693 969 2763 ipsius
1019 2693 1237 2762 Epicuri
1266 2688 1702 2761 sectatbrumque
1723 2689 1843 2758 ejus
1881 2702 1987 2744 non
2026 2685 2187 2743 refel-

598 2787 714 2841 lunt
745 2785 1152 2856 responsionem
1173 2827 1186 2849 ,
1229 2796 1332 2854 qua
1360 2784 1669 2855 garriebant
1688 2782 1820 2837 deos
1846 2797 1952 2835 non
1991 2780 2191 2836 habere

597 2876 814 2948 quidem
854 2890 1050 2947 corpus
1088 2884 1143 2931 et
1169 2877 1520 2946 sanguinem,
1565 2874 1661 2929 sed
1698 2874 1852 2944 quasi
1900 2886 2097 2940 corpus
2135 2879 2192 2926 et

598 2970 951 3044 sanguinem?
995 2971 1192 3027 Facilis
1246 2969 1490 3041 profecto
1536 2969 1707 3036 ratio,
1759 2978 1814 3024 et
1859 2968 2015 3023 obvia
2069 2981 2187 3024 om-

597 3065 757 3120 nibus
797 3072 901 3120 est.
936 3063 1141 3119 Tullius
1168 3062 1432 3134 siquidem
1461 3062 1623 3133 plane
1665 3069 1722 3116 et
1772 3061 2052 3131 perspicue
2100 3074 2190 3115 os-

596 3157 768 3214 tendit
812 3158 943 3213 illud
982 3150 1198 3227 Epicuri
1246 3155 1559 3227 ﬁgmentum
1601 3170 1631 3208 a
1682 3155 1899 3208 nemine
1939 3165 2189 3220 umquam

2283 577 2335 624 et
2360 564 2713 634 Brissonium,
2736 566 2828 621 lib.
2853 564 3085 621 deveteri
3105 563 3227 619 Ritu
3257 566 3579 636 nuptiarum,
3613 568 3758 621 toni.
3800 580 3902 621 xm

2281 660 2511 728 Antiqnit
2557 675 2712 725 rom.,
2758 674 2877 730 pag.
2928 658 3067 715 1016
3091 668 3147 713 et
3198 670 3373 729 seqq.,
3421 666 3589 730 atque
3640 658 3901 726 ibidem,

2282 755 2498 829 p.1128
2523 766 2577 810 et
2596 769 2743 826 seqq.
2772 753 3058 810 Holmanni
3076 798 3089 821 ,
3117 753 3313 808 librum
3337 753 3400 808 de
3423 753 3582 808 veteri
3607 753 3742 808 Ritu
3765 770 3903 824 nup-

2284 852 2503 917 tiarum,
2537 865 2657 921 cap.
2697 850 2765 907 ΞΟ
2793 860 2848 905 et
2885 864 3060 919 seqq.,
3091 849 3180 918 qui
3221 848 3320 902 hos
3363 857 3579 903 veteres
3635 848 3822 911 ritus,
3853 858 3907 903 et

2281 944 2424 1015 quod
2446 944 2714 998 Arnobius
2734 942 3054 1013 desperatis,
3082 942 3278 1008 pactis,
3298 941 3513 1010 sponsis
3528 951 3585 996 et
3615 938 3907 995 fescenni-

2284 1034 2366 1089 nis
2390 1034 2615 1102 addidit,
2647 1034 2758 1089 suis
2788 1036 2839 1089 in
2873 1030 3185 1089 tractatibus
3213 1034 3499 1103 explicant.
3558 1031 3907 1088 Fescennini

2284 1134 2446 1199 perro
2469 1143 2655 1182 versus
2675 1126 2800 1182 dicti
2820 1137 2963 1194 sunt,
2990 1127 3161 1198 inquit
3178 1126 3391 1192 Festus,
3414 1126 3498 1180 vel
3522 1126 3652 1196 quia
3671 1126 3754 1179 ab
3773 1126 3908 1180 urbe

2285 1221 2616 1279 Fescennina
2638 1222 2802 1288 allati,
2835 1223 2917 1277 vel
2946 1223 3065 1290 quia
3115 1221 3373 1277 fascinum
3414 1234 3608 1276 arcere
3642 1218 3911 1275 ferebar»

2285 1318 2373 1370 tur
2398 1313 2590 1389 (Libris
2616 1316 2780 1377 citat.,
2803 1333 2835 1385 p
2866 1312 3025 1381 l0l2,
3057 1314 3214 1380 1017,
3247 1313 3407 1376 1112,
3434 1313 3607 1378 1124ς
3632 1312 3825 1377 Γένει,
3851 1312 3911 1365 de

2285 1408 2422 1462 berb.
2441 1407 2614 1479 Sign.)
2634 1407 2969 1477 Quapropter
2994 1406 3181 1460 festive
3204 1406 3475 1460 Arnobius
3504 1418 3632 1458 cum
3660 1404 3910 1459 ethnicis

2283 1500 2536 1572 iocando,
2558 1498 2795 1566 aitdeas,
2822 1498 2962 1567 quod
2996 1499 3283 1569 participes
3312 1495 3769 1553 fescenninorum
3802 1512 3907 1551 non

2288 1600 2492 1655 essent,
2527 1590 2871 1660 perturbasse
2891 1588 3179 1644 discordiis
3206 1590 3407 1643 omnia.
3444 1606 3464 1640 ι
3498 1589 3780 1661 (Arnob.,
3813 1589 3905 1644 tib.

2288 1698 2363 1750 iv,
2394 1702 2444 1752 p.
2478 1678 2627 1757 MO.)
2665 1683 2803 1738 Deos
2832 1690 3009 1737 autem
3054 1683 3281 1737 aliorum
3315 1683 3515 1753 nuptiis
3536 1723 3552 1747 ,
3593 1695 3911 1753 earumque

2291 1778 2638 1834 celebrationi
2663 1774 2970 1833 interfuisse
2987 1776 3121 1832 varii
3140 1779 3432 1847 scriptores
3447 1790 3613 1848 atque
3632 1779 3686 1831 in
3709 1777 3909 1849 primis

2218 1876 2269 1946 Β
2298 1871 2559 1927 Homerus
2600 1872 2796 1942 smpius
2843 1878 3145 1927 memorant
3181 1869 3453 1944 (Romen,
3485 1870 3679 1939 Itiad.,
3712 1871 3905 1942 xxiv).

2372 1966 2526 2021 Brevi
2556 1976 2734 2021 autem
2768 1964 3171 2020 enumeratione
3203 1964 3393 2037 probat
3421 1966 3705 2021 Arnobius
3734 1965 3903 2031 deos,

2295 2058 2590 2115 fatentibus
2617 2059 2879 2122 ethnicis,
2913 2059 3054 2114 filios
3096 2073 3199 2114 non
3232 2059 3459 2114 solemni
3505 2064 3723 2113 tantum
3776 2074 3909 2114 eon-

2297 2153 2461 2208 n‘ubio
2488 2195 2501 2217 ,
2532 2151 2627 2207 sed
2679 2152 2786 2207 alio
2826 2151 2986 2223 longe
3033 2153 3257 2222 turpiori
3290 2156 3454 2207 modo
3495 2154 3905 2223 procreavisse.

2295 2246 2433 2314 Quid
2484 2245 2720 2302 validius
2769 2256 2948 2301 autem
2997 2248 3063 2300 ad
3117 2246 3306 2302 falsam
3357 2260 3421 2301 ac
3467 2248 3907 2302 eommentitiam

2294 2340 2510 2396 illorum
2532 2341 2891 2407 divinitatem,
2928 2341 3045 2411 ipso
3066 2341 3182 2396 sole
3206 2340 3408 2396 clarius
3439 2341 3905 2411 patefaciendam.

2296 2433 2530 2505 proferri
2554 2433 2774 2506 potest?
2806 2433 3042 2489 Primum
3070 2434 3250 2504 itaque
3278 2442 3460 2489 narrat
3487 2426 3683 2490 auctor
3722 2444 3911 2490 noster

2297 2522 2536 2598 (Arnob,
2567 2528 2657 2582 tib.
2689 2544 2749 2593 ii,
2788 2544 2909 2600 pag.
2936 2528 3007 2585 9‘2
3032 2538 3079 2582 et
3108 2528 3215 2592 94°,
3246 2529 3335 2583 tib.
3369 2543 3444 2597 iv,
3477 2538 3594 2600 p‘ag.
3630 2529 3769 2601 145)
3800 2542 3910 2587 me-

2296 2622 2484 2676 moria:
2505 2621 2573 2675 ab
2592 2620 2822 2677 ethnicis
2849 2622 3119 2692 proditum
3149 2619 3316 2676 fuisse
3336 2620 3626 2677 Saturnum
3653 2622 3731 2677 ab
3756 2621 3909 2678 Caelo

2295 2724 2351 2770 et
2382 2715 2578 2772 Hecata
2603 2757 2618 2781 ,
2652 2725 2813 2786 atque
2842 2718 2909 2771 ab
2938 2717 3127 2773 eodem
3156 2716 3391 2771 Saturno
3415 2724 3469 2770 et
3490 2713 3633 2785 Ope,
3671 2727 3732 2770 ut
3780 2716 3911 2772 alibi

2294 2808 2599 2863 notavimus
2627 2809 2647 2881 (
2666 2807 2882 2864 Dissert.
2919 2811 2975 2863 in
3001 2808 3222 2876 Minuc.,
3254 2825 3375 2878 cap.
3416 2809 3503 2871 15,
3535 2816 3639 2861 art.
3669 2808 3771 2877 2),
3820 2808 3909 2864 Jo-

2294 2918 2415 2957 vem
2444 2902 2746 2972 fratresque
2776 2904 2891 2975 ejus
2933 2903 3261 2972 Neptunum,
3294 2912 3349 2957 et
3377 2890 3694 2970 Plutonem,
3726 2918 3795 2961 ac
3819 2905 3909 2959 Ju-

2295 3011 2494 3053 nonem
2525 3012 2767 3052 sororem
2812 2998 3054 3067 aliosque
3092 3005 3412 3068 generatos;
3445 2980 3729 3052 servatum
3777 3013 3908 3054 vero

2294 3089 2480 3146 Jovem
2513 3104 2540 3143 a
2571 3088 2857 3145 Curetibus
2882 3129 2898 3157 ,
2927 3104 2995 3145 ne
3020 3103 3050 3142 a
3078 3097 3233 3161 patre
3259 3103 3358 3143 suo
3378 3130 3392 3153 ,
3439 3088 3909 3160 quemadmodum

2295 3184 2471 3240 adhuc
2517 3184 2921 3239 observavimus
2942 3224 2957 3248 ,
2990 3183 3365 3238 devoraretur.
3395 3183 3566 3249 Quam
3610 3183 3910 3253 proculdu-

597 3253 838 3323 p0tuisse
887 3252 1112 3321 intelligi
1152 3249 1391 3321 (Cicer.,
1434 3249 1521 3302 lib.
1547 3263 1564 3301 i
1593 3246 1655 3300 de
1683 3256 1789 3300 nat.
1831 3244 2012 3310 deam,
2065 3259 2183 3315 pag.

2297 3279 2384 3333 bio
2410 3277 2479 3332 ob
2506 3284 2725 3332 eauSam
2759 3277 2857 3330 hos
2900 3244 3193 3342 Arnobius,
3228 3274 3355 3345 Upis
3377 3244 3572 3329 subtiles
3599 3244 3782 3346 regias
3820 3291 3911 3347 ap-

598 3346 726 3410 202,
787 3347 881 3401 lin.
914 3344 1042 3417 45).
1074 3343 1280 3400 Deinde
1324 3356 1452 3397 vero
1482 3341 1710 3411 gentiles
1740 3348 1932 3396 revera
1975 3339 2191 3408 iactita-

600 3440 728 3496 bant
754 3441 886 3495 deos
916 3452 1045 3494 suos
1069 3452 1203 3494 vero
1233 3448 1462 3508 corpore
1509 3448 1563 3491 et
1609 3436 1870 3515 sanguine
1898 3433 2189 3504 prmditos,

598 3534 982 3604 elfrrenataque
1009 3547 1073 3587 ac
1101 3526 1306 3603 perdita
1339 3530 1632 3600 voluptatis
1674 3527 1895 3583 libidine
1926 3530 2188 3596 percitos,

599 3625 880 3698 gignendis
929 3626 1115 3680 liberis
1164 3624 1380 3680 dedisse
1431 3632 1671 3693 operam.
1703 3621 1836 3689 Quia
1885 3620 2016 3676 vero
2062 3619 2192 3675 illud

601 3719 732 3774 satis
767 3718 974 3772 notavit
1006 3716 1310 3784 Arnobius,
1345 3715 1471 3770 hinc
1515 3726 1620 3770 non
1652 3715 1857 3784 putavit
1900 3714 2109 3785 longius
2140 3716 2191 3768 in

604 3810 938 3868 confutando
969 3811 1063 3866 illo
1094 3808 1284 3866 insane
1310 3811 1695 3881 Epicureorum
1722 3818 2030 3865 commento
2060 3819 2195 3865 tem-

600 3912 702 3977 pus
740 3912 862 3960 esse
887 3902 1336 3960 consumendum.

671 4021 843 4090 Quam
889 4025 1039 4076 certe
1080 4020 1260 4076 autem
1313 4014 1514 4076 etliuici
1562 4016 1848 4075 crederent
1887 4016 2020 4074 deos
2068 4033 2196 4073 suos

602 4116 731 4169 vero
769 4111 1110 4184 humanoQu‘e
1140 4112 1303 4168 maris
1332 4124 1385 4168 et
1413 4113 1626 4168 femina:
1655 4112 1884 4182 corpore
1927 4112 2193 4167 consulu—

603 4217 717 4272 tos,
752 4208 876 4263 hinc
903 4225 1033 4263 sane
1060 4208 1260 4279 liquet,
1296 4200 1438 4278 quod
1467 4204 1682 4277 ipsimet
1716 4209 1867 4278 plura
1890 4250 1905 4274 ,
1956 4216 2008 4263 ut
2048 4216 2196 4262 reete

606 4300 781 4373 arguit
829 4298 1124 4364 Arnobius,
1158 4290 1226 4356 de
1278 4299 1609 4356 solemnibus
1656 4312 1844 4356 eorum
1892 4300 2192 4370 conjugiis,

601 4404 666 4453 ac
706 4395 968 4465 susceptis
1011 4393 1134 4449 inde
1164 4390 1378 4457 liberis,
1429 4386 1728 4462 posteritati
1774 4388 2044 4461 tamquam
2093 4388 2194 4444 nii-

604 4492 751 4547 nime
778 4488 937 4546 dubia
971 4486 1322 4544 tradiderimt.
1356 4482 1479 4545 Suis
1505 4484 1645 4543 enim
1670 4490 1809 4557 pene
1846 4485 2096 4540 Omnibus
2141 4485 2195 4540 in

600 4584 753 4644 libris
778 4587 1193 4645 venditaverant
1241 4584 1452 4658 nuptias
1479 4576 1509 4639 τί
1537 4582 1641 4639 diis’
1666 4580 1777 4639 suis
1826 4581 2060 4637 humano
2092 4581 2196 4637 ritu

601 4690 656 4741 et
701 4681 1108 4746 conditionibus,
1162 4684 1221 4737 ut
1263 4680 1338 4735 ait
1377 4662 1647 4734 Arnobius
1699 4666 1960 4751 (Arnob,
1995 4673 2083 4730 lib.
2115 4674 2194 4743 iv,
2222 4669 2278 4734 D
2302 4689 2382 4741 IV,
2409 4690 2528 4744 pag.
2553 4670 2699 4742 145),
2735 4689 2754 4722 ί
2789 4670 2985 4725 dicitur
3001 4684 3068 4725 es
3098 4668 3267 4738 pelagi
3288 4683 3509 4739 spuma,
3535 4677 3585 4723 et
3609 4684 3675 4723 ex
3697 4668 3857 4735 Coeli,
3886 4690 3902 4722 ι
4000 4708 4001 4751 1

604 4795 726 4848 pag.
757 4772 937 4848 MO),
987 4776 1244 4846 quwsitis,
1293 4774 1453 4845 atque
1495 4766 1619 4839 usu,
1666 4776 1838 4844 farre,
1888 4771 2203 4841 coemptione

604 4870 927 4924 celebratas.
960 4868 1035 4922 Ea
1067 4860 1247 4922 autem
1274 4868 1454 4921 omnia
1476 4908 1490 4933 ,
1525 4874 1663 4920 teste
1694 4864 1884 4921 Servio
1908 4865 2113 4934 (Sea-0.,
2148 4862 2202 4918 in

607 4960 694 5015 lib.
730 5002 746 5027 ,
779 4950 966 5031 Georg.
1008 4954 1174 5031 Virg.,
1219 4944 1349 5013 cers.
1381 4958 1497 5031 50),
1524 4956 1588 5012 ad
1617 4959 1865 5028 antiquos
1893 4948 2200 5027 nuptiarum

604 5054 740 5110 ritus
794 5046 1134 5125 pertinebant
1180 5072 1192 5105 :
1245 5048 1263 5102 ἆ
1302 5050 1497 5107 Tribus
1547 5053 1690 5107 enim
1735 5046 1946 5117 modis,
1993 5049 2199 5121 inquit,

605 5144 747 5218 apud
777 5156 987 5201 veteres
1031 5146 1234 5214 nuptiae.
1276 5145 1506 5210 flebant;
1537 5140 1635 5199 uSu
1656 5187 1670 5210 ,
1720 5140 1765 5199 si
1796 5138 1945 5199 verbi
1993 5142 2159 5213 gratia
2180 5186 2195 5211 ,

607 5239 801 5294 mulier
829 5238 972 5293 anno
999 5254 1118 5293 cum
1158 5238 1303 5301 viro,
1345 5236 1470 5292 licet
1519 5236 1637 5292 sine
1686 5234 1913 5307 legibus,
1964 5236 2150 5290 fuisset
2183 5256 2195 5291 :

610 5331 785 5397 farre;
828 5330 950 5385 eum
982 5346 1076 5400 per
1097 5328 1413 5386 Pontilicem
1440 5330 1752 5395 maximum,
1776 5334 1829 5383 et
1850 5326 2054 5383 Dialem
2072 5324 2195 5383 Fla-

610 5425 807 5478 minem
835 5436 930 5494 per
961 5418 1138 5491 fruges
1168 5432 1218 5477 et
1248 5424 1442 5477 molam
1474 5422 1672 5476 salsam
1701 5416 2196 5491 conjungebantur,

610 5517 750 5573 unde
775 5516 1100 5573 eonfairatio
1128 5512 1499 5586 appellabatur
1520 5555 1533 5578 ,
1569 5526 1634 5567 ex
1661 5512 1850 5584 quibus
1877 5512 2076 5583 nuptiis
2111 5514 2202 5582 pa-

616 5610 757 5665 trimi
812 5618 867 5663 et
921 5608 1155 5663 matrimi
1210 5606 1980 5677 nascebanturzcoemplione
2034 5619 2201 5671 vero,

611 5698 771 5775 atque
804 5705 854 5759 in
885 5719 1099 5759 manum
1148 5701 1503 5758 eonventione
1528 5744 1542 5770 ,
1585 5700 1705 5756 eum
1737 5700 1825 5757 illa
1859 5703 1911 5755 in
1960 5696 2080 5753 tiliae
2128 5698 2206 5753 lo-

2300 3371 2477 3442 pellali
2511 3368 2766 3442 (Arnob.,
2799 3368 2889 3423 lib.
2915 3385 2973 3436 ιι,
3002 3384 3124 3440 pag.
3163 3365 3279 3438 20).
3310 3366 3378 3422 Ει
3403 3376 3550 3423 certe
3578 3370 3857 3436 scriptum
3884 3385 3909 3424 ι

2296 3463 2529 3517 Diodoro
2561 3462 2738 3518 Sicolo
2785 3462 3009 3531 legimus
3052 3458 3328 3532 (Diodor.,
3359 3448 3449 3514 lib.
3492 3475 3699 3532 v,pag.
3744 3460 3905 3533 252).

2295 3560 2483 3636 Κρόνου
2512 3560 2600 3613 καὶ
2627 3556 2762 3620 Ῥέας
2789 3557 2991 3627 λέγεται
3028 3557 3259 3629 γένεσθαι
3288 3560 3377 3614 τήν
3432 3551 3485 3609 δὲ
3529 3553 3763 3620 Ἐστίαν,
3824 3562 3909 3611 καὶ

2295 3655 2584 3727 Δήμητραν,
2614 3653 2700 3704 καὶ
2747 3646 2925 3727 Ἥραν.
2954 3644 3031 3703 ἔτι
3075 3645 3129 3703 δέ
3178 3652 3290 3710 Δία,
3333 3651 3421 3702 καὶ
3465 3644 3786 3714 Ποσειδῶνα,
3831 3655 3912 3705 καὶ

2298 3742 2447 3804 Αδήν.
2466 3741 2512 3795 Ε
2540 3741 2768 3798 Saturno
2797 3749 2843 3795 et
2874 3732 3044 3808 Rhea,
3070 3756 3188 3811 qua":
3216 3732 3422 3795 Latinis
3441 3738 3551 3811 Ops
3573 3752 3681 3807 est,
3717 3738 3906 3807 Vesta,

2298 3837 2466 3905 Ceres,
2493 3832 2656 3902 Juno,
2693 3833 2986 3905 Neptunus,
3039 3843 3085 3887 et
3119 3831 3276 3888 Pluto
3314 3834 3424 3886 nati
3470 3833 3737 3887 dicuntur.
3777 3834 3907 3891 Huic

2297 3930 2583 3995 Hesiodus,
2606 3940 2659 3987 et
2675 3928 2995 3985 auctorlibri
3020 3927 3082 3983 de
3108 3916 3466 3995 Universitate,
3491 3928 3691 3995 aliique
3716 3944 3905 3998 magno

2298 4040 2524 4080 numero
2552 4033 2607 4078 et
2638 4036 2908 4077 consensu
2935 4019 3291 4090 suﬂ‘ragantur
3329 4018 3597 4091 (Hesiod.,
3628 4018 3898 4092 Tltcogon.

2298 4134 2428 4174 vers.
2459 4116 2566 4172 455
2595 4124 2642 4170 et
2670 4130 2844 4187 seqq.;
2875 4111 3064 4177 Cicer.,
3123 4108 3213 4165 tib.
3254 4110 3316 4166 de
3366 4106 3602 4166 Univers.
3636 4110 3903 4182 Append.)

2369 4207 2508 4278 Quid
2530 4216 2709 4261 autem
2744 4206 2950 4275 turpius
2979 4203 3283 4275 foediusque
3309 4203 3601 4274 excogitari
3626 4206 3806 4272 petuit
3834 4206 3908 4259 in.

2297 4299 2427 4357 fami
2460 4299 2683 4355 Veneris
2709 4298 2979 4371 Cytheris:
3010 4306 3131 4353 ortu
3150 4339 3165 4362 ,
3200 4312 3358 4368 quem
3388 4306 3648 4367 perpetuo
3690 4296 3905 4351 silentio

2299 4394 2686 4460 damnandum,
2720 4402 2823 4447 eta
2850 4391 3138 4462 gentilibus
3158 4390 3402 4460 deposita
3451 4391 3597 4445 omni
3643 4392 3909 4446 verecun-

2300 4487 2386 4542 dia
2416 4486 2744 4557 poblieatum
2775 4483 3043 4539 Arnobius
3067 4491 3250 4539 noster
3273 4482 3386 4538 haec
3412 4483 3465 4537 in
3497 4482 3662 4537 verba
3692 4485 3776 4539 eis
3817 4499 3907 4539 ex-

2303 4560 2575 4649 probravit
2606 4594 2620 4631 :
2658 4596 2677 4628 (
2715 4572 2984 4646 Numquid
3017 4574 3226 4629 anobis
3265 4594 3284 4626 ι
3322 4574 3492 4645 inquit
3529 4571 3784 4647 (Arnob,
3819 4574 3905 4630 lib.

2305 4770 2456 4840 cujus
2481 4766 2639 4839 paulo
2670 4773 2796 4821 ante
2842 4764 3169 4820 mentionem
3218 4760 3467 4825 fecimus,
3507 4781 3526 4814 ι
3579 4763 3909 4833 genitalibus
4000 4760 4001 4831 ξ

2306 4861 2617 4935 amputatis,
2637 4858 2906 4935 Cytberiae
2924 4856 3146 4912 Veneris
3166 4866 3475 4912 concretum
3491 4856 3763 4911 coaluisse
3783 4872 3913 4912 can-
4000 4840 4001 4849 ‘

2305 4954 2518 5012 dorem?
2554 4972 2572 5007 ι
2596 4953 2701 5008 Sed
2731 4953 2833 5007 hoc
2849 4947 3522 5017 CleinensjAlexandrinus
3550 4942 3712 5016 paulo
3741 4947 3911 5004 fusius

2305 5060 2359 5105 et
2388 5048 2611 5104 liberius
2634 5048 2689 5100 in
2717 5044 2935 5099 eosdem
2965 5042 3214 5097 ethnicos
3241 5083 3256 5106 ,
3287 5051 3347 5094 ut
3373 5040 3574 5094 salubri
3596 5039 3818 5112 aliquo,
3868 5043 3913 5097 si

2306 5157 2542 5213 unquam
2568 5139 2679 5194 fieri
2706 5146 2936 5208 poterat,
2965 5135 3168 5205 pudore
3188 5131 3639 5200 sulfunderentur,
3661 5134 3743 5188 sic
3761 5144 3912 5206 urget

2305 5235 2560 5308 (Clemens
2584 5232 2891 5295 Atemndr.,
2915 5228 3163 5284 admonit.
3179 5220 3247 5281 ad
3275 5225 3450 5293 Gent.,
3482 5243 3601 5298 pag.
3632 5227 3724 5295 10)
3744 5228 3912 5303 ε’,ιιγοο

2307 5332 2442 5407 pede;
2464 5326 2517 5382 δὲ
2539 5323 2819 5398 ἀναφανδὸν
2847 5328 2913 5380 τὰ
2938 5323 3284 5394 κεκρυμμένα,
3314 5322 3404 5375 οὐκ
3429 5318 3730 5389 αἰδούμενος
3748 5321 3908 5395 lie/si»

2306 5406 2339 5476 ἃ
2367 5424 2666 5496 προσκυνεῖν
2720 5416 2812 5470 οὐκ
2850 5416 3188 5486 αἰσχύνεσθε.
3216 5416 3247 5472 ἡ
3271 5414 3362 5484 μὲν
3392 5406 3479 5466 οὖν
3520 5412 3805 5487 dippe-73w};
3858 5435 3910 5468 τε

2280 5516 2391 5571 ⁷καί
2432 5514 2779 5588 insuper/avris,
2810 5510 2841 5567 ἦ
2883 5509 3074 5583 Κινύρα
3127 5507 3268 5580 φίλη,
3319 5502 3709 5580 τῆν’Δφροδὶτην
3757 5507 3907 5580 λέγω,

2310 5611 2399 5666 τήν
2438 5600 2737 5676 Φιλομηδέα,
2771 5597 2849 5656 ὅτι
2891 5598 3086 5672 μηδέων
3137 5599 3423 5674 ἐξεφαάνθη,
3457 5596 3653 5670 μηδέων
3710 5600 3909 5654 ἐκείνων

2309 5708 2409 5755 τῶν
2472 5694 2897 5767 ἂποκεκομμένων
2967 5696 3208 5771 οὐρανοῦ,
3253 5698 3352 5746 τῶν
3395 5690 3602 5762 λάχνων
3649 5698 3754 5745 τῶν
3784 5695 3913 5765 μετὰ

619 5798 772 5859 cum,
830 5794 1050 5850 maritus
1077 5796 1129 5849 in
1175 5795 1344 5865 patris
1392 5795 1673 5863 veniebat,
1727 5794 1849 5849 utsi
1891 5791 2011 5862 quis
2062 5790 2190 5861 pl‘lOl

2311 5797 2400 5851 τήν
2423 5794 2579 5862 τομὴν
2605 5789 2662 5842 τὸ
2687 5793 2827 5858 κῦμα
2843 5786 3210 5861 βεϐιασμένων·
3240 5786 3306 5845 ὡς
3327 5784 3549 5856 ἀσελγῶν
3572 5784 3694 5853 ὑμῖν
3724 5789 3911 5860 μορίων

588 5888 595 5893 ’
631 5878 814 5946 inisset
840 5890 1153 5960 detonetus,
1183 5892 1356 5949 locoin
1381 5883 1711 5949 hmreditatis
1747 5890 1898 5946 alteri
1927 5886 2149 5946 faceret.
2184 5910 2204 5943 ι

2315 5881 2472 5948 ἄξιος.
2513 5877 2772 5956 Ἀφροδίτη
2811 5880 3001 5953 ’γίνεται
3024 5881 3223 5958 nupera;
3244 5878 3294 5932 ἐν
3316 5882 3431 5937 ταῖς
3454 5875 3702 5938 τελεταῖς.
3726 5876 3912 5949 Aperte
