4030 6292
567 335 671 397 5H

1772 330 2223 394 DlSSERTATIO
2260 330 2539 390 PR/EVlA

3768 326 3891 385 51⁸3⁹

568 449 769 523 (Seria,
817 449 872 505 in
929 446 1016 504 lib.
1072 448 1261 522 Georg.
1327 449 1471 522 Virg.
1524 465 1657 506 vers.
1688 450 1776 515 88,
1825 466 1946 522 pag.
1999 447 2147 520 125),
2177 451 2368 513 Αιιιπι
2410 446 2729 519 singularis,
2776 447 2896 505 sine
2937 445 3272 519 diphthongo
3318 445 3556 503 balteum
3613 442 3888 512 Veneris,

577 562 596 595 ι
629 543 789 599 ambo
829 542 1052 599 licenter
1072 551 1128 600 et
1181 542 1430 601 Polluces
1479 553 1533 601 et
1579 544 1833 601 Castores
1878 554 2156 601 vocantur.

568 633 704 692 Nam
728 642 784 691 et
808 633 956 707 ludi,
987 644 1044 692 et
1065 636 1343 710 templum,
1375 646 1429 695 et
1453 638 1628 696 stellae
1656 637 1937 696 Castorum
1964 653 2162 695 vocan-

570 735 676 784 tur.
717 745 738 780 ι

642 819 825 876 Primo
851 829 1032 879 autem
1072 823 1126 879 in
1147 823 1286 881 libro
1312 824 1579 882 Arnobius
1599 826 1814 884 dixerat
1848 847 1863 883 :
1894 846 1915 880 ‹
1943 827 2162 902 Tynda-

569 910 702 969 ridae
747 910 1001 972 Castores
1041 914 1183 989 (ms.
1234 931 1350 988 reg.
1377 916 1527 975 Tunc
1559 918 1677 975 dari
1725 919 1794 975 de
1837 917 2163 992 Castores.)

569 1021 738 1079 equos
764 1023 902 1065 unus
926 1008 1192 1066 domitare
1240 1010 1450 1080 solitus,
1479 1011 1616 1068 alter
1644 1012 1928 1084 pugillator
1949 1013 2123 1069 bonus
2146 1054 2163 1080 ,

569 1111 627 1159 et
668 1102 839 1160 crudo
864 1103 1308 1176 inexsuperabilis
1326 1113 1500 1163 caestu
1526 1125 1540 1161 :
1566 1106 1789 1163 Titanes
1808 1118 1863 1164 et
1901 1108 2164 1173 Bocores,

574 1196 716 1273 (ms.
748 1214 864 1274 reg.
892 1199 1138 1257 Tisianes
1167 1210 1222 1257 et
1266 1199 1565 1274 Bucures.)
1600 1201 1803 1269 Mauri,
1847 1211 1903 1258 et
1944 1218 2168 1259 ovorum

573 1292 858 1363 progenies
888 1292 968 1348 Dii
994 1293 1137 1366 Syri.
1168 1313 1190 1347 ι
1233 1292 1476 1367 (Arnob.,
1509 1294 1598 1350 lib.
1622 1312 1672 1362 1,
1701 1312 1821 1368 pag.
1851 1296 1979 1370 20.)
2008 1295 2170 1352 Vides

573 1400 707 1443 sane
734 1400 895 1457 quam
941 1384 1085 1442 foede
1126 1384 1214 1442 hic
1244 1386 1393 1443 locus
1435 1387 1706 1459 imperitia
1734 1389 1933 1445 librarii
1978 1389 2171 1460 depra-

573 1487 730 1535 vatus
758 1479 848 1535 sit.
889 1478 1228 1553 Quapropter
1255 1480 1430 1538 lucem
1456 1480 1687 1553 aliquam
1713 1482 1823 1550 illi,
1852 1484 2028 1555 quoad
2054 1482 2172 1539 ﬁeri

576 1571 806 1642 poterit,
860 1570 1053 1628 afferre
1099 1571 1439 1628 conabimur.
1461 1572 1701 1629 Primum
1748 1574 1858 1640 ibi,
1908 1584 1966 1631 et
1992 1574 2172 1632 adhuc

575 1665 699 1722 alibi
750 1663 942 1722 Castor
968 1675 1024 1723 et
1052 1667 1265 1734 Pollux,
1297 1667 1613 1740 Tyndaridae
1646 1668 1903 1738 Castores,
1953 1670 2021 1727 ab
2074 1673 2175 1728 Ar-

575 1756 768 1825 nobio,
797 1766 853 1813 et
879 1773 910 1813 a
929 1755 1192 1816 Cicerone
1236 1758 1552 1831 Tyndaridae
1581 1761 1972 1830 tantummodo,
2001 1772 2056 1819 et
2105 1762 2175 1818 ab

2263 542 2550 613 signiﬁcat.
2586 562 2605 596 ι
2636 543 2901 610 Quocirca
2924 543 3268 608 Theocritus,
3296 550 3357 597 ut
3384 542 3547 614 paulo
3573 548 3706 598 ante
3731 540 3890 597 vidi-

2264 650 2405 698 mus.
2433 637 2634 692 cecinit
2652 650 2843 693 manus
2873 636 3140 693 Polluscis
3182 636 3387 715 cinctas
3425 638 3648 692 Βοέοισιν
3691 635 3892 709 ἱμᾶσιν

2267 729 2465 784 bubulis
2509 729 2653 793 loris,
2694 729 2853 785 sicuti
2892 728 3126 786 reddidit
3165 727 3285 799 ejus
3327 729 3619 799 interpres,
3668 726 3725 782 id
3768 736 3889 791 est,

2266 821 2539 880 caestibus.
2568 822 2775 893 Quibus
2804 821 3021 896 adjungi
3064 831 3243 894 potest
3270 820 3499 889 Seneca,
3531 820 3626 895 qui
3669 819 3887 880 alicubi

2267 913 2404 971 dixit
2433 932 2446 969 :

2612 1074 2769 1125 Cedet
2789 1073 2991 1127 Castore
3015 1088 3126 1126 cum
3148 1087 3239 1127 suo

2613 1136 2807 1200 Pollux,
2831 1139 3058 1190 cantibus
3084 1136 3278 1201 aptior.‘3

2980 1220 3197 1286 (Scaea,
3217 1216 3271 1273 in
3287 1220 3483 1283 Medea,
3507 1226 3603 1274 act.
3620 1219 3684 1285 1.)

2275 1370 2343 1424 At
2370 1368 2437 1425 de
2466 1377 2630 1425 caestu
2656 1369 2856 1440 aliquid
2886 1371 2941 1427 in
2972 1371 3153 1444 priore
3177 1372 3483 1443 Apparatus
3511 1376 3691 1431 nostri
3725 1383 3890 1433 tomo

2273 1463 2649 1519 aunotavimus
2694 1463 2841 1536 (tom.
2885 1481 2923 1533 1,
2970 1466 3248 1537 Apparal.,
3299 1466 3389 1521 lib.
3438 1483 3518 1535 111,
3567 1468 3785 1528 dissert.
3828 1471 3895 1542 2,

2274 1574 2397 1630 pag.
2427 1558 2567 1614 1195
2587 1569 2635 1614 et
2653 1560 2842 1632 seqq.).

2348 1651 2519 1723 Major
2547 1653 2728 1724 itaque
2756 1652 3053 1710 difﬁcultas
3081 1663 3167 1711 est
3194 1656 3247 1711 in
3290 1657 3604 1728 penultimis
3651 1658 3898 1718 Arnobii

2277 1746 2458 1801 verbis
2492 1764 2506 1801 :
2541 1744 2755 1802 Titanes
2784 1757 2837 1803 et
2857 1747 3083 1804 Bocores
3114 1747 3323 1817 Mauri,
3352 1760 3446 1806 aut
3472 1759 3529 1806 ut
3555 1751 3609 1807 in
3644 1768 3758 1809 ms.
3789 1768 3898 1810 co-

577 1850 770 1908 Ovidio
793 1851 1119 1925 Tyndaridas
1145 1853 1340 1911 fratres
1358 1856 1767 1930 nuncupantur(
1787 1857 1956 1927 Idem,
1985 1857 2073 1912 lib.
2105 1873 2172 1923 11,

2291 1839 2402 1897 dice
2430 1842 2578 1912 regio
2610 1843 2826 1913 legitur,
2862 1842 3093 1900 Tisiancs
3121 1855 3168 1900 et
3195 1845 3403 1902 buculas
3427 1849 3595 1902 mauri
3631 1848 3895 1922 (Aruob.,

578 1962 701 2016 pag.
724 1945 827 2012 9'5;
849 1944 1012 2000 Cicer.
1032 1946 1122 2003 lib.
1147 1963 1185 2002 ιι
1209 1947 1272 2002 de
1296 1946 1490 2003 Natur.
1520 1949 1684 2016 deor.,
1712 1968 1834 2023 pag.
1851 1951 1980 2013 2H;
2003 1961 2051 2005 et
2076 1950 2170 2008 lib.

580 2053 668 2103 111,
701 2054 821 2109 pag.
855 2035 950 2105 24;
981 2037 1184 2108 .Oaid.,
1212 2039 1301 2095 lib.
1335 2056 1367 2095 v
1392 2039 1633 2107 Fastor.,
1658 2042 1752 2096 sub
1790 2042 1933 2114 ﬁn.).
1966 2042 2172 2100 Nomen

580 2141 758 2188 autem
786 2131 915 2189 illud
959 2133 1135 2190 sortiti
1163 2142 1328 2201 sunt;
1357 2136 1479 2206 quia
1527 2150 1623 2193 eos
1648 2152 1714 2192 ex
1753 2137 2005 2210 Tyndaro
2048 2154 2177 2210 rege

582 2224 820 2283 Oebaliae
844 2233 901 2282 et
923 2224 1072 2283 Leda
1127 2226 1245 2298 ejus
1290 2242 1459 2284 uxore
1507 2240 1800 2301 prognatos
1845 2230 2170 2299 credebant;

582 2320 827 2392 quamvis
848 2335 918 2376 ex
943 2319 1141 2376 furtivo
1171 2320 1353 2389 Jovis,
1380 2322 1436 2377 in
1483 2336 1716 2395 cygnum
1744 2324 2025 2393 conversi,
2054 2341 2178 2381 cum

582 2414 727 2472 Leda
780 2428 1075 2488 congressu
1104 2416 1215 2471 nati
1243 2415 1490 2473 fuissent.
1535 2416 1614 2471 Ex
1657 2416 1792 2473 Jove
1839 2419 1983 2475 enim
2033 2419 2178 2476 Leda

583 2507 693 2564 duo
719 2508 929 2579 peperit
954 2522 1078 2576 ova,
1107 2523 1177 2565 ex
1198 2508 1395 2580 quibus
1422 2524 1529 2566 non
1553 2510 1727 2566 solum
1756 2510 1950 2567 Castor
1973 2521 2029 2567 et
2050 2512 2146 2580 Pol
2165 2546 2180 2556 .

587 2601 714 2668 lux,
760 2598 857 2656 sed
898 2598 1103 2656 Helena
1132 2601 1294 2657 etiam
1345 2612 1400 2659 et
1424 2600 1816 2676 Clytemnestra
1862 2605 1990 2661 editi
2040 2605 2183 2662 iere-

584 2694 801 2751 bantur.
840 2696 1017 2767 Atque
1045 2694 1184 2752 hanc
1207 2711 1340 2753 sane
1392 2696 1463 2753 ob
1490 2712 1709 2754 causam
1756 2699 1998 2756 Dioscuri
2035 2705 2183 2757 Δίοσ-

586 2808 792 2868 κουροι,
846 2796 906 2844 ut
928 2787 1198 2859 diximus,
1228 2804 1259 2844 a
1288 2803 1423 2846 voce
1450 2792 1561 2853 Διὸς
1610 2790 1775 2859 Jovis,
1807 2802 1863 2848 et
1888 2794 2027 2867 κόροι
2071 2794 2184 2850 sive

587 2884 799 2952 κοῦροι,
836 2878 933 2936 ﬁlii
962 2881 1327 2953 cognominati
1371 2892 1516 2939 sunt.
1561 2883 1898 2955 Quapropter
1938 2886 2186 2943 nonnulli

587 2972 882 3043 conjiciunt
922 2976 975 3030 in
1006 2977 1227 3033 Aruobii
1254 2987 1402 3034 textu
1449 2992 1549 3049 pro
1594 2977 1685 3033 Dii
1711 2979 1857 3052 Syri,
1902 2981 2184 3054 legendum

586 3065 864 3125 Dioscuri.
898 3068 1163 3129 Seldenus
1210 3086 1339 3128 vero
1382 3072 1708 3144 peculiarem
1751 3073 1821 3132 de
1862 3074 1968 3132 diis
2016 3075 2187 3148 Syriis

587 3157 785 3217 librum
815 3159 1120 3234 divulgavit.

2278 1932 2369 1988 lib.
2400 1950 2437 2001 1,
2487 1952 2608 2006 pag.
2638 1934 2758 2010 20),
2797 1954 2917 2008 qua:
2959 1937 3226 1995 Heraldus
3263 1941 3520 2011 explicari
3562 1958 3673 1997 non
3723 1958 3900 2015 posse

2279 2026 2424 2082 ultro
2445 2027 2666 2084 fatetur.
2693 2028 3081 2102 Suspicabatur
3105 2042 3287 2089 autem
3317 2033 3659 2092 Stewechius
3690 2036 3896 2110 legen-

2279 2120 2408 2175 dum
2433 2138 2446 2174 :
2473 2120 2630 2194 Ignes
2661 2135 2708 2179 et
2736 2126 2965 2198 fulgores
2986 2127 3207 2195 marini;
3235 2128 3359 2199 quia
3381 2128 3573 2185 Castor
3598 2139 3656 2187 et
3684 2130 3896 2188 Pollux

2280 2214 2451 2270 stellae
2489 2226 2616 2271 sunt
2657 2218 3032 2292 navigantibus
3070 2221 3356 2278 salutares.
3401 2222 3629 2279 Senecae
3669 2234 3897 2295 autem,

2280 2306 2464 2374 Plinii,
2498 2316 2554 2363 et
2592 2310 2822 2366 aliorum
2866 2314 3180 2369 testimonio
3224 2314 3355 2371 illud
3402 2314 3620 2372 ﬁrmare
3668 2328 3900 2389 poterat

2287 2399 2523 2470 (Scaea,
2543 2404 2631 2458 lib.
2658 2422 2696 2471 1,
2722 2403 2911 2462 Natur.
2940 2408 3157 2474 (latest,
3180 2425 3299 2479 cap.
3330 2410 3384 2478 1,
3413 2427 3534 2485 pag.
3548 2410 3689 2480 405;
3711 2412 3898 2483 Plin.,

2285 2493 2373 2549 lib.
2407 2510 2466 2563 11,
2499 2494 2694 2553 Natur.
2716 2498 2885 2567 Hist.,
2918 2518 3036 2574 cap.
3071 2503 3186 2575 37).
3226 2503 3334 2559 Sed
3364 2505 3483 2560 aliis
3513 2507 3743 2564 minime
3771 2510 3896 2579 pla-

2285 2585 2397 2640 cuit
2441 2585 2558 2643 haec
2588 2588 2880 2647 Stewechii
2915 2593 3248 2664 conjectura.
3293 2595 3529 2652 Meursio
3562 2601 3774 2673 margis
3805 2618 3898 2659 ιιι-υ

2285 2678 2405 2733 risit
2454 2680 2627 2739 Grotii
2669 2684 2966 2753 divinatio,
3001 2702 3106 2757 qua
3139 2686 3398 2744 Tisianira
3427 2699 3474 2745 et
3512 2690 3715 2748 Bucero
3745 2699 3894 2763 nati,

2287 2781 2633 2839 scribendum
2655 2781 3042 2852 augurabatur.
3062 2780 3330 2839 Tisianira
3351 2783 3496 2839 enim
3514 2796 3596 2842 est
3612 2785 3894 2857 Nemesis,

2288 2879 2403 2934 sive
2438 2876 2581 2932 Leda
2604 2918 2619 2940 ,
2648 2885 2705 2931 et
2735 2874 2947 2945 Jupiter
2975 2874 3243 2941 Bucerus,
3275 2886 3332 2931 ut
3362 2888 3516 2947 pote,
3564 2879 3622 2935 in
3670 2890 3897 2940 taurum

2289 2969 2580 3042 aliquando
2617 2977 2877 3024 mutatus.
2909 2968 3171 3024 Bucerum
3209 2969 3350 3024 enim
3379 2985 3573 3041 pecus,
3601 2983 3656 3027 et
3689 2972 3899 3032 bucera

2290 3064 2693 3122 armcntaidem
2712 3078 2776 3119 ac
2796 3063 2972 3119 boves
2993 3063 3321 3135 signiﬁcant.
3342 3063 3450 3120 Sed
3471 3067 3720 3135 quamvis
3740 3067 3902 3126 Jovis

2292 3172 2591 3231 cognomen
2640 3155 2831 3213 luisset
2876 3155 3119 3225 Bucero,
3170 3156 3385 3227 probari
3432 3168 3613 3213 tamen
3656 3158 3902 3218 debebat

660 3253 743 3310 Ex
785 3253 872 3310 his
913 3267 1094 3315 autem
1127 3303 1142 3326 ν
1200 3274 1321 3329 qua}
1359 3259 1518 3330 paulo
1567 3270 1693 3317 ante
1739 3261 2178 3332 observavimus,
2210 3255 2257 3320 C
2288 3268 2387 3309 cur
2418 3252 2490 3306 ibi
2532 3249 2809 3306 Arnobius
2848 3250 3181 3306 mentionem
3221 3249 3472 3306 habuerit
3516 3250 3664 3308 JOViS
3714 3257 3901 3323 potius

590 3346 749 3403 facile
789 3349 1105 3422 intelligitur
1147 3365 1246 3407 cur
1264 3351 1456 3409 Castor
1502 3362 1557 3410 et
1582 3353 1794 3421 Pollux,
1827 3356 1895 3411 ab
1942 3358 2183 3415 Arnobio

589 3439 838 3498 dicantur
882 3444 1125 3512 (Arnob.,
1178 3445 1269 3500 lib.
1290 3461 1328 3513 1,
1393 3463 1514 3518 pag.
1559 3446 1687 3520 120)
1718 3462 1940 3505 ovorum
1994 3466 2186 3522 proge-

590 3532 734 3603 nies,
775 3533 983 3604 Jupiter
1026 3549 1194 3591 vero:
1249 3534 1598 3593 Candidam»:
1637 3551 1931 3611 procreator
1977 3558 2186 3597 ovorum

593 3624 786 3698 (Idem
816 3626 906 3681 lib.
932 3642 1005 3693 1v,
1036 3644 1157 3699 pag.
1182 3629 1331 3703 “2),
1358 3630 1427 3687 de
1449 3630 1645 3702 quibus
1664 3641 1860 3703 praeter
1883 3634 2016 3690 alios
2044 3635 2186 3691 Vos-

593 3719 729 3775 sius.
753 3719 825 3774 At
868 3719 1011 3776 istud
1039 3721 1234 3788 adhuc,
1276 3732 1332 3779 et
1356 3724 1498 3794 quod
1539 3736 1726 3781 auctor
1755 3735 1937 3783 noster
1987 3727 2187 3784 ibidem

595 3810 795 3880 adjecit
837 3826 1000 3867 unum
1047 3828 1216 3885 equos
1267 3815 1531 3873 domitare
1581 3817 1834 3884 solitum,
1867 3828 1921 3874 et
1958 3820 2184 3876 alterum

596 3903 797 3959 bonum
824 3905 1198 3976 pugillatorem
1226 3908 1409 3977 fuisse,
1443 3910 1693 3970 Horatius
1723 3913 1827 3969 hoc
1855 3929 2017 3972 versu
2045 3915 2187 3973 belle

598 3996 885 4054 conﬁrmat
915 4016 928 4053 :

691 4089 1062 4216 gaudet
1083 4097 1243 4159 equis,
1262 4109 1355 4147 ovo
1372 4105 1639 4162 prognatus
1671 4102 1847 4153 eodem

1193 4221 1414 4284 (Horal.,
1430 4237 1574 4275 serm.
1599 4224 1684 4277 lib.
1718 4243 1771 4289 11,
1788 4242 1910 4282 vers.
1927 4230 2032 4298 25.)

603 4325 743 4383 Alibi
764 4343 895 4385 vero
922 4329 1057 4387 illud
1084 4332 1300 4403 repetit,
1324 4347 1529 4406 eosque
1547 4335 1710 4395 Leda“.
1733 4337 1877 4395 ﬁlios
1897 4338 2047 4398 hisce
2073 4355 2193 4401 car-

602 4421 840 4479 minibus
867 4426 1103 4496 appellat
1134 4444 1149 4482 :

694 4513 865 4592 Ricam
890 4527 943 4569 et
961 4518 1203 4592 Alcidem,
1232 4538 1509 4592 puerosque
1529 4525 1696 4589 Ledae,

692 4577 837 4654 lianc
859 4584 1019 4646 equis,
1044 4583 1177 4635 illum
1187 4577 1444 4651 superare
1455 4577 1639 4654 pugnis

695 4640 941 4723 Nobilem.

1131 4712 1316 4776 (Idem,
1341 4712 1426 4766 lib.
1448 4731 1485 4776 1,
1509 4714 1592 4767 od.
1621 4714 1696 4779 l2,
1722 4730 1846 4770 vers.
1873 4717 1977 4783 25.)

603 4810 825 4869 Horatio
877 4815 1102 4885 pulchre
1152 4818 1375 4877 Ovidius
1424 4820 1850 4895 Propertiusque
1903 4823 2197 4883 concinunt

605 4902 812 4975 (0vid.,
845 4907 935 4963 lib.
978 4926 1034 4976 v,
1064 4907 1273 4967 Faster.
1292 4931 1313 4979 ;
1356 4912 1628 4986 Propert.,
1661 4916 1747 4970 lib.
1800 4931 1881 4981 111,
1915 4918 2044 4989 eleg.
2080 4919 2194 4989 15).

678 4999 817 5068 Quid
858 5002 927 5057 sit
964 5013 1147 5060 autem
1186 5016 1405 5074 caestus,
1448 5024 1555 5080 quo
1585 5009 1776 5067 Pollux
1816 5014 2198 5081 insuperabilis

606 5094 824 5164 dicitur,
872 5095 1048 5153 disces
1088 5114 1154 5155 ex
1195 5100 1388 5157 Servio
1435 5103 1486 5158 in
1531 5104 1705 5171 hunc,
1747 5103 1815 5161 ad
1859 5122 2018 5178 quem
2060 5107 2200 5165 forte

608 5186 813 5243 Auctor
839 5198 1025 5246 noster
1053 5193 1314 5264 respexit,
1343 5194 1550 5266 Virgilii
1579 5212 1798 5261 versum
1831 5216 1845 5253 :

701 5301 805 5353 Seu
821 5303 974 5355 crudo
995 5304 1101 5359 ﬁdit
1121 5321 1336 5372 pugnam
1359 5314 1668 5365 committere
1682 5322 1855 5367 aestu.

1091 5389 1319 5455 (Virgil.,
1338 5394 1418 5446 lib.
1443 5410 1475 5446 v
1498 5395 1710 5460 Aineid.,
1729 5412 1852 5452 vers.
1875 5400 1982 5463 68.)

610 5494 688 5553 lbi
716 5496 978 5569 siquidem
1005 5498 1096 5555 ille
1122 5500 1239 5557 haec
1268 5501 1647 5560 animadvertit
1676 5524 1691 5560 :
1726 5525 1746 5559 ‹
1783 5505 1963 5562 Crudo
1990 5516 2156 5563 caestu
2186 5525 2201 5563 :

610 5599 703 5645 aut
726 5591 953 5661 crudeli,
980 5601 1071 5648 aut
1094 5593 1254 5660 duro,
1284 5604 1341 5651 ut
1369 5598 1439 5652 sit
1463 5598 1783 5669 simpliciter
1806 5600 2031 5663 dictum,
2059 5598 2202 5668 quod

612 5699 683 5738 ex
725 5685 877 5741 corio
924 5686 1081 5743 duro‘
1105 5688 1212 5744 sint
1261 5702 1456 5747 caestus
1491 5711 1504 5748 :
1537 5703 1630 5748 aut
1669 5709 1765 5764 per
1808 5692 2201 5763 diphthongum

613 5783 857 5853 pugilum
882 5795 1030 5837 arma
1067 5783 1354 5855 signiﬁcat.
1388 5786 1563 5844 Habet
1599 5788 1863 5859 pluralem
1893 5801 2198 5858 numerum,

614 5883 671 5933 et
694 5883 780 5930 est
802 5884 1007 5944 quartae
1032 5874 1239 5935 formae.
1261 5879 1396 5940 Nam
1422 5890 1619 5939 caestus
1643 5879 1817 5950 caesii,
1845 5880 2055 5939 numeri
2085 5891 2201 5941 tan-

2287 3341 2535 3399 conversi
2584 3342 2637 3395 in
2692 3349 2907 3395 taurum
2952 3357 3115 3412 quam
3166 3342 3220 3397 in
3268 3356 3535 3415 cygnum,
3581 3344 3687 3401 sub
3737 3348 3901 3418 cujus

2288 3437 2464 3493 forma
2494 3434 2718 3490 violavit
2738 3433 2965 3502 Ledam,
2992 3432 3060 3490 de
3088 3450 3191 3506 qua
3217 3435 3290 3491 ibi
3311 3435 3568 3507 disputat.
3592 3438 3675 3493 Ad
3708 3455 3899 3496 veram

2289 3532 2452 3604 igitur
2510 3528 2807 3584 Arnobiaui
2864 3538 3045 3585 textus
3096 3529 3390 3586 lectionem
3450 3533 3897 3601 restituendam,

2289 3623 2428 3679 alius
2469 3632 2617 3679 certe
2661 3622 3007 3695 incorruptus
3036 3622 3211 3679 codex
3236 3624 3638 3697 manuscriptus
3675 3626 3902 3685 deside~

2290 3726 2461 3771 ratur.

2364 3808 2546 3879 Pergit
2570 3808 2844 3865 Arnobius
2875 3808 3117 3881 (Arnob,
3150 3809 3240 3864 lib.
3274 3826 3347 3874 1v,
3380 3828 3500 3882 pag.
3534 3813 3684 3885 ill),
3709 3824 3773 3872 et
3795 3816 3901 3872 alia

2290 3902 2441 3960 Jovis
2483 3901 2749 3958 adulteria
2802 3903 2881 3959 sic
2925 3912 3114 3959 contra
3153 3904 3412 3960 Ethnicos
3468 3915 3624 3977 urget
3680 3926 3695 3962 :
3736 3927 3759 3961 ε
3819 3910 3901 3965 Ex

2292 3998 2556 4056 Alcmena
2583 4007 2638 4054 et
2666 3997 2857 4055 eodem
2883 3996 3017 4055 Jove
3045 4009 3204 4053 natus
3231 4008 3315 4054 est
3340 3999 3599 4057 Hercules
3630 4000 3727 4057 ille
3752 4002 3902 4059 The-

2294 4094 2487 4158 banus,
2518 4108 2678 4165 quem
2707 4094 2858 4149 clava
2892 4094 3157 4165 pellisque
3185 4102 3371 4149 tutata:
3399 4103 3559 4150 sunt:
3588 4110 3658 4152 ex
3680 4096 3904 4154 Semele

2291 4197 2454 4259 atque
2481 4189 2600 4260 ipso
2634 4188 2815 4255 Liber,
2846 4191 2936 4261 qui
2965 4188 3215 4243 Bromius
3250 4189 3468 4259 dicitur,
3500 4199 3558 4247 ct
3583 4207 3651 4248 ex
3681 4194 3902 4250 semine

2293 4282 2492 4339 iterum
2523 4294 2683 4338 natus
2710 4283 2883 4354 patris
2913 4299 2927 4340 :
2957 4299 3023 4338 ex
3053 4285 3172 4351 ipso
3201 4299 3392 4339 rursus
3414 4295 3467 4341 et
3496 4285 3655 4352 Maia,
3685 4287 3904 4345 Mercu-

2294 4378 2408 4433 rius
2449 4391 2544 4433 ore
2590 4376 2883 4442 facundus,
2926 4386 2980 4431 et
3025 4386 3266 4448 gestator
3307 4376 3597 4434 aﬂ‘abilium
3644 4381 3906 4438 colubra—

2296 4486 2439 4536 rum,
2477 4490 2498 4525 ι
2528 4472 2644 4526 sive
2677 4471 2970 4526 draconum
3000 4470 3055 4525 in
3084 4471 3341 4537 caduceo,
3372 4487 3479 4543 quo
3512 4472 3641 4528 belli
3668 4474 3820 4544 linis,
3850 4489 3905 4533 et

2300 4565 2448 4637 pacis
2489 4566 2701 4621 initium
2732 4566 3090 4621 indicebatur.
3142 4565 3248 4623 Sed
3280 4568 3396 4622 lucc
3429 4567 3517 4622 cui
3559 4568 3748 4639 ignota
3780 4586 3905 4630 esse

2218 4658 2275 4719 D
2299 4662 2560 4734 possunt?
2604 4663 2680 4718 De
2720 4663 2917 4733 triplici
2958 4672 3138 4718 autem
3178 4662 3328 4718 Jovis
3370 4664 3660 4733 adulterio,
3691 4682 3808 4738 quo
3837 4685 3902 4725 ex

2300 4758 2473 4813 tribus
2495 4756 2708 4815 feminis
2730 4756 2951 4814 totidem
2980 4757 3120 4811 lilios
3145 4757 3452 4826 suscepisse
3479 4756 3678 4826 fertur,
3708 4759 3905 4818 Hesio-

2300 4850 2400 4907 dus
2426 4851 2543 4907 haec
2570 4850 2765 4907 cecinit
2791 4848 3030 4923 (Hesiod.
3059 4847 3345 4919 T/tcogon.,
3378 4865 3431 4914 v,
3464 4848 3566 4905 937
3596 4860 3647 4905 et
3673 4852 3851 4927 seqq.)
3885 4873 3902 4911 :

2460 5026 2544 5072 Ζηνὶ
2565 5020 2600 5063 δ’
2620 5020 2678 5075 ἄρ’
2703 5015 2876 5069 Ariani;
2902 5024 3000 5071 Μαὶη
3018 5026 3097 5061 τίκι
3113 5018 3261 5069 χὺδιμω
3285 5012 3404 5072 ιῖἔρμῆν
3420 5049 3431 5066 ,

2462 5088 2595 5136 Κήρυξ
2617 5086 2816 5131 ἀθανάτων,
2839 5086 2932 5135 ἱερὸν
2952 5086 3055 5137 Illo;
3080 5084 3315 5123 ιὶσαναϐᾶσα.

2457 5145 2624 5198 Καδμὶη
2657 5145 2692 5188 δ’
2715 5146 2786 5199 ἄρα
2806 5148 2841 5186 οἱ
2863 5149 2993 5197 Σιμίλη
3013 5150 3094 5186 sint
3110 5142 3276 5199 φαιδίμαν
3298 5145 3373 5184 υἱὸν
3387 5174 3398 5190 ,
3428 5176 3437 5185 .

2457 5211 2626 5262 Milesio’
2651 5212 2686 5248 ἰν
2709 5211 2886 5261 φιλότητι,
2909 5213 3078 5250 Διόνυσον
3096 5210 3297 5258 italu-nbit:

2459 5265 2648 5313 Ᾰθᾶνατον
2672 5274 2793 5321 θνητή.
2820 5278 2878 5311 νῦν
2902 5270 2939 5312 δ’
2957 5274 3151 5323 ἀμφότεροι
3184 5273 3258 5310 θιοί
3280 5274 3367 5310 sicut
3384 5300 3395 5317 ,

2456 5326 2624 5384 λλκμήνη
2650 5331 2685 5375 δ’
2709 5332 2769 5386 ἆρ’
2794 5336 2912 5375 ista“
2939 5338 3017 5386 βίην
3036 5325 3259 5387 ἡρακληιὶην

2462 5399 2626 5450 Μιχθιϊσ’
2657 5401 2694 5437 ιν
2716 5399 2880 5450 φιλότητι
2901 5400 2981 5445 Διὸς
3004 5399 3287 5451 νιῩιληγιθὶταθ.

2396 5511 2506 5581 iovi
2530 5524 2650 5561 vero
2672 5512 2883 5581 Atlantis
2898 5511 2995 5562 lilia
3017 5514 3213 5581 peperit
3230 5511 3496 5575 gloriosum
3512 5511 3847 5581 Herculium,
3906 5568 3912 5580 ,

2396 5574 2683 5624 Praeconem
2705 5575 2930 5634 deorum,
2970 5574 3156 5624 sacrum
3180 5574 3362 5624 lectum
3385 5576 3748 5629 conscendens.

2401 5635 2561 5701 Cadmi
2586 5636 2685 5685 ﬁlia
2711 5649 2830 5701 vero
2851 5637 3055 5701 Semele
3079 5635 3479 5701 peperit‘clarum
3504 5636 3678 5701 ﬁlium,

2400 5698 2523 5763 Bem
2544 5711 2654 5763 cum
2670 5711 2732 5747 eo
2753 5698 2960 5763 habens,
2982 5698 3271 5763 Dionysium
3284 5698 3506 5763 hilarem,

2399 5760 2730 5827 Immortalem
2754 5761 2971 5827 mortalis
2995 5775 3006 5808 :
3033 5760 3326 5827 nuueambo
3344 5760 3412 5808 dii
3430 5768 3562 5813 sunt.
3583 5822 3589 5827 η

2400 5823 2636 5875 Alcmene
2662 5835 2789 5887 vero
2804 5825 2999 5887 peperit
3020 5825 3118 5873 vim
3134 5823 3492 5875 Herculaneam

2400 5887 2552 5939 Mixta
2575 5900 2740 5941 amore
2763 5885 2882 5938 Juvi
2899 5889 3160 5950 mihicogo.
