3980 6292
179 340 292 402 515

1414 339 1479 402 [Ν
1517 344 1895 416 ARNOBIUM,
1937 349 2091 408 CAP.
2131 346 2221 410 Χῖ.

3367 358 3475 426 514

176 462 262 517 De
293 462 391 516 hoc
418 466 598 517 autem
640 461 912 519 Alcmena:
940 471 1098 535 partu
1135 461 1326 521 Cicero
1354 480 1369 518 :
1402 466 1593 523 Sextus
1642 468 1776 523 Her—
1801 472 1857 531 Α
1879 469 2053 526 adhuc
2079 478 2393 543 excerptum
2424 472 2712 542 fateberis,
2742 475 2887 546 quod
2916 483 3106 535 auctor
3134 488 3321 539 noster
3345 485 3476 542 sub-

173 554 361 619 cules,
391 554 596 625 inquit,
640 571 706 611 ea:
742 555 1018 622 Alcmena,
1046 574 1197 627 quem
1218 557 1425 629 Jupiter
1448 563 1653 631 genuit,
1684 562 1773 617 sed

171 650 353 705 tertius
382 648 611 721 Jupiter.
654 649 846 718 Plura,
880 652 925 707 si
958 651 1137 720 lubet,
1179 654 1320 724 apud
1351 654 1643 711 Diodorum
1684 656 1771 712 Si-

170 744 381 813 culum,
412 742 730 809 Hesiodum,
778 744 1045 814 Plautum,
1087 755 1143 801 et
1181 745 1432 803 Vossium
1461 747 1647 820 legere
1679 764 1774 820 po-

170 835 328 893 teris.
384 835 548 891 Addit
598 852 730 892 vero
774 837 980 893 Auctor
1033 846 1221 895 noster
1268 850 1393 910 post
1441 838 1775 897 Clementem

169 927 603 985 Alexandrinum
635 939 932 985 transactas
958 931 1027 986 ab
1048 931 1240 989 eodem
1268 932 1400 988 Jove
1430 948 1625 989 novem
1652 948 1775 989 cum

168 1024 437 1081 Alcmena
468 1034 677 1082 noctes.
721 1025 796 1081 De
826 1025 929 1083 hoc
958 1042 1121 1097 porro
1168 1026 1396 1098 aliisque
1423 1027 1490 1083 ab
1532 1027 1777 1086 Arnobio

169 1128 365 1176 nostro
394 1120 709 1175 memoratis
745 1120 894 1177 Jovis
931 1122 1217 1177 adulteriis
1245 1122 1442 1178 videsis
1480 1121 1774 1178 Homerum

168 1211 331 1285 (Cia,
362 1213 404 1267 l.
436 1228 514 1278 ιιι,
539 1212 601 1267 de
628 1211 823 1267 Natur.
850 1214 1018 1277 deor.,
1042 1231 1097 1285 p.
1120 1212 1250 1281 205,
1281 1212 1377 1270 lin.
1401 1214 1497 1268 ult.
1530 1212 1774 1281 Diodor.,

166 1308 206 1361 Ι.
235 1322 321 1376 tv,
356 1306 521 1375 Bibl.,
554 1325 607 1378 p.
643 1309 774 1374 157;
808 1306 1052 1376 Hesiod.,
1083 1308 1149 1362 de
1185 1318 1332 1363 scuto
1364 1306 1522 1362 Herc.
1568 1309 1773 1375 Plaut.,

164 1398 220 1453 in
250 1398 514 1470 Amphit.;
555 1398 729 1467 Voss.,
759 1400 797 1453 l.
826 1416 864 1465 ι,
893 1400 956 1454 de
982 1401 1116 1472 orig.
1147 1408 1194 1454 et
1225 1416 1401 1473 progr.
1429 1400 1580 1467 idol.,
1609 1418 1656 1454 ε.
1684 1401 1773 1469 11,

166 1512 221 1567 p.
264 1492 404 1559 162;
446 1492 663 1561 Arnob.,
712 1493 750 1547 l.
790 1507 869 1561 iv,
921 1511 972 1564 p.
1023 1493 1159 1558 145;
1193 1491 1424 1549 Clemens
1467 1493 1771 1561 Alexande,

165 1586 443 1640 Admonit.
487 1585 555 1640 ad
601 1594 763 1658 gent.,
808 1603 862 1657 p.
894 1585 996 1654 20;
1033 1585 1248 1641 Homer.
1282 1584 1473 1655 Iliad.,
1511 1603 1622 1652 xw,
1666 1603 1777 1642 ver-

162 1698 257 1737 sus
287 1682 398 1738 316
425 1692 472 1737 et
498 1680 687 1753 seqq.).

238 1775 523 1845 Explicata
564 1790 778 1847 quoque
812 1776 1080 1844 invenies,
1129 1791 1251 1849 quas
1287 1778 1563 1835 Arnobius
1591 1778 1779 1835 scribit
1842 1834 1849 1839 .

165 1865 431 1926 Liberum
462 1910 480 1936 ,
510 1884 606 1926 seu
637 1869 906 1926 Bacchum
940 1888 1006 1927 ex
1025 1870 1158 1927 Jove
1182 1882 1237 1928 et
1261 1871 1495 1940 Semele,
1524 1882 1685 1946 atque
1709 1889 1776 1930 ex
1803 1879 1852 1940 B

168 1966 406 2029 semine,
429 1979 530 2020 seu
558 1963 766 2020 femore
793 1965 960 2035 patris
982 1981 1171 2022 rursus
1210 1975 1428 2033 natum;
1465 1976 1522 2023 et
1564 1976 1623 2023 ut
1648 1968 1775 2024 alibi

165 2055 437 2127 loquitur,
466 2072 532 2114 ex
564 2056 889 2128 genitalibus
916 2059 1102 2114 matris
1128 2058 1353 2116 fulmine
1383 2060 1777 2131 praecipitatum

169 2148 423 2219 (Arnob.,
452 2150 544 2206 lib.
585 2167 622 2215 ι,
654 2167 775 2222 pag.
817 2150 890 2206 20
916 2162 963 2205 et
990 2151 1100 2217 24;
1138 2146 1187 2207 et
1225 2154 1316 2210 lib.
1362 2169 1440 2219 tv,
1472 2171 1591 2227 pag.
1623 2151 1773 2226 Mi).

166 2248 372 2305 Narrat
414 2247 558 2303 enim
608 2245 873 2303 Diodorus
921 2247 1196 2303 Semelem
1239 2263 1271 2303 a
1318 2249 1474 2318 Jove,
1524 2248 1614 2319 qui
1662 2249 1779 2319 ejus

167 2355 363 2398 amore
406 2339 685 2412 flagrabat.
717 2339 969 2412 precibus
1011 2340 1124 2411 suis
1149 2342 1471 2407 extorsisse,
1499 2350 1560 2397 ut
1605 2340 1673 2396 ad
1717 2357 1778 2397 se

170 2451 240 2492 ex
268 2435 364 2491 illo
394 2443 789 2506 praegnantem,
820 2433 939 2505 pari
964 2443 1126 2503 atque
1156 2433 1223 2489 ad
1247 2433 1518 2491 Junonem
1546 2433 1776 2502 honore,

169 2528 225 2586 id
277 2538 385 2596 est,
433 2529 636 2585 tonitru
667 2538 721 2585 et
748 2527 977 2584 fulmine
1014 2537 1257 2583 armatus
1298 2528 1584 2585 accederet
1621 2526 1778 2600 (Dio-

172 2623 297 2678 «lor.
359 2622 554 2689 Sicul.,
606 2622 696 2677 lib.
743 2637 832 2689 XL,
879 2619 1153 2687 Biblioth.,
1206 2637 1327 2693 pag.
1374 2620 1500 2687 158,
1550 2629 1600 2675 et
1638 2620 1781 2691 apud

173 2715 399 2783 Euseb.,
432 2714 523 2769 lib.
561 2730 620 2781 ιι,
656 2713 893 2786 Prtepar.
945 2708 1172 2785 Evang.,
1222 2730 1341 2785 cap.
1390 2714 1445 2777 2,
1494 2731 1617 2786 pag.
1662 2714 1777 2783 52).

170 2808 285 2865 Sed
313 2823 437 2863 cum
468 2805 558 2862 illa
591 2816 793 2862 tantam
838 2805 1065 2877 fulgoris
1108 2821 1174 2862 ac
1220 2805 1453 2878 fragoris
1497 2806 1605 2861 vim
1638 2806 1781 2864 ferre

172 2899 542 2972 nequivisset,
593 2899 777 2956 statim
823 2899 1129 2955 exanimata
1174 2898 1424 2954 abortum
1464 2900 1614 2956 fecit.
1644 2899 1780 2955 Tum

172 3008 312 3050 vero
343 2992 555 3064 Jupiter
592 2993 850 3048 infantem
899 3007 997 3048 suo
1048 2992 1215 3048 insuit
1265 2992 1490 3060 femori,
1548 3006 1782 3062 eumque

171 3098 323 3144 stato
363 3096 610 3157 tempore
654 3086 879 3151 enixus,
907 3085 1106 3157 Nysam
1147 3084 1362 3141 Arabia:
1404 3084 1458 3139 in
1504 3084 1782 3141 civitatem

174 3180 506 3253 deportavit.
538 3178 613 3235 lbi
644 3194 674 3234 a
699 3178 960 3251 Nymphis
983 3178 1265 3247 educatus,
1299 3194 1329 3233 a
1358 3188 1534 3250 patre,
1562 3188 1617 3235 et
1636 3177 1779 3246 loco,

171 3275 268 3331 ubi
305 3283 467 3329 natus
495 3281 610 3339 est,
641 3271 861 3343 Dionysi
902 3271 1113 3342 accepit
1142 3286 1362 3328 nomen.
1403 3271 1553 3328 Alios
1581 3280 1778 3339 testes,
1806 3278 1852 3343 C

172 3370 220 3425 si
245 3368 347 3424 tibi
380 3367 496 3424 dari
533 3368 696 3433 velis,
728 3368 837 3423 cito
861 3365 1108 3423 dabimus
1139 3367 1462 3436 Homerum,
1491 3367 1741 3423 Nonnum
1761 3409 1778 3435 ,

175 3462 458 3529 Ovidium,
501 3471 557 3517 et
594 3460 938 3529 Ciceronem,
989 3476 1146 3533 quos,
1194 3477 1318 3518 cum
1358 3461 1586 3528 lubebit,
1632 3461 1783 3519 adire

175 3555 342 3611 facile
376 3554 580 3625 poteris
610 3552 874 3626 (ﬂamen,
905 3550 1066 3609 Iliad.
1097 3568 1214 3621 XIV,
1246 3570 1378 3609 vers.
1405 3553 1513 3609 255
1544 3562 1590 3609 et
1614 3569 1783 3626 seqq.;

176 3648 391 3716 Noram,
413 3648 499 3702 lib.
527 3663 567 3708 ι,
594 3645 815 3718 Diongs.
839 3647 983 3712 init;
1002 3644 1179 3713 Ovid.,
1198 3647 1288 3703 lib.
1310 3662 1387 3703 ιιι.
1405 3645 1779 3718 Metamorplt.,

178 3741 208 3814 ᾗ
234 3744 293 3809 3,
318 3757 441 3813 pag.
466 3737 572 3796 102
591 3749 639 3794 et
658 3756 823 3811 seqq.;
847 3738 1033 3806 Cicer.,
1056 3738 1146 3794 lib.
1171 3754 1209 3807 ι,
1234 3737 1471 3806 Tuscul.,
1489 3757 1610 3813 pag.
1632 3740 1783 3811 H9):

250 3833 480 3890 Interim
526 3832 755 3889 observa
804 3831 1055 3889 Liberum
1085 3832 1154 3887 ab
1184 3841 1404 3889 auctore
1449 3844 1635 3889 nostro
1675 3849 1780 3888 non

173 3929 360 3987 solum
389 3926 732 3992 Semeleion,
765 3925 818 3982 id
858 3935 973 3996 est,
1004 3927 1249 3984 Semeles
1275 3926 1477 3994 tilium,
1522 3927 1620 3984 sed
1652 3927 1784 3985 Bro-

174 4024 351 4079 mium
406 4036 657 4093 quoque,
716 4020 974 4093 Nysium,
1035 4030 1197 4092 atque
1254 4019 1445 4076 Evium
1504 4021 1780 4092 appellati.

174 4118 395 4193 Βρόμιον
422 4114 497 4184 δέ,
546 4116 722 4187 inquit
756 4115 952 4171 citatus
976 4129 1004 4169 a
1034 4113 1189 4170 nobis
1229 4114 1494 4173 Diodorus
1536 4113 1783 4181 Siculus,

175 4215 287 4269 ἀπὸ
315 4218 409 4269 τοῦ
424 4213 560 4268 κατά
585 4215 674 4270 τήν
698 4212 891 4284 γένεσιν
912 4212 1073 4265 αὐτοῦ
1108 4210 1375 4284 γενομένου
1402 4208 1623 4287 βρόμου.
1653 4207 1784 4264 Bro-

175 4306 318 4361 mius
347 4304 411 4359 ab
441 4304 662 4361 excitato
686 4304 824 4358 circa
854 4303 1170 4358 nativitatem
1194 4303 1307 4373 ejus
1336 4303 1555 4359 tonitrus
1579 4305 1786 4375 fragore

178 4408 529 4473 nuncupatus
552 4409 669 4467 est,
702 4399 896 4471 Nysius
924 4414 1057 4456 vero
1088 4414 1197 4455 non
1227 4414 1257 4454 a
1281 4398 1391 4469 jam
1418 4398 1640 4470 pratiata
1659 4440 1675 4467 ,
1709 4398 1785 4454 uti

178 4497 431 4563 videtur,
481 4494 613 4551 urbe
654 4493 865 4551 Arabia:
904 4494 1079 4566 Nysa,
1110 4494 1207 4551 sed
1253 4494 1432 4565 potius
1466 4493 1611 4568 Nyso
1641 4493 1784 4550 illius

178 4604 358 4666 patre.
387 4589 522 4647 Nam
550 4589 765 4658 Cicero,
787 4600 909 4661 post
929 4605 1091 4662 quem
1114 4599 1305 4647 auctor
1336 4598 1520 4646 noster
1547 4590 1785 4661 quinque

1874 562 2084 632 jnnxit,
2119 579 2183 619 ex
2214 568 2407 621 eodem
2448 565 2579 622 Jove
2607 575 2663 622 et
2686 566 2820 623 Maia
2850 570 3092 641 genitum
3117 586 3239 628 esse
3263 574 3477 632 Mercu-

1879 654 2017 710 rium
2067 655 2305 728 (Arnob.,
2354 659 2445 714 lib.
2488 675 2560 727 tv,
2609 677 2730 733 pag.
2775 661 2910 730 136;
2954 673 3077 719 tom.
3123 682 3164 735 ι,
3194 668 3474 739 Apparat.,

1879 748 1970 804 lib.
2012 766 2091 817 ιιι,
2130 752 2335 808 dissert.
2374 755 2430 822 3,
2468 771 2513 809 c.
2560 754 2614 823 9,
2660 764 2760 810 art.
2804 757 2861 825 2,
2909 776 3031 832 pag.
3081 761 3228 828 757).
3256 762 3478 823 Litteris

1879 841 2077 913 quippe
2097 842 2296 901 latinus
2322 855 2503 902 orator
2531 847 2648 904 haec
2672 849 3023 922 consignasse
3042 852 3260 925 legitur.
3284 876 3305 909 ι
3336 857 3477 914 Mcr-

1880 935 2061 991 curius
2109 939 2298 995 tertius
2326 939 2459 996 Jove
2503 942 2664 998 tertio
2707 951 2863 999 natus
2890 960 2956 1001 ex
2982 945 3149 1015 Maia,
3188 963 3256 1004 ex
3285 965 3392 1021 quo
3420 960 3479 1007 et

1881 1026 2148 1099 Penelopa
2184 1031 2328 1087 Pana
2368 1043 2552 1089 natum
2582 1034 2781 1092 ferant.
2819 1056 2838 1090 ι
2876 1037 3141 1096 Diodorus
3170 1051 3350 1098 autem
3391 1044 3475 1100 Si-

1882 1120 2072 1176 culus:
2113 1141 2131 1174 (
2170 1122 2413 1180 Fuerunt
2442 1126 2567 1183 filize
2606 1139 2815 1200 septem
2855 1131 3150 1190 Atlanti....
3180 1133 3315 1190 Maia
3347 1146 3475 1192 natu

1881 1215 2116 1270 maxima
2145 1231 2177 1271 e
2199 1216 2349 1274 Jovis
2376 1220 2660 1291 complexu
2702 1222 3023 1280 Mercurium
3065 1226 3354 1282 multarum
3383 1244 3475 1285 ar-

1884 1303 2014 1360 tium
2055 1319 2389 1378 repertorem
2426 1330 2444 1363 s
2480 1313 2665 1383 genuit
2701 1311 2913 1384 (Cicer.,
2944 1316 3035 1371 lib.
3064 1332 3144 1386 ιιι,
3184 1319 3248 1374 de
3281 1317 3473 1378 Natur.

1881 1398 2049 1467 deor.,
2082 1419 2203 1474 pag.
2233 1402 2358 1468 248,
2389 1404 2482 1458 lin.
2529 1405 2592 1471 6;
2626 1403 2845 1462 Diodor.
2890 1408 3081 1475 Sicul.,
3129 1410 3217 1465 lib.
3271 1426 3349 1480 ιιι,
3380 1410 3479 1467 Bia

1882 1490 2086 1561 blioth.,
2134 1512 2257 1567 pag.
2290 1496 2437 1568 155).
2465 1496 2695 1569 Utrique
2718 1510 2897 1557 autem
2925 1510 3122 1572 praeter
3146 1502 3474 1561 Macrobium

1883 1583 2163 1657 (Macrob.,
2192 1588 2281 1642 lib.
2310 1606 2350 1656 ι,
2379 1589 2679 1659 Salurnal.,
2703 1610 2751 1649 c.
2790 1593 2879 1664 12,
2913 1614 3033 1669 pag.
3060 1596 3188 1671 122)
3215 1598 3477 1672 sul'fragao

1880 1688 1968 1735 tus
1993 1688 2077 1736 est
2104 1679 2357 1753 Virgilius
2385 1683 2470 1739 Itis
2494 1687 2742 1743 versibus
2778 1705 2792 1744 :

1972 1780 2125 1853 Yobis
2148 1781 2425 1853 Mercurius
2449 1794 2586 1849 pater
2604 1794 2699 1850 est,
2725 1802 2874 1853 quem
2898 1790 3101 1843 candida
3123 1790 3254 1845 Maia

1978 1843 2209 1913 Cyllenes
2231 1847 2400 1913 gelido
2416 1843 2711 1913 conceptum
2734 1843 2921 1904 vertice
2942 1854 3084 1906 fudit.

2057 1906 2231 1983 Maiam
2246 1906 2460 1970 (auditis
2480 1913 2522 1983 si
2544 1906 2810 1983 quidquam
2834 1916 3104 1983 credimus)
3123 1918 3262 1972 Atlas

1972 1968 2113 2020 Idem
2131 1967 2271 2020 Atlas
2293 1981 2521 2038 generat,
2542 1967 2653 2025 dtuli
2676 1967 2761 2040 qui
2779 1979 2955 2042 sydera
2976 1967 3118 2032 tollii.

2155 2057 2178 2118 (
2188 2053 2388 2120 Virgil,
2406 2054 2491 2107 lib.
2514 2071 2598 2108 VIII
2617 2059 2826 2123 £neid.,
2845 2074 2972 2116 vers.
2993 2065 3147 2132 158m
3164 2068 3324 2134 seqq.)

1878 2160 2023 2228 Quos
2051 2161 2106 2216 in
2127 2176 2321 2220 versus
2346 2163 2548 2221 videsis
2576 2165 2751 2224 Servii
2779 2170 3215 2233 observationes.

1950 2255 2095 2312 Mille
2123 2272 2290 2329 porro
2312 2258 2435 2315 aliis
2455 2270 2510 2316 et
2534 2262 2833 2335 virginibus
2859 2275 2914 2323 et
2939 2269 3291 2340 mulieribus,
3318 2273 3481 2332 sicuti

1880 2348 2008 2405 alibi
2050 2362 2316 2407 memorat
2360 2354 2631 2411 Arnobius
2676 2358 2917 2429 (Arnob.,
2948 2362 3037 2417 lib.
3085 2379 3138 2432 v,
3173 2382 3296 2438 pag.
3328 2366 3478 2441 172),

1881 2443 2197 2513 pudicitiam
2246 2446 2465 2506 infamis
2509 2448 2722 2523 Jupiter
2767 2455 2988 2526 eripuit.
3033 2457 3112 2515 lbi
3155 2470 3335 2517 autem
3384 2462 3484 2520 ille

1882 2534 2155 2593 Electram
2205 2554 2269 2595 ac
2321 2539 2669 2600 Laodamiam
2719 2548 3037 2604 nominatim
3096 2552 3354 2623 appellat.
3413 2556 3486 2611 At

1884 2626 2097 2719 l_.~‘.lectra
2124 2630 2361 2701 nympha
2404 2633 2502 2688 fuit
2536 2634 2739 2693 Oceani
2768 2646 2823 2695 et
2852 2639 3113 2699 Tltethios
3144 2642 3273 2710 lilia,
3303 2662 3425 2719 qum
3450 2663 3484 2704 a

1880 2717 2017 2776 Jove
2067 2732 2449 2794 constuprata,
2481 2725 2786 2785 Dardanum
2815 2739 2952 2789 teste
2984 2733 3197 2804 Ovidio,
3254 2717 3389 2806 sive,
3429 2748 3485 2794 ut

1882 2811 2174 2886 Dionysius
2204 2814 2649 2877 Halicarnasseus
2673 2823 2946 2893 opinatur,
2979 2826 3285 2884 Dardanum
3313 2839 3369 2887 et
3395 2830 3486 2887 Ja-

1882 2921 2003 2962 sum
2031 2909 2241 2978 peperit
2260 2909 2504 2983 (Diong.,
2535 2912 2835 2983 Halicarn.,
2858 2918 2948 2972 lib.
2978 2934 3017 2987 t,
3045 2919 3298 2991 Antiquit.
3321 2939 3483 2992 rom.,

1883 3016 2002 3072 pag.
2028 3000 2141 3072 49).
2165 3000 2340 3058 Ovidii
2362 3015 2542 3061 autem
2570 3005 2685 3063 haec
2707 3018 2833 3064 sunt
2855 3025 2919 3067 ea
2943 3010 3010 3068 de
3034 3028 3095 3069 re
3123 3014 3362 3072 carmina
3394 3034 3409 3071 :

1976 3109 2456 3188 Darga'npn‘E'l‘ectra
2481 3119 2702 3167 nesciret
2723 3118 2974 3188 Atlantide
3000 3130 3211 3188 cretum,

2071 3172 2271 3226 Scilicet
2291 3174 2542 3229 Electram
2567 3182 2890 3234 concubuisse
2909 3172 3041 3236 Jovi.

2410 3263 2600 3330 (0vid.,
2616 3264 2704 3320 lib.
2729 3283 2810 3322 xxv
2829 3270 3043 3336 Fastor.,
3067 3285 3193 3327 vers.
3218 3275 3326 3341 49.)

1957 3348 2037 3407 Ex
2059 3350 2351 3408 Laodamia
2373 3368 2506 3411 vero
2527 3355 2962 3430 Bellemphontis
2979 3359 3085 3418 tilia
3107 3363 3248 3421 idem
3273 3364 3483 3438 Jupiter

1883 3448 2070 3515 genuit
2116 3444 2506 3517 Saperdonem,
2538 3446 2718 3520 Lyciae
2759 3466 2976 3524 regem,
3027 3444 3483 3526 quemadmodum

1884 3537 2030 3593 canit
2058 3536 2326 3595 Homerus
2358 3537 2623 3611 (ﬂamen,
2646 3539 2914 3616 lliad.,vt,
2943 3561 3071 3603 vers.
3098 3547 3200 3605 197
3224 3559 3272 3606 et
3301 3549 3431 3624 seq.)
3462 3569 3479 3607 :

2038 3658 2254 3724 Aaadapsin
2276 3665 2339 3713 μιν
2361 3664 2588 3717 ηριὶίξιτο
2619 3669 2773 3717 purisve.
2794 3666 2875 3717 ζιῦς
2893 3698 2906 3716 ,

2045 3721 2076 3762 ll
2100 3721 2138 3763 δ’
2161 3724 2254 3764 ἱτιι⁹
2274 3727 2436 3767 duribus
2456 3724 2668 3780 Σαρπιδόνα
2689 3731 3000 3785 χαλιοιιορΰσττιν.

1982 3819 2101 3873 Cum
2122 3820 2380 3873 Laodamia
2402 3823 2604 3936 quidem
2629 3828 2896 3904 cqncubnit
2917 3828 3114 3893 Jupiter
3131 3831 3430 3896 consiliator,
3516 3840 3523 3847 ‘

1982 3882 2151 3936 anue
2183 3888 2382 3936 peperit
2438 3900 2621 3936 tvmum
2659 3890 3000 3936 barnedonem
3036 3901 3239 3936 samum
3275 3897 3485 3936 ιιριιειω.

1979 3882 2151 3946 anue
2183 3888 2382 3949 peperit
2404 3882 2621 3938 divinum
2659 3882 3000 3954 Sarpedonem
3036 3882 3485 3950 aratum—bellato-

3273 3960 3419 4022 [rem.

1958 4050 2184 4108 Tantam
2229 4069 2394 4126 porro
2434 4059 2630 4116 asserit
2673 4059 2945 4120 Arnobius
2991 4072 3204 4138 tamque
3246 4065 3484 4140 ﬂagitio-

1887 4162 2025 4217 sam,
2059 4163 2122 4204 ac
2152 4150 2440 4221 perditam,
2485 4153 2554 4209 de
2583 4170 2686 4227 qua
2713 4171 2813 4213 nos
2851 4157 2977 4213 alibi
3003 4158 3243 4229 (Arnob,
3275 4161 3365 4219 lib.
3405 4177 3481 4231 tv,

1871 4256 2010 4328 pag.
2038 4240 2165 4308 145,
2215 4252 2336 4299 tom.
2368 4260 2404 4312 ι,
2437 4244 2714 4318 Apparat.,
2752 4266 2874 4322 pag.
2904 4250 3030 4318 755,
3059 4253 3187 4320 805,
3233 4254 3392 4322 1242,
3435 4264 3484 4311 et

1886 4330 2076 4404 seqq.),
2109 4332 2278 4392 fuisse
2299 4335 2449 4394 Jovis
2476 4337 2789 4406 libidinem;
2819 4350 2877 4397 ut
2893 4342 2961 4398 ad
2985 4358 3128 4412 eam,
3151 4343 3200 4400 si
3229 4361 3481 4416 umquam

1886 4429 2174 4499 potuisset,
2203 4431 2524 4502 explendam
2553 4434 2605 4488 in
2634 4449 2848 4502 aurum,
2871 4437 3480 4509 satyrum,draconem;

1886 4523 2096 4591 alitem,
2131 4533 2378 4592 taurum,
2421 4540 2485 4581 ac
2514 4524 2795 4581 formicam
2826 4541 2951 4583 sese
2973 4538 3190 4585 vertere
3219 4545 3326 4586 non
3357 4547 3484 4588 eru—

1886 4618 2085 4677 buerit.
2131 4620 2263 4690 Quae
2306 4620 2470 4691 paulo
2511 4619 2711 4677 clarius
2755 4622 3035 4679 enucleata
3073 4622 3301 4681 Ovidius
3338 4624 3484 4684 hunc

183 4688 479 4761 Dionysos,
532 4685 649 4741 sive
696 4684 925 4741 Liberos
978 4695 1249 4748 recenset,
1307 4684 1513 4742 diserte
1562 4684 2074 4768 asserit,D,.emlit
2101 4684 2452 4770 ih'mod'um:

182 4781 418 4852 quintum
448 4777 598 4849 Nyso
621 4787 797 4832 uatum
824 4786 871 4831 et
896 4775 1114 4833 Titiana.
1158 4775 1274 4831 Evii
1316 4775 1549 4848 denique
1579 4792 1783 4849 cogno-

183 4890 311 4930 men
342 4871 556 4928 Bacclio
582 4870 812 4927 inditum
841 4868 1058 4942 quidam
1089 4876 1314 4940 putant;
1345 4869 1469 4940 quia
1496 4878 1781 4940 postquam

185 4968 241 5024 in
293 4968 507 5024 leonem
556 4975 816 5033 mutatus,
864 4979 1307 5035 unumquemque
1362 4978 1432 5019 ex
1476 4963 1782 5036 gigantibus

186 5062 496 5126 occidisset,
524 5076 557 5118 a
581 5059 715 5116 Jove
740 5068 892 5131 patre
916 5073 1015 5113 suo
1042 5055 1265 5123 Euhion,
1292 5056 1409 5112 sive
1438 5057 1611 5113 bonus
1641 5056 1782 5113 ﬁlius

187 5154 601 5225 cngnominatus
620 5152 737 5207 fuit.
765 5148 868 5206 Alii
892 5151 1232 5222 suspicantur
1252 5147 1355 5205 hoc
1382 5162 1577 5204 nomen
1601 5155 1779 5203 ortum

188 5266 220 5307 a
244 5249 416 5307 verbo
442 5247 598 5314 Evoe,
627 5262 723 5303 seu
750 5247 904 5312 Εὐάν,
932 5259 1042 5317 quo
1077 5244 1412 5300 Baccltantes
1440 5245 1495 5298 in
1520 5243 1632 5298 suis
1661 5258 1783 5315 my-

189 5343 372 5400 steriis
396 5340 630 5407 Baccho,
673 5348 732 5394 ut
775 5339 902 5395 alibi
946 5337 1347 5403 annotavimus,
1382 5336 1556 5408 palam
1601 5337 1783 5393 accla-

190 5435 412 5503 mabant
445 5431 682 5506 (Arnob.,
716 5432 803 5487 lib.
836 5446 909 5498 tv,
943 5448 1063 5504 pag.
1095 5431 1222 5497 Ml,
1246 5439 1293 5486 et
1320 5429 1408 5486 lib.
1441 5447 1497 5499 v,
1528 5448 1649 5503 pag.
1682 5429 1785 5487 i76

192 5540 239 5585 et
266 5530 394 5590 177;
433 5538 482 5584 et
521 5526 620 5583 loc.
657 5528 744 5581 cit.
783 5525 1002 5582 Diodor.
1046 5527 1234 5591 Sicul.,
1275 5526 1364 5581 lib.
1398 5542 1477 5591 ιιι,
1508 5524 1779 5591 ΒὶὁιιοιΙι.,

193 5636 316 5694 pag.
348 5619 481 5686 M9;
508 5628 559 5675 et
598 5616 739 5689 apud
778 5616 992 5683 Euseb,
1044 5616 1133 5672 lib.
1176 5632 1235 5671 ιι.
1281 5615 1518 5688 Prtepar.
1551 5616 1781 5687 Evang.,

192 5731 239 5769 c.
265 5714 323 5781 2,
342 5730 464 5786 pag.
487 5711 588 5778 54;
613 5710 802 5781 Cicer.,
823 5712 913 5770 lib.
936 5726 1016 5780 ιιι,
1039 5710 1102 5766 de
1118 5708 1492 5780 Natur.deor.,
1512 5729 1634 5784 pag.
1652 5710 1782 5781 218,

193 5812 290 5868 lin.
315 5810 434 5883 εδ).

191 5922 211 5983 ι,
270 5905 352 5964 Ex
375 5906 541 5966 citato
571 5903 729 5980 paulo
748 5899 1214 5983 _antea_Cicerone
1237 5899 1372 5963 illud
1409 5900 1787 5978 proculdubio

1983 4825 2191 4894 gremiis
2213 4826 2400 4877 elusam
2420 4828 2649 4893 designat
2671 4828 2940 4894 imaginem
2964 4831 3093 4885 tauri

1978 4888 2243 4954 Europem.

1978 5014 2123 5085 Eecit
2152 5021 2205 5085 e_t
2226 5016 2640 5085 Ast_ori_en_aqnila
2664 5019 2884 5074 luctante
2905 5026 3087 5085 teneri,
3194 5035 3207 5052 ί

1979 5076 2121 5128 Fecit
2143 5078 2347 5129 olorinis
2370 5076 2556 5131 Ledam
2577 5085 2824 5135 recubare
2846 5085 2940 5137 sub
2964 5076 3092 5137 alis':
3185 5120 3192 5126 -

1980 5138 2211 5213 Addidit,
2224 5145 2439 5213 utsatyri
2461 5141 2885 5213 celatusimagine
2902 5146 3128 5213 pulcram

1977 5202 2174 5272 Jupiter
2198 5202 2629 5272 impleritgemino
2645 5202 2867 5261 Nictéida
2893 5202 2967 5272 ('l)
2987 5210 3139 5262 fmtu:

1980 5264 2489 5338 Amphytrion‘fueri't,
2516 5283 2625 5338 cum
2644 5280 2703 5338 te
2724 5264 2984 5338 Tirynthia
3002 5272 3076 5338 (2)
3101 5274 3255 5338 cepit.

1981 5326 2179 5379 Aureus
2204 5336 2259 5380 ut
2276 5326 2484 5382 Danaen
2506 5332 2720 5397 Asoliida
2745 5326 3179 5446 (glnserit‘ignis,

1981 5390 2346 5446 Mnemosvnem
2370 5401 2566 5446 pastor:
2593 5397 2759 5446 varius
2828 5397 2969 5446 eoida
2986 5410 3179 5446 seruem

1979 5390 2346 5457 Mnemosynem
2370 5401 2532 5459 pastor
2551 5411 2566 5448 :
2593 5390 2760 5448 varius
2780 5390 2969 5448 Deoida
2986 5390 3219 5461 sefpen's.

1887 5498 2081 5557 Postea
2134 5514 2267 5556 vero
2323 5500 2614 5574 Gregorius
2661 5500 3034 5560 Nazianzenus
3081 5501 3261 5577 (Greg.
3314 5503 3478 5580 Nata,

1885 5605 2009 5651 tom.
2042 5608 2101 5664 ιι,
2128 5609 2288 5650 carm.
2322 5593 2413 5664 61,
2447 5612 2565 5667 pag.
2596 5592 2723 5666 H2)
2752 5610 2768 5649 :

1958 5731 2038 5806 (ι)
2065 5733 2350 5806 Antiopem
2372 5731 2544 5791 Nictei
2575 5732 2760 5790 filiam.

1958 5805 2037 5952 £2)
2068 5805 2385 5863 Alcumena.
2738 5878 2752 5890 .

1985 5880 2040 5949 5)
2070 5875 2263 5952 JEgiua
2283 5887 2373 5944 est
2391 5877 2557 5953 Δεορί
2580 5876 2803 5940 Bmottae
2828 5878 2971 5957 regis
2991 5879 3121 5944 ﬁlia.
