3980 6308
1785 301 2118 373 DISSEBTA
2126 303 2238 365 T10
2278 300 2559 369 PRIEVIA

697 416 805 479 Ᾰθριι
823 424 870 477 δή
892 428 1092 480 πρώτιστον
1116 425 1173 467 ὅσ*
1193 427 1320 467 {ultro
1343 430 1586 480 μαργῡωνήσι
1606 460 1615 477 ,
2166 422 2217 483 Α

699 495 853 541 ταῦρος,
869 491 1005 535 ιύκνης.
1025 492 1167 541 χρυσὸς,
1189 490 1280 541 ὄφις,
1303 493 1421 536 πόσις,
1443 488 1588 545 ἄρκτος,
1606 488 1747 533 ἅπαντα
2188 496 2195 507 ⁴

697 546 805 591 Oud
822 568 880 602 μιν
902 553 991 598 ὠκὺς
1014 548 1144 603 ἄνωγεν
1166 554 1268 604 ips-ig,
1290 556 1417 605 κοῦρός
1440 556 1476 593 τ’
1497 552 1728 602 ἀλαπαδνὸς..

698 606 745 661 ὸς
766 616 870 653 αὐτοὶ
890 616 922 665 τ’
947 616 1111 664 bimum
1133 615 1217 653 θιῶν
1241 617 1445 667 πλαστῆρις
1467 614 1632 657 ἀιιδνῶν.

543 298 649 365 515

3730 312 3831 370 516

2845 419 3072 479 CAPUT
3114 421 3227 478 ΧΠ.

2239 561 2503 627 Quomodo
2530 560 2785 617 Arnobius
2812 561 3131 617 ethnicorum
3174 560 3473 634 religionem
3514 579 3577 621 ea:
3614 564 3832 619 aliorum

2305 654 2537 717 deorum,
2570 663 2720 725 atque
2744 652 2958 711 dearum
2995 654 3283 721 adulteriis,
3323 664 3371 715 et
3400 655 3615 727 ﬂagitiis
3642 657 3829 727 falsam

631 750 790 815 Cerne
812 748 932 815 mihi
955 754 1190 815 quoniam
1213 750 1409 809 formas,
1430 754 1517 815 qui
1538 749 1727 814 primus
1751 765 1924 803 eorum
1936 758 2032 814 est,
2305 764 2411 803 esse
2434 748 2686 805 ostendat.

631 810 819 881 induat,
850 806 1067 860 ardentis
1088 806 1303 881 Veneris
1325 806 1437 881 dum
1450 806 1671 877 "carpitur
1690 815 1849 881 igne?

628 871 769 942 lianc
792 880 981 930 taurus,
1005 886 1135 942 nunc
1161 874 1299 923 albus
1323 871 1447 942 olor,
1473 871 1601 925 nunc
1624 871 1834 927 caerulus
1856 879 2048 942 anguis,

628 936 768 986 Nunc
804 949 993 996 aurum,
1024 938 1280 999 'ursusque
1320 939 1548 1000 efﬁcitur,
1595 952 1723 990 nunc
1746 936 1965 1054 deniun
1989 942 2132 1054 quaid-

1953 1017 2037 1054 αιιι

1986 1017 2037 1053 ιιι

627 1059 920 1127 Yttlt'amor,
945 1061 1265 1127 inﬁrmusque
1291 1075 1435 1126 puer,
1460 1063 1531 1112 sic
1552 1064 1712 1113 dicitis
1734 1068 1848 1127 ipsi,
1932 1003 1985 1068 [ᾳ

628 1122 877 1173 Imbecan
896 1126 1034 1187 juvat
1053 1122 1391 1188 quos’ﬁng'ere
1414 1128 1611 1175 numina
1626 1122 1822 1177 dextra.

2752 877 3051 918 ARTICULUS
3090 878 3300 918 PBIIUS.

2234 996 2387 1064 Quam
2402 998 2587 1064 invicte
2610 996 2854 1064 Arnobius
2878 1001 3159 1064 probaverit
3183 999 3420 1064 absurdas
3434 1013 3555 1064 esse
3573 1001 3827 1064 gentilium

2294 1058 2357 1127 (_l_e
2383 1058 2478 1127 diis
2500 1062 2605 1108 suis
2620 1058 2984 1127 opiniones'Lex
3006 1061 3201 1127 saturni
3219 1076 3329 1112 cum
3356 1061 3548 1127 Philyra
3563 1058 3833 1127 adulterio;

2294 1120 2465 1188 Martis
2486 1136 2597 1188 cum
2620 1123 2851 1188 Y_euere;
2886 1124 3118 1188 Herculis
3155 1136 3266 1175 cum
3307 1120 3661 1188 quinquaginta
3699 1120 3833 1177 The;

2294 1186 2373 1250 stii
2392 1183 2603 1250 tiliabus;
2630 1185 2847 1250 Neptuni
2868 1199 2973 1250 cum
2993 1187 3309 1250 Amphitrite,
3326 1183 3625 1250 'Amj'mo‘ne.
3645 1188 3829 1250 Aloine;

2293 1244 2535 1318 apollinis
2553 1261 2661 1318 cum
2688 1244 3230 1318 ᾹιςειὶιιοεκᾌΑι-«ξίῒίιιςιι,⁸
3256 1244 3542 1313 Hypsipyle,
3577 1244 3832 1318 Marpissa,

2292 1307 2579 1383 geuxippe,
2620 1310 3151 1383 Prothoe._Daphne.
3182 1307 3458 1383 ξξιρῦόρρ,
3491 1307 3642 1383 atque
3684 1307 3835 1377 etiam

2293 1370 2554 1433 Coronide,
2581 1371 2711 1433 unde
2740 1370 3046 1435 Aiséulapius
3064 1376 3281 1445 avaritia:
3317 1370 3464 1426 causa
3489 1370 3703 1426 fulmine
3718 1389 3835 1459 per-

2289 1446 2477 1484 CUSSIIS.

525 1272 610 1326 'De
650 1271 890 1340 ejusdem
923 1281 1102 1347 autem
1148 1270 1297 1339 lovis
1342 1272 1591 1343 ridicula,
1641 1282 1699 1326 ut
1745 1269 2129 1346 Eurymedusa:

532 1373 775 1443 stuprum
806 1361 1023 1420 all‘erret
1048 1406 1064 1431 ,
1097 1363 1396 1429 mutatione
1420 1364 1545 1419 alibi
1577 1364 1778 1434 aliquid
1808 1364 2128 1435 perstrinxi-

533 1470 653 1509 mus
682 1454 825 1526 (tom.
852 1471 889 1519 ι,
921 1454 1199 1526 Apparat.,
1230 1456 1317 1509 lib.
1351 1471 1428 1522 ιιι,
1463 1455 1670 1509 dissert.
1703 1471 1743 1520 ι,
1774 1471 1822 1510 c.
1856 1455 1910 1523 9,
1939 1467 2037 1529 art.
2073 1457 2127 1522 1,

532 1563 649 1616 pag.
687 1545 837 1615 752).
868 1544 1085 1601 Videsis
1105 1547 1281 1607 adhuc
1304 1545 1371 1601 de
1401 1546 1721 1623 quibusdam
1753 1546 1859 1600 illis
1882 1546 2129 1603 nefandis
2299 1541 2416 1597 Non
2450 1543 2620 1614 major
2665 1543 2765 1625 fuit
2809 1544 3037 1600 aliorum
3069 1544 3317 1613 deorum,
3352 1562 3510 1617 quam
3553 1546 3710 1603 Jovis
3748 1562 3836 1604 ca-

528 1638 674 1693 Jovis
697 1640 1140 1694 conversionibus
1163 1637 1432 1695 Justinum
1456 1638 1764 1710 Martyrem,
1788 1637 2126 1695 Clementem
2229 1635 2381 1690 Stitas
2427 1645 2482 1691 et
2521 1636 2800 1706 pudicitia.
2832 1635 2966 1692 Nam
2999 1636 3283 1705 Saturnus,
3332 1640 3409 1694 uti
3451 1638 3529 1694 ait
3560 1630 3835 1695 Arnobius

529 1732 975 1798 Alexandrinum,
1003 1732 1386 1807 Epiphaniam,
1414 1731 1611 1788 Julium
1648 1731 1961 1815 Firmicum,
1992 1732 2129 1788 Vos-
2230 1728 2473 1801 (Arnob.,
2502 1731 2590 1784 lib.
2624 1746 2699 1815 tv,
2751 1748 2871 1803 pag.
2906 1732 3052 1813 M5),
3097 1733 3341 1803 quamvis
3389 1743 3670 1790 senectute
3701 1750 3834 1791 con-

530 1831 689 1895 sium,
723 1838 777 1883 et
799 1827 931 1884 alios
957 1826 1195 1899 (Justin.,
1226 1826 1436 1891 Coltort.
1468 1826 1526 1893 2,
1556 1828 1624 1885 ad
1652 1810 1847 1891 Graec”
1877 1844 1998 1898 pag.
2032 1828 2123 1893 58,
2232 1823 2436 1893 fectus,
2484 1810 2763 1911 poetarum
2814 1837 2991 1909 tamep
3020 1810 3039 1882 ά
3071 1830 3405 1909 carminibus
3456 1832 3730 1887 indicatur
3769 1834 3835 1889 ab

530 1919 689 1973 Clem.
738 1920 1007 1981 Almdr.,
1040 1919 1300 1995 Admonit.
1345 1919 1412 1975 ad
1456 1929 1618 1990 gent.,
1664 1936 1784 2001 pag.
1813 1917 1885 1987 23
1911 1928 1958 1972 et
1991 1935 2124 1989 seq.;

533 2011 708 2093 Epipl}
737 2054 752 2078 ,
786 2014 1051 2085 Ausonia,
1094 2031 1213 2093 pag.
1245 2014 1378 2079 108,
1414 2010 1654 2091 irmic.,
1681 2015 1744 2066 de
1783 2029 1883 2085 err.
1912 2016 2118 2084 profan.

530 2090 703 2176 relig.,
746 2122 865 2175 pag.
897 2106 994 2171 l5;
1055 2090 1228 2168 Voss,
1262 2106 1349 2159 lib.
1386 2090 1423 2171 ι,
1457 2106 1520 2158 de
1549 2104 1695 2177 Orig.
1716 2116 1762 2159 et
1791 2122 1966 2177 progr.
1994 2105 2123 2171 idol.

530 2214 644 2267 cap.
678 2198 768 2262 14;
800 2196 1015 2262 Arnob,
1049 2196 1136 2250 tib.
1164 2184 1223 2259 ἰι,
1254 2214 1373 2268 pag.
1403 2180 1544 2252 95a
1574 2196 1725 2269 ns).

600 2292 772 2346 Minus
810 2290 1035 2347 forsitan
1064 2292 1502 2347 sinverecundum
1534 2276 1803 2363 aliquibus
1835 2290 2121 2369 videbitur,

526 2390 667 2459 quod
714 2398 834 2459 post
866 2391 1212 2470 Apollonium
1247 2391 1551 2457 Rhodium,
1600 2391 1885 2465 Nonnum,
1931 2391 2125 2447 Lucia-

525 2500 675 2549 num,
707 2466 1048 2546 Pausaniam.
1076 2484 1346 2550 Ovidium,
1372 2484 1615 2555 aliosque
1643 2486 1969 2556 complures,
1996 2501 2121 2539 uar-

524 2588 609 2632 rat
659 2560 930 2659 Arnobius
983 2577 1275 2635 Minervam
1330 2595 1392 2634 ex
1452 2564 1604 2655 lovis
1659 2579 1885 2635 cerebro
1941 2589 2120 2635 natam

523 2670 817 2741 (.lpollon.,
848 2670 939 2727 lib.
965 2686 1044 2736 ιν,
1076 2671 1385 2742 Argonaut.,
1413 2688 1544 2726 vers.
1577 2672 1715 2728 l309
1747 2682 1794 2726 et
1819 2689 1921 2745 seq.
1934 2689 1953 2737 ;
1973 2670 2123 2727 Non-

522 2779 639 2829 nus,
673 2761 763 2818 lib.
793 2779 829 2831 ι,
855 2761 1178 2837 Dionysiae,
1212 2780 1340 2817 vers.
1370 2763 1402 2817 9
1434 2774 1482 2817 et
1506 2781 1637 2837 seq.;
1659 2764 1900 2831 Lucian.,
1927 2764 2117 2838 dialog.

523 2855 690 2919 deor.,
720 2872 842 2927 pag.
876 2856 944 2911 75
980 2843 1036 2909 ⁴ιιι
1069 2870 1203 2925 seq.;
1231 2871 1292 2909 ac
1322 2856 1385 2910 de
1414 2856 1631 2929 Sacrifi,
1658 2874 1778 2931 pag.
1809 2856 1943 2935 l8'5;
1971 2856 2119 2912 Pau-

521 2966 661 3012 sun.,
707 2947 797 3005 lib.
830 2964 869 3027 ι,
904 2966 1019 3027 pag.
1054 2948 1155 3014 22;
1201 2948 1378 3014 (ibid.,
1411 2950 1501 3007 lib.
1525 2966 1607 3005 ιιι.
1638 2944 1847 3027 Faster.
1880 2951 1973 3015 sub
1994 2952 2115 3022 ﬁn.,

522 3038 738 3107 Arnob.,
787 3022 875 3093 lib.
904 3024 996 3106 ἰν,
1031 3057 1153 3111 pag.
1189 3041 1285 3096 Ml
1336 3050 1381 3095 et
1418 3039 1605 3114 seqq.).
1652 3042 1757 3098 Sed
1786 3022 1896 3099 hoc
1937 3028 2116 3100 tamen

2227 1935 2397 1975 uxore
2441 1920 2493 1974 in
2536 1919 2805 1975 adulterio
2831 1922 3283 1994 comprehensus,
3331 1922 3575 1981 induisse
3603 1922 3833 1980 formam

2229 2010 2352 2076 feri,
2383 2022 2435 2067 et
2479 2014 2580 2068 sub
2625 2015 2841 2084 pecoris
2886 2018 3071 2086 specie
3122 2017 3416 2072 hinnitibus
3443 2018 3687 2073 evolasse
3723 2018 3836 2088 jac-

2228 2107 2370 2160 tatis.
2404 2126 2422 2158 ι
2456 2107 2525 2161 At
2558 2107 2639 2161 his
2666 2108 2760 2164 ille
2790 2110 2971 2165 verbis
2999 2108 3231 2165 fabulam
3271 2119 3421 2165 notat
3445 2108 3515 2165 ab
3544 2096 3836 2181 Apollonio

2228 2200 2690 2269 Rhodio(Apoll.,
2742 2203 2832 2258 tib.
2881 2218 2940 2273 ιι,
2994 2205 3211 2275 Argon.,
3255 2188 3387 2259 om.
3421 2203 3562 2260 1335
3589 2213 3635 2259 et
3664 2202 3831 2277 seqq.)

2227 2278 2745 2367 decnnla‘tampqua'
2778 2278 3047 2349 Saturnus
3092 2295 3365 2367 Philyram
3411 2295 3613 2353 Oceani
3665 2297 3831 2353 ﬁliam

2226 2366 2509 2440 adamasse
2555 2386 2885 2455 perhibetur.
2938 2385 3071 2441 Cum
3115 2388 3205 2442 illa
3250 2390 3451 2444 etenim
3480 2387 3828 2455 commixtus,

2227 2492 2297 2531 ne
2319 2476 2386 2531 ab
2418 2477 2745 2534 adveniente
2774 2478 2889 2548 Ope
2919 2480 3033 2534 sive
3063 2479 3211 2535 Rhea
3243 2496 3415 2536 uxore
3440 2496 3534 2536 sua
3561 2497 3828 2553 agnosce-

2224 2583 2397 2649 retur,
2443 2572 2497 2627 in
2539 2564 2734 2644 equum
2776 2588 2835 2629 se
2865 2574 3153 2629 convertit.
3187 2575 3262 2630 Ex
3294 2591 3360 2632 eo
3403 2583 3584 2631 autem
3625 2590 3832 2631 concuc

2223 2663 2340 2719 bitu
2366 2662 2565 2720 Chiron
2593 2674 2882 2721 centaurus
2922 2674 3080 2722 natus
3109 2676 3213 2733 est,
3245 2662 3336 2739 qui
3387 2679 3539 2737 parte
3580 2668 3828 2738 corporis

2223 2758 2494 2813 anteriore
2522 2760 2815 2822 hominem,
2844 2767 2900 2814 et
2943 2760 3248 2830 posteriore
3289 2775 3487 2830 equum
3529 2760 3823 2818 referebat.

2223 2849 2377 2935 Unde
2408 2850 2534 2919 illud
2565 2852 2736 2908 Ovidii
2765 2868 2984 2910 carmen
3020 2870 3034 2907 :

2317 2941 2382 2994 Ut
2402 2943 2640 3008 Saturnus
2664 2958 2793 3008 equo
2815 2946 3066 3008 geminum
3088 2944 3298 3008 Chirona
3318 2949 3523 2998 creavit.

2500 3006 2690 3070 (0vid.,
2713 3006 2802 3059 lib.
2822 3006 2874 3059 iv
2901 3007 3293 3073 Metantorph.,§
3314 3013 3365 3071 3,
3389 3023 3504 3077 pag.
3530 3009 3667 3073 204.)

518 3145 771 3199 supremo
795 3130 1017 3213 deorum
1048 3141 1195 3211 patrie
1214 3131 1428 3211 penitus
1456 3133 1732 3205 indignum
1762 3133 1931 3192 luisse
1956 3151 2115 3191 nemo
2151 3209 2186 3219 Α
2215 3114 2377 3219 lii-“"3
2421 3115 2563 3219 “99d
2582 3115 2844 3219 ‘Nf‘lalem
2889 3114 3154 3219 CQI'Ele'“
3203 3117 3410 3203 Videbis
3440 3116 3603 3219 μναι-
3650 3117 3825 3186 σθω-ν

520 3240 650 3280 sane
674 3208 1012 3303 difiitebitur.
1044 3208 1239 3303 Nonne
1267 3229 1411 3305 enim
1441 3226 1567 3285 inde
1594 3228 1903 3283 necessario
1933 3231 2118 3299 sequi-

2238 3208 2315 3264 ’ib.
2348 3226 2425 3274 ιιι,
2457 3208 2775 3283 Mgtholog.,
2807 3227 2926 3280 cap.
2961 3210 3076 3280 l2).

520 3328 604 3373 tur
630 3317 820 3397 Jovem
847 3317 1015 3373 fuisse
1042 3319 1338 3382 hominem,
1362 3318 1587 3393 cerebro
1616 3318 1842 3393 aliisque
1868 3318 2119 3399 humanis

517 3396 773 3475 membris
796 3411 1188 3487 compositum;
1212 3425 1275 3464 ac
1302 3409 1597 3489 Minervam
1643 3419 1803 3487 antea
1840 3396 2118 3489 nou'exti-

517 3504 667 3568 tisse,
700 3515 756 3560 et
799 3518 1082 3583 perperam
1114 3503 1185 3571 .in
1222 3488 1448 3559 dearum
1490 3519 1771 3573 numerum
1805 3507 2119 3585 aggregari?

590 3595 721 3661 Quis
760 3610 891 3664 ergo
937 3608 1044 3648 non
1076 3592 1329 3665 intelligit
1377 3609 1536 3663 quam
1586 3604 1733 3679 recte
1754 3596 2028 3653 Arnobius
2051 3613 2117 3655 ex

520 3687 605 3742 his
630 3685 909 3750 omnibus,
958 3701 1078 3757 quae
1104 3699 1136 3740 a
1164 3687 1322 3755 nobis
1352 3674 1614 3754 hactenus
1658 3674 1911 3743 enarrata
1960 3698 2117 3757 sunt,

519 3778 805 3847 Concludat
823 3776 1008 3857 Jovem
1039 3792 1143 3831 non
1170 3777 1416 3853 potuisse
1439 3777 1629 3857 majori
1650 3794 1903 3851 umquam
1923 3789 2118 3837 contu-

518 3872 689 3929 melia:
711 3873 913 3938 vexari,
938 3848 1101 3942 quam
1128 3871 1197 3928 ab
1222 3872 1310 3938 iis,
1344 3873 1436 3941 qui
1482 3872 1683 3942 palam,
1708 3883 1764 3929 ct
1792 3874 1993 3946 ubique
2019 3876 2119 3931 im-

521 3968 786 4037 pudenter
829 3964 1055 4021 nefanda
1093 3966 1210 4035 ejus
1250 3965 1514 4021 adulteria
1557 3966 1942 4036 prmdicabant.
1976 3970 2117 4038 Quid

518 4060 661 4115 enim
692 4056 797 4113 diis
831 4058 1002 4128 magis
1033 4057 1382 4128 injuriosum,
1426 4073 1587 4129 quam
1635 4059 1757 4117 illos
1803 4075 1927 4118 reos
1955 4077 2117 4131 agere

517 4150 800 4215 adulterii,
840 4148 985 4221 quod
1030 4148 1180 4220 leges
1218 4150 1495 4215 humanae,
1547 4153 2003 4221 quemadmodum
2048 4171 2115 4212 ex

514 4242 872 4298 Justiniameo
914 4240 1105 4296 codice
1150 4255 1217 4295 ac
1258 4239 1605 4297 Theodoreto
1648 4252 1834 4314 patet,
1884 4251 1941 4300 et
1987 4246 2116 4303 alibi

517 4335 917 4401 annotavimus,
934 4334 1146 4405 capitali
1164 4349 1320 4405 poena
1343 4335 1519 4405 puniri
1536 4336 1854 4397 voluerunt?
1877 4339 2016 4411 (Lib.
2041 4357 2112 4407 Ix,

517 4429 635 4484 cod.
662 4427 881 4494 Justin.,
906 4428 984 4482 tit.
1014 4443 1098 4494 ιι,
1124 4427 1192 4481 ad
1217 4428 1318 4500 leg.
1350 4428 1550 4483 Juliam
1577 4430 1640 4484 de
1665 4430 1918 4495 adulter.;
1943 4433 2115 4490 Theo-

517 4523 704 4587 doret.,
735 4536 891 4576 serm.
917 4520 972 4586 5,
1005 4520 1068 4573 de
1102 4520 1274 4592 angel.
1314 4520 1561 4587 et.dtem.,
1597 4538 1719 4591 pag.
1753 4523 1880 4591 154,
1912 4534 2039 4581 tam.
2071 4542 2111 4595 ι,

498 4616 795 4687 Δρραναιη
824 4631 947 4685 pag.
979 4613 1085 4669 805
1106 4623 1155 4668 et
1172 4630 1304 4684 seq.,
1336 4623 1378 4668 et
1412 4614 1543 4671 1241
1569 4627 1619 4671 et
1648 4617 1777 4691 seq.)

591 4710 833 4779 Denique
879 4708 1077 4763 ibidem
1127 4708 1333 4763 addidit
1385 4709 1589 4765 Auctor
1638 4723 1825 4769 uoster
1863 4713 2113 4769 eumdem

516 4804 705 4861 Jovem
733 4818 795 4858 ea
824 4805 1023 4871 arsisse
1043 4817 1191 4860 caeca
1221 4802 1585 4876 iudomitaque
1610 4806 1856 4876 libidine,
1880 4817 1938 4864 ut
1966 4809 2116 4865 babe-

2292 3301 2412 3358 Jam
2444 3318 2577 3358 vero
2623 3304 2675 3357 in
2709 3302 2979 3373 superiori
3018 3313 3202 3359 nostra
3250 3304 3639 3363 dissertatione
3686 3306 3825 3361 illud

2222 3395 2557 3459 notavimus,
2590 3396 2734 3465 quod
2763 3382 3041 3452 Arnobius
3068 3397 3137 3453 de
3163 3396 3332 3453 Marte
3358 3406 3660 3454 memorat:
3684 3396 3825 3452 Dum

2220 3472 2533 3559 genitalibus
2558 3488 2774 3542 insultat
2806 3488 2987 3544 alienis
3012 3531 3027 3555 ,
3072 3489 3278 3544 htesisse
3307 3491 3363 3544 in
3392 3490 3588 3561 laqueis
3615 3491 3825 3544 involu-

2221 3590 2349 3645 tum,
2383 3579 2436 3635 id
2469 3589 2574 3643 est,
2609 3581 3010 3651 deprehensum
3041 3596 3166 3636 cum
3190 3581 3408 3638 Venere
3439 3582 3491 3637 in
3522 3582 3823 3649 adulterio,

2221 3684 2384 3755 atque
2414 3690 2442 3728 a
2470 3654 2734 3739 volcano,
2768 3676 2849 3731 uti
2878 3674 3175 3755 Gregorius
3204 3677 3577 3734 Nazianzenus
3602 3693 3826 3749 quoque

2220 3752 2444 3839 scribit,
2481 3781 2536 3827 et
2557 3786 2657 3826 nos
2690 3772 2821 3828 alibi
2864 3752 3171 3829 notavimus
3192 3817 3206 3839 ,
3243 3790 3308 3831 ac
3334 3775 3568 3831 vinculis
3593 3775 3827 3832 constri-

2219 3877 2366 3921 ctum
2401 3865 2420 3939 (
2457 3863 2731 3920 Dissertat.
2772 3867 2826 3920 in
2860 3864 3087 3933 Μίνωα,
3115 3884 3233 3940 cap.
3269 3868 3357 3933 18,
3390 3877 3491 3922 art.
3523 3868 3824 3937 4;Arnob.,

2219 3959 2310 4015 lib.
2344 3976 2430 4026 IV,
2466 3976 2589 4032 pag.
2623 3960 2749 4035 144,
2779 3972 2826 4015 et
2854 3961 2943 4016 lib.
2976 3978 3042 4025 v,
3078 3978 3198 4034 pag.
3235 3962 3372 4027 l86;
3406 3960 3561 4032 Greg.
3595 3973 3737 4019 orat.
3770 3964 3825 4034 3,

2217 4067 2307 4104 seu
2346 4052 2399 4117 1,
2440 4052 2496 4105 in
2534 4050 2739 4133 Julian.
2768 4093 2784 4118 ,
2830 4069 2954 4135 pag.
2996 4052 3149 4118 258;
3197 4052 3418 4110 Dissert.
3468 4055 3524 4109 in
3580 4053 3822 4124 Minue.,

2216 4159 2336 4213 cap.
2369 4143 2458 4210 17,
2486 4153 2588 4199 art.
2618 4146 2651 4199 4
2679 4147 2719 4216 ).

2288 4234 2422 4303 Quis
2449 4245 2628 4290 autem
2671 4235 2906 4293 Hercule
2946 4239 3434 4310 intemperantior,
3465 4255 3531 4299 ae
3570 4243 3823 4314 petulan-

2220 4327 2362 4382 tior?
2394 4345 2413 4379 ι
2444 4327 2673 4384 Sanctus
2707 4328 2871 4395 Deus,
2914 4348 2934 4382 ›
2987 4341 3043 4385 ιιι
3074 4333 3250 4404 lepide
3280 4335 3484 4389 Auctor
3514 4325 3704 4391 noSIer
3730 4335 3821 4407 jo-

2218 4428 2374 4474 catur
2397 4461 2412 4484 ,
2444 4438 2464 4471 ι
2496 4433 2653 4475 natas
2701 4421 3088 4492 quinquaginta
3132 4424 3201 4479 de
3238 4424 3466 4482 Thestio
3504 4435 3667 4484 nocte
3709 4443 3821 4483 una

2218 4514 2504 4585 perdocuit
2531 4524 2585 4570 et
2618 4530 2813 4571 nomen
2852 4517 3179 4587 virginitatis
3224 4536 3500 4590 exponere
3523 4564 3538 4588 ,
3579 4533 3633 4578 et
3658 4524 3817 4595 geni-

2132 4610 2186 4671 D
2212 4607 2405 4661 tricum
2429 4606 2669 4675 pondera
2685 4609 2976 4666 sustinere.
2994 4630 3013 4665 ι
3040 4612 3287 4685 (Arnob.,
3313 4615 3497 4683 lib.tv,
3516 4632 3639 4688 pag.
3666 4616 3817 4690 “5.)

2217 4697 2349 4753 Tam
2380 4713 2511 4753 vero
2541 4698 2986 4767 immoderatam,
3031 4713 3194 4773 atque
3221 4703 3483 4762 hactenus
3515 4707 3815 4769 inauditam

2215 4791 2467 4848 Herculis
2513 4792 2864 4862 petulantiam
2901 4794 3135 4851 ethnicis
3179 4799 3434 4854 similiter
3469 4799 3816 4869 obiectarum

518 4898 617 4952 cali
643 4895 987 4951 adolescentes
1007 4896 1189 4950 solent.
1216 4897 1281 4951 Et
1312 4897 1381 4951 ita
1412 4898 1628 4968 quidem
1658 4901 1711 4954 in
1744 4903 2116 4972 manuscripto

2238 4884 2495 4952 l‘atianus,
2524 4884 2777 4941 Clemens
2807 4886 3234 4953 Alexandrinus,
3261 4888 3557 4960 Gregorius
3578 4891 3816 4948 Nazian.

518 4990 706 5046 codice
754 4990 921 5059 regio,
969 4989 1059 5060 qui
1106 4989 1265 5059 solita
1310 4990 1513 5045 librarii
1540 4992 1753 5059 inscitia
1801 4995 1960 5065 plane
1988 5012 2111 5053 cor-

2212 4988 2400 5040 uenus,
2433 4989 2488 5032 et
2515 4975 2900 5037 Theodoretus
2923 4977 3179 5049 (Tatium,
3207 4979 3357 5036 Orat.
3393 4992 3585 5047 contr.,
3616 4981 3815 5053 Gneo,

517 5094 708 5154 ruptus
753 5082 986 5136 videtur.
1035 5081 1397 5150 Quamobrem
1440 5100 1542 5171 pro
1587 5087 1849 5165 babecali,
1893 5091 2111 5171 quidam

2238 5087 2335 5142 pag.
2387 5071 2531 5138 l59;
2578 5069 2743 5127 Clem.
2799 5071 3127 5139 Alexandr.,
3180 5075 3447 5132 Admonit.
3507 5079 3575 5133 ad
3632 5091 3813 5151 gent.,

518 5177 771 5248 suspicati
802 5185 926 5231 sunt
957 5176 1241 5247 legendum
1267 5168 1466 5248 vagari,
1492 5180 1580 5235 alii
1610 5197 1739 5237 vero
1765 5168 2026 5254 bace/tari,
2060 5199 2115 5244 et

519 5272 569 5327 id
600 5280 747 5326 tanto
775 5270 994 5337 melius,
1028 5279 1228 5341 quanto
1277 5273 1500 5349 propius
1545 5272 1611 5357 ad
1657 5278 1882 5361 Arnobii
1914 5296 2113 5355 propo-

519 5364 678 5419 situm
710 5363 938 5433 accedit.
970 5360 1119 5418 Jovis
1149 5363 1291 5421 enim
1322 5364 1793 5436 intemperantiam
1826 5370 1898 5427 ibi
1928 5370 2108 5439 Arno-

522 5460 639 5531 hius
667 5458 932 5539 exagitat,
961 5472 1195 5528 eumque
1233 5457 1450 5514 tametsi
1487 5473 1672 5525 senem
1705 5472 1761 5518 et
1785 5478 1979 5521 canum
2006 5483 2112 5525 non

520 5552 745 5618 minori,
800 5567 958 5622 quam
1010 5549 1416 5616 adolescentes,
1471 5552 1540 5607 ad
1588 5552 1818 5633 leminas
1874 5558 2114 5623 libidinis

521 5644 713 5700 ardore
762 5645 1031 5701 exarsisse
1081 5644 1316 5700 ostendit
1364 5643 1560 5720 (Idem,
1611 5647 1761 5715 ibid.,
1805 5667 1926 5724 pag.
1973 5653 2109 5723 715;

523 5737 739 5805 Arnob.,
773 5738 861 5793 lib.
894 5754 966 5806 Iv,
1000 5754 1118 5811 pag.
1152 5736 1300 5811 Nl).

2220 5179 2341 5235 pag.
2386 5163 2494 5234 20;
2542 5163 2698 5236 Greg.
2744 5165 2915 5233 Naz.,
2964 5178 3097 5225 orat.
3142 5168 3178 5223 5
3221 5185 3311 5223 seu
3354 5169 3381 5223 1
3409 5211 3424 5233 ,
3470 5171 3527 5225 in
3567 5170 3811 5239 Iuliam.

2220 5274 2341 5328 pag.
2372 5257 2516 5323 265;
2546 5256 2879 5327 Theodoret,
2909 5277 3062 5316 serm.
3089 5260 3123 5315 8
3146 5307 3162 5333 ,
3190 5262 3256 5316 de
3282 5274 3523 5335 martyr.,
3553 5282 3677 5336 pag.
3706 5268 3811 5323 59L

2218 5359 2264 5404 et
2295 5352 2485 5421 δείνῳ).
2528 5351 2609 5409 Ex
2656 5354 2938 5423 gentilium
2978 5363 3161 5410 autem
3201 5356 3569 5429 Scripturibus
3610 5360 3815 5418 Pausa-

2219 5446 2333 5499 nias
2361 5445 2527 5501 rel‘ert
2549 5487 2566 5514 ,
2611 5462 2733 5517 qum
2769 5447 2971 5504 fuerint
2998 5451 3267 5519 majorum
3297 5465 3361 5507 ea
3391 5450 3461 5507 de
3498 5467 3559 5508 re
3588 5465 3812 5512 senten-

2215 5537 2340 5601 tiae;
2386 5546 2548 5607 atque
2581 5539 2806 5595 Ovidius
2832 5540 2900 5597 ad
2930 5558 3025 5598 eas
3055 5545 3308 5614 respicit,
3352 5545 3645 5618 ipsumque
3666 5548 3804 5606 Her-

2213 5629 2389 5685 culem
2417 5630 2498 5685 sic
2525 5632 2817 5702 alloquitur
2849 5652 2862 5688 :

2306 5718 2525 5786 Nontibi
2547 5722 2738 5773 crimen
2757 5732 2904 5775 erunt
2925 5727 3250 5780 Teuthrantia
3271 5728 3416 5781 turba
3436 5746 3636 5786 sorores

2400 5785 2617 5845 Quarum
2635 5785 2700 5850 de
2725 5786 2903 5850 populo
2922 5789 3052 5839 nulla
3077 5791 3249 5842 relicta
3268 5794 3375 5842 tibi.

2598 5916 2602 5921 ψ
2677 5846 2867 5923 (Ovid,
2889 5852 3050 5917 epist,
3074 5853 3282 5939 Heroid.
3303 5855 3353 5919 9,
3374 5872 3490 5928 pag.
3511 5858 3617 5926 89.)
