4030 6312
676 318 782 381 519

1935 324 2382 390 DISSERTATIO
2419 327 2692 393 PRAEVIA

3880 335 3973 392 520

685 439 835 496 Verb.
888 441 1023 513 sign.
1051 439 1072 511 )
1104 454 1120 495 :
1147 439 1472 498 Catamitum
1509 453 1610 515 pro
1645 443 1943 502 Ganimede
1982 447 2256 512 dixerunt.
2286 449 2341 511 Α
2367 452 2579 520 quando
2605 453 2734 510 illuc
2762 466 2886 510 cum
2914 455 3242 526 Argonautis
3263 455 3579 528 navigabat.
3615 455 3827 514 Postea
3849 473 3971 515 vero

674 536 768 606 qui
810 534 910 590 fuit
937 533 1090 590 Jovis
1117 537 1474 594 concubinus.
1507 557 1528 592 ι
1564 538 1698 594 Eam
1729 541 1798 596 ob
1823 555 2041 596 causam
2072 543 2124 598 in
2154 558 2267 598 cm-

2365 557 2486 597 eum
2512 543 2578 599 ad
2610 561 2824 616 aquam.
2853 563 2923 603 ex
2948 547 3182 605 Ascanio
3209 549 3430 606 ﬂumine
3453 590 3468 615 ,
3502 565 3599 607 seu
3644 551 3969 607 Calciamnis

675 628 787 684 lum
826 637 1011 700 raptus
1038 646 1160 688 esse
1187 633 1360 689 fertur
1382 676 1398 701 ,
1448 633 1612 705 idque
1645 635 1867 692 Ovidius
1898 635 1980 691 his
2017 637 2264 694 versibus
2362 634 2512 692 fonte
2541 637 2892 694 hauriendam
2933 641 3118 710 misit,
3165 658 3325 714 quem
3357 643 3614 714 nymphae
3639 684 3657 710 ,
3705 643 3833 715 ejus
3859 643 3967 716 pul-

664 718 968 778 decantavit
1001 740 1015 776 :

762 874 870 949 Hex
890 891 1123 949 superum
1147 881 1350 947 Phrygii
1369 885 1612 949 quondam
1652 887 1947 949 Ganymedis
1964 903 2134 942 amore

761 939 911 1016 Arsit,
939 939 991 991 et
1010 939 1265 1016 inventum
1280 939 1369 1016 est
1387 939 1586 1016 aliquid,
1612 952 1743 1014 quod
1758 939 1955 1016 Jupiter
1981 939 2116 1016 esse,

761 1004 1216 1074 Quamquoderat,
1238 1008 1424 1060 mallet.
1447 1004 1772 1074 Nullatamen
1795 1004 1912 1065 alite
1933 1019 2063 1067 verti

757 1063 1017 1136 gignatur,
1042 1069 1136 1118 nisi
1162 1063 1272 1132 qua:
1294 1074 1446 1134 possit
1461 1087 1549 1136 sua
1573 1072 1770 1125 fulmina
1793 1063 1945 1128 ferre.

758 1128 1039 1194 Necmora.
1070 1128 1305 1194 percusso
1325 1135 1639 1187 mendacibus
1659 1151 1779 1188 aere
1803 1143 1980 1194 pennis

758 1189 956 1266 Abripit
974 1189 1158 1266 Iliaden
1178 1230 1194 1254 ,
1210 1197 1296 1258 qui
1315 1209 1444 1266 nunc
1465 1211 1663 1266 quoque
1681 1189 1851 1262 pocula
1874 1189 2066 1266 miscet,

757 1253 1009 1318 Invitaque
1026 1254 1133 1306 Jovi
1161 1253 1332 1310 nectar
1349 1253 1544 1311 Junoiie
1567 1253 1829 1315 ministrat.

910 1381 1100 1449 (Ovid.,
1125 1383 1214 1437 lib.
1233 1401 1268 1437 χ
1291 1391 1509 1453 Metam,
1530 1390 1557 1455 §
1578 1391 1628 1454 1,
1653 1405 1766 1458 pag.
1792 1393 1885 1444 565
1907 1399 1954 1446 et
1970 1398 2126 1461 seqq.)

661 1535 778 1594 Non
827 1537 1026 1595 mirum
1080 1540 1260 1612 itaque
1308 1542 1353 1599 si
1403 1544 1676 1602 Arnobius
1723 1547 1960 1606 immane
2009 1549 2138 1606 illud
2190 1565 2254 1608 ac

657 1647 885 1702 prorsus
906 1633 1230 1691 detestabile
1256 1635 1465 1692 facinus
1491 1639 1722 1694 ethnicis
1767 1643 1937 1698 semel
1968 1651 2024 1698 et
2052 1643 2248 1700 iterum

654 1728 915 1799 objecerit
955 1729 975 1801 (
1002 1729 1194 1785 Arnob.
1220 1771 1236 1796 ,
1280 1731 1370 1786 lib.
1395 1747 1450 1799 ν,
1482 1750 1601 1807 pag.
1639 1734 1805 1807 187).
1852 1737 2041 1793 Cicero
2073 1747 2248 1793 tamen

651 1822 784 1878 illud
816 1832 1147 1894 praepostere
1168 1823 1235 1879 ab
1264 1823 1524 1894 Homero,
1558 1827 1791 1883 humana
1817 1829 1884 1885 ad
1911 1831 2044 1886 deos
2071 1839 2248 1887 trans:

651 1917 862 1974 ferente
883 1960 899 1985 ,
941 1920 1124 1974 fictum
1156 1929 1363 1976 censet.
1394 1921 1604 1978 Alicubi
1625 1926 1769 1978 enim
1803 1925 1904 1981 hoc
1929 1926 1997 1982 ab
2021 1941 2088 1982 eo
2115 1928 2250 1983 scri-

651 2011 760 2082 ptis
791 2010 1049 2066 traditum
1083 2012 1184 2067 fuit
1213 2030 1228 2067 :
1267 2032 1287 2066 ‹
1320 2012 1432 2069 Nec
1461 2013 1752 2071 Homerum
1793 2017 1987 2084 audio,
2019 2020 2109 2090 qui
2138 2021 2245 2076 Ga-

652 2105 940 2176 nymedem
971 2120 1002 2159 a
1027 2104 1131 2160 diis
1159 2116 1369 2177 raptum
1392 2107 1467 2162 ait
1496 2118 1719 2178 propter
1745 2110 1972 2166 formam
1994 2155 2010 2179 ,
2045 2123 2103 2168 ut
2128 2113 2246 2169 Jovi

555 2195 560 2202 ’
649 2203 841 2272 pocula
871 2201 1203 2256 ministraret
1237 2219 1251 2256 :
1282 2216 1388 2256 non
1407 2203 1547 2271 justa
1575 2218 1737 2258 causa
1769 2219 1866 2260 cur
1895 2205 2247 2262 Laomedonti

649 2304 798 2350 tanta
833 2295 984 2350 fleret
1026 2295 1242 2365 injuria.
1276 2294 1536 2365 Fingebat
1570 2296 1688 2352 hazc
1731 2297 2025 2365 Homerus,
2069 2310 2123 2354 et
2147 2299 2248 2354 hu-

649 2403 808 2443 mana
833 2387 901 2443 ad
930 2387 1064 2444 deos
1087 2388 1452 2445 transferebat
1475 2432 1490 2456 ,
1515 2390 1696 2446 divina
1727 2393 1944 2448 mallem
1970 2392 2038 2448 ad
2061 2409 2181 2449 nos.
2219 2413 2239 2446 ι

646 2481 848 2553 (Cicer.
879 2524 894 2548 ,
931 2482 1018 2538 lib.
1046 2499 1061 2538 ι
1085 2525 1101 2551 ,
1131 2482 1348 2538 Tuscul.
1380 2525 1396 2552 ,
1427 2502 1546 2557 pag.
1574 2486 1707 2552 125,
1741 2488 1836 2542 lin.
1863 2488 1953 2543 27.
1991 2489 2010 2558 )
2050 2489 2156 2544 Sed
2190 2488 2244 2544 id

647 2592 754 2631 non
789 2577 1091 2648 impedivit,
1116 2579 1406 2648 quominus
1435 2589 1640 2634 tantum
1670 2580 1848 2636 scelus
1877 2582 1946 2638 ab
1971 2581 2245 2653 plerisque

645 2667 898 2741 omnibus
935 2667 1164 2725 ethnicis
1193 2669 1456 2726 creditum
1486 2687 1549 2727 ac
1574 2673 1927 2741 venditatum,
1962 2674 2042 2730 eis
2067 2675 2242 2730 Arno-

641 2739 761 2817 bius
784 2803 800 2829 ,
833 2771 888 2818 et
916 2759 1088 2817 Julius
1117 2760 1385 2818 Firmicus
1410 2763 1534 2833 jure
1563 2763 1758 2819 merito
1788 2766 2244 2834 exprobraverint

638 2851 772 2923 (Jul.
804 2851 1000 2922 Firm.,
1026 2855 1088 2908 de
1112 2871 1216 2909 err.
1248 2857 1388 2925 prof.
1423 2856 1596 2927 relig.,
1620 2873 1742 2929 pag.
1763 2855 1832 2911 15
1853 2854 1898 2928 ).
1926 2855 2049 2924 Adi,
2079 2858 2124 2914 si
2147 2873 2241 2915 ve-

641 2946 729 3012 lis,
759 2945 1012 3003 Vossium
1044 2947 1062 3020 (
1097 2946 1242 3002 Voss.
1270 2989 1287 3013 ,
1317 2947 1406 3003 lib.
1439 2965 1490 3014 1,
1524 2949 1587 3003 de
1615 2947 1763 3021 Orig.
1792 2959 1841 3004 et
1867 2967 2045 3022 progr.
2083 2951 2236 3017 idol.,

636 3059 756 3115 pag.
790 3042 854 3098 61
893 3041 936 3116 ),
966 3043 1056 3114 qui
1089 3052 1378 3116 propterea
1405 3041 1722 3102 Ciceronem
1755 3046 2016 3102 memoria
2047 3045 2118 3101 ibi
2146 3045 2240 3101 de-

637 3144 850 3208 ceptum
879 3137 1048 3195 fuisse
1077 3138 1288 3210 arguit,
1321 3139 1466 3210 quod
1489 3139 1861 3212 Ganymedem
1890 3138 2236 3196 Laomedon-

635 3228 704 3285 tis
737 3231 904 3286 filium
952 3232 1168 3288 dixerit.
1221 3233 1298 3288 De
1324 3232 1576 3289 Catamiti
1619 3249 1783 3305 porro
1823 3235 2044 3290 nomine
2088 3234 2232 3290 idem
2262 3243 2309 3306 ρ

633 3322 861 3382 Vossius
887 3325 1014 3382 alibi
1039 3326 1280 3397 disputat
1309 3328 1330 3396 (
1356 3325 1525 3396 Idem,
1554 3327 1610 3381 in
1639 3327 1935 3400 Etymolog.
1964 3371 1978 3396 ,
2008 3329 2227 3398 Arnob.,

631 3417 722 3472 lib.
753 3434 832 3488 IV,
863 3437 982 3490 pag.
1009 3419 1114 3475 “5
1136 3417 1178 3489 ).

701 3515 855 3584 Quod
901 3524 1083 3572 autem
1134 3517 1338 3572 Auctor
1379 3525 1566 3574 noster
1602 3515 1687 3572 his
1725 3515 1924 3588 adjecit
1955 3538 1968 3573 :
2005 3537 2024 3570 ι
2062 3516 2132 3572 Et
2171 3526 2231 3574 ut

627 3605 779 3665 Jovis
824 3607 1039 3664 dicatur
1075 3607 1293 3678 pullus,
1339 3609 1393 3664 in
1436 3608 1680 3680 partibus
1730 3609 1928 3665 Fabius
1981 3609 2229 3665 aduritur

627 3701 885 3760 mollibus
912 3743 927 3769 ,
959 3701 1384 3774 obsignaturque
1415 3704 1670 3775 posticis,
1707 3721 1726 3755 ι
1766 3702 1849 3758 his
1870 3703 2015 3759 Festi
2045 3702 2226 3759 verbis

628 3793 793 3866 paulo
837 3794 1041 3850 clarius
1081 3794 1442 3865 explanatur:
1481 3813 1501 3846 ι
1540 3794 1726 3850 Pullus
1764 3794 1916 3850 Jovis
1946 3794 2228 3851 dicebatur

629 3885 830 3944 Fabius
848 3930 865 3956 ,
895 3888 985 3944 cui
1011 3886 1233 3944 Eburno
1262 3902 1564 3958 cognomen
1590 3897 1743 3954 erat,
1773 3896 1994 3959 pr0pter
2016 3887 2225 3943 cando-

625 3995 765 4050 rem,
802 3979 947 4052 quod
977 3981 1096 4052 ejus
1124 3981 1264 4036 natis
1294 3981 1518 4038 fulmine
1550 3981 1654 4037 icta
1681 3989 1821 4036 erat.
1869 3979 2091 4052 Antiqui
2129 3996 2225 4035 au-

627 4087 739 4132 tem
769 4090 999 4147 puerum
1021 4117 1037 4142 ,
1067 4090 1227 4147 quem
1253 4075 1375 4147 quis
1404 4075 1658 4143 amabat,
1691 4075 1896 4146 pullum
1927 4075 2046 4146 ejus
2072 4073 2222 4130 dice-

627 4167 780 4225 bant.
821 4187 841 4220 s
871 4166 1040 4240 (Fest.
1071 4167 1140 4222 ad
1165 4167 1374 4222 verbum
1399 4167 1658 4240 Pullus);

649 4323 654 4328 ,
697 4262 898 4319 Verum
926 4261 994 4318 ad
1021 4261 1126 4318 alia
1157 4277 1280 4318 cum
1307 4261 1549 4318 Arnobio
1577 4269 1764 4319 nostro
1791 4278 2105 4336 pergamus.
2127 4263 2221 4320 Sic

625 4365 806 4412 autem
857 4357 948 4413 ille
991 4356 1254 4428 ipsosmet
1291 4355 1542 4412 ethnicos
1595 4357 1828 4427 affatur:
1865 4375 1884 4409 ‹
1923 4357 2061 4426 Quid
2109 4373 2218 4414 non

2360 730 2670 790 chritudine
2719 744 2930 806 captaa,
2986 747 3304 808 rapuerunt.
3351 732 3618 795 Hercules
3660 755 3806 796 vero
3851 756 3963 797 cum

2359 821 2512 878 illum
2553 822 2752 881 frustra
2785 827 3159 898 quaesivisset‘,
3211 831 3263 884 in
3290 830 3457 901 ipsius
3498 831 3775 888 honorem
3821 848 3962 889 sacra

2358 915 2629 984 instituit,
2682 920 2737 974 in
2787 921 2982 991 quibus
3035 923 3350 979 solemniter
3411 923 3548 995 Hyla
3599 925 3959 984 clamabatur.

2357 1008 2513 1068 Unde
2543 1011 2794 1084 Virgilius
2825 1031 2853 1070 :.

2455 1167 2544 1234 His
2556 1170 2778 1232 adjungit
2799 1169 2990 1234 Hylam,
3015 1179 3177 1225 nautae
3198 1189 3298 1234 quo
3320 1175 3453 1227 fonte
3475 1176 3711 1228 relictum

2449 1230 2748 1283 Clamaéseiit
2760 1248 2774 1296 ;
2797 1230 2860 1284 ut
2875 1230 3011 1286 littus
3028 1236 3150 1301 Hyla
3170 1239 3182 1287 !
3202 1230 3356 1303 Hyla!
3375 1251 3523 1290 omne
3544 1249 3775 1294 sonaret.

2925 1360 3155 1426 (νίφα,
3183 1363 3421 1429 eclog.v1,
3442 1378 3567 1420 vers.
3595 1367 3706 1432 ὦ.)

2351 1502 2501 1571 Quos
2530 1503 2586 1559 in
2615 1519 2804 1562 versus
2833 1507 3032 1565 videsis
3071 1509 3247 1568 Servii
3273 1512 3687 1574 observationes
3712 1533 3781 1575 ac
3810 1519 3954 1576 Stra-

2353 1593 2574 1663 bonem,
2603 1598 2949 1669 Apollonium
2975 1644 2992 1670 ,
3021 1601 3368 1660 Theocritum
3387 1648 3402 1672 ,
3430 1617 3486 1663 et
3513 1608 3653 1664 alios
3681 1609 3706 1682 (
3737 1609 3951 1680 Strab,
4028 1629 4030 1658 ι

2353 1689 2444 1744 lib.
2471 1691 2803 1808 xtllgnfeogr.
2831 1735 2848 1762 ,
2896 1713 3015 1808 pag:
3051 1697 3187 1765 564;
3235 1699 3495 1771 Apolloni.
3524 1744 3541 1766 ,
3583 1704 3672 1758 lib.
3716 1721 3760 1760 ι.
3799 1723 3951 1780 arg.,
4027 1711 4030 1808 1

2351 1800 2482 1840 vers.
2512 1785 2650 1841 1207
2681 1797 2728 1841 et
2758 1805 2935 1859 seqq.;
2965 1788 3252 1859 Tlieocrit.,
3279 1791 3440 1864 Idyll.
3476 1795 3544 1851 15
3569 1795 3611 1868 ).

2275 1845 2325 1906 Β
2423 1881 2783 1953 Hyacinthum
2819 1845 2998 1940 autem
3025 1845 3315 1958 ,Amyclaa
3347 1845 3499 1959 regis
3539 1845 3711 1946 filium
3737 1934 3754 1958 ,
3803 1894 3954 1965 cujus

2351 1972 2548 2030 deinde
2592 1976 2866 2034 Arnobius
2906 1979 3188 2048 meminit,
3235 1981 3305 2036 ab
3329 1981 3578 2052 Apolline
3604 1994 3663 2041 et
3698 1983 3954 2060 Zephyro

2349 2071 2560 2139 perdite
2611 2082 2848 2129 amatum
2894 2075 3092 2131 cecinit
3137 2076 3360 2133 Ovidius
3403 2077 3640 2150 (0vid.,
3697 2081 3798 2137 lib.
3858 2084 3950 2150 12,

2351 2163 2588 2234 Metam,
2622 2167 2793 2228 fabul.
2819 2169 2886 2236 5;
2912 2168 3028 2227 Jul.
3053 2168 3244 2236 Firm.,
3273 2171 3337 2227 de
3372 2188 3532 2228 error.
3588 2179 3731 2248 prof.
3780 2179 3950 2250 relig.,

2351 2275 2472 2330 pag.
2505 2259 2594 2324 15,
2624 2271 2672 2313 et
2699 2277 2836 2333 seqq.
2865 2261 2916 2330 );
2951 2277 3051 2318 nec
3078 2263 3171 2318 ulli
3199 2265 3252 2319 id
3279 2265 3674 2337 incompertum
3696 2285 3832 2327 esse
3861 2286 3949 2342 po-

2351 2357 2474 2404 test.
2505 2351 2574 2405 At
2601 2350 2777 2408 Julius
2807 2352 3070 2410 Firmicus
3097 2355 3165 2412 de
3195 2356 3289 2412 illo
3316 2366 3371 2413 et
3392 2358 3544 2428 Hyla.
3577 2370 3636 2416 et
3663 2361 3794 2417 aliis
3818 2364 3949 2420 duo-

2350 2445 2448 2500 bus
2492 2445 2690 2518 Pelope
2731 2456 2786 2503 et
2834 2447 3136 2522 Chrysippo
3181 2451 3410 2521 eadem,
3461 2463 3622 2524 atque
3670 2456 3948 2513 Arnobius

2347 2547 2570 2606 noster,
2615 2540 2708 2596 sed
2742 2541 2899 2610 paulo
2920 2542 3120 2599 clarius
3143 2545 3364 2613 retulit,
3413 2555 3573 2619 atque
3604 2548 3735 2605 inde
3763 2563 3946 2607 contra

2346 2632 2593 2690 ethnicos
2623 2636 2701 2691 sic
2729 2635 2969 2708 disputat
2997 2657 3012 2695 :
3044 2659 3064 2692 ‹
3091 2639 3388 2697 Puerorum
3411 2643 3604 2714 aliquis
3635 2644 3946 2704 delectatur

2345 2727 2705 2796 amplexibus,
2735 2729 3103 2803 Ganymedem
3134 2734 3187 2787 in
3215 2735 3336 2790 sinu
3361 2734 3510 2791 Jovis
3545 2747 3786 2809 quaerat,
3820 2741 3947 2797 Her-

2343 2819 2518 2876 culem
2556 2821 2736 2877 videat
2781 2822 2973 2895 Hylam
3013 2825 3314 2896 impatienti
3339 2843 3527 2885 amore
3573 2844 3940 2902 quarentem,

2343 2910 2630 2983 Hyacinthi
2657 2915 2930 2972 desiderio
2959 2928 3176 2988 captum
3204 2920 3511 2991 Apollinem
3539 2922 3739 2981 discat.
3773 2927 3947 3002 Chry-

2342 3005 2556 3076 sippum
2581 3009 2741 3078 alius,
2768 3011 2906 3066 alius
2937 3012 3191 3083 Pelopem
3212 3015 3410 3083 videat,
3442 3025 3502 3072 ut
3527 3034 3623 3088 per
3649 3021 3797 3078 deos
3819 3041 3943 3080 suos

2341 3099 2443 3154 sibi
2467 3100 2638 3157 licere
2663 3101 2840 3171 dicat,
2873 3105 3129 3176 quidquid
3160 3107 3320 3164 hodie
3357 3112 3708 3170 severissime
3735 3116 3944 3173 Roma-

2340 3191 2424 3246 nis
2454 3192 2662 3264 legibus
2691 3195 3016 3253 vindicatur.
3048 3217 3068 3252 ι

2409 3287 2455 3341 A
2479 3303 2588 3358 quo
2621 3298 2800 3346 autem
2841 3291 3123 3351 adamatus
3162 3295 3233 3350 sit
3273 3295 3502 3369 Pelops,
3548 3299 3618 3357 de
3657 3318 3775 3375 quo
3819 3306 3942 3362 alibi

2335 3379 2478 3436 idem
2505 3381 2676 3439 Julius
2697 3424 2713 3448 ,
2745 3383 2831 3441 his
2864 3385 3120 3442 Tatianus
3148 3389 3168 3462 (
3202 3389 3339 3445 Ibid.
3365 3434 3382 3460 ,
3411 3410 3532 3466 pag.
3559 3393 3666 3460 20;
3705 3396 3941 3467 Tutiam,

2333 3482 2469 3528 orat.
2497 3485 2630 3532 cont.
2667 3476 2868 3545 (ii-rea,
2905 3497 3024 3552 pag.
3087 3482 3233 3554 162)
3275 3485 3455 3540 verbis
3493 3487 3772 3546 indicasse
3795 3493 3941 3549 video

2331 3573 2420 3620 tur
2451 3583 2469 3620 °.
2488 3569 2613 3644 παρ’
2642 3571 2760 3642 ὑμῖν
2790 3570 2817 3626 ὁ
2854 3573 3014 3644 Πέλοψ
3043 3572 3242 3630 δεῖπνον
3280 3586 3380 3632 τῶν
3405 3579 3527 3633 θεῶν
3570 3585 3774 3654 γίνεται
3798 3626 3815 3649 ,
3865 3589 3941 3641 καὶ

2331 3658 2640 3723 Ποσειδῶνος
2688 3661 2957 3739 ἕρὼμενος.
3000 3666 3154 3738 Apud
3181 3686 3268 3724 vos
3301 3669 3498 3742 Pel0ps
3539 3675 3765 3732 deorum
3813 3698 3935 3751 epu-

2331 3752 2394 3807 lis
2423 3755 2732 3824 apponitur,
2763 3767 2843 3823 et,
2887 3774 2986 3815 seu
3011 3761 3148 3829 etsi,
3192 3775 3394 3820 amatus
3419 3781 3453 3819 a
3483 3764 3751 3837 Neptuno
3789 3789 3936 3842 puer.

2329 3844 2593 3907 Pindarus
2611 3866 2740 3908 vero
2762 3851 3035 3926 (Pindar.,
3064 3855 3138 3911 οι.
3171 3857 3284 3914 Ode
3311 3876 3350 3927 ι,
3382 3877 3514 3916 vers.
3544 3862 3619 3920 58
3643 3874 3697 3920 et
3728 3870 3931 3940 seqq.):

2579 4046 2677 4082 το
2745 4047 2760 4064 ο
2826 4050 2842 4066 .
2903 4021 3313 4082 οτοῦμιτῑσθινής,

2574 4079 2767 4137 ἐράσσατο
2804 4091 2978 4143 γαιιοχος
3009 4079 3207 4133 Hecuba.

2665 4289 2694 4301 ..
2729 4295 2738 4301 ,
3066 4227 3226 4301 Quem
3242 4240 3558 4301 praepotens,

3066 4247 3226 4291 quem
3288 4247 3518 4299 rat-potem

2509 4285 2701 4342 Amavit
2727 4295 2972 4343 terrarum
2997 4295 3222 4346 ambiens
3241 4247 3518 4362 lgeptunus.

622 4451 866 4510 contenti
888 4421 1106 4509 feminei
1133 4451 1351 4525 generis
1381 4450 1695 4507 attribuisse
1720 4421 1826 4506 an.
1850 4421 2031 4516 cons.
2055 4452 2215 4508 etiam
2320 4437 2567 4512 Denique
2597 4441 2894 4556 λξξρεηξευε
2923 4443 3039 4501 haec
3063 4445 3134 4502 de
3161 4445 3505 4520 Chrysippo.
3535 4460 3594 4507 ει
3629 4468 3936 4526 puerorum
4027 4421 4030 4556 ἦ

621 4562 786 4605 sexus
835 4547 1132 4620 adjungitis
1175 4547 1456 4603 adamatos
1502 4545 1571 4604 ab
1624 4545 1712 4603 his
1764 4545 1986 4602 mares?
2026 4545 2216 4618 Hylam

2317 4547 2500 4590 amore
2528 4535 2749 4600 tradidit
2775 4536 3013 4611 (Alliam,
3042 4541 3132 4595 lib.
3169 4557 3292 4610 xm,
3322 4561 3443 4616 pag.
3478 4545 3585 4602 602
3612 4562 3667 4604 et
3698 4555 3890 4628 seqq.)
3922 4578 3936 4612 :

622 4639 805 4698 nescio
839 4639 960 4711 quis
987 4639 1193 4713 diligit,
1233 4638 1539 4712 Hyacintho
1583 4648 1668 4695 est
1710 4638 1847 4695 alius
1882 4647 2211 4709 occupatus,

2336 4625 2484 4683 Ἀλλοι
2509 4627 2563 4685 δὲ
2588 4652 2717 4705 φασι
2733 4639 2834 4687 τῶν
2858 4636 3102 4689 τοιούτων
3132 4637 3334 4713 ἐρώτων
3355 4642 3722 4718 κατάρξασθαι

2314 4726 2461 4799 παρά
2488 4726 2686 4793 Πέλοπι,
2731 4731 2818 4782 καὶ
2834 4731 3117 4804 ἐρασθέντα
3143 4739 3234 4785 τοῦ
3254 4736 3366 4787 υἱοῦ
3393 4737 3553 4790 αὐτου
3575 4745 3934 4812 Χρυσίππου,
4028 4789 4030 4798 .

617 4735 709 4791 ille
735 4734 950 4806 Pelopis
974 4734 1262 4791 desideriis
1289 4734 1502 4806 flagrat,
1531 4733 1620 4790 hic
1644 4734 2002 4806 Chrysippum
2029 4735 2210 4803 suspi-

618 4837 703 4883 rat
726 4827 1025 4884 ardeutius.
1063 4847 1084 4881 ι
1117 4827 1334 4898 (Arnob.
1359 4869 1376 4897 ,
1405 4828 1497 4883 lib.
1526 4843 1615 4896 IV,
1643 4844 1765 4902 pag.
1800 4828 1955 4898 145.)
1985 4827 2065 4883 Ex
2096 4826 2220 4883 Cle-

617 4930 800 4977 mente
825 4929 1007 4976 autem
1027 4919 1401 4976 Alexandrino
1425 4934 1486 4976 ea
1515 4918 1814 4977 Arnobium
1846 4920 2214 4992 desumpsisse

614 5030 680 5070 cx
709 5013 792 5070 his
820 5012 976 5070 facile
1013 5013 1284 5084 intelliges
1312 5013 1455 5069 illius
1477 5013 1661 5070 verbis
1695 5032 1708 5069 :
1741 5013 1869 5071 οὐδὲ
1890 5017 1994 5091 γὰρ
2015 5013 2211 5070 παίδων

613 5108 916 5181 ἀπέσχοντο
965 5106 1014 5162 οἱ
1055 5106 1180 5184 παρ’
1224 5108 1343 5179 ὑμῖν
1379 5109 1502 5163 θεοί.
1535 5107 1562 5163 ὁ
1591 5111 1682 5180 μὲν
1716 5130 1817 5175 τις,
1844 5106 2043 5164 Ὕλλου.
2077 5108 2104 5163 ὁ
2155 5108 2210 5164 δὲ

610 5207 879 5261 Tunis-tow
919 5203 947 5259 ὁ
977 5202 1032 5258 δὲ
1063 5202 1308 5259 Πέλοπου.
1339 5202 1365 5258 ὁ
1392 5201 1447 5258 δὲ
1484 5206 1820 5278 Χρυσίππου.
1871 5202 2011 5258 Nam
2050 5220 2144 5259 nec
2177 5220 2209 5257 α

612 5300 783 5370 pueris
806 5299 1020 5369 quidam
1045 5299 1120 5353 dii
1141 5299 1291 5354 vestri
1312 5297 1618 5354 abstinuere.
1661 5298 1809 5354 Unus
1837 5300 2042 5371 quidem
2072 5298 2206 5366 quv

610 5394 757 5458 lam,
799 5393 935 5448 alius
970 5408 1086 5448 vero
1130 5390 1516 5465 Hyacinthum,
1557 5392 1692 5447 alius
1742 5391 2022 5462 Pelopem,
2071 5393 2207 5447 alius

608 5482 955 5557 Chrysippum
991 5495 1222 5540 amantes
1269 5487 1288 5554 (
1315 5483 1548 5540 Clemens
1575 5484 1858 5540 Alexandr.
1889 5526 1904 5551 ,
1938 5486 2200 5542 Admonit.

607 5582 678 5635 ad
697 5589 862 5653 gent.,
888 5598 1009 5654 pag.
1033 5580 1100 5637 21
1133 5581 1176 5651 ).

680 5674 846 5746 Hylas
873 5686 1056 5731 autem
1087 5673 1534 5740 Theodamantis,
1571 5674 1830 5744 Driopum
1859 5674 2026 5746 regis,
2061 5673 2204 5731 ﬁlius

607 5770 724 5837 fuit,
765 5778 821 5827 et
841 5771 890 5825 is
918 5785 1053 5826 sane
1079 5766 1504 5826 formosissimus
1524 5810 1541 5837 ,
1573 5783 1738 5839 quem
1783 5767 2044 5825 Hercules
2067 5810 2084 5836 ,
2111 5783 2205 5826 oc—

608 5864 724 5924 ciso
773 5873 930 5940 patre
976 5861 1132 5933 ejus,
1181 5870 1437 5935 raptum,
1492 5861 1725 5923 Colchos
1765 5875 1950 5921 secum
2001 5862 2200 5934 duxit,

2315 4811 2471 4871 ὃνκαὶ
2491 4819 2806 4893 ἁρπάσαντα
2853 4825 2940 4876 καὶ
2979 4824 3278 4895 ἀναθέμενον
3310 4827 3380 4886 εἰς
3406 4825 3569 4902 ἅρμα,
3617 4835 3695 4892 εἰς
3747 4837 3936 4896 Θήϐας

2313 4918 2506 4983 φυγεῖν.
2549 4913 2800 4988 Πραξίλλα
2817 4912 2872 4969 δὲ
2905 4915 2936 4973 ἡ
2965 4919 3209 4973 Σικυωνία
3235 4918 3338 4973 ὑπὸ
3373 4922 3484 4981 Διὸς
3511 4928 3664 4993 φησὶν
3705 4925 3930 5002 ἁρπασ-

2313 5002 2458 5061 θῆναι
2485 5005 2572 5058 τὸν
2611 5007 2940 5080 Χρύσιππον.
2989 5007 3094 5062 Alii
3147 5009 3325 5064 dicunt
3353 5027 3631 5083 puerorum
3685 5033 3931 5076 amorem
4028 5073 4030 5090 ,

2312 5102 2483 5147 ortum
2529 5094 2690 5164 fuisse
2717 5113 2750 5150 a
2787 5096 2951 5165 Laio,
2996 5099 3066 5152 ad
3103 5097 3370 5172 Pelopen,
3413 5103 3701 5175 diversam,
3730 5113 3830 5180 qui
3857 5114 3930 5166 ad
4028 5105 4030 5130 ¹

2312 5196 2540 5240 amatum
2581 5187 2692 5254 eius
2719 5188 2888 5256 ﬁlium
2926 5188 3307 5262 Chrysippum,
3357 5211 3471 5249 cum
3501 5208 3709 5268 raptum
3741 5203 3925 5273 impo-

2309 5280 2495 5334 suisset
2546 5282 2764 5345 curruil,
2813 5282 3011 5338 Thebas
3067 5287 3289 5358 aufugit.
3355 5287 3597 5346 Praxilla
3654 5269 3924 5367 Sicyonia
4028 5269 4030 5312 Ι

2311 5370 2659 5444 Chrysippum
2684 5391 2717 5428 τι
2742 5372 2872 5429 Jove
2897 5385 3103 5447 raptum
3140 5380 3298 5449 fuisse
3333 5381 3517 5452 inquit.
3553 5384 3776 5444 Videsis
3817 5390 3922 5446 ad-

2308 5465 2413 5521 huc
2443 5464 2717 5522 jElianum
2742 5507 2757 5532 ,
2786 5467 2846 5523 ’si
2873 5471 3083 5526 animus
3112 5481 3230 5538 est,
3261 5475 3356 5531 sed
3384 5475 3456 5530 ibi
3487 5477 3580 5533 ille
3611 5477 3769 5536 Jovis
3807 5499 3919 5538 non

2306 5561 2552 5616 meminit
2577 5561 2596 5633 (
2622 5561 2863 5632 ﬁliam,
2898 5565 2987 5622 lib.
3019 5583 3136 5634 xm,
3171 5585 3277 5622 var.
3309 5569 3430 5624 hist.
3451 5613 3466 5636 ,
3500 5589 3617 5643 cap.
3649 5574 3686 5629 5
3713 5576 3752 5639 ).
3807 5577 3920 5633 Ve—

2282 5662 2422 5708 ‘rum
2443 5653 2565 5724 quis
2591 5651 2694 5711 hos
2723 5663 2833 5711 tam
2864 5658 3171 5715 execrando
3189 5700 3206 5728 ,
3243 5675 3346 5716 nec
3367 5661 3496 5718 ullis
3526 5665 3747 5734 ignibus
3775 5671 3919 5726 satis

2304 5763 2556 5820 umquam
2582 5749 2863 5824 expianda
2905 5768 3090 5811 amore
3132 5754 3421 5827 ﬂagrantes
3466 5756 3597 5814 deos
3627 5759 3751 5832 dici
3797 5779 3916 5821 non

2308 5840 2533 5900 horreat
2553 5844 2577 5898 ?
