  <div class='ocr_page' id='page_1' title='image "/cluster/home/n/w/nwhite01/storage/ocr_20150623/5/umn.31951002477299b/270.png"; bbox 0 0 4030 6282; ppageno 0'>
   <div class='ocr_carea' id='block_1_1' title="bbox 190 375 206 405">
    <p class='ocr_par' dir='ltr' id='par_1_1' title="bbox 190 375 206 405">
     <span class='ocr_line' id='line_1_1' title="bbox 190 375 206 405; baseline 0 -4"><span class='ocrx_word' id='word_1_1' title='bbox 190 375 206 405; x_wconf 54' lang='grc' dir='ltr'>ᾗ</span> 
     </span>
    </p>
   </div>
   <div class='ocr_carea' id='block_1_2' title="bbox 186 375 288 434">
    <p class='ocr_par' dir='ltr' id='par_1_2' title="bbox 186 375 288 434">
     <span class='ocr_line' id='line_1_2' title="bbox 186 375 288 434; baseline 0.039 -4"><span class='ocrx_word' id='word_1_2' title='bbox 186 375 288 434; x_wconf 73' lang='lat'><strong>5‘2!</strong></span> 
     </span>
    </p>
   </div>
   <div class='ocr_carea' id='block_1_3' title="bbox 787 494 1200 554">
    <p class='ocr_par' dir='ltr' id='par_1_3' title="bbox 787 494 1200 554">
     <span class='ocr_line' id='line_1_3' title="bbox 787 494 1200 554; baseline 0.002 -4"><span class='ocrx_word' id='word_1_3' title='bbox 787 509 1079 553; x_wconf 70' lang='grc' dir='ltr'>Αιιτιοιιιυε</span> <span class='ocrx_word' id='word_1_4' title='bbox 1123 494 1200 554; x_wconf 86' lang='lat' dir='ltr'><strong>ui.</strong></span> 
     </span>
    </p>
   </div>
   <div class='ocr_carea' id='block_1_4' title="bbox 1468 384 2292 453">
    <p class='ocr_par' dir='ltr' id='par_1_4' title="bbox 1468 384 2292 453">
     <span class='ocr_line' id='line_1_4' title="bbox 1468 384 2292 453; baseline 0.002 -13"><span class='ocrx_word' id='word_1_5' title='bbox 1468 384 1535 441; x_wconf 80' lang='lat' dir='ltr'><strong>IN</strong></span> <span class='ocrx_word' id='word_1_6' title='bbox 1564 384 1938 453; x_wconf 78' lang='lat' dir='ltr'><strong>AllNOBIUM,</strong></span> <span class='ocrx_word' id='word_1_7' title='bbox 1978 386 2131 443; x_wconf 81' lang='lat' dir='ltr'><strong>CAP.</strong></span> <span class='ocrx_word' id='word_1_8' title='bbox 2177 387 2292 443; x_wconf 76' lang='lat' dir='ltr'><strong>XII.</strong></span> 
     </span>
    </p>
   </div>
   <div class='ocr_carea' id='block_1_5' title="bbox 1811 499 3476 580">
    <p class='ocr_par' dir='ltr' id='par_1_5' title="bbox 1811 499 3476 580">
     <span class='ocr_line' id='line_1_5' title="bbox 1811 499 3476 580; baseline 0.006 -26"><span class='ocrx_word' id='word_1_9' title='bbox 1811 502 1859 561; x_wconf 80' lang='grc' dir='ltr'><strong>Α</strong></span> <span class='ocrx_word' id='word_1_10' title='bbox 1888 499 2118 555; x_wconf 82' lang='lat' dir='ltr'><strong>Plinium</strong></span> <span class='ocrx_word' id='word_1_11' title='bbox 2137 501 2343 556; x_wconf 85' lang='lat' dir='ltr'><strong>etalios</strong></span> <span class='ocrx_word' id='word_1_12' title='bbox 2363 499 2626 574; x_wconf 80' lang='lat' dir='ltr'><strong>(Theocr.,</strong></span> <span class='ocrx_word' id='word_1_13' title='bbox 2655 503 2784 575; x_wconf 84' lang='lat' dir='ltr'><strong>idyl.</strong></span> <span class='ocrx_word' id='word_1_14' title='bbox 2803 505 3214 577; x_wconf 73' lang='lat' dir='ltr'><strong>5;Ovid.,epist.</strong></span> <span class='ocrx_word' id='word_1_15' title='bbox 3237 510 3476 580; x_wconf 85' lang='lat' dir='ltr'><strong>lleroid.,</strong></span> 
     </span>
    </p>
   </div>
   <div class='ocr_carea' id='block_1_6' title="bbox 3366 402 3491 456">
    <p class='ocr_par' dir='ltr' id='par_1_6' title="bbox 3366 402 3491 456">
     <span class='ocr_line' id='line_1_6' title="bbox 3366 402 3491 456; baseline 0 0"><span class='ocrx_word' id='word_1_16' title='bbox 3366 402 3471 456; x_wconf 68' lang='lat'><strong>5&#39;22</strong></span> <span class='ocrx_word' id='word_1_17' title='bbox 3488 438 3491 448; x_wconf 78' lang='grc' dir='ltr'><strong>ι</strong></span> 
     </span>
    </p>
   </div>
   <div class='ocr_carea' id='block_1_7' title="bbox 180 593 3473 672">
    <p class='ocr_par' dir='ltr' id='par_1_7' title="bbox 180 593 3473 672">
     <span class='ocr_line' id='line_1_7' title="bbox 180 593 3473 672; baseline 0.011 -18"><span class='ocrx_word' id='word_1_18' title='bbox 180 605 440 672; x_wconf 87' lang='lat' dir='ltr'><strong>Quomodo</strong></span> <span class='ocrx_word' id='word_1_19' title='bbox 458 607 704 659; x_wconf 76' lang='lat' dir='ltr'><strong>Arnobius</strong></span> <span class='ocrx_word' id='word_1_20' title='bbox 723 609 889 661; x_wconf 85' lang='lat' dir='ltr'><strong>talsam</strong></span> <span class='ocrx_word' id='word_1_21' title='bbox 912 610 1118 661; x_wconf 89' lang='lat' dir='ltr'><strong>deorum</strong></span> <span class='ocrx_word' id='word_1_22' title='bbox 1140 612 1454 662; x_wconf 85' lang='lat' dir='ltr'><strong>divinitatem</strong></span> <span class='ocrx_word' id='word_1_23' title='bbox 1479 615 1703 666; x_wconf 77' lang='lat' dir='ltr'><strong>ostendat</strong></span> <span class='ocrx_word' id='word_1_24' title='bbox 1724 629 1786 666; x_wconf 82' lang='lat' dir='ltr'><strong>ex</strong></span> <span class='ocrx_word' id='word_1_25' title='bbox 1891 593 1978 656; x_wconf 59' lang='lat'><strong>‘8&#39;</strong></span> <span class='ocrx_word' id='word_1_26' title='bbox 2009 610 2129 664; x_wconf 70' lang='lat' dir='ltr'><strong>P&quot;9&#39;</strong></span> <span class='ocrx_word' id='word_1_27' title='bbox 2164 595 2286 660; x_wconf 53' lang='lat'><strong>&#39;99,</strong></span> <span class='ocrx_word' id='word_1_28' title='bbox 2320 593 2408 648; x_wconf 53' lang='grc' dir='ltr'><strong>’ξδ’</strong></span> <span class='ocrx_word' id='word_1_29' title='bbox 2441 611 2498 650; x_wconf 91' lang='grc'><strong>¹¹¹</strong></span> <span class='ocrx_word' id='word_1_30' title='bbox 2526 595 2588 650; x_wconf 68' lang='lat' dir='ltr'><strong>de</strong></span> <span class='ocrx_word' id='word_1_31' title='bbox 2613 596 2725 651; x_wconf 59' lang='lat' dir='ltr'><strong>An“</strong></span> <span class='ocrx_word' id='word_1_32' title='bbox 2754 613 2953 665; x_wconf 61' lang='lat' dir='ltr'><strong>unum&quot;</strong></span> <span class='ocrx_word' id='word_1_33' title='bbox 2983 618 3102 672; x_wconf 61' lang='lat' dir='ltr'><strong>pag&#39;</strong></span> <span class='ocrx_word' id='word_1_34' title='bbox 3132 601 3276 670; x_wconf 56' lang='grc' dir='ltr'><strong>4⁷δῖ</strong></span> <span class='ocrx_word' id='word_1_35' title='bbox 3305 604 3473 670; x_wconf 64' lang='lat' dir='ltr'><strong>Pun&quot;</strong></span> 
     </span>
    </p>
   </div>
   <div class='ocr_carea' id='block_1_8' title="bbox 245 670 1788 733">
    <p class='ocr_par' dir='ltr' id='par_1_8' title="bbox 245 670 1788 733">
     <span class='ocr_line' id='line_1_8' title="bbox 245 670 1788 733; baseline 0.006 -15"><span class='ocrx_word' id='word_1_36' title='bbox 245 670 498 733; x_wconf 75' lang='lat' dir='ltr'><strong>impudico</strong></span> <span class='ocrx_word' id='word_1_37' title='bbox 538 672 726 721; x_wconf 87' lang='lat' dir='ltr'><strong>illarum</strong></span> <span class='ocrx_word' id='word_1_38' title='bbox 753 675 801 722; x_wconf 88' lang='lat' dir='ltr'><strong>in</strong></span> <span class='ocrx_word' id='word_1_39' title='bbox 826 673 1051 724; x_wconf 80' lang='lat' dir='ltr'><strong>homines</strong></span> <span class='ocrx_word' id='word_1_40' title='bbox 1069 688 1256 732; x_wconf 89' lang='lat' dir='ltr'><strong>amore,</strong></span> <span class='ocrx_word' id='word_1_41' title='bbox 1304 676 1506 726; x_wconf 65' lang='lat' dir='ltr'><strong>Aurora:</strong></span> <span class='ocrx_word' id='word_1_42' title='bbox 1539 679 1590 727; x_wconf 90' lang='lat' dir='ltr'><strong>in</strong></span> <span class='ocrx_word' id='word_1_43' title='bbox 1614 678 1788 728; x_wconf 90' lang='lat' dir='ltr'><strong>Titho-</strong></span> 
     </span>
    </p>
   </div>
   <div class='ocr_carea' id='block_1_9' title="bbox 239 731 1788 799">
    <p class='ocr_par' dir='ltr' id='par_1_9' title="bbox 239 731 1788 799">
     <span class='ocr_line' id='line_1_9' title="bbox 239 731 1788 799; baseline 0.006 -19"><span class='ocrx_word' id='word_1_44' title='bbox 239 731 566 799; x_wconf 27' lang='lat' dir='ltr'><strong>nui‘n,Luna2</strong></span> <span class='ocrx_word' id='word_1_45' title='bbox 584 736 636 799; x_wconf 69' lang='lat' dir='ltr'><strong>in</strong></span> <span class='ocrx_word' id='word_1_46' title='bbox 660 733 1036 799; x_wconf 81' lang='lat' dir='ltr'><strong>Eudymionem,</strong></span> <span class='ocrx_word' id='word_1_47' title='bbox 1056 731 1288 787; x_wconf 87' lang='lat' dir='ltr'><strong>Nereidis</strong></span> <span class='ocrx_word' id='word_1_48' title='bbox 1319 741 1368 786; x_wconf 88' lang='lat' dir='ltr'><strong>in</strong></span> <span class='ocrx_word' id='word_1_49' title='bbox 1409 737 1624 799; x_wconf 60' lang='lat' dir='ltr'><strong>Iliacum,</strong></span> <span class='ocrx_word' id='word_1_50' title='bbox 1650 741 1788 790; x_wconf 84' lang='lat' dir='ltr'><strong>The-</strong></span> 
     </span>
    </p>
   </div>
   <div class='ocr_carea' id='block_1_10' title="bbox 243 794 1786 863">
    <p class='ocr_par' dir='ltr' id='par_1_10' title="bbox 243 794 1786 863">
     <span class='ocr_line' id='line_1_10' title="bbox 243 794 1786 863; baseline 0.006 -19"><span class='ocrx_word' id='word_1_51' title='bbox 243 795 368 863; x_wconf 81' lang='lat' dir='ltr'><strong>tidis</strong></span> <span class='ocrx_word' id='word_1_52' title='bbox 391 798 438 863; x_wconf 81' lang='lat' dir='ltr'><strong>in</strong></span> <span class='ocrx_word' id='word_1_53' title='bbox 462 794 664 863; x_wconf 82' lang='lat' dir='ltr'><strong>Achillis</strong></span> <span class='ocrx_word' id='word_1_54' title='bbox 680 794 981 863; x_wconf 67' lang='lat' dir='ltr'><strong>genitorem,</strong></span> <span class='ocrx_word' id='word_1_55' title='bbox 1015 798 1326 863; x_wconf 60' lang='lat' dir='ltr'><strong>Proserpinae</strong></span> <span class='ocrx_word' id='word_1_56' title='bbox 1351 801 1400 848; x_wconf 86' lang='lat' dir='ltr'><strong>in</strong></span> <span class='ocrx_word' id='word_1_57' title='bbox 1425 794 1664 862; x_wconf 82' lang='lat' dir='ltr'><strong>Adonem,</strong></span> <span class='ocrx_word' id='word_1_58' title='bbox 1689 803 1786 854; x_wconf 89' lang='lat' dir='ltr'><strong>Ce-</strong></span> 
     </span>
    </p>
   </div>
   <div class='ocr_carea' id='block_1_11' title="bbox 243 858 1782 926">
    <p class='ocr_par' dir='ltr' id='par_1_11' title="bbox 243 858 1782 926">
     <span class='ocr_line' id='line_1_11' title="bbox 243 858 1782 926; baseline 0.006 -21"><span class='ocrx_word' id='word_1_59' title='bbox 243 858 378 926; x_wconf 53' lang='lat' dir='ltr'><strong>reris</strong></span> <span class='ocrx_word' id='word_1_60' title='bbox 409 859 460 906; x_wconf 84' lang='lat' dir='ltr'><strong>in</strong></span> <span class='ocrx_word' id='word_1_61' title='bbox 498 859 798 926; x_wconf 69' lang='lat' dir='ltr'><strong>rusticanum</strong></span> <span class='ocrx_word' id='word_1_62' title='bbox 835 859 1124 926; x_wconf 50' lang='lat' dir='ltr'><strong>Jasionem,</strong></span> <span class='ocrx_word' id='word_1_63' title='bbox 1152 858 1370 926; x_wconf 73' lang='lat' dir='ltr'><strong>Veneris</strong></span> <span class='ocrx_word' id='word_1_64' title='bbox 1405 864 1454 912; x_wconf 91' lang='lat' dir='ltr'><strong>in</strong></span> <span class='ocrx_word' id='word_1_65' title='bbox 1496 858 1782 926; x_wconf 85' lang='lat' dir='ltr'><strong>Vulcanum,</strong></span> 
     </span>
    </p>
   </div>
   <div class='ocr_carea' id='block_1_12' title="bbox 244 918 1784 986">
    <p class='ocr_par' dir='ltr' id='par_1_12' title="bbox 244 918 1784 986">
     <span class='ocr_line' id='line_1_12' title="bbox 244 918 1784 986; baseline 0.006 -18"><span class='ocrx_word' id='word_1_66' title='bbox 244 918 595 986; x_wconf 65' lang='lat' dir='ltr'><strong>Phaetontem,</strong></span> <span class='ocrx_word' id='word_1_67' title='bbox 623 920 865 986; x_wconf 60' lang='lat' dir='ltr'><strong>Martem,</strong></span> <span class='ocrx_word' id='word_1_68' title='bbox 911 930 981 986; x_wconf 16' lang='lat' dir='ltr'><strong>et,</strong></span> <span class='ocrx_word' id='word_1_69' title='bbox 1007 918 1290 986; x_wconf 79' lang='lat' dir='ltr'><strong>Anchisem,</strong></span> <span class='ocrx_word' id='word_1_70' title='bbox 1339 933 1393 976; x_wconf 92' lang='lat' dir='ltr'><strong>et</strong></span> <span class='ocrx_word' id='word_1_71' title='bbox 1426 938 1512 976; x_wconf 89' lang='lat' dir='ltr'><strong>cur</strong></span> <span class='ocrx_word' id='word_1_72' title='bbox 1535 927 1640 977; x_wconf 63' lang='lat' dir='ltr'><strong>huc</strong></span> <span class='ocrx_word' id='word_1_73' title='bbox 1662 918 1784 978; x_wconf 49' lang='lat' dir='ltr'><strong>Dio;</strong></span> 
     </span>
    </p>
   </div>
   <div class='ocr_carea' id='block_1_13' title="bbox 246 982 1161 1042">
    <p class='ocr_par' dir='ltr' id='par_1_13' title="bbox 246 982 1161 1042">
     <span class='ocr_line' id='line_1_13' title="bbox 246 982 1161 1042; baseline 0.009 -15"><span class='ocrx_word' id='word_1_74' title='bbox 246 984 380 1042; x_wconf 89' lang='lat' dir='ltr'><strong>neia,</strong></span> <span class='ocrx_word' id='word_1_75' title='bbox 408 989 462 1033; x_wconf 89' lang='lat' dir='ltr'><strong>et</strong></span> <span class='ocrx_word' id='word_1_76' title='bbox 475 982 636 1033; x_wconf 87' lang='lat' dir='ltr'><strong>Troici</strong></span> <span class='ocrx_word' id='word_1_77' title='bbox 662 983 756 1033; x_wconf 90' lang='lat' dir='ltr'><strong>viri</strong></span> <span class='ocrx_word' id='word_1_78' title='bbox 779 993 938 1036; x_wconf 91' lang='lat' dir='ltr'><strong>mater</strong></span> <span class='ocrx_word' id='word_1_79' title='bbox 954 984 1161 1038; x_wconf 91' lang='lat' dir='ltr'><strong>dicatur.</strong></span> 
     </span>
    </p>
   </div>
   <div class='ocr_carea' id='block_1_14' title="bbox 254 1107 2317 1220">
    <p class='ocr_par' dir='ltr' id='par_1_14' title="bbox 254 1107 2317 1220">
     <span class='ocr_line' id='line_1_14' title="bbox 254 1107 2317 1220; baseline 0.009 -56"><span class='ocrx_word' id='word_1_80' title='bbox 254 1107 465 1176; x_wconf 83' lang='lat' dir='ltr'><strong>Quanta</strong></span> <span class='ocrx_word' id='word_1_81' title='bbox 493 1108 656 1166; x_wconf 88' lang='lat' dir='ltr'><strong>etiam</strong></span> <span class='ocrx_word' id='word_1_82' title='bbox 687 1109 848 1167; x_wconf 80' lang='lat' dir='ltr'><strong>fuerit</strong></span> <span class='ocrx_word' id='word_1_83' title='bbox 867 1111 1092 1169; x_wconf 87' lang='lat' dir='ltr'><strong>dearum</strong></span> <span class='ocrx_word' id='word_1_84' title='bbox 1117 1113 1478 1186; x_wconf 84' lang='lat' dir='ltr'><strong>impudicitia,</strong></span> <span class='ocrx_word' id='word_1_85' title='bbox 1504 1117 1589 1173; x_wconf 88' lang='lat' dir='ltr'><strong>his</strong></span> <span class='ocrx_word' id='word_1_86' title='bbox 1610 1119 1783 1175; x_wconf 87' lang='lat' dir='ltr'><strong>Arno-</strong></span> 
     </span>
    </p>
   </div>
   <div class='ocr_carea' id='block_1_15' title="bbox 177 1199 1782 1284">
    <p class='ocr_par' dir='ltr' id='par_1_15' title="bbox 177 1199 1782 1284">
     <span class='ocr_line' id='line_1_15' title="bbox 177 1199 1782 1284; baseline 0.009 -28"><span class='ocrx_word' id='word_1_87' title='bbox 177 1199 336 1269; x_wconf 85' lang='lat' dir='ltr'><strong>bius,</strong></span> <span class='ocrx_word' id='word_1_88' title='bbox 373 1212 495 1273; x_wconf 89' lang='lat' dir='ltr'><strong>post</strong></span> <span class='ocrx_word' id='word_1_89' title='bbox 521 1202 854 1262; x_wconf 86' lang='lat' dir='ltr'><strong>Clementem</strong></span> <span class='ocrx_word' id='word_1_90' title='bbox 885 1206 1310 1265; x_wconf 81' lang='lat' dir='ltr'><strong>Alexandrinum</strong></span> <span class='ocrx_word' id='word_1_91' title='bbox 1333 1253 1349 1278; x_wconf 96' lang='lat'><strong>,</strong></span> <span class='ocrx_word' id='word_1_92' title='bbox 1378 1213 1641 1284; x_wconf 79' lang='lat' dir='ltr'><strong>exemplis</strong></span> <span class='ocrx_word' id='word_1_93' title='bbox 1669 1229 1782 1269; x_wconf 91' lang='lat' dir='ltr'><strong>ma-</strong></span> 
     </span>
    </p>
   </div>
   <div class='ocr_carea' id='block_1_16' title="bbox 175 1296 1782 1365">
    <p class='ocr_par' dir='ltr' id='par_1_16' title="bbox 175 1296 1782 1365">
     <span class='ocr_line' id='line_1_16' title="bbox 175 1296 1782 1365; baseline 0.007 -15"><span class='ocrx_word' id='word_1_94' title='bbox 175 1296 375 1353; x_wconf 85' lang='lat' dir='ltr'><strong>nileste</strong></span> <span class='ocrx_word' id='word_1_95' title='bbox 413 1296 788 1358; x_wconf 83' lang='lat' dir='ltr'><strong>demonstrat:</strong></span> <span class='ocrx_word' id='word_1_96' title='bbox 822 1319 843 1354; x_wconf 84' lang='grc'><strong><em>‹</em></strong></span> <span class='ocrx_word' id='word_1_97' title='bbox 871 1301 1061 1359; x_wconf 85' lang='lat' dir='ltr'><strong>Nonne</strong></span> <span class='ocrx_word' id='word_1_98' title='bbox 1097 1306 1295 1361; x_wconf 83' lang='lat' dir='ltr'><strong>vestris</strong></span> <span class='ocrx_word' id='word_1_99' title='bbox 1323 1317 1538 1362; x_wconf 88' lang='lat' dir='ltr'><strong>cautum</strong></span> <span class='ocrx_word' id='word_1_100' title='bbox 1577 1318 1662 1365; x_wconf 91' lang='lat' dir='ltr'><strong>est</strong></span> <span class='ocrx_word' id='word_1_101' title='bbox 1692 1310 1782 1364; x_wconf 85' lang='lat' dir='ltr'><strong>lit-</strong></span> 
     </span>
    </p>
   </div>
   <div class='ocr_carea' id='block_1_17' title="bbox 176 1391 1780 1467">
    <p class='ocr_par' dir='ltr' id='par_1_17' title="bbox 176 1391 1780 1467">
     <span class='ocr_line' id='line_1_17' title="bbox 176 1391 1780 1467; baseline 0.009 -23"><span class='ocrx_word' id='word_1_102' title='bbox 176 1391 313 1446; x_wconf 88' lang='lat' dir='ltr'><strong>teris</strong></span> <span class='ocrx_word' id='word_1_103' title='bbox 361 1391 671 1449; x_wconf 89' lang='lat' dir='ltr'><strong>adamatum</strong></span> <span class='ocrx_word' id='word_1_104' title='bbox 703 1409 825 1451; x_wconf 85' lang='lat' dir='ltr'><strong>esse</strong></span> <span class='ocrx_word' id='word_1_105' title='bbox 848 1395 917 1451; x_wconf 89' lang='lat' dir='ltr'><strong>ab</strong></span> <span class='ocrx_word' id='word_1_106' title='bbox 963 1401 1171 1454; x_wconf 83' lang='lat' dir='ltr'><strong>Aurora</strong></span> <span class='ocrx_word' id='word_1_107' title='bbox 1203 1398 1494 1457; x_wconf 86' lang='lat' dir='ltr'><strong>Tithonum</strong></span> <span class='ocrx_word' id='word_1_108' title='bbox 1517 1443 1532 1467; x_wconf 95' lang='lat'><strong>,</strong></span> <span class='ocrx_word' id='word_1_109' title='bbox 1576 1403 1780 1460; x_wconf 89' lang='lat' dir='ltr'><strong>arsisse</strong></span> 
     </span>
    </p>
   </div>
   <div class='ocr_carea' id='block_1_18' title="bbox 1891 683 3034 764">
    <p class='ocr_par' dir='ltr' id='par_1_18' title="bbox 1891 683 3034 764">
     <span class='ocr_line' id='line_1_18' title="bbox 1891 683 3034 764; baseline 0.009 -28"><span class='ocrx_word' id='word_1_110' title='bbox 1891 683 1980 742; x_wconf 86' lang='lat' dir='ltr'><strong>lib.</strong></span> <span class='ocrx_word' id='word_1_111' title='bbox 2010 702 2046 741; x_wconf 88' lang='grc' dir='ltr'><strong>ιι</strong></span> <span class='ocrx_word' id='word_1_112' title='bbox 2079 686 2276 742; x_wconf 88' lang='lat' dir='ltr'><strong>Natur.</strong></span> <span class='ocrx_word' id='word_1_113' title='bbox 2310 689 2456 755; x_wconf 47' lang='lat' dir='ltr'><strong>hist,</strong></span> <span class='ocrx_word' id='word_1_114' title='bbox 2488 706 2604 762; x_wconf 87' lang='lat' dir='ltr'><strong>cap.</strong></span> <span class='ocrx_word' id='word_1_115' title='bbox 2633 689 2687 755; x_wconf 89' lang='lat'><strong>9,</strong></span> <span class='ocrx_word' id='word_1_116' title='bbox 2719 707 2836 762; x_wconf 94' lang='lat' dir='ltr'><strong>pag.</strong></span> <span class='ocrx_word' id='word_1_117' title='bbox 2873 690 3034 764; x_wconf 73' lang='grc'>152).</span> 
     </span>
    </p>
   </div>
   <div class='ocr_carea' id='block_1_19' title="bbox 1956 779 3482 851">
    <p class='ocr_par' dir='ltr' id='par_1_19' title="bbox 1956 779 3482 851">
     <span class='ocr_line' id='line_1_19' title="bbox 1956 779 3482 851; baseline 0.011 -17"><span class='ocrx_word' id='word_1_118' title='bbox 1956 779 2204 838; x_wconf 87' lang='lat' dir='ltr'><strong>Nereidis</strong></span> <span class='ocrx_word' id='word_1_119' title='bbox 2257 793 2436 838; x_wconf 91' lang='lat' dir='ltr'><strong>autem</strong></span> <span class='ocrx_word' id='word_1_120' title='bbox 2484 783 2704 840; x_wconf 90' lang='lat' dir='ltr'><strong>nomine</strong></span> <span class='ocrx_word' id='word_1_121' title='bbox 2748 786 3020 842; x_wconf 76' lang='lat' dir='ltr'><strong>Arnobius</strong></span> <span class='ocrx_word' id='word_1_122' title='bbox 3065 801 3249 846; x_wconf 83' lang='lat' dir='ltr'><strong>noster</strong></span> <span class='ocrx_word' id='word_1_123' title='bbox 3303 794 3482 851; x_wconf 86' lang='lat' dir='ltr'><strong>adhuc</strong></span> 
     </span>
    </p>
   </div>
   <div class='ocr_carea' id='block_1_20' title="bbox 1889 871 3480 952">
    <p class='ocr_par' dir='ltr' id='par_1_20' title="bbox 1889 871 3480 952">
     <span class='ocr_line' id='line_1_20' title="bbox 1889 871 3480 952; baseline 0.01 -25"><span class='ocrx_word' id='word_1_124' title='bbox 1889 886 2006 942; x_wconf 86' lang='lat' dir='ltr'><strong>pOSt</strong></span> <span class='ocrx_word' id='word_1_125' title='bbox 2036 871 2370 930; x_wconf 84' lang='lat' dir='ltr'><strong>Clementem</strong></span> <span class='ocrx_word' id='word_1_126' title='bbox 2399 876 2822 933; x_wconf 82' lang='lat' dir='ltr'><strong>Alexandrinum</strong></span> <span class='ocrx_word' id='word_1_127' title='bbox 2842 921 2857 943; x_wconf 95' lang='lat'><strong>,</strong></span> <span class='ocrx_word' id='word_1_128' title='bbox 2888 890 2946 934; x_wconf 90' lang='lat' dir='ltr'><strong>ut</strong></span> <span class='ocrx_word' id='word_1_129' title='bbox 2970 882 3080 948; x_wconf 87' lang='lat' dir='ltr'><strong>jam</strong></span> <span class='ocrx_word' id='word_1_130' title='bbox 3111 884 3364 952; x_wconf 81' lang='lat' dir='ltr'><strong>vidimus,</strong></span> <span class='ocrx_word' id='word_1_131' title='bbox 3399 889 3480 944; x_wconf 82' lang='lat' dir='ltr'><strong>di-</strong></span> 
     </span>
    </p>
   </div>
   <div class='ocr_carea' id='block_1_21' title="bbox 1885 965 3476 1046">
    <p class='ocr_par' dir='ltr' id='par_1_21' title="bbox 1885 965 3476 1046">
     <span class='ocr_line' id='line_1_21' title="bbox 1885 965 3476 1046; baseline 0.011 -29"><span class='ocrx_word' id='word_1_132' title='bbox 1885 965 2062 1036; x_wconf 83' lang='lat' dir='ltr'><strong>signat</strong></span> <span class='ocrx_word' id='word_1_133' title='bbox 2109 967 2432 1024; x_wconf 77' lang='lat' dir='ltr'><strong>Psamathen</strong></span> <span class='ocrx_word' id='word_1_134' title='bbox 2480 969 2640 1026; x_wconf 85' lang='lat' dir='ltr'><strong>Nerei</strong></span> <span class='ocrx_word' id='word_1_135' title='bbox 2683 973 2844 1027; x_wconf 88' lang='lat' dir='ltr'><strong>liliam</strong></span> <span class='ocrx_word' id='word_1_136' title='bbox 2876 973 3143 1043; x_wconf 82' lang='lat' dir='ltr'><strong>(Clemens</strong></span> <span class='ocrx_word' id='word_1_137' title='bbox 3170 977 3476 1046; x_wconf 56' lang='lat' dir='ltr'><strong>Alexandra,</strong></span> 
     </span>
    </p>
   </div>
   <div class='ocr_carea' id='block_1_22' title="bbox 1886 1056 3476 1136">
    <p class='ocr_par' dir='ltr' id='par_1_22' title="bbox 1886 1056 3476 1136">
     <span class='ocr_line' id='line_1_22' title="bbox 1886 1056 3476 1136; baseline 0.012 -27"><span class='ocrx_word' id='word_1_138' title='bbox 1886 1056 2145 1113; x_wconf 83' lang='lat' dir='ltr'><strong>Admonit.</strong></span> <span class='ocrx_word' id='word_1_139' title='bbox 2177 1061 2246 1114; x_wconf 81' lang='lat' dir='ltr'><strong>ad</strong></span> <span class='ocrx_word' id='word_1_140' title='bbox 2275 1072 2434 1132; x_wconf 86' lang='lat' dir='ltr'><strong>gent.,</strong></span> <span class='ocrx_word' id='word_1_141' title='bbox 2470 1079 2588 1132; x_wconf 89' lang='lat' dir='ltr'><strong>pag.</strong></span> <span class='ocrx_word' id='word_1_142' title='bbox 2621 1063 2686 1118; x_wconf 76' lang='lat'><strong>21</strong></span> <span class='ocrx_word' id='word_1_143' title='bbox 2715 1064 2753 1134; x_wconf 91' lang='lat'><strong>),</strong></span> <span class='ocrx_word' id='word_1_144' title='bbox 2791 1080 2855 1120; x_wconf 84' lang='lat' dir='ltr'><strong>ex</strong></span> <span class='ocrx_word' id='word_1_145' title='bbox 2886 1081 2988 1136; x_wconf 88' lang='lat' dir='ltr'><strong>qua</strong></span> <span class='ocrx_word' id='word_1_146' title='bbox 3019 1067 3248 1135; x_wconf 58' lang='lat' dir='ltr'><strong>IEacus,</strong></span> <span class='ocrx_word' id='word_1_147' title='bbox 3294 1082 3350 1126; x_wconf 92' lang='lat' dir='ltr'><strong>ut</strong></span> <span class='ocrx_word' id='word_1_148' title='bbox 3389 1090 3476 1129; x_wconf 87' lang='lat' dir='ltr'><strong>ro-</strong></span> 
     </span>
    </p>
   </div>
   <div class='ocr_carea' id='block_1_23' title="bbox 2347 1152 3475 1236">
    <p class='ocr_par' dir='ltr' id='par_1_23' title="bbox 2347 1152 3475 1236">
     <span class='ocr_line' id='line_1_23' title="bbox 2347 1152 3475 1236; baseline 0.01 -28"><span class='ocrx_word' id='word_1_149' title='bbox 2347 1152 2586 1210; x_wconf 80' lang='lat' dir='ltr'><strong>Phocum</strong></span> <span class='ocrx_word' id='word_1_150' title='bbox 2617 1158 2853 1227; x_wconf 84' lang='lat' dir='ltr'><strong>suscepit</strong></span> <span class='ocrx_word' id='word_1_151' title='bbox 2882 1157 3156 1229; x_wconf 75' lang='lat' dir='ltr'><strong>(Hesiod.,</strong></span> <span class='ocrx_word' id='word_1_152' title='bbox 3187 1159 3475 1236; x_wconf 68' lang='lat' dir='ltr'><strong>Theogom,</strong></span> 
     </span>
    </p>
   </div>
   <div class='ocr_carea' id='block_1_24' title="bbox 1884 1243 2263 1314">
    <p class='ocr_par' dir='ltr' id='par_1_24' title="bbox 1884 1243 2263 1314">
     <span class='ocr_line' id='line_1_24' title="bbox 1884 1243 2263 1314; baseline 0.013 -18"><span class='ocrx_word' id='word_1_153' title='bbox 1884 1258 2015 1302; x_wconf 75' lang='lat' dir='ltr'><strong>vers.</strong></span> <span class='ocrx_word' id='word_1_154' title='bbox 2048 1243 2226 1314; x_wconf 75' lang='grc'><strong>1004)</strong></span> <span class='ocrx_word' id='word_1_155' title='bbox 2249 1263 2263 1301; x_wconf 90' lang='lat'>:</span> 
     </span>
    </p>
   </div>
   <div class='ocr_carea' id='block_1_25' title="bbox 2041 1355 2906 1424">
    <p class='ocr_par' dir='ltr' id='par_1_25' title="bbox 2041 1355 2906 1424">
     <span class='ocr_line' id='line_1_25' title="bbox 2041 1355 2906 1424; baseline 0.01 -19"><span class='ocrx_word' id='word_1_156' title='bbox 2041 1355 2132 1406; x_wconf 62' lang='grc' dir='ltr'><strong>ἦτοι</strong></span> <span class='ocrx_word' id='word_1_157' title='bbox 2154 1370 2219 1419; x_wconf 71' lang='grc' dir='ltr'><strong>μὶν</strong></span> <span class='ocrx_word' id='word_1_158' title='bbox 2243 1375 2365 1409; x_wconf 74' lang='grc' dir='ltr'><strong>Φῶκον</strong></span> <span class='ocrx_word' id='word_1_159' title='bbox 2389 1375 2549 1423; x_wconf 73' lang='grc' dir='ltr'><strong>Ψαμάθη</strong></span> <span class='ocrx_word' id='word_1_160' title='bbox 2572 1378 2652 1414; x_wconf 74' lang='grc' dir='ltr'>τίκι</span> <span class='ocrx_word' id='word_1_161' title='bbox 2675 1371 2740 1414; x_wconf 73' lang='grc' dir='ltr'><strong>δῖα</strong></span> <span class='ocrx_word' id='word_1_162' title='bbox 2765 1377 2876 1416; x_wconf 58' lang='lat' dir='ltr'><strong>Otia”</strong></span> <span class='ocrx_word' id='word_1_163' title='bbox 2894 1407 2906 1424; x_wconf 84' lang='lat'><strong>,</strong></span> 
     </span>
    </p>
   </div>
   <div class='ocr_carea' id='block_1_26' title="bbox 2039 1429 2934 1490">
    <p class='ocr_par' dir='ltr' id='par_1_26' title="bbox 2039 1429 2934 1490">
     <span class='ocr_line' id='line_1_26' title="bbox 2039 1429 2934 1490; baseline 0.013 -23"><span class='ocrx_word' id='word_1_164' title='bbox 2039 1431 2174 1470; x_wconf 62' lang='grc' dir='ltr'><strong>Αἱωιοΰ</strong></span> <span class='ocrx_word' id='word_1_165' title='bbox 2199 1434 2236 1469; x_wconf 68' lang='grc' dir='ltr'>ἐν</span> <span class='ocrx_word' id='word_1_166' title='bbox 2260 1434 2442 1484; x_wconf 59' lang='grc' dir='ltr'><strong>μλότητι,</strong></span> <span class='ocrx_word' id='word_1_167' title='bbox 2466 1433 2530 1474; x_wconf 70' lang='grc' dir='ltr'>διὸ.</span> <span class='ocrx_word' id='word_1_168' title='bbox 2552 1444 2685 1490; x_wconf 70' lang='grc' dir='ltr'><strong>χρυσῆν</strong></span> <span class='ocrx_word' id='word_1_169' title='bbox 2711 1429 2934 1490; x_wconf 64' lang='grc' dir='ltr'><strong>Ᾰφροδὶτην.</strong></span> 
     </span>
    </p>
   </div>
   <div class='ocr_carea' id='block_1_27' title="bbox 181 1483 3477 1581">
    <p class='ocr_par' dir='ltr' id='par_1_27' title="bbox 181 1483 3477 1581">
     <span class='ocr_line' id='line_1_27' title="bbox 181 1483 3477 1581; baseline 0.013 -49"><span class='ocrx_word' id='word_1_170' title='bbox 181 1483 237 1540; x_wconf 86' lang='lat' dir='ltr'><strong>in</strong></span> <span class='ocrx_word' id='word_1_171' title='bbox 281 1485 678 1558; x_wconf 83' lang='lat' dir='ltr'><strong>Endymionem</strong></span> <span class='ocrx_word' id='word_1_172' title='bbox 709 1490 916 1546; x_wconf 83' lang='lat' dir='ltr'><strong>Lunam</strong></span> <span class='ocrx_word' id='word_1_173' title='bbox 941 1534 958 1560; x_wconf 84' lang='grc'><strong>,</strong></span> <span class='ocrx_word' id='word_1_174' title='bbox 989 1491 1278 1550; x_wconf 85' lang='lat' dir='ltr'><strong>Nereidem</strong></span> <span class='ocrx_word' id='word_1_175' title='bbox 1319 1497 1372 1550; x_wconf 87' lang='lat' dir='ltr'><strong>in</strong></span> <span class='ocrx_word' id='word_1_176' title='bbox 1412 1495 1640 1554; x_wconf 53' lang='lat' dir='ltr'><strong>Iliacum</strong></span> <span class='ocrx_word' id='word_1_177' title='bbox 1666 1543 1680 1566; x_wconf 82' lang='lat'><strong>,</strong></span> <span class='ocrx_word' id='word_1_178' title='bbox 1723 1501 1777 1556; x_wconf 86' lang='lat' dir='ltr'><strong>in</strong></span> <span class='ocrx_word' id='word_1_179' title='bbox 1881 1499 1941 1552; x_wconf 83' lang='lat' dir='ltr'><strong>Et</strong></span> <span class='ocrx_word' id='word_1_180' title='bbox 1959 1515 2079 1554; x_wconf 86' lang='lat' dir='ltr'><strong>sane</strong></span> <span class='ocrx_word' id='word_1_181' title='bbox 2100 1483 2301 1567; x_wconf 83' lang='lat' dir='ltr'><strong>quidem</strong></span> <span class='ocrx_word' id='word_1_182' title='bbox 2325 1483 2840 1563; x_wconf 39' lang='lat' dir='ltr'><strong>Phocumesama&#39;t‘he</strong></span> <span class='ocrx_word' id='word_1_183' title='bbox 2863 1483 3058 1578; x_wconf 79' lang='lat' dir='ltr'><strong>peperit</strong></span> <span class='ocrx_word' id='word_1_184' title='bbox 3083 1523 3477 1581; x_wconf 67' lang='lat' dir='ltr'><strong>praestantissima</strong></span> 
     </span>
    </p>
   </div>
   <div class='ocr_carea' id='block_1_28' title="bbox 177 1577 1774 1662">
    <p class='ocr_par' dir='ltr' id='par_1_28' title="bbox 177 1577 1774 1662">
     <span class='ocr_line' id='line_1_28' title="bbox 177 1577 1774 1662; baseline 0.011 -31"><span class='ocrx_word' id='word_1_185' title='bbox 177 1577 412 1634; x_wconf 84' lang='lat' dir='ltr'><strong>Achillis</strong></span> <span class='ocrx_word' id='word_1_186' title='bbox 438 1580 738 1650; x_wconf 74' lang='lat' dir='ltr'><strong>genitorem</strong></span> <span class='ocrx_word' id='word_1_187' title='bbox 768 1582 986 1650; x_wconf 88' lang='lat' dir='ltr'><strong>Thetin,</strong></span> <span class='ocrx_word' id='word_1_188' title='bbox 1014 1584 1394 1658; x_wconf 84' lang='lat' dir='ltr'><strong>Proserpinam</strong></span> <span class='ocrx_word' id='word_1_189' title='bbox 1420 1588 1474 1644; x_wconf 93' lang='lat' dir='ltr'><strong>in</strong></span> <span class='ocrx_word' id='word_1_190' title='bbox 1507 1589 1774 1662; x_wconf 81' lang='lat' dir='ltr'><strong>Adonem,</strong></span> 
     </span>
    </p>
   </div>
   <div class='ocr_carea' id='block_1_29' title="bbox 174 1673 1778 1756">
    <p class='ocr_par' dir='ltr' id='par_1_29' title="bbox 174 1673 1778 1756">
     <span class='ocr_line' id='line_1_29' title="bbox 174 1673 1778 1756; baseline 0.01 -28"><span class='ocrx_word' id='word_1_191' title='bbox 174 1683 408 1730; x_wconf 89' lang='lat' dir='ltr'><strong>matrem</strong></span> <span class='ocrx_word' id='word_1_192' title='bbox 436 1675 553 1746; x_wconf 84' lang='lat' dir='ltr'><strong>ejus</strong></span> <span class='ocrx_word' id='word_1_193' title='bbox 571 1673 824 1734; x_wconf 89' lang='lat' dir='ltr'><strong>Cererem</strong></span> <span class='ocrx_word' id='word_1_194' title='bbox 851 1681 902 1734; x_wconf 91' lang='lat' dir='ltr'><strong>in</strong></span> <span class='ocrx_word' id='word_1_195' title='bbox 927 1680 1200 1738; x_wconf 85' lang='lat' dir='ltr'><strong>Jasionem</strong></span> <span class='ocrx_word' id='word_1_196' title='bbox 1229 1685 1415 1740; x_wconf 90' lang='lat' dir='ltr'><strong>nescio</strong></span> <span class='ocrx_word' id='word_1_197' title='bbox 1433 1702 1591 1756; x_wconf 89' lang='lat' dir='ltr'><strong>quem</strong></span> <span class='ocrx_word' id='word_1_198' title='bbox 1617 1688 1778 1743; x_wconf 89' lang='lat' dir='ltr'><strong>rusti-</strong></span> 
     </span>
    </p>
   </div>
   <div class='ocr_carea' id='block_1_30' title="bbox 170 1771 1774 1844">
    <p class='ocr_par' dir='ltr' id='par_1_30' title="bbox 170 1771 1774 1844">
     <span class='ocr_line' id='line_1_30' title="bbox 170 1771 1774 1844; baseline 0.01 -23"><span class='ocrx_word' id='word_1_199' title='bbox 170 1779 373 1822; x_wconf 88' lang='lat' dir='ltr'><strong>canum</strong></span> <span class='ocrx_word' id='word_1_200' title='bbox 398 1809 416 1836; x_wconf 92' lang='lat'><strong>,</strong></span> <span class='ocrx_word' id='word_1_201' title='bbox 466 1779 517 1824; x_wconf 94' lang='lat' dir='ltr'><strong>et</strong></span> <span class='ocrx_word' id='word_1_202' title='bbox 550 1781 672 1841; x_wconf 90' lang='lat' dir='ltr'><strong>post</strong></span> <span class='ocrx_word' id='word_1_203' title='bbox 697 1771 992 1828; x_wconf 82' lang='lat' dir='ltr'><strong>Vulcanum</strong></span> <span class='ocrx_word' id='word_1_204' title='bbox 1035 1773 1388 1832; x_wconf 88' lang='lat' dir='ltr'><strong>Phaetontem</strong></span> <span class='ocrx_word' id='word_1_205' title='bbox 1411 1820 1426 1844; x_wconf 93' lang='lat'><strong>,</strong></span> <span class='ocrx_word' id='word_1_206' title='bbox 1470 1778 1693 1837; x_wconf 77' lang='lat' dir='ltr'><strong>Martem</strong></span> <span class='ocrx_word' id='word_1_207' title='bbox 1721 1782 1774 1837; x_wconf 91' lang='lat' dir='ltr'><strong>in</strong></span> 
     </span>
    </p>
   </div>
   <div class='ocr_carea' id='block_1_31' title="bbox 172 1859 1769 1939">
    <p class='ocr_par' dir='ltr' id='par_1_31' title="bbox 172 1859 1769 1939">
     <span class='ocr_line' id='line_1_31' title="bbox 172 1859 1769 1939; baseline 0.008 -23"><span class='ocrx_word' id='word_1_208' title='bbox 172 1859 433 1916; x_wconf 67' lang='lat' dir='ltr'><strong>Anchisa:</strong></span> <span class='ocrx_word' id='word_1_209' title='bbox 479 1862 691 1932; x_wconf 89' lang='lat' dir='ltr'><strong>nuptias</strong></span> <span class='ocrx_word' id='word_1_210' title='bbox 740 1865 908 1934; x_wconf 85' lang='lat' dir='ltr'><strong>ipsam</strong></span> <span class='ocrx_word' id='word_1_211' title='bbox 943 1866 1085 1922; x_wconf 89' lang='lat' dir='ltr'><strong>illam</strong></span> <span class='ocrx_word' id='word_1_212' title='bbox 1122 1867 1422 1939; x_wconf 88' lang='lat' dir='ltr'><strong>Venerem,</strong></span> <span class='ocrx_word' id='word_1_213' title='bbox 1465 1871 1769 1929; x_wconf 73' lang='lat' dir='ltr'><strong>Eneadnm</strong></span> 
     </span>
    </p>
   </div>
   <div class='ocr_carea' id='block_1_32' title="bbox 173 1954 1759 2036">
    <p class='ocr_par' dir='ltr' id='par_1_32' title="bbox 173 1954 1759 2036">
     <span class='ocr_line' id='line_1_32' title="bbox 173 1954 1759 2036; baseline 0.008 -28"><span class='ocrx_word' id='word_1_214' title='bbox 173 1963 442 2020; x_wconf 86' lang='lat' dir='ltr'><strong>matrem,</strong></span> <span class='ocrx_word' id='word_1_215' title='bbox 473 1964 528 2009; x_wconf 91' lang='lat' dir='ltr'><strong>et</strong></span> <span class='ocrx_word' id='word_1_216' title='bbox 554 1954 808 2012; x_wconf 68' lang='lat' dir='ltr'><strong>Romanae</strong></span> <span class='ocrx_word' id='word_1_217' title='bbox 835 1957 1221 2017; x_wconf 88' lang='lat' dir='ltr'><strong>dominationis</strong></span> <span class='ocrx_word' id='word_1_218' title='bbox 1253 1973 1529 2021; x_wconf 83' lang='lat' dir='ltr'><strong>auctorem</strong></span> <span class='ocrx_word' id='word_1_219' title='bbox 1567 1984 1587 2018; x_wconf 73' lang='grc' dir='ltr'><strong>ι</strong></span> <span class='ocrx_word' id='word_1_220' title='bbox 1620 1966 1639 2036; x_wconf 94' lang='grc'><strong>(</strong></span> <span class='ocrx_word' id='word_1_221' title='bbox 1672 1967 1759 2020; x_wconf 84' lang='lat' dir='ltr'><strong>Ar-</strong></span> 
     </span>
    </p>
   </div>
   <div class='ocr_carea' id='block_1_33' title="bbox 169 2043 1769 2126">
    <p class='ocr_par' dir='ltr' id='par_1_33' title="bbox 169 2043 1769 2126">
     <span class='ocr_line' id='line_1_33' title="bbox 169 2043 1769 2126; baseline 0.009 -27"><span class='ocrx_word' id='word_1_222' title='bbox 169 2043 294 2099; x_wconf 80' lang='lat' dir='ltr'><strong>nob.</strong></span> <span class='ocrx_word' id='word_1_223' title='bbox 325 2085 343 2110; x_wconf 96' lang='lat'><strong>,</strong></span> <span class='ocrx_word' id='word_1_224' title='bbox 400 2045 490 2100; x_wconf 95' lang='lat' dir='ltr'><strong>lib.</strong></span> <span class='ocrx_word' id='word_1_225' title='bbox 529 2061 620 2114; x_wconf 81' lang='lat' dir='ltr'><strong>iv,</strong></span> <span class='ocrx_word' id='word_1_226' title='bbox 671 2064 790 2121; x_wconf 89' lang='lat' dir='ltr'><strong>pag.</strong></span> <span class='ocrx_word' id='word_1_227' title='bbox 826 2049 930 2106; x_wconf 72' lang='grc'><strong>145</strong></span> <span class='ocrx_word' id='word_1_228' title='bbox 973 2062 1021 2106; x_wconf 91' lang='lat' dir='ltr'><strong>et</strong></span> <span class='ocrx_word' id='word_1_229' title='bbox 1062 2051 1252 2126; x_wconf 53' lang='grc' dir='ltr'><strong>δίειμι).</strong></span> <span class='ocrx_word' id='word_1_230' title='bbox 1293 2054 1548 2112; x_wconf 87' lang='lat' dir='ltr'><strong>Clemens</strong></span> <span class='ocrx_word' id='word_1_231' title='bbox 1591 2068 1769 2114; x_wconf 86' lang='lat' dir='ltr'><strong>autem</strong></span> 
     </span>
    </p>
   </div>
   <div class='ocr_carea' id='block_1_34' title="bbox 176 2137 1773 2221">
    <p class='ocr_par' dir='ltr' id='par_1_34' title="bbox 176 2137 1773 2221">
     <span class='ocr_line' id='line_1_34' title="bbox 176 2137 1773 2221; baseline 0.009 -29"><span class='ocrx_word' id='word_1_232' title='bbox 176 2137 585 2195; x_wconf 79' lang='lat' dir='ltr'><strong>Alexandrinus</strong></span> <span class='ocrx_word' id='word_1_233' title='bbox 646 2141 820 2211; x_wconf 74' lang='lat' dir='ltr'><strong>prios&#39;</strong></span> <span class='ocrx_word' id='word_1_234' title='bbox 854 2143 1058 2200; x_wconf 85' lang='lat' dir='ltr'><strong>eisdem</strong></span> <span class='ocrx_word' id='word_1_235' title='bbox 1129 2147 1421 2218; x_wconf 72' lang='lat' dir='ltr'><strong>gentilibus</strong></span> <span class='ocrx_word' id='word_1_236' title='bbox 1499 2149 1773 2221; x_wconf 87' lang='lat' dir='ltr'><strong>ohjecerat</strong></span> 
     </span>
    </p>
   </div>
   <div class='ocr_carea' id='block_1_35' title="bbox 172 2228 1766 2316">
    <p class='ocr_par' dir='ltr' id='par_1_35' title="bbox 172 2228 1766 2316">
     <span class='ocr_line' id='line_1_35' title="bbox 172 2228 1766 2316; baseline 0.008 -31"><span class='ocrx_word' id='word_1_237' title='bbox 172 2228 196 2301; x_wconf 88' lang='lat'><strong>(</strong></span> <span class='ocrx_word' id='word_1_238' title='bbox 233 2229 471 2286; x_wconf 70' lang='lat' dir='ltr'><strong>Clemens</strong></span> <span class='ocrx_word' id='word_1_239' title='bbox 496 2233 777 2289; x_wconf 77' lang='lat' dir='ltr'><strong>Alexandr.</strong></span> <span class='ocrx_word' id='word_1_240' title='bbox 805 2277 821 2298; x_wconf 88' lang='lat'><strong>,</strong></span> <span class='ocrx_word' id='word_1_241' title='bbox 873 2237 1133 2293; x_wconf 75' lang='lat' dir='ltr'><strong>Admonit.</strong></span> <span class='ocrx_word' id='word_1_242' title='bbox 1179 2240 1249 2294; x_wconf 83' lang='lat' dir='ltr'><strong>ad</strong></span> <span class='ocrx_word' id='word_1_243' title='bbox 1272 2251 1407 2312; x_wconf 86' lang='lat' dir='ltr'><strong>gent.</strong></span> <span class='ocrx_word' id='word_1_244' title='bbox 1456 2259 1576 2316; x_wconf 89' lang='lat' dir='ltr'><strong>pag.</strong></span> <span class='ocrx_word' id='word_1_245' title='bbox 1611 2243 1674 2300; x_wconf 71' lang='lat'><strong>2!</strong></span> <span class='ocrx_word' id='word_1_246' title='bbox 1708 2245 1766 2314; x_wconf 89' lang='lat'><strong>):</strong></span> 
     </span>
    </p>
   </div>
   <div class='ocr_carea' id='block_1_36' title="bbox 165 2322 1764 2410">
    <p class='ocr_par' dir='ltr' id='par_1_36' title="bbox 165 2322 1764 2410">
     <span class='ocr_line' id='line_1_36' title="bbox 165 2322 1764 2410; baseline 0.01 -33"><span class='ocrx_word' id='word_1_247' title='bbox 165 2322 216 2378; x_wconf 73' lang='grc' dir='ltr'><strong>Ἠ</strong></span> <span class='ocrx_word' id='word_1_248' title='bbox 243 2325 315 2384; x_wconf 81' lang='grc' dir='ltr'><strong>ὣς</strong></span> <span class='ocrx_word' id='word_1_249' title='bbox 343 2327 675 2392; x_wconf 50' lang='grc' dir='ltr'><strong>ἐπιτιθωνῶ,</strong></span> <span class='ocrx_word' id='word_1_250' title='bbox 702 2329 876 2389; x_wconf 75' lang='grc' dir='ltr'><strong>Σελήνη</strong></span> <span class='ocrx_word' id='word_1_251' title='bbox 901 2329 1209 2404; x_wconf 76' lang='grc' dir='ltr'><strong>Ἐνδυμίωνι,</strong></span> <span class='ocrx_word' id='word_1_252' title='bbox 1239 2338 1429 2410; x_wconf 82' lang='grc' dir='ltr'><strong>Νηρηὶς</strong></span> <span class='ocrx_word' id='word_1_253' title='bbox 1467 2338 1551 2392; x_wconf 82' lang='grc' dir='ltr'><em>ἐπὶ</em></span> <span class='ocrx_word' id='word_1_254' title='bbox 1576 2340 1764 2409; x_wconf 79' lang='grc' dir='ltr'><strong>Αἰακῷ,</strong></span> 
     </span>
    </p>
   </div>
   <div class='ocr_carea' id='block_1_37' title="bbox 165 2419 1770 2506">
    <p class='ocr_par' dir='ltr' id='par_1_37' title="bbox 165 2419 1770 2506">
     <span class='ocr_line' id='line_1_37' title="bbox 165 2419 1770 2506; baseline 0.009 -35"><span class='ocrx_word' id='word_1_255' title='bbox 165 2421 256 2471; x_wconf 80' lang='grc' dir='ltr'><strong>καὶ</strong></span> <span class='ocrx_word' id='word_1_256' title='bbox 283 2419 372 2474; x_wconf 67' lang='grc' dir='ltr'><strong>ἐπὶ</strong></span> <span class='ocrx_word' id='word_1_257' title='bbox 413 2420 561 2479; x_wconf 72' lang='grc' dir='ltr'><strong>Πηλεῖ</strong></span> <span class='ocrx_word' id='word_1_258' title='bbox 603 2424 750 2484; x_wconf 75' lang='grc' dir='ltr'><strong>Θέτις</strong></span> <span class='ocrx_word' id='word_1_259' title='bbox 781 2439 793 2453; x_wconf 92' lang='lat'><strong>&#39;</strong></span> <span class='ocrx_word' id='word_1_260' title='bbox 827 2426 912 2479; x_wconf 79' lang='grc' dir='ltr'><strong>ἐπὶ</strong></span> <span class='ocrx_word' id='word_1_261' title='bbox 935 2424 987 2481; x_wconf 80' lang='grc' dir='ltr'><strong>δέ</strong></span> <span class='ocrx_word' id='word_1_262' title='bbox 1024 2426 1240 2483; x_wconf 78' lang='grc' dir='ltr'><strong>Ἰασίωνι</strong></span> <span class='ocrx_word' id='word_1_263' title='bbox 1266 2435 1523 2506; x_wconf 79' lang='grc' dir='ltr'><strong>Δημήτηρ,</strong></span> <span class='ocrx_word' id='word_1_264' title='bbox 1559 2437 1646 2486; x_wconf 86' lang='grc' dir='ltr'><strong>καί</strong></span> <span class='ocrx_word' id='word_1_265' title='bbox 1683 2434 1770 2488; x_wconf 69' lang='grc' dir='ltr'><strong>ἐπὶ</strong></span> 
     </span>
    </p>
   </div>
   <div class='ocr_carea' id='block_1_38' title="bbox 164 2507 1763 2598">
    <p class='ocr_par' dir='ltr' id='par_1_38' title="bbox 164 2507 1763 2598">
     <span class='ocr_line' id='line_1_38' title="bbox 164 2507 1763 2598; baseline 0.011 -35"><span class='ocrx_word' id='word_1_266' title='bbox 164 2507 394 2565; x_wconf 78' lang='grc' dir='ltr'><strong>Ἀδώνιδι</strong></span> <span class='ocrx_word' id='word_1_267' title='bbox 405 2513 711 2587; x_wconf 64' lang='grc' dir='ltr'><strong>Φερεφαττω</strong></span> <span class='ocrx_word' id='word_1_268' title='bbox 725 2513 986 2591; x_wconf 78' lang='grc' dir='ltr'><strong>’Λφροδίτη</strong></span> <span class='ocrx_word' id='word_1_269' title='bbox 1007 2516 1060 2572; x_wconf 83' lang='grc' dir='ltr'><em>δέ</em></span> <span class='ocrx_word' id='word_1_270' title='bbox 1077 2519 1156 2574; x_wconf 77' lang='grc' dir='ltr'><strong>ἐπ’</strong></span> <span class='ocrx_word' id='word_1_271' title='bbox 1170 2517 1311 2596; x_wconf 68' lang='grc' dir='ltr'><strong>’Ἄρει</strong></span> <span class='ocrx_word' id='word_1_272' title='bbox 1327 2527 1763 2598; x_wconf 76' lang='grc' dir='ltr'>κατῃσχυμμένη,</span> 
     </span>
    </p>
   </div>
   <div class='ocr_carea' id='block_1_39' title="bbox 163 2602 1767 2688">
    <p class='ocr_par' dir='ltr' id='par_1_39' title="bbox 163 2602 1767 2688">
     <span class='ocr_line' id='line_1_39' title="bbox 163 2602 1767 2688; baseline 0.014 -33"><span class='ocrx_word' id='word_1_273' title='bbox 163 2602 409 2674; x_wconf 75' lang='grc' dir='ltr'><strong>μετῆλθεν</strong></span> <span class='ocrx_word' id='word_1_274' title='bbox 433 2605 518 2660; x_wconf 71' lang='grc' dir='ltr'><strong>ἐπὶ</strong></span> <span class='ocrx_word' id='word_1_275' title='bbox 536 2608 771 2683; x_wconf 68' lang='grc' dir='ltr'><strong>Κινύραν,</strong></span> <span class='ocrx_word' id='word_1_276' title='bbox 805 2613 890 2662; x_wconf 80' lang='grc' dir='ltr'><strong>καὶ</strong></span> <span class='ocrx_word' id='word_1_277' title='bbox 914 2609 1158 2684; x_wconf 76' lang='grc' dir='ltr'><strong>Ἀγχίσην</strong></span> <span class='ocrx_word' id='word_1_278' title='bbox 1186 2611 1387 2688; x_wconf 69' lang='grc' dir='ltr'><strong>ἔγημεν·</strong></span> <span class='ocrx_word' id='word_1_279' title='bbox 1416 2621 1501 2672; x_wconf 80' lang='grc' dir='ltr'><strong>καὶ</strong></span> <span class='ocrx_word' id='word_1_280' title='bbox 1521 2621 1767 2676; x_wconf 70' lang='grc' dir='ltr'>Φαέθοντα</span> 
     </span>
    </p>
   </div>
   <div class='ocr_carea' id='block_1_40' title="bbox 161 2695 1760 2782">
    <p class='ocr_par' dir='ltr' id='par_1_40' title="bbox 161 2695 1760 2782">
     <span class='ocr_line' id='line_1_40' title="bbox 161 2695 1760 2782; baseline 0.011 -32"><span class='ocrx_word' id='word_1_281' title='bbox 161 2695 362 2767; x_wconf 73' lang='grc' dir='ltr'>ἐλόχα,</span> <span class='ocrx_word' id='word_1_282' title='bbox 405 2701 492 2753; x_wconf 82' lang='grc' dir='ltr'>καὶ</span> <span class='ocrx_word' id='word_1_283' title='bbox 513 2698 615 2774; x_wconf 77' lang='grc' dir='ltr'><strong>ἦρα</strong></span> <span class='ocrx_word' id='word_1_284' title='bbox 638 2697 916 2763; x_wconf 81' lang='grc' dir='ltr'><strong>Ἀδώνιδος.</strong></span> <span class='ocrx_word' id='word_1_285' title='bbox 956 2703 1157 2758; x_wconf 84' lang='lat' dir='ltr'><strong>Aurora</strong></span> <span class='ocrx_word' id='word_1_286' title='bbox 1198 2717 1406 2779; x_wconf 76' lang='lat' dir='ltr'><strong>propter</strong></span> <span class='ocrx_word' id='word_1_287' title='bbox 1451 2707 1760 2782; x_wconf 84' lang='lat' dir='ltr'><strong>Tithonum,</strong></span> 
     </span>
    </p>
   </div>
   <div class='ocr_carea' id='block_1_41' title="bbox 160 2787 1760 2870">
    <p class='ocr_par' dir='ltr' id='par_1_41' title="bbox 160 2787 1760 2870">
     <span class='ocr_line' id='line_1_41' title="bbox 160 2787 1760 2870; baseline 0.008 -25"><span class='ocrx_word' id='word_1_288' title='bbox 160 2787 320 2845; x_wconf 82' lang='lat' dir='ltr'><strong>Luna</strong></span> <span class='ocrx_word' id='word_1_289' title='bbox 359 2801 570 2861; x_wconf 75' lang='lat' dir='ltr'><strong>propter</strong></span> <span class='ocrx_word' id='word_1_290' title='bbox 611 2789 1025 2864; x_wconf 81' lang='lat' dir='ltr'><strong>Endymionem,</strong></span> <span class='ocrx_word' id='word_1_291' title='bbox 1062 2796 1247 2853; x_wconf 79' lang='lat' dir='ltr'><strong>Nereis</strong></span> <span class='ocrx_word' id='word_1_292' title='bbox 1275 2813 1482 2870; x_wconf 82' lang='lat' dir='ltr'><strong>propter</strong></span> <span class='ocrx_word' id='word_1_293' title='bbox 1511 2801 1760 2870; x_wconf 74' lang='grc' dir='ltr'><strong>Δῑαειιηι,</strong></span> 
     </span>
    </p>
   </div>
   <div class='ocr_carea' id='block_1_42' title="bbox 160 2881 1763 2960">
    <p class='ocr_par' dir='ltr' id='par_1_42' title="bbox 160 2881 1763 2960">
     <span class='ocr_line' id='line_1_42' title="bbox 160 2881 1763 2960; baseline 0.008 -24"><span class='ocrx_word' id='word_1_294' title='bbox 160 2889 208 2936; x_wconf 82' lang='lat' dir='ltr'><strong>et</strong></span> <span class='ocrx_word' id='word_1_295' title='bbox 231 2892 444 2953; x_wconf 80' lang='lat' dir='ltr'><strong>propter</strong></span> <span class='ocrx_word' id='word_1_296' title='bbox 495 2881 709 2939; x_wconf 79' lang='lat' dir='ltr'><strong>Peleum</strong></span> <span class='ocrx_word' id='word_1_297' title='bbox 759 2883 932 2942; x_wconf 72' lang='lat' dir='ltr'><strong>Thetis</strong></span> <span class='ocrx_word' id='word_1_298' title='bbox 955 2931 970 2955; x_wconf 88' lang='lat'><strong>,</strong></span> <span class='ocrx_word' id='word_1_299' title='bbox 1022 2901 1229 2960; x_wconf 84' lang='lat' dir='ltr'><strong>propter</strong></span> <span class='ocrx_word' id='word_1_300' title='bbox 1280 2890 1545 2949; x_wconf 76' lang='lat' dir='ltr'><strong>Jasionem</strong></span> <span class='ocrx_word' id='word_1_301' title='bbox 1594 2905 1763 2949; x_wconf 86' lang='lat' dir='ltr'><strong>autem</strong></span> 
     </span>
    </p>
   </div>
   <div class='ocr_carea' id='block_1_43' title="bbox 161 2970 1761 3055">
    <p class='ocr_par' dir='ltr' id='par_1_43' title="bbox 161 2970 1761 3055">
     <span class='ocr_line' id='line_1_43' title="bbox 161 2970 1761 3055; baseline 0.011 -29"><span class='ocrx_word' id='word_1_302' title='bbox 161 2970 351 3040; x_wconf 74' lang='lat' dir='ltr'><strong>Cerea,</strong></span> <span class='ocrx_word' id='word_1_303' title='bbox 400 2983 446 3029; x_wconf 87' lang='lat' dir='ltr'><strong>el</strong></span> <span class='ocrx_word' id='word_1_304' title='bbox 471 2985 680 3046; x_wconf 83' lang='lat' dir='ltr'><strong>propter</strong></span> <span class='ocrx_word' id='word_1_305' title='bbox 721 2977 1006 3034; x_wconf 81' lang='lat' dir='ltr'><strong>Adonidem</strong></span> <span class='ocrx_word' id='word_1_306' title='bbox 1048 2979 1365 3055; x_wconf 76' lang='lat' dir='ltr'><strong>Proserpina</strong></span> <span class='ocrx_word' id='word_1_307' title='bbox 1391 3003 1410 3040; x_wconf 89' lang='lat'><strong><em>:</em></strong></span> <span class='ocrx_word' id='word_1_308' title='bbox 1441 2985 1606 3042; x_wconf 77' lang='lat' dir='ltr'><strong>Venus</strong></span> <span class='ocrx_word' id='word_1_309' title='bbox 1646 3003 1761 3044; x_wconf 81' lang='lat' dir='ltr'><strong>vero</strong></span> 
     </span>
    </p>
   </div>
   <div class='ocr_carea' id='block_1_44' title="bbox 159 3065 1759 3147">
    <p class='ocr_par' dir='ltr' id='par_1_44' title="bbox 159 3065 1759 3147">
     <span class='ocr_line' id='line_1_44' title="bbox 159 3065 1759 3147; baseline 0.011 -28"><span class='ocrx_word' id='word_1_310' title='bbox 159 3075 377 3137; x_wconf 80' lang='lat' dir='ltr'><strong>propter</strong></span> <span class='ocrx_word' id='word_1_311' title='bbox 420 3065 640 3123; x_wconf 76' lang='lat' dir='ltr'><strong>Martem</strong></span> <span class='ocrx_word' id='word_1_312' title='bbox 664 3079 736 3125; x_wconf 74' lang='lat' dir='ltr'><strong>est</strong></span> <span class='ocrx_word' id='word_1_313' title='bbox 763 3072 948 3140; x_wconf 88' lang='lat' dir='ltr'><strong>probro</strong></span> <span class='ocrx_word' id='word_1_314' title='bbox 975 3082 1022 3128; x_wconf 90' lang='lat' dir='ltr'><strong>et</strong></span> <span class='ocrx_word' id='word_1_315' title='bbox 1056 3073 1304 3132; x_wconf 84' lang='lat' dir='ltr'><strong>dedecore</strong></span> <span class='ocrx_word' id='word_1_316' title='bbox 1331 3076 1519 3146; x_wconf 74' lang='lat' dir='ltr'><strong>affecta</strong></span> <span class='ocrx_word' id='word_1_317' title='bbox 1551 3121 1568 3147; x_wconf 93' lang='lat'><strong>,</strong></span> <span class='ocrx_word' id='word_1_318' title='bbox 1612 3091 1759 3135; x_wconf 87' lang='lat' dir='ltr'><strong>tran-</strong></span> 
     </span>
    </p>
   </div>
   <div class='ocr_carea' id='block_1_45' title="bbox 157 3156 1757 3242">
    <p class='ocr_par' dir='ltr' id='par_1_45' title="bbox 157 3156 1757 3242">
     <span class='ocr_line' id='line_1_45' title="bbox 157 3156 1757 3242; baseline 0.01 -30"><span class='ocrx_word' id='word_1_319' title='bbox 157 3158 244 3212; x_wconf 72' lang='lat' dir='ltr'><strong>siit</strong></span> <span class='ocrx_word' id='word_1_320' title='bbox 272 3157 343 3212; x_wconf 84' lang='lat' dir='ltr'><strong>ad</strong></span> <span class='ocrx_word' id='word_1_321' title='bbox 366 3156 614 3229; x_wconf 75' lang='lat' dir='ltr'><strong>Cyniram</strong></span> <span class='ocrx_word' id='word_1_322' title='bbox 639 3202 655 3228; x_wconf 92' lang='lat'><strong>,</strong></span> <span class='ocrx_word' id='word_1_323' title='bbox 699 3173 746 3217; x_wconf 88' lang='lat' dir='ltr'><strong>et</strong></span> <span class='ocrx_word' id='word_1_324' title='bbox 775 3165 948 3233; x_wconf 75' lang='lat' dir='ltr'><strong>nupsit</strong></span> <span class='ocrx_word' id='word_1_325' title='bbox 977 3166 1214 3222; x_wconf 73' lang='lat' dir='ltr'><strong>Anchisa:</strong></span> <span class='ocrx_word' id='word_1_326' title='bbox 1232 3211 1248 3235; x_wconf 93' lang='lat'><strong>,</strong></span> <span class='ocrx_word' id='word_1_327' title='bbox 1280 3179 1328 3224; x_wconf 88' lang='lat' dir='ltr'><strong>et</strong></span> <span class='ocrx_word' id='word_1_328' title='bbox 1357 3172 1553 3242; x_wconf 81' lang='lat' dir='ltr'><strong>paravit</strong></span> <span class='ocrx_word' id='word_1_329' title='bbox 1581 3171 1757 3228; x_wconf 83' lang='lat' dir='ltr'><strong>Phae-</strong></span> 
     </span>
    </p>
   </div>
   <div class='ocr_carea' id='block_1_46' title="bbox 161 3253 1202 3319">
    <p class='ocr_par' dir='ltr' id='par_1_46' title="bbox 161 3253 1202 3319">
     <span class='ocr_line' id='line_1_46' title="bbox 161 3253 1202 3319; baseline 0.012 -14"><span class='ocrx_word' id='word_1_330' title='bbox 161 3253 296 3306; x_wconf 85' lang='lat' dir='ltr'><strong>tonti</strong></span> <span class='ocrx_word' id='word_1_331' title='bbox 327 3253 564 3319; x_wconf 77' lang='lat' dir='ltr'><strong>insidias,</strong></span> <span class='ocrx_word' id='word_1_332' title='bbox 607 3265 655 3311; x_wconf 86' lang='lat' dir='ltr'><strong>et</strong></span> <span class='ocrx_word' id='word_1_333' title='bbox 681 3259 870 3312; x_wconf 82' lang='lat' dir='ltr'><strong>amavit</strong></span> <span class='ocrx_word' id='word_1_334' title='bbox 895 3259 1202 3317; x_wconf 80' lang='lat' dir='ltr'><strong>Adonidem.</strong></span> 
     </span>
    </p>
   </div>
   <div class='ocr_carea' id='block_1_47' title="bbox 235 3347 1768 3433">
    <p class='ocr_par' dir='ltr' id='par_1_47' title="bbox 235 3347 1768 3433">
     <span class='ocr_line' id='line_1_47' title="bbox 235 3347 1768 3433; baseline 0.01 -31"><span class='ocrx_word' id='word_1_335' title='bbox 235 3347 509 3404; x_wconf 87' lang='lat' dir='ltr'><strong>Tithonus</strong></span> <span class='ocrx_word' id='word_1_336' title='bbox 545 3359 725 3406; x_wconf 91' lang='lat' dir='ltr'><strong>autem</strong></span> <span class='ocrx_word' id='word_1_337' title='bbox 766 3351 1186 3421; x_wconf 81' lang='lat' dir='ltr'><strong>Laomedontis,</strong></span> <span class='ocrx_word' id='word_1_338' title='bbox 1229 3356 1582 3430; x_wconf 87' lang='lat' dir='ltr'><strong>Trojanorum</strong></span> <span class='ocrx_word' id='word_1_339' title='bbox 1624 3361 1768 3433; x_wconf 83' lang='lat' dir='ltr'><strong>regis</strong></span> 
     </span>
    </p>
   </div>
   <div class='ocr_carea' id='block_1_48' title="bbox 156 3438 1762 3525">
    <p class='ocr_par' dir='ltr' id='par_1_48' title="bbox 156 3438 1762 3525">
     <span class='ocr_line' id='line_1_48' title="bbox 156 3438 1762 3525; baseline 0.009 -32"><span class='ocrx_word' id='word_1_340' title='bbox 156 3438 350 3505; x_wconf 75' lang='lat' dir='ltr'><strong>frater,</strong></span> <span class='ocrx_word' id='word_1_341' title='bbox 376 3448 434 3495; x_wconf 93' lang='lat' dir='ltr'><strong>ut</strong></span> <span class='ocrx_word' id='word_1_342' title='bbox 461 3440 539 3494; x_wconf 86' lang='lat' dir='ltr'><strong>ait</strong></span> <span class='ocrx_word' id='word_1_343' title='bbox 565 3441 786 3498; x_wconf 82' lang='lat' dir='ltr'><strong>Servius</strong></span> <span class='ocrx_word' id='word_1_344' title='bbox 813 3444 1034 3512; x_wconf 85' lang='lat' dir='ltr'><strong>(Seroi.,</strong></span> <span class='ocrx_word' id='word_1_345' title='bbox 1070 3446 1123 3501; x_wconf 87' lang='lat' dir='ltr'><strong>in</strong></span> <span class='ocrx_word' id='word_1_346' title='bbox 1147 3463 1267 3504; x_wconf 75' lang='lat' dir='ltr'><strong>mox</strong></span> <span class='ocrx_word' id='word_1_347' title='bbox 1289 3450 1482 3506; x_wconf 84' lang='lat' dir='ltr'><strong>citand.</strong></span> <span class='ocrx_word' id='word_1_348' title='bbox 1515 3451 1698 3524; x_wconf 83' lang='lat' dir='ltr'><strong>Virgil.</strong></span> <span class='ocrx_word' id='word_1_349' title='bbox 1718 3460 1762 3525; x_wconf 80' lang='lat'><strong>),</strong></span> 
     </span>
    </p>
   </div>
   <div class='ocr_carea' id='block_1_49' title="bbox 154 3533 1763 3618">
    <p class='ocr_par' dir='ltr' id='par_1_49' title="bbox 154 3533 1763 3618">
     <span class='ocr_line' id='line_1_49' title="bbox 154 3533 1763 3618; baseline 0.011 -31"><span class='ocrx_word' id='word_1_350' title='bbox 154 3533 227 3589; x_wconf 91' lang='lat' dir='ltr'><strong>ab</strong></span> <span class='ocrx_word' id='word_1_351' title='bbox 250 3533 462 3589; x_wconf 88' lang='lat' dir='ltr'><strong>Aurora</strong></span> <span class='ocrx_word' id='word_1_352' title='bbox 491 3535 562 3590; x_wconf 91' lang='lat' dir='ltr'><strong>ob</strong></span> <span class='ocrx_word' id='word_1_353' title='bbox 589 3538 776 3593; x_wconf 78' lang='lat' dir='ltr'><strong>formae</strong></span> <span class='ocrx_word' id='word_1_354' title='bbox 805 3542 1168 3608; x_wconf 71' lang='lat' dir='ltr'><strong>praestantiam</strong></span> <span class='ocrx_word' id='word_1_355' title='bbox 1196 3543 1475 3601; x_wconf 87' lang='lat' dir='ltr'><strong>adamatus</strong></span> <span class='ocrx_word' id='word_1_356' title='bbox 1500 3555 1554 3602; x_wconf 90' lang='lat' dir='ltr'><strong>et</strong></span> <span class='ocrx_word' id='word_1_357' title='bbox 1579 3556 1763 3618; x_wconf 91' lang='lat' dir='ltr'><strong>raptus</strong></span> 
     </span>
    </p>
   </div>
   <div class='ocr_carea' id='block_1_50' title="bbox 153 3625 1755 3708">
    <p class='ocr_par' dir='ltr' id='par_1_50' title="bbox 153 3625 1755 3708">
     <span class='ocr_line' id='line_1_50' title="bbox 153 3625 1755 3708; baseline 0.012 -29"><span class='ocrx_word' id='word_1_358' title='bbox 153 3625 294 3694; x_wconf 82' lang='lat' dir='ltr'><strong>fuit,</strong></span> <span class='ocrx_word' id='word_1_359' title='bbox 327 3638 489 3700; x_wconf 89' lang='lat' dir='ltr'><strong>atque</strong></span> <span class='ocrx_word' id='word_1_360' title='bbox 527 3629 579 3684; x_wconf 92' lang='lat' dir='ltr'><strong>in</strong></span> <span class='ocrx_word' id='word_1_361' title='bbox 610 3629 942 3702; x_wconf 67' lang='lat' dir='ltr'><strong>Ethiopiam</strong></span> <span class='ocrx_word' id='word_1_362' title='bbox 982 3636 1223 3707; x_wconf 87' lang='lat' dir='ltr'><strong>ejusdem</strong></span> <span class='ocrx_word' id='word_1_363' title='bbox 1267 3654 1427 3694; x_wconf 91' lang='lat' dir='ltr'><strong>curru</strong></span> <span class='ocrx_word' id='word_1_364' title='bbox 1468 3639 1755 3708; x_wconf 78' lang='lat' dir='ltr'><strong>advectus,</strong></span> 
     </span>
    </p>
   </div>
   <div class='ocr_carea' id='block_1_51' title="bbox 152 3717 1756 3802">
    <p class='ocr_par' dir='ltr' id='par_1_51' title="bbox 152 3717 1756 3802">
     <span class='ocr_line' id='line_1_51' title="bbox 152 3717 1756 3802; baseline 0.01 -29"><span class='ocrx_word' id='word_1_365' title='bbox 152 3717 231 3774; x_wconf 91' lang='lat' dir='ltr'><strong>ibi</strong></span> <span class='ocrx_word' id='word_1_366' title='bbox 258 3732 329 3774; x_wconf 82' lang='lat' dir='ltr'><strong>ex</strong></span> <span class='ocrx_word' id='word_1_367' title='bbox 355 3717 443 3776; x_wconf 89' lang='lat' dir='ltr'><strong>illa</strong></span> <span class='ocrx_word' id='word_1_368' title='bbox 471 3721 657 3791; x_wconf 88' lang='lat' dir='ltr'><strong>genuit</strong></span> <span class='ocrx_word' id='word_1_369' title='bbox 680 3721 1043 3782; x_wconf 83' lang='lat' dir='ltr'><strong>Memnonem.</strong></span> <span class='ocrx_word' id='word_1_370' title='bbox 1074 3726 1226 3783; x_wconf 90' lang='lat' dir='ltr'><strong>Unde</strong></span> <span class='ocrx_word' id='word_1_371' title='bbox 1249 3729 1503 3802; x_wconf 74' lang='lat' dir='ltr'><strong>Virgilius</strong></span> <span class='ocrx_word' id='word_1_372' title='bbox 1530 3733 1756 3790; x_wconf 87' lang='lat' dir='ltr'><strong>cecinit:</strong></span> 
     </span>
    </p>
   </div>
   <div class='ocr_carea' id='block_1_52' title="bbox 904 3840 1507 3910">
    <p class='ocr_par' dir='ltr' id='par_1_52' title="bbox 904 3840 1507 3910">
     <span class='ocr_line' id='line_1_52' title="bbox 904 3840 1507 3910; baseline 0.013 -20"><span class='ocrx_word' id='word_1_373' title='bbox 904 3840 1004 3890; x_wconf 81' lang='lat' dir='ltr'><strong>Aut</strong></span> <span class='ocrx_word' id='word_1_374' title='bbox 1017 3843 1112 3910; x_wconf 72' lang='lat' dir='ltr'><strong>ubi</strong></span> <span class='ocrx_word' id='word_1_375' title='bbox 1135 3843 1507 3910; x_wconf 78' lang='lat' dir='ltr'><strong>pallidasurget</strong></span> 
     </span>
    </p>
   </div>
   <div class='ocr_carea' id='block_1_53' title="bbox 266 3895 1384 3966">
    <p class='ocr_par' dir='ltr' id='par_1_53' title="bbox 266 3895 1384 3966">
     <span class='ocr_line' id='line_1_53' title="bbox 266 3895 1384 3966; baseline 0.011 -20"><span class='ocrx_word' id='word_1_376' title='bbox 266 3895 466 3948; x_wconf 86' lang='lat' dir='ltr'><strong>Tithoni</strong></span> <span class='ocrx_word' id='word_1_377' title='bbox 495 3911 721 3951; x_wconf 88' lang='lat' dir='ltr'><strong>croceum</strong></span> <span class='ocrx_word' id='word_1_378' title='bbox 751 3899 981 3966; x_wconf 88' lang='lat' dir='ltr'><strong>linquens</strong></span> <span class='ocrx_word' id='word_1_379' title='bbox 1002 3895 1186 3956; x_wconf 72' lang='lat' dir='ltr'><strong>Aurora</strong></span> <span class='ocrx_word' id='word_1_380' title='bbox 1205 3895 1384 3958; x_wconf 85' lang='lat' dir='ltr'><strong>cubile.</strong></span> 
     </span>
    </p>
   </div>
   <div class='ocr_carea' id='block_1_54' title="bbox 700 3984 1600 4057">
    <p class='ocr_par' dir='ltr' id='par_1_54' title="bbox 700 3984 1600 4057">
     <span class='ocr_line' id='line_1_54' title="bbox 700 3984 1600 4057; baseline 0.011 -19"><span class='ocrx_word' id='word_1_381' title='bbox 700 3984 928 4052; x_wconf 67' lang='lat' dir='ltr'><strong>(Virgil,</strong></span> <span class='ocrx_word' id='word_1_382' title='bbox 958 3989 1040 4040; x_wconf 87' lang='lat' dir='ltr'><strong>lib.</strong></span> <span class='ocrx_word' id='word_1_383' title='bbox 1060 4007 1076 4041; x_wconf 87' lang='grc' dir='ltr'><strong>ι</strong></span> <span class='ocrx_word' id='word_1_384' title='bbox 1099 3992 1295 4057; x_wconf 65' lang='grc' dir='ltr'><strong>ϐων-9.,</strong></span> <span class='ocrx_word' id='word_1_385' title='bbox 1318 4007 1442 4046; x_wconf 76' lang='lat' dir='ltr'><strong>vers.</strong></span> <span class='ocrx_word' id='word_1_386' title='bbox 1465 3995 1600 4056; x_wconf 74' lang='grc'><strong>446.)</strong></span> 
     </span>
    </p>
   </div>
   <div class='ocr_carea' id='block_1_55' title="bbox 147 4085 855 4148">
    <p class='ocr_par' dir='ltr' id='par_1_55' title="bbox 147 4085 855 4148">
     <span class='ocr_line' id='line_1_55' title="bbox 147 4085 855 4148; baseline 0.006 -4"><span class='ocrx_word' id='word_1_387' title='bbox 147 4085 217 4144; x_wconf 85' lang='lat' dir='ltr'><strong>Et</strong></span> <span class='ocrx_word' id='word_1_388' title='bbox 243 4101 432 4143; x_wconf 86' lang='lat' dir='ltr'><strong>rursus</strong></span> <span class='ocrx_word' id='word_1_389' title='bbox 461 4089 568 4145; x_wconf 92' lang='lat' dir='ltr'><strong>alio</strong></span> <span class='ocrx_word' id='word_1_390' title='bbox 599 4091 652 4146; x_wconf 92' lang='lat' dir='ltr'><strong>in</strong></span> <span class='ocrx_word' id='word_1_391' title='bbox 685 4092 855 4148; x_wconf 88' lang='lat' dir='ltr'><strong>libro:</strong></span> 
     </span>
    </p>
   </div>
   <div class='ocr_carea' id='block_1_56' title="bbox 241 4180 1444 4255">
    <p class='ocr_par' dir='ltr' id='par_1_56' title="bbox 241 4180 1444 4255">
     <span class='ocr_line' id='line_1_56' title="bbox 241 4180 1444 4255; baseline 0.014 -27"><span class='ocrx_word' id='word_1_392' title='bbox 241 4180 596 4255; x_wconf 56' lang='lat' dir='ltr'><strong>Etjamprima</strong></span> <span class='ocrx_word' id='word_1_393' title='bbox 621 4199 754 4255; x_wconf 73' lang='lat' dir='ltr'><strong>novo</strong></span> <span class='ocrx_word' id='word_1_394' title='bbox 769 4189 1039 4255; x_wconf 79' lang='lat' dir='ltr'><strong>spargebat</strong></span> <span class='ocrx_word' id='word_1_395' title='bbox 1057 4189 1241 4243; x_wconf 90' lang='lat' dir='ltr'><strong>lumine</strong></span> <span class='ocrx_word' id='word_1_396' title='bbox 1265 4201 1444 4255; x_wconf 88' lang='lat' dir='ltr'><strong>terras,</strong></span> 
     </span>
    </p>
   </div>
   <div class='ocr_carea' id='block_1_57' title="bbox 241 4243 1375 4314">
    <p class='ocr_par' dir='ltr' id='par_1_57' title="bbox 241 4243 1375 4314">
     <span class='ocr_line' id='line_1_57' title="bbox 241 4243 1375 4314; baseline 0.015 -21"><span class='ocrx_word' id='word_1_397' title='bbox 241 4243 456 4295; x_wconf 76' lang='lat' dir='ltr'><strong>Tithoni</strong></span> <span class='ocrx_word' id='word_1_398' title='bbox 471 4259 700 4298; x_wconf 85' lang='lat' dir='ltr'><strong>croceum</strong></span> <span class='ocrx_word' id='word_1_399' title='bbox 726 4243 954 4314; x_wconf 61' lang='lat' dir='ltr'><strong>linque&#39;ns</strong></span> <span class='ocrx_word' id='word_1_400' title='bbox 975 4253 1166 4303; x_wconf 80' lang='lat' dir='ltr'><strong>Aurora</strong></span> <span class='ocrx_word' id='word_1_401' title='bbox 1191 4243 1375 4310; x_wconf 87' lang='lat' dir='ltr'><strong>cubile.</strong></span> 
     </span>
    </p>
   </div>
   <div class='ocr_carea' id='block_1_58' title="bbox 652 4327 1560 4405">
    <p class='ocr_par' dir='ltr' id='par_1_58' title="bbox 652 4327 1560 4405">
     <span class='ocr_line' id='line_1_58' title="bbox 652 4327 1560 4405; baseline 0.013 -26"><span class='ocrx_word' id='word_1_402' title='bbox 652 4327 838 4395; x_wconf 86' lang='lat' dir='ltr'><strong>(Idem,</strong></span> <span class='ocrx_word' id='word_1_403' title='bbox 863 4331 949 4384; x_wconf 82' lang='lat' dir='ltr'><strong>lib.</strong></span> <span class='ocrx_word' id='word_1_404' title='bbox 968 4350 1013 4385; x_wconf 79' lang='lat' dir='ltr'><strong>iv</strong></span> <span class='ocrx_word' id='word_1_405' title='bbox 1041 4335 1256 4399; x_wconf 60' lang='lat' dir='ltr'><strong>zEneid.,</strong></span> <span class='ocrx_word' id='word_1_406' title='bbox 1277 4351 1402 4391; x_wconf 83' lang='lat' dir='ltr'><strong>vers.</strong></span> <span class='ocrx_word' id='word_1_407' title='bbox 1425 4339 1560 4405; x_wconf 71' lang='grc'><strong>384.)</strong></span> 
     </span>
    </p>
   </div>
   <div class='ocr_carea' id='block_1_59' title="bbox 145 4428 1741 4517">
    <p class='ocr_par' dir='ltr' id='par_1_59' title="bbox 145 4428 1741 4517">
     <span class='ocr_line' id='line_1_59' title="bbox 145 4428 1741 4517; baseline 0.013 -32"><span class='ocrx_word' id='word_1_408' title='bbox 145 4428 222 4487; x_wconf 90' lang='lat' dir='ltr'><strong>De</strong></span> <span class='ocrx_word' id='word_1_409' title='bbox 251 4431 338 4488; x_wconf 89' lang='lat' dir='ltr'><strong>his</strong></span> <span class='ocrx_word' id='word_1_410' title='bbox 362 4432 516 4504; x_wconf 89' lang='lat' dir='ltr'><strong>plura</strong></span> <span class='ocrx_word' id='word_1_411' title='bbox 544 4434 810 4494; x_wconf 78' lang='lat' dir='ltr'><strong>Hesiodus</strong></span> <span class='ocrx_word' id='word_1_412' title='bbox 836 4439 1102 4512; x_wconf 75' lang='lat' dir='ltr'><strong>(lleaiod.,</strong></span> <span class='ocrx_word' id='word_1_413' title='bbox 1131 4443 1412 4517; x_wconf 76' lang='lat' dir='ltr'><strong>Tlteogon.,</strong></span> <span class='ocrx_word' id='word_1_414' title='bbox 1437 4462 1564 4502; x_wconf 73' lang='lat' dir='ltr'><strong>vere.</strong></span> <span class='ocrx_word' id='word_1_415' title='bbox 1591 4447 1741 4516; x_wconf 65' lang='lat'><strong>904),</strong></span> 
     </span>
    </p>
   </div>
   <div class='ocr_carea' id='block_1_60' title="bbox 143 4522 1740 4613">
    <p class='ocr_par' dir='ltr' id='par_1_60' title="bbox 143 4522 1740 4613">
     <span class='ocr_line' id='line_1_60' title="bbox 143 4522 1740 4613; baseline 0.013 -37"><span class='ocrx_word' id='word_1_416' title='bbox 143 4530 198 4576; x_wconf 90' lang='lat' dir='ltr'><strong>et</strong></span> <span class='ocrx_word' id='word_1_417' title='bbox 219 4522 538 4596; x_wconf 87' lang='lat' dir='ltr'><strong>Propertius</strong></span> <span class='ocrx_word' id='word_1_418' title='bbox 563 4526 858 4601; x_wconf 82' lang='lat' dir='ltr'><strong>(Pmpert.,</strong></span> <span class='ocrx_word' id='word_1_419' title='bbox 884 4531 972 4588; x_wconf 85' lang='lat' dir='ltr'><strong>lib.</strong></span> <span class='ocrx_word' id='word_1_420' title='bbox 999 4550 1069 4600; x_wconf 86' lang='grc' dir='ltr'>ιι,</span> <span class='ocrx_word' id='word_1_421' title='bbox 1115 4535 1243 4607; x_wconf 83' lang='lat' dir='ltr'><strong>eleg.</strong></span> <span class='ocrx_word' id='word_1_422' title='bbox 1293 4537 1382 4604; x_wconf 81' lang='lat' dir='ltr'><strong>l8;</strong></span> <span class='ocrx_word' id='word_1_423' title='bbox 1421 4539 1586 4609; x_wconf 83' lang='lat' dir='ltr'><strong>idem,</strong></span> <span class='ocrx_word' id='word_1_424' title='bbox 1613 4541 1740 4613; x_wconf 87' lang='lat' dir='ltr'><strong>eleg.</strong></span> 
     </span>
    </p>
   </div>
   <div class='ocr_carea' id='block_1_61' title="bbox 146 4613 1416 4708">
    <p class='ocr_par' dir='ltr' id='par_1_61' title="bbox 146 4613 1416 4708">
     <span class='ocr_line' id='line_1_61' title="bbox 146 4613 1416 4708; baseline 0.015 -41"><span class='ocrx_word' id='word_1_425' title='bbox 146 4613 284 4708; x_wconf 32' lang='lat'><strong>15‘),</strong></span> <span class='ocrx_word' id='word_1_426' title='bbox 319 4615 410 4688; x_wconf 90' lang='lat' dir='ltr'><strong>qui</strong></span> <span class='ocrx_word' id='word_1_427' title='bbox 439 4617 508 4674; x_wconf 91' lang='lat' dir='ltr'><strong>de</strong></span> <span class='ocrx_word' id='word_1_428' title='bbox 535 4617 872 4693; x_wconf 84' lang='lat' dir='ltr'><strong>Endymione</strong></span> <span class='ocrx_word' id='word_1_429' title='bbox 900 4623 1000 4682; x_wconf 92' lang='lat' dir='ltr'><strong>hos</strong></span> <span class='ocrx_word' id='word_1_430' title='bbox 1027 4625 1159 4683; x_wconf 79' lang='lat' dir='ltr'><strong>fecit</strong></span> <span class='ocrx_word' id='word_1_431' title='bbox 1188 4645 1416 4686; x_wconf 84' lang='lat' dir='ltr'><strong>versus:</strong></span> 
     </span>
    </p>
   </div>
   <div class='ocr_carea' id='block_1_62' title="bbox 251 4725 1434 4802">
    <p class='ocr_par' dir='ltr' id='par_1_62' title="bbox 251 4725 1434 4802">
     <span class='ocr_line' id='line_1_62' title="bbox 251 4725 1434 4802; baseline 0.015 -25"><span class='ocrx_word' id='word_1_432' title='bbox 251 4725 500 4802; x_wconf 36' lang='lat' dir='ltr'><strong>Nudus-et</strong></span> <span class='ocrx_word' id='word_1_433' title='bbox 520 4729 788 4802; x_wconf 84' lang='lat' dir='ltr'><strong>Endymion</strong></span> <span class='ocrx_word' id='word_1_434' title='bbox 806 4736 984 4802; x_wconf 68' lang='lat' dir='ltr'><strong>Phoebi</strong></span> <span class='ocrx_word' id='word_1_435' title='bbox 1001 4741 1192 4802; x_wconf 85' lang='lat' dir='ltr'><strong>cepisse</strong></span> <span class='ocrx_word' id='word_1_436' title='bbox 1214 4755 1434 4797; x_wconf 84' lang='lat' dir='ltr'><strong>sororem</strong></span> 
     </span>
    </p>
   </div>
   <div class='ocr_carea' id='block_1_63' title="bbox 328 4790 1290 4856">
    <p class='ocr_par' dir='ltr' id='par_1_63' title="bbox 328 4790 1290 4856">
     <span class='ocr_line' id='line_1_63' title="bbox 328 4790 1290 4856; baseline 0.016 -15"><span class='ocrx_word' id='word_1_437' title='bbox 328 4790 544 4855; x_wconf 90' lang='lat' dir='ltr'><strong>Dicitur,</strong></span> <span class='ocrx_word' id='word_1_438' title='bbox 571 4790 791 4849; x_wconf 66' lang='lat' dir='ltr'><strong>et&#39;nudaa</strong></span> <span class='ocrx_word' id='word_1_439' title='bbox 816 4790 1290 4856; x_wconf 54' lang='lat' dir='ltr'><strong>concubuissedeaa:</strong></span> 
     </span>
    </p>
   </div>
   <div class='ocr_carea' id='block_1_64' title="bbox 143 4891 1738 4981">
    <p class='ocr_par' dir='ltr' id='par_1_64' title="bbox 143 4891 1738 4981">
     <span class='ocr_line' id='line_1_64' title="bbox 143 4891 1738 4981; baseline 0.018 -33"><span class='ocrx_word' id='word_1_440' title='bbox 143 4891 335 4950; x_wconf 84' lang='lat' dir='ltr'><strong>Pastor</strong></span> <span class='ocrx_word' id='word_1_441' title='bbox 373 4895 466 4953; x_wconf 88' lang='lat' dir='ltr'><strong>ille</strong></span> <span class='ocrx_word' id='word_1_442' title='bbox 496 4896 704 4969; x_wconf 81' lang='lat' dir='ltr'><strong>fuerat,</strong></span> <span class='ocrx_word' id='word_1_443' title='bbox 734 4903 899 4960; x_wconf 87' lang='lat' dir='ltr'><strong>Athlii</strong></span> <span class='ocrx_word' id='word_1_444' title='bbox 953 4907 1129 4976; x_wconf 89' lang='lat' dir='ltr'><strong>lilius,</strong></span> <span class='ocrx_word' id='word_1_445' title='bbox 1175 4911 1330 4981; x_wconf 89' lang='lat' dir='ltr'><strong>cujus</strong></span> <span class='ocrx_word' id='word_1_446' title='bbox 1367 4928 1550 4972; x_wconf 88' lang='lat' dir='ltr'><strong>amore</strong></span> <span class='ocrx_word' id='word_1_447' title='bbox 1588 4917 1738 4976; x_wconf 90' lang='lat' dir='ltr'><strong>Luna</strong></span> 
     </span>
    </p>
   </div>
   <div class='ocr_carea' id='block_1_65' title="bbox 141 4987 1738 5079">
    <p class='ocr_par' dir='ltr' id='par_1_65' title="bbox 141 4987 1738 5079">
     <span class='ocr_line' id='line_1_65' title="bbox 141 4987 1738 5079; baseline 0.021 -43"><span class='ocrx_word' id='word_1_448' title='bbox 141 4994 330 5054; x_wconf 89' lang='lat' dir='ltr'><strong>capta,</strong></span> <span class='ocrx_word' id='word_1_449' title='bbox 375 4987 428 5043; x_wconf 88' lang='lat' dir='ltr'><strong>in</strong></span> <span class='ocrx_word' id='word_1_450' title='bbox 457 4989 633 5048; x_wconf 81' lang='lat' dir='ltr'><strong>Latmi</strong></span> <span class='ocrx_word' id='word_1_451' title='bbox 671 4994 846 5053; x_wconf 72' lang='lat' dir='ltr'><strong>Caria:</strong></span> <span class='ocrx_word' id='word_1_452' title='bbox 884 5001 1080 5056; x_wconf 88' lang='lat' dir='ltr'><strong>montis</strong></span> <span class='ocrx_word' id='word_1_453' title='bbox 1105 5003 1398 5062; x_wconf 86' lang='lat' dir='ltr'><strong>occultavit</strong></span> <span class='ocrx_word' id='word_1_454' title='bbox 1437 5022 1637 5079; x_wconf 88' lang='lat' dir='ltr'><strong>specu,</strong></span> <span class='ocrx_word' id='word_1_455' title='bbox 1683 5023 1738 5068; x_wconf 91' lang='lat' dir='ltr'><strong>et</strong></span> 
     </span>
    </p>
   </div>
   <div class='ocr_carea' id='block_1_66' title="bbox 141 5073 1737 5162">
    <p class='ocr_par' dir='ltr' id='par_1_66' title="bbox 141 5073 1737 5162">
     <span class='ocr_line' id='line_1_66' title="bbox 141 5073 1737 5162; baseline 0.021 -34"><span class='ocrx_word' id='word_1_456' title='bbox 141 5073 536 5150; x_wconf 87' lang='lat' dir='ltr'><strong>dormientem,</strong></span> <span class='ocrx_word' id='word_1_457' title='bbox 576 5085 718 5142; x_wconf 89' lang='lat' dir='ltr'><strong>sicut</strong></span> <span class='ocrx_word' id='word_1_458' title='bbox 753 5087 945 5146; x_wconf 87' lang='lat' dir='ltr'><strong>Cicero</strong></span> <span class='ocrx_word' id='word_1_459' title='bbox 969 5094 1076 5162; x_wconf 89' lang='lat' dir='ltr'><strong>ait,</strong></span> <span class='ocrx_word' id='word_1_460' title='bbox 1118 5096 1391 5154; x_wconf 88' lang='lat' dir='ltr'><strong>osculatus</strong></span> <span class='ocrx_word' id='word_1_461' title='bbox 1427 5111 1530 5156; x_wconf 91' lang='lat' dir='ltr'><strong>est.</strong></span> <span class='ocrx_word' id='word_1_462' title='bbox 1571 5102 1737 5161; x_wconf 88' lang='lat' dir='ltr'><strong>Visne</strong></span> 
     </span>
    </p>
   </div>
   <div class='ocr_carea' id='block_1_67' title="bbox 143 5163 1731 5266">
    <p class='ocr_par' dir='ltr' id='par_1_67' title="bbox 143 5163 1731 5266">
     <span class='ocr_line' id='line_1_67' title="bbox 143 5163 1731 5266; baseline 0.021 -46"><span class='ocrx_word' id='word_1_463' title='bbox 143 5163 288 5224; x_wconf 88' lang='lat' dir='ltr'><strong>illius</strong></span> <span class='ocrx_word' id='word_1_464' title='bbox 318 5170 478 5266; x_wconf 81' lang='lat' dir='ltr'><strong>verba</strong></span> <span class='ocrx_word' id='word_1_465' title='bbox 511 5174 607 5230; x_wconf 85' lang='lat' dir='ltr'><strong>tibi</strong></span> <span class='ocrx_word' id='word_1_466' title='bbox 639 5178 907 5247; x_wconf 80' lang='lat' dir='ltr'><strong>proferri?</strong></span> <span class='ocrx_word' id='word_1_467' title='bbox 939 5183 1018 5239; x_wconf 88' lang='lat' dir='ltr'><strong>En</strong></span> <span class='ocrx_word' id='word_1_468' title='bbox 1051 5189 1166 5256; x_wconf 90' lang='lat' dir='ltr'><strong>ipsa</strong></span> <span class='ocrx_word' id='word_1_469' title='bbox 1193 5197 1350 5246; x_wconf 89' lang='lat' dir='ltr'><strong>sunt:</strong></span> <span class='ocrx_word' id='word_1_470' title='bbox 1382 5208 1403 5242; x_wconf 74' lang='grc' dir='ltr'>ε</span> <span class='ocrx_word' id='word_1_471' title='bbox 1429 5191 1731 5266; x_wconf 88' lang='lat' dir='ltr'><strong>Endymion</strong></span> 
     </span>
    </p>
   </div>
   <div class='ocr_carea' id='block_1_68' title="bbox 141 5264 1731 5359">
    <p class='ocr_par' dir='ltr' id='par_1_68' title="bbox 141 5264 1731 5359">
     <span class='ocr_line' id='line_1_68' title="bbox 141 5264 1731 5359; baseline 0.023 -47"><span class='ocrx_word' id='word_1_472' title='bbox 141 5274 302 5329; x_wconf 89' lang='lat' dir='ltr'><strong>vero,</strong></span> <span class='ocrx_word' id='word_1_473' title='bbox 335 5265 379 5320; x_wconf 87' lang='lat' dir='ltr'><strong>si</strong></span> <span class='ocrx_word' id='word_1_474' title='bbox 411 5264 620 5324; x_wconf 84' lang='lat' dir='ltr'><strong>fabulas</strong></span> <span class='ocrx_word' id='word_1_475' title='bbox 649 5273 837 5332; x_wconf 91' lang='lat' dir='ltr'><strong>audire</strong></span> <span class='ocrx_word' id='word_1_476' title='bbox 877 5279 1154 5349; x_wconf 88' lang='lat' dir='ltr'><strong>volumus,</strong></span> <span class='ocrx_word' id='word_1_477' title='bbox 1198 5285 1384 5342; x_wconf 89' lang='lat' dir='ltr'><strong>nescio</strong></span> <span class='ocrx_word' id='word_1_478' title='bbox 1421 5264 1640 5359; x_wconf 84' lang='lat' dir='ltr'><strong>quando</strong></span> <span class='ocrx_word' id='word_1_479' title='bbox 1680 5293 1731 5348; x_wconf 91' lang='lat' dir='ltr'><strong>in</strong></span> 
     </span>
    </p>
   </div>
   <div class='ocr_carea' id='block_1_69' title="bbox 142 5351 1729 5448">
    <p class='ocr_par' dir='ltr' id='par_1_69' title="bbox 142 5351 1729 5448">
     <span class='ocr_line' id='line_1_69' title="bbox 142 5351 1729 5448; baseline 0.021 -42"><span class='ocrx_word' id='word_1_480' title='bbox 142 5351 332 5410; x_wconf 91' lang='lat' dir='ltr'><strong>Latmo</strong></span> <span class='ocrx_word' id='word_1_481' title='bbox 375 5357 739 5430; x_wconf 85' lang='lat' dir='ltr'><strong>obdormivit,</strong></span> <span class='ocrx_word' id='word_1_482' title='bbox 781 5369 870 5438; x_wconf 90' lang='lat' dir='ltr'><strong>qui</strong></span> <span class='ocrx_word' id='word_1_483' title='bbox 915 5381 1000 5427; x_wconf 90' lang='lat' dir='ltr'><strong>est</strong></span> <span class='ocrx_word' id='word_1_484' title='bbox 1043 5389 1201 5432; x_wconf 88' lang='lat' dir='ltr'><strong>mons</strong></span> <span class='ocrx_word' id='word_1_485' title='bbox 1241 5351 1452 5448; x_wconf 64' lang='lat' dir='ltr'><strong>Cariae,</strong></span> <span class='ocrx_word' id='word_1_486' title='bbox 1494 5383 1729 5439; x_wconf 88' lang='lat' dir='ltr'><strong>nondum</strong></span> 
     </span>
    </p>
   </div>
   <div class='ocr_carea' id='block_1_70' title="bbox 141 5447 1726 5545">
    <p class='ocr_par' dir='ltr' id='par_1_70' title="bbox 141 5447 1726 5545">
     <span class='ocr_line' id='line_1_70' title="bbox 141 5447 1726 5545; baseline 0.023 -47"><span class='ocrx_word' id='word_1_487' title='bbox 141 5447 335 5516; x_wconf 86' lang='lat' dir='ltr'><strong>opinor</strong></span> <span class='ocrx_word' id='word_1_488' title='bbox 361 5465 730 5523; x_wconf 77' lang='lat' dir='ltr'><strong>experrectus.</strong></span> <span class='ocrx_word' id='word_1_489' title='bbox 771 5459 909 5517; x_wconf 88' lang='lat' dir='ltr'><strong>Num</strong></span> <span class='ocrx_word' id='word_1_490' title='bbox 953 5464 1116 5537; x_wconf 88' lang='lat' dir='ltr'><strong>igitur</strong></span> <span class='ocrx_word' id='word_1_491' title='bbox 1143 5483 1265 5526; x_wconf 89' lang='lat' dir='ltr'><strong>cum</strong></span> <span class='ocrx_word' id='word_1_492' title='bbox 1295 5486 1484 5530; x_wconf 88' lang='lat' dir='ltr'><strong>curare</strong></span> <span class='ocrx_word' id='word_1_493' title='bbox 1514 5491 1726 5545; x_wconf 88' lang='lat' dir='ltr'><strong>censes,</strong></span> 
     </span>
    </p>
   </div>
   <div class='ocr_carea' id='block_1_71' title="bbox 140 5540 1728 5635">
    <p class='ocr_par' dir='ltr' id='par_1_71' title="bbox 140 5540 1728 5635">
     <span class='ocr_line' id='line_1_71' title="bbox 140 5540 1728 5635; baseline 0.022 -43"><span class='ocrx_word' id='word_1_494' title='bbox 140 5552 260 5594; x_wconf 90' lang='lat' dir='ltr'><strong>cum</strong></span> <span class='ocrx_word' id='word_1_495' title='bbox 291 5540 438 5599; x_wconf 89' lang='lat' dir='ltr'><strong>Luna</strong></span> <span class='ocrx_word' id='word_1_496' title='bbox 469 5545 708 5618; x_wconf 88' lang='lat' dir='ltr'><strong>laboret,</strong></span> <span class='ocrx_word' id='word_1_497' title='bbox 736 5568 765 5606; x_wconf 87' lang='lat' dir='ltr'><strong>a</strong></span> <span class='ocrx_word' id='word_1_498' title='bbox 789 5569 891 5625; x_wconf 90' lang='lat' dir='ltr'><strong>qua</strong></span> <span class='ocrx_word' id='word_1_499' title='bbox 917 5561 1229 5632; x_wconf 77' lang='lat' dir='ltr'><strong>conSopitus</strong></span> <span class='ocrx_word' id='word_1_500' title='bbox 1255 5575 1506 5635; x_wconf 88' lang='lat' dir='ltr'><strong>putatur;</strong></span> <span class='ocrx_word' id='word_1_501' title='bbox 1532 5580 1586 5624; x_wconf 91' lang='lat' dir='ltr'><strong>ut</strong></span> <span class='ocrx_word' id='word_1_502' title='bbox 1605 5540 1728 5628; x_wconf 83' lang='lat' dir='ltr'><strong>eum</strong></span> 
     </span>
    </p>
   </div>
   <div class='ocr_carea' id='block_1_72' title="bbox 141 5632 1728 5738">
    <p class='ocr_par' dir='ltr' id='par_1_72' title="bbox 141 5632 1728 5738">
     <span class='ocr_line' id='line_1_72' title="bbox 141 5632 1728 5738; baseline 0.02 -49"><span class='ocrx_word' id='word_1_503' title='bbox 141 5632 502 5738; x_wconf 77' lang='lat' dir='ltr'><strong>dormientem</strong></span> <span class='ocrx_word' id='word_1_504' title='bbox 534 5646 870 5704; x_wconf 88' lang='lat' dir='ltr'><strong>oscularetur</strong></span> <span class='ocrx_word' id='word_1_505' title='bbox 896 5671 914 5702; x_wconf 71' lang='grc' dir='ltr'><strong>ι</strong></span> <span class='ocrx_word' id='word_1_506' title='bbox 951 5632 1270 5725; x_wconf 67' lang='lat' dir='ltr'><strong>(Cicer.,lib.</strong></span> <span class='ocrx_word' id='word_1_507' title='bbox 1304 5677 1321 5715; x_wconf 89' lang='grc' dir='ltr'><strong>ι</strong></span> <span class='ocrx_word' id='word_1_508' title='bbox 1353 5632 1728 5738; x_wconf 72' lang='lat' dir='ltr'><strong>Tuscul.,pag.</strong></span> 
     </span>
    </p>
   </div>
   <div class='ocr_carea' id='block_1_73' title="bbox 143 5725 1728 5825">
    <p class='ocr_par' dir='ltr' id='par_1_73' title="bbox 143 5725 1728 5825">
     <span class='ocr_line' id='line_1_73' title="bbox 143 5725 1728 5825; baseline 0.022 -45"><span class='ocrx_word' id='word_1_509' title='bbox 143 5725 284 5796; x_wconf 80' lang='grc'>150,</span> <span class='ocrx_word' id='word_1_510' title='bbox 325 5731 422 5787; x_wconf 85' lang='lat' dir='ltr'><strong>lin.</strong></span> <span class='ocrx_word' id='word_1_511' title='bbox 462 5732 607 5806; x_wconf 78' lang='lat'><strong>56)?</strong></span> <span class='ocrx_word' id='word_1_512' title='bbox 643 5737 834 5796; x_wconf 84' lang='lat' dir='ltr'><strong>Plures</strong></span> <span class='ocrx_word' id='word_1_513' title='bbox 873 5753 1087 5812; x_wconf 86' lang='lat' dir='ltr'><strong>autem,</strong></span> <span class='ocrx_word' id='word_1_514' title='bbox 1116 5750 1209 5820; x_wconf 85' lang='lat' dir='ltr'><strong>qui</strong></span> <span class='ocrx_word' id='word_1_515' title='bbox 1251 5751 1368 5808; x_wconf 57' lang='lat' dir='ltr'><strong>hare</strong></span> <span class='ocrx_word' id='word_1_516' title='bbox 1407 5753 1474 5809; x_wconf 89' lang='lat' dir='ltr'><strong>ad</strong></span> <span class='ocrx_word' id='word_1_517' title='bbox 1519 5725 1728 5825; x_wconf 65' lang='lat' dir='ltr'><strong>aniles,</strong></span> 
     </span>
    </p>
   </div>
   <div class='ocr_carea' id='block_1_74' title="bbox 144 5827 1731 5918">
    <p class='ocr_par' dir='ltr' id='par_1_74' title="bbox 144 5827 1731 5918">
     <span class='ocr_line' id='line_1_74' title="bbox 144 5827 1731 5918; baseline 0.021 -41"><span class='ocrx_word' id='word_1_518' title='bbox 144 5835 242 5918; x_wconf 78' lang='lat' dir='ltr'><strong>nec</strong></span> <span class='ocrx_word' id='word_1_519' title='bbox 271 5827 567 5886; x_wconf 87' lang='lat' dir='ltr'><strong>audiendas</strong></span> <span class='ocrx_word' id='word_1_520' title='bbox 593 5846 845 5905; x_wconf 81' lang='lat' dir='ltr'><strong>umquam</strong></span> <span class='ocrx_word' id='word_1_521' title='bbox 873 5836 1110 5909; x_wconf 78' lang='lat' dir='ltr'><strong>fabulas,</strong></span> <span class='ocrx_word' id='word_1_522' title='bbox 1143 5860 1248 5901; x_wconf 91' lang='lat' dir='ltr'><strong>non</strong></span> <span class='ocrx_word' id='word_1_523' title='bbox 1279 5848 1529 5918; x_wconf 90' lang='lat' dir='ltr'><strong>rejiciant</strong></span> <span class='ocrx_word' id='word_1_524' title='bbox 1556 5853 1600 5908; x_wconf 88' lang='lat' dir='ltr'><strong>si</strong></span> <span class='ocrx_word' id='word_1_525' title='bbox 1632 5869 1731 5910; x_wconf 82' lang='lat' dir='ltr'><strong>au-</strong></span> 
     </span>
    </p>
   </div>
   <div class='ocr_carea' id='block_1_75' title="bbox 143 5913 1726 6018">
    <p class='ocr_par' dir='ltr' id='par_1_75' title="bbox 143 5913 1726 6018">
     <span class='ocr_line' id='line_1_75' title="bbox 143 5913 1726 6018; baseline 0.021 -46"><span class='ocrx_word' id='word_1_526' title='bbox 143 5913 260 5974; x_wconf 84' lang='lat' dir='ltr'><strong>dire</strong></span> <span class='ocrx_word' id='word_1_527' title='bbox 290 5918 596 6018; x_wconf 84' lang='lat' dir='ltr'><strong>desideras,</strong></span> <span class='ocrx_word' id='word_1_528' title='bbox 625 5927 778 5986; x_wconf 89' lang='lat' dir='ltr'><strong>adire</strong></span> <span class='ocrx_word' id='word_1_529' title='bbox 810 5934 1008 6002; x_wconf 88' lang='lat' dir='ltr'><strong>poteris</strong></span> <span class='ocrx_word' id='word_1_530' title='bbox 1031 5913 1377 5998; x_wconf 81' lang='lat' dir='ltr'><strong>Theocritum</strong></span> <span class='ocrx_word' id='word_1_531' title='bbox 1397 5985 1413 6010; x_wconf 93' lang='lat'><strong>,</strong></span> <span class='ocrx_word' id='word_1_532' title='bbox 1443 5944 1691 6005; x_wconf 80' lang='lat' dir='ltr'><strong>Ovidium</strong></span> <span class='ocrx_word' id='word_1_533' title='bbox 1712 5992 1726 6018; x_wconf 96' lang='lat'><strong>,</strong></span> 
     </span>
    </p>
   </div>
   <div class='ocr_carea' id='block_1_76' title="bbox 505 6016 906 6086">
    <p class='ocr_par' dir='ltr' id='par_1_76' title="bbox 505 6016 906 6086">
     <span class='ocr_line' id='line_1_76' title="bbox 505 6016 906 6086; baseline 0.007 -3"><span class='ocrx_word' id='word_1_534' title='bbox 505 6016 781 6084; x_wconf 74' lang='grc' dir='ltr'><strong>ΡΑτιιοι.</strong></span> <span class='ocrx_word' id='word_1_535' title='bbox 830 6023 906 6086; x_wconf 81' lang='grc' dir='ltr'><strong>ν.</strong></span> 
     </span>
    </p>
   </div>
   <div class='ocr_carea' id='block_1_77' title="bbox 2003 1582 3474 1696">
    <p class='ocr_par' dir='ltr' id='par_1_77' title="bbox 2003 1582 3474 1696">
     <span class='ocr_line' id='line_1_77' title="bbox 3233 1582 3474 1650; baseline 0.012 -17"><span class='ocrx_word' id='word_1_536' title='bbox 3233 1582 3474 1650; x_wconf 86' lang='lat' dir='ltr'><strong>[dearum,</strong></span> 
     </span>
     <span class='ocr_line' id='line_1_78' title="bbox 2003 1626 3051 1696; baseline 0.012 -20"><span class='ocrx_word' id='word_1_537' title='bbox 2003 1626 2135 1680; x_wconf 71' lang='lat' dir='ltr'><strong>Aiaci</strong></span> <span class='ocrx_word' id='word_1_538' title='bbox 2162 1631 2212 1679; x_wconf 91' lang='lat' dir='ltr'><strong>in</strong></span> <span class='ocrx_word' id='word_1_539' title='bbox 2235 1644 2420 1694; x_wconf 90' lang='lat' dir='ltr'><strong>amore,</strong></span> <span class='ocrx_word' id='word_1_540' title='bbox 2448 1646 2536 1696; x_wconf 88' lang='lat' dir='ltr'><strong>per</strong></span> <span class='ocrx_word' id='word_1_541' title='bbox 2558 1649 2757 1686; x_wconf 87' lang='lat' dir='ltr'><strong>auream</strong></span> <span class='ocrx_word' id='word_1_542' title='bbox 2785 1638 3051 1691; x_wconf 87' lang='lat' dir='ltr'><strong>Venerem.</strong></span> 
     </span>
    </p>
   </div>
   <div class='ocr_carea' id='block_1_78' title="bbox 1879 1732 3474 1820">
    <p class='ocr_par' dir='ltr' id='par_1_78' title="bbox 1879 1732 3474 1820">
     <span class='ocr_line' id='line_1_79' title="bbox 1879 1732 3474 1820; baseline 0.017 -33"><span class='ocrx_word' id='word_1_543' title='bbox 1879 1732 2042 1790; x_wconf 83' lang='lat' dir='ltr'><strong>Multa</strong></span> <span class='ocrx_word' id='word_1_544' title='bbox 2071 1736 2140 1792; x_wconf 92' lang='lat' dir='ltr'><strong>de</strong></span> <span class='ocrx_word' id='word_1_545' title='bbox 2181 1737 2354 1795; x_wconf 63' lang='lat' dir='ltr'><strong>JEaco</strong></span> <span class='ocrx_word' id='word_1_546' title='bbox 2392 1751 2447 1796; x_wconf 91' lang='lat' dir='ltr'><strong>et</strong></span> <span class='ocrx_word' id='word_1_547' title='bbox 2477 1741 2659 1799; x_wconf 88' lang='lat' dir='ltr'><strong>Phoco</strong></span> <span class='ocrx_word' id='word_1_548' title='bbox 2688 1745 2946 1813; x_wconf 85' lang='lat' dir='ltr'><strong>Ovidius,</strong></span> <span class='ocrx_word' id='word_1_549' title='bbox 2977 1765 3136 1820; x_wconf 89' lang='lat' dir='ltr'><strong>quem</strong></span> <span class='ocrx_word' id='word_1_550' title='bbox 3168 1769 3288 1808; x_wconf 91' lang='lat' dir='ltr'><strong>cum</strong></span> <span class='ocrx_word' id='word_1_551' title='bbox 3316 1757 3474 1813; x_wconf 72' lang='lat' dir='ltr'><strong>lube~</strong></span> 
     </span>
    </p>
   </div>
   <div class='ocr_carea' id='block_1_79' title="bbox 1878 1826 3475 1923">
    <p class='ocr_par' dir='ltr' id='par_1_79' title="bbox 1878 1826 3475 1923">
     <span class='ocr_line' id='line_1_80' title="bbox 1878 1826 3475 1923; baseline 0.018 -41"><span class='ocrx_word' id='word_1_552' title='bbox 1878 1826 1986 1897; x_wconf 88' lang='lat' dir='ltr'><strong>bit,</strong></span> <span class='ocrx_word' id='word_1_553' title='bbox 2033 1831 2216 1902; x_wconf 89' lang='lat' dir='ltr'><strong>legere</strong></span> <span class='ocrx_word' id='word_1_554' title='bbox 2259 1838 2461 1905; x_wconf 84' lang='lat' dir='ltr'><strong>poteris</strong></span> <span class='ocrx_word' id='word_1_555' title='bbox 2491 1837 2670 1911; x_wconf 86' lang='lat' dir='ltr'><strong>(Ovid.</strong></span> <span class='ocrx_word' id='word_1_556' title='bbox 2695 1883 2710 1906; x_wconf 91' lang='lat'><strong>,</strong></span> <span class='ocrx_word' id='word_1_557' title='bbox 2748 1842 2838 1897; x_wconf 85' lang='lat' dir='ltr'><strong>lib.</strong></span> <span class='ocrx_word' id='word_1_558' title='bbox 2869 1860 2939 1899; x_wconf 85' lang='lat' dir='ltr'><strong>vn</strong></span> <span class='ocrx_word' id='word_1_559' title='bbox 2974 1845 3185 1902; x_wconf 80' lang='lat' dir='ltr'><strong>Metam.</strong></span> <span class='ocrx_word' id='word_1_560' title='bbox 3213 1891 3227 1914; x_wconf 86' lang='lat'><strong>,</strong></span> <span class='ocrx_word' id='word_1_561' title='bbox 3260 1851 3287 1923; x_wconf 85' lang='lat'>§</span> <span class='ocrx_word' id='word_1_562' title='bbox 3316 1854 3386 1908; x_wconf 72' lang='grc'><strong>24</strong></span> <span class='ocrx_word' id='word_1_563' title='bbox 3427 1865 3475 1910; x_wconf 83' lang='lat' dir='ltr'><strong>et</strong></span> 
     </span>
    </p>
   </div>
   <div class='ocr_carea' id='block_1_80' title="bbox 1800 1899 3474 2015">
    <p class='ocr_par' dir='ltr' id='par_1_80' title="bbox 1800 1899 3474 2015">
     <span class='ocr_line' id='line_1_81' title="bbox 1800 1899 3474 2015; baseline 0.017 -40"><span class='ocrx_word' id='word_1_564' title='bbox 1800 1899 1850 1960; x_wconf 82' lang='grc' dir='ltr'><strong>Β</strong></span> <span class='ocrx_word' id='word_1_565' title='bbox 1875 1939 2014 1995; x_wconf 78' lang='lat' dir='ltr'><strong>seqq.</strong></span> <span class='ocrx_word' id='word_1_566' title='bbox 2035 1924 2057 1995; x_wconf 82' lang='lat'><strong>)</strong></span> <span class='ocrx_word' id='word_1_567' title='bbox 2076 1899 2111 1979; x_wconf 47' lang='grc' dir='ltr'><em>ί</em></span> <span class='ocrx_word' id='word_1_568' title='bbox 2128 1899 2298 1994; x_wconf 81' lang='lat' dir='ltr'><strong>Quem</strong></span> <span class='ocrx_word' id='word_1_569' title='bbox 2341 1899 2616 1988; x_wconf 80' lang='lat' dir='ltr'><strong>Arnobius</strong></span> <span class='ocrx_word' id='word_1_570' title='bbox 2659 1899 2856 1990; x_wconf 78' lang='lat' dir='ltr'><strong>dehinc</strong></span> <span class='ocrx_word' id='word_1_571' title='bbox 2886 1899 3296 1997; x_wconf 25' lang='lat' dir='ltr'><strong>Achillisnv-o&#39;cai</strong></span> 
     </span>
    </p>
   </div>
   <div class='ocr_carea' id='block_1_81' title="bbox 1876 2019 3474 2105">
    <p class='ocr_par' dir='ltr' id='par_1_81' title="bbox 1876 2019 3474 2105">
     <span class='ocr_line' id='line_1_82' title="bbox 1876 2019 3474 2105; baseline 0.018 -37"><span class='ocrx_word' id='word_1_572' title='bbox 1876 2021 2049 2071; x_wconf 86' lang='lat' dir='ltr'><strong>torem</strong></span> <span class='ocrx_word' id='word_1_573' title='bbox 2073 2058 2088 2084; x_wconf 89' lang='lat'><strong>,</strong></span> <span class='ocrx_word' id='word_1_574' title='bbox 2119 2019 2165 2072; x_wconf 91' lang='lat' dir='ltr'><strong>is</strong></span> <span class='ocrx_word' id='word_1_575' title='bbox 2204 2031 2352 2078; x_wconf 89' lang='lat' dir='ltr'><strong>recte</strong></span> <span class='ocrx_word' id='word_1_576' title='bbox 2377 2037 2407 2078; x_wconf 87' lang='lat' dir='ltr'><strong>a</strong></span> <span class='ocrx_word' id='word_1_577' title='bbox 2438 2023 2716 2081; x_wconf 82' lang='lat' dir='ltr'><strong>Clemente</strong></span> <span class='ocrx_word' id='word_1_578' title='bbox 2755 2026 3132 2087; x_wconf 83' lang='lat' dir='ltr'><strong>Alexandrino</strong></span> <span class='ocrx_word' id='word_1_579' title='bbox 3171 2037 3474 2105; x_wconf 87' lang='lat' dir='ltr'><strong>appellatur</strong></span> 
     </span>
    </p>
   </div>
   <div class='ocr_carea' id='block_1_82' title="bbox 1873 2108 3470 2200">
    <p class='ocr_par' dir='ltr' id='par_1_82' title="bbox 1873 2108 3470 2200">
     <span class='ocr_line' id='line_1_83' title="bbox 1873 2108 3470 2200; baseline 0.015 -35"><span class='ocrx_word' id='word_1_580' title='bbox 1873 2108 2097 2176; x_wconf 89' lang='lat' dir='ltr'><strong>Peleus.</strong></span> <span class='ocrx_word' id='word_1_581' title='bbox 2130 2114 2222 2186; x_wconf 90' lang='lat' dir='ltr'><strong>qui</strong></span> <span class='ocrx_word' id='word_1_582' title='bbox 2261 2117 2511 2173; x_wconf 91' lang='lat' dir='ltr'><strong>eumdem</strong></span> <span class='ocrx_word' id='word_1_583' title='bbox 2545 2119 2813 2177; x_wconf 86' lang='lat' dir='ltr'><strong>Achillem</strong></span> <span class='ocrx_word' id='word_1_584' title='bbox 2843 2138 2908 2178; x_wconf 79' lang='lat' dir='ltr'><strong>ex</strong></span> <span class='ocrx_word' id='word_1_585' title='bbox 2942 2123 3171 2182; x_wconf 86' lang='lat' dir='ltr'><strong>Thetide</strong></span> <span class='ocrx_word' id='word_1_586' title='bbox 3214 2145 3470 2200; x_wconf 87' lang='lat' dir='ltr'><strong>procrea-</strong></span> 
     </span>
    </p>
   </div>
   <div class='ocr_carea' id='block_1_83' title="bbox 1871 2204 3470 2286">
    <p class='ocr_par' dir='ltr' id='par_1_83' title="bbox 1871 2204 3470 2286">
     <span class='ocr_line' id='line_1_84' title="bbox 1871 2204 3470 2286; baseline 0.016 -28"><span class='ocrx_word' id='word_1_587' title='bbox 1871 2204 1949 2258; x_wconf 88' lang='lat' dir='ltr'><strong>vit</strong></span> <span class='ocrx_word' id='word_1_588' title='bbox 1978 2205 2177 2274; x_wconf 82' lang='lat' dir='ltr'><strong>(Clem.</strong></span> <span class='ocrx_word' id='word_1_589' title='bbox 2199 2249 2215 2274; x_wconf 93' lang='lat'><strong>,</strong></span> <span class='ocrx_word' id='word_1_590' title='bbox 2250 2209 2349 2265; x_wconf 86' lang='lat' dir='ltr'><strong>lac.</strong></span> <span class='ocrx_word' id='word_1_591' title='bbox 2380 2212 2467 2265; x_wconf 87' lang='lat' dir='ltr'><strong>cit.</strong></span> <span class='ocrx_word' id='word_1_592' title='bbox 2493 2251 2508 2277; x_wconf 92' lang='lat'><strong>,</strong></span> <span class='ocrx_word' id='word_1_593' title='bbox 2539 2229 2656 2285; x_wconf 86' lang='lat' dir='ltr'><strong>pag.</strong></span> <span class='ocrx_word' id='word_1_594' title='bbox 2688 2215 2750 2270; x_wconf 71' lang='grc'><strong>21</strong></span> <span class='ocrx_word' id='word_1_595' title='bbox 2783 2215 2824 2286; x_wconf 95' lang='grc'><strong>).</strong></span> <span class='ocrx_word' id='word_1_596' title='bbox 2866 2217 2985 2273; x_wconf 86' lang='lat' dir='ltr'><strong>Jam</strong></span> <span class='ocrx_word' id='word_1_597' title='bbox 3029 2222 3173 2276; x_wconf 90' lang='lat' dir='ltr'><strong>enim</strong></span> <span class='ocrx_word' id='word_1_598' title='bbox 3216 2229 3410 2282; x_wconf 88' lang='lat' dir='ltr'><strong>citatus</strong></span> <span class='ocrx_word' id='word_1_599' title='bbox 3438 2245 3470 2284; x_wconf 89' lang='lat' dir='ltr'><strong>a</strong></span> 
     </span>
    </p>
   </div>
   <div class='ocr_carea' id='block_1_84' title="bbox 1871 2296 3466 2388">
    <p class='ocr_par' dir='ltr' id='par_1_84' title="bbox 1871 2296 3466 2388">
     <span class='ocr_line' id='line_1_85' title="bbox 1871 2296 3466 2388; baseline 0.017 -37"><span class='ocrx_word' id='word_1_600' title='bbox 1871 2296 2028 2354; x_wconf 87' lang='lat' dir='ltr'><strong>nobis</strong></span> <span class='ocrx_word' id='word_1_601' title='bbox 2080 2299 2349 2358; x_wconf 81' lang='lat' dir='ltr'><strong>Hesiodus</strong></span> <span class='ocrx_word' id='word_1_602' title='bbox 2396 2307 2593 2361; x_wconf 90' lang='lat' dir='ltr'><strong>cecinit</strong></span> <span class='ocrx_word' id='word_1_603' title='bbox 2641 2307 2948 2381; x_wconf 80' lang='lat' dir='ltr'><strong>(Hesiod.,</strong></span> <span class='ocrx_word' id='word_1_604' title='bbox 2994 2313 3252 2388; x_wconf 83' lang='lat' dir='ltr'><strong>Theogon.</strong></span> <span class='ocrx_word' id='word_1_605' title='bbox 3280 2359 3296 2386; x_wconf 92' lang='lat'><strong>,</strong></span> <span class='ocrx_word' id='word_1_606' title='bbox 3339 2338 3466 2379; x_wconf 73' lang='lat' dir='ltr'><strong>verr.</strong></span> 
     </span>
    </p>
   </div>
   <div class='ocr_carea' id='block_1_85' title="bbox 1873 2389 2093 2462">
    <p class='ocr_par' dir='ltr' id='par_1_85' title="bbox 1873 2389 2093 2462">
     <span class='ocr_line' id='line_1_86' title="bbox 1873 2389 2093 2462; baseline 0.005 -19"><span class='ocrx_word' id='word_1_607' title='bbox 1873 2389 2093 2462; x_wconf 64' lang='lat'><strong>1006):</strong></span> 
     </span>
    </p>
   </div>
   <div class='ocr_carea' id='block_1_86' title="bbox 2023 2518 2898 2583">
    <p class='ocr_par' dir='ltr' id='par_1_86' title="bbox 2023 2518 2898 2583">
     <span class='ocr_line' id='line_1_87' title="bbox 2023 2518 2898 2583; baseline 0.016 -24"><span class='ocrx_word' id='word_1_608' title='bbox 2023 2520 2136 2569; x_wconf 77' lang='grc' dir='ltr'><strong>Πηλιῖ</strong></span> <span class='ocrx_word' id='word_1_609' title='bbox 2157 2518 2210 2583; x_wconf 38' lang='grc' dir='ltr'><strong>δι.</strong></span> <span class='ocrx_word' id='word_1_610' title='bbox 2227 2519 2407 2572; x_wconf 58' lang='lat' dir='ltr'><strong>durabiles</strong></span> <span class='ocrx_word' id='word_1_611' title='bbox 2430 2527 2495 2566; x_wconf 70' lang='grc' dir='ltr'>θαι</span> <span class='ocrx_word' id='word_1_612' title='bbox 2516 2531 2622 2576; x_wconf 75' lang='grc' dir='ltr'>Θιτις</span> <span class='ocrx_word' id='word_1_613' title='bbox 2644 2531 2868 2583; x_wconf 62' lang='grc' dir='ltr'><strong>ἀρτηόηηζι</strong></span> <span class='ocrx_word' id='word_1_614' title='bbox 2886 2563 2898 2581; x_wconf 84' lang='grc'><strong>,</strong></span> 
     </span>
    </p>
   </div>
   <div class='ocr_carea' id='block_1_87' title="bbox 2025 2575 2367 2638">
    <p class='ocr_par' dir='ltr' id='par_1_87' title="bbox 2025 2575 2367 2638">
     <span class='ocr_line' id='line_1_88' title="bbox 2025 2575 2367 2638; baseline 0.012 -18"><span class='ocrx_word' id='word_1_615' title='bbox 2025 2585 2163 2622; x_wconf 72' lang='grc' dir='ltr'><strong>Γιὶνατ⁹</strong></span> <span class='ocrx_word' id='word_1_616' title='bbox 2188 2575 2367 2638; x_wconf 58' lang='lat' dir='ltr'><strong>Apulia.</strong></span> 
     </span>
    </p>
   </div>
   <div class='ocr_carea' id='block_1_88' title="bbox 1868 2647 3460 2740">
    <p class='ocr_par' dir='ltr' id='par_1_88' title="bbox 1868 2647 3460 2740">
     <span class='ocr_line' id='line_1_89' title="bbox 1868 2647 3460 2740; baseline 0.021 -42"><span class='ocrx_word' id='word_1_617' title='bbox 1868 2647 1910 2697; x_wconf 83' lang='lat' dir='ltr'><strong>A</strong></span> <span class='ocrx_word' id='word_1_618' title='bbox 1931 2650 2490 2740; x_wconf 19' lang='lat' dir='ltr'><strong>Pelleo‘airtegmlsubacta</strong></span> <span class='ocrx_word' id='word_1_619' title='bbox 2504 2663 2600 2712; x_wconf 89' lang='lat' dir='ltr'><strong>dea</strong></span> <span class='ocrx_word' id='word_1_620' title='bbox 2617 2662 2810 2727; x_wconf 87' lang='lat' dir='ltr'><strong>Thetis,</strong></span> <span class='ocrx_word' id='word_1_621' title='bbox 2827 2669 3059 2723; x_wconf 88' lang='lat' dir='ltr'><strong>candidos</strong></span> <span class='ocrx_word' id='word_1_622' title='bbox 3077 2675 3235 2737; x_wconf 87' lang='lat' dir='ltr'><strong>pedes</strong></span> <span class='ocrx_word' id='word_1_623' title='bbox 3252 2677 3460 2740; x_wconf 86' lang='lat' dir='ltr'><strong>habens.</strong></span> 
     </span>
    </p>
   </div>
   <div class='ocr_carea' id='block_1_89' title="bbox 1993 2713 2462 2772">
    <p class='ocr_par' dir='ltr' id='par_1_89' title="bbox 1993 2713 2462 2772">
     <span class='ocr_line' id='line_1_90' title="bbox 1993 2713 2462 2772; baseline 0.017 -8"><span class='ocrx_word' id='word_1_624' title='bbox 1993 2713 2178 2766; x_wconf 86' lang='lat' dir='ltr'><strong>Genuit</strong></span> <span class='ocrx_word' id='word_1_625' title='bbox 2199 2720 2462 2772; x_wconf 85' lang='lat' dir='ltr'><strong>Achillem.</strong></span> 
     </span>
    </p>
   </div>
   <div class='ocr_carea' id='block_1_90' title="bbox 1865 2815 3460 2919">
    <p class='ocr_par' dir='ltr' id='par_1_90' title="bbox 1865 2815 3460 2919">
     <span class='ocr_line' id='line_1_91' title="bbox 1865 2815 3460 2919; baseline 0.023 -50"><span class='ocrx_word' id='word_1_626' title='bbox 1865 2815 1969 2871; x_wconf 93' lang='lat' dir='ltr'><strong>Sed</strong></span> <span class='ocrx_word' id='word_1_627' title='bbox 2003 2817 2106 2875; x_wconf 88' lang='lat' dir='ltr'><strong>hoc</strong></span> <span class='ocrx_word' id='word_1_628' title='bbox 2133 2821 2201 2876; x_wconf 92' lang='lat' dir='ltr'><strong>ab</strong></span> <span class='ocrx_word' id='word_1_629' title='bbox 2228 2821 2422 2880; x_wconf 87' lang='lat' dir='ltr'><strong>Ovidio</strong></span> <span class='ocrx_word' id='word_1_630' title='bbox 2454 2827 2570 2885; x_wconf 80' lang='lat' dir='ltr'><strong>fuse</strong></span> <span class='ocrx_word' id='word_1_631' title='bbox 2599 2831 2942 2892; x_wconf 89' lang='lat' dir='ltr'><strong>decantatum</strong></span> <span class='ocrx_word' id='word_1_632' title='bbox 2973 2838 3216 2901; x_wconf 83' lang='lat' dir='ltr'><strong>invenies</strong></span> <span class='ocrx_word' id='word_1_633' title='bbox 3247 2847 3460 2919; x_wconf 63' lang='lat' dir='ltr'><strong>(Ovid,</strong></span> 
     </span>
    </p>
   </div>
   <div class='ocr_carea' id='block_1_91' title="bbox 1865 2909 2612 2995">
    <p class='ocr_par' dir='ltr' id='par_1_91' title="bbox 1865 2909 2612 2995">
     <span class='ocr_line' id='line_1_92' title="bbox 1865 2909 2612 2995; baseline 0.025 -34"><span class='ocrx_word' id='word_1_634' title='bbox 1865 2909 1951 2964; x_wconf 83' lang='lat' dir='ltr'><strong>lib.</strong></span> <span class='ocrx_word' id='word_1_635' title='bbox 1984 2927 2023 2966; x_wconf 87' lang='grc' dir='ltr'><strong>ιι</strong></span> <span class='ocrx_word' id='word_1_636' title='bbox 2064 2912 2432 2990; x_wconf 79' lang='lat' dir='ltr'><strong>Metamorpli.,</strong></span> <span class='ocrx_word' id='word_1_637' title='bbox 2462 2921 2489 2994; x_wconf 83' lang='lat'>§</span> <span class='ocrx_word' id='word_1_638' title='bbox 2516 2924 2612 2995; x_wconf 88' lang='lat'><strong>7).</strong></span> 
     </span>
    </p>
   </div>
   <div class='ocr_carea' id='block_1_92' title="bbox 1937 3001 3459 3098">
    <p class='ocr_par' dir='ltr' id='par_1_92' title="bbox 1937 3001 3459 3098">
     <span class='ocr_line' id='line_1_93' title="bbox 1937 3001 3459 3098; baseline 0.024 -41"><span class='ocrx_word' id='word_1_639' title='bbox 1937 3001 2142 3061; x_wconf 86' lang='lat' dir='ltr'><strong>Ferunt</strong></span> <span class='ocrx_word' id='word_1_640' title='bbox 2170 3019 2348 3066; x_wconf 87' lang='lat' dir='ltr'><strong>autem</strong></span> <span class='ocrx_word' id='word_1_641' title='bbox 2382 3012 2761 3090; x_wconf 89' lang='lat' dir='ltr'><strong>Proserpinam</strong></span> <span class='ocrx_word' id='word_1_642' title='bbox 2796 3041 2858 3080; x_wconf 88' lang='lat' dir='ltr'><strong>ac</strong></span> <span class='ocrx_word' id='word_1_643' title='bbox 2892 3027 3154 3086; x_wconf 77' lang='lat' dir='ltr'><strong>Venerem</strong></span> <span class='ocrx_word' id='word_1_644' title='bbox 3177 3076 3192 3098; x_wconf 93' lang='lat'><strong>,</strong></span> <span class='ocrx_word' id='word_1_645' title='bbox 3226 3035 3459 3094; x_wconf 83' lang='lat' dir='ltr'><strong>Adonim</strong></span> 
     </span>
    </p>
   </div>
   <div class='ocr_carea' id='block_1_93' title="bbox 1864 3098 3461 3200">
    <p class='ocr_par' dir='ltr' id='par_1_93' title="bbox 1864 3098 3461 3200">
     <span class='ocr_line' id='line_1_94' title="bbox 1864 3098 3461 3200; baseline 0.022 -51"><span class='ocrx_word' id='word_1_646' title='bbox 1864 3098 2064 3166; x_wconf 88' lang='lat' dir='ltr'><strong>pariter</strong></span> <span class='ocrx_word' id='word_1_647' title='bbox 2091 3099 2466 3174; x_wconf 89' lang='lat' dir='ltr'><strong>deperientes,</strong></span> <span class='ocrx_word' id='word_1_648' title='bbox 2503 3109 2569 3163; x_wconf 90' lang='lat' dir='ltr'><strong>ad</strong></span> <span class='ocrx_word' id='word_1_649' title='bbox 2602 3110 2748 3168; x_wconf 77' lang='lat' dir='ltr'><strong>Jovis</strong></span> <span class='ocrx_word' id='word_1_650' title='bbox 2780 3120 2995 3175; x_wconf 90' lang='lat' dir='ltr'><strong>venisse</strong></span> <span class='ocrx_word' id='word_1_651' title='bbox 3030 3121 3324 3194; x_wconf 88' lang='lat' dir='ltr'><strong>judicium,</strong></span> <span class='ocrx_word' id='word_1_652' title='bbox 3352 3146 3461 3200; x_wconf 91' lang='lat' dir='ltr'><strong>quo</strong></span> 
     </span>
    </p>
   </div>
   <div class='ocr_carea' id='block_1_94' title="bbox 1863 3191 3458 3280">
    <p class='ocr_par' dir='ltr' id='par_1_94' title="bbox 1863 3191 3458 3280">
     <span class='ocr_line' id='line_1_95' title="bbox 1863 3191 3458 3280; baseline 0.021 -34"><span class='ocrx_word' id='word_1_653' title='bbox 1863 3191 1956 3248; x_wconf 90' lang='lat' dir='ltr'><strong>ille</strong></span> <span class='ocrx_word' id='word_1_654' title='bbox 1999 3199 2374 3263; x_wconf 87' lang='lat' dir='ltr'><strong>pronuntiaret</strong></span> <span class='ocrx_word' id='word_1_655' title='bbox 2415 3204 2629 3261; x_wconf 89' lang='lat' dir='ltr'><strong>cuinam</strong></span> <span class='ocrx_word' id='word_1_656' title='bbox 2686 3225 2750 3264; x_wconf 78' lang='lat' dir='ltr'><strong>ex</strong></span> <span class='ocrx_word' id='word_1_657' title='bbox 2805 3213 3013 3269; x_wconf 87' lang='lat' dir='ltr'><strong>duabus</strong></span> <span class='ocrx_word' id='word_1_658' title='bbox 3051 3220 3458 3280; x_wconf 89' lang='lat' dir='ltr'><strong>concederetur.</strong></span> 
     </span>
    </p>
   </div>
   <div class='ocr_carea' id='block_1_95' title="bbox 1785 3281 3455 3384">
    <p class='ocr_par' dir='ltr' id='par_1_95' title="bbox 1785 3281 3455 3384">
     <span class='ocr_line' id='line_1_96' title="bbox 1785 3281 3455 3384; baseline 0.017 -45"><span class='ocrx_word' id='word_1_659' title='bbox 1785 3281 1830 3346; x_wconf 87' lang='lat' dir='ltr'><strong>C</strong></span> <span class='ocrx_word' id='word_1_660' title='bbox 1865 3284 2002 3341; x_wconf 89' lang='lat' dir='ltr'><strong>Dato</strong></span> <span class='ocrx_word' id='word_1_661' title='bbox 2027 3303 2160 3344; x_wconf 90' lang='lat' dir='ltr'><strong>vero</strong></span> <span class='ocrx_word' id='word_1_662' title='bbox 2188 3291 2256 3346; x_wconf 89' lang='lat' dir='ltr'><strong>ah</strong></span> <span class='ocrx_word' id='word_1_663' title='bbox 2284 3308 2348 3348; x_wconf 92' lang='lat' dir='ltr'><strong>eo</strong></span> <span class='ocrx_word' id='word_1_664' title='bbox 2380 3294 2476 3350; x_wconf 81' lang='lat' dir='ltr'><strong>fuit</strong></span> <span class='ocrx_word' id='word_1_665' title='bbox 2515 3297 2622 3353; x_wconf 82' lang='lat' dir='ltr'><strong>litis</strong></span> <span class='ocrx_word' id='word_1_666' title='bbox 2661 3301 2860 3358; x_wconf 86' lang='lat' dir='ltr'><strong>arbitra</strong></span> <span class='ocrx_word' id='word_1_667' title='bbox 2892 3318 2948 3363; x_wconf 91' lang='lat' dir='ltr'><strong>et</strong></span> <span class='ocrx_word' id='word_1_668' title='bbox 2977 3307 3141 3378; x_wconf 82' lang='lat' dir='ltr'><strong>judex</strong></span> <span class='ocrx_word' id='word_1_669' title='bbox 3181 3312 3455 3384; x_wconf 74' lang='lat' dir='ltr'><strong>CalliOpe,</strong></span> 
     </span>
    </p>
   </div>
   <div class='ocr_carea' id='block_1_96' title="bbox 1869 3384 3457 3472">
    <p class='ocr_par' dir='ltr' id='par_1_96' title="bbox 1869 3384 3457 3472">
     <span class='ocr_line' id='line_1_97' title="bbox 1869 3384 3457 3472; baseline 0.019 -39"><span class='ocrx_word' id='word_1_670' title='bbox 1869 3395 1989 3450; x_wconf 71' lang='lat' dir='ltr'><strong>qua:</strong></span> <span class='ocrx_word' id='word_1_671' title='bbox 2032 3384 2344 3453; x_wconf 89' lang='lat' dir='ltr'><strong>constituit,</strong></span> <span class='ocrx_word' id='word_1_672' title='bbox 2385 3397 2441 3443; x_wconf 91' lang='lat' dir='ltr'><strong>ut</strong></span> <span class='ocrx_word' id='word_1_673' title='bbox 2484 3390 2631 3446; x_wconf 91' lang='lat' dir='ltr'><strong>illum</strong></span> <span class='ocrx_word' id='word_1_674' title='bbox 2675 3411 3008 3471; x_wconf 68' lang='lat' dir='ltr'><strong>uuaqquue</strong></span> <span class='ocrx_word' id='word_1_675' title='bbox 3048 3419 3142 3472; x_wconf 92' lang='lat' dir='ltr'><strong>per</strong></span> <span class='ocrx_word' id='word_1_676' title='bbox 3178 3405 3457 3464; x_wconf 87' lang='lat' dir='ltr'><strong>dimidiam</strong></span> 
     </span>
    </p>
   </div>
   <div class='ocr_carea' id='block_1_97' title="bbox 1866 3473 3453 3569">
    <p class='ocr_par' dir='ltr' id='par_1_97' title="bbox 1866 3473 3453 3569">
     <span class='ocr_line' id='line_1_98' title="bbox 1866 3473 3453 3569; baseline 0.019 -43"><span class='ocrx_word' id='word_1_677' title='bbox 1866 3473 1991 3527; x_wconf 89' lang='lat' dir='ltr'><strong>anni</strong></span> <span class='ocrx_word' id='word_1_678' title='bbox 2041 3485 2246 3544; x_wconf 89' lang='lat' dir='ltr'><strong>partem</strong></span> <span class='ocrx_word' id='word_1_679' title='bbox 2289 3481 2610 3549; x_wconf 88' lang='lat' dir='ltr'><strong>possideret.</strong></span> <span class='ocrx_word' id='word_1_680' title='bbox 2642 3485 2787 3558; x_wconf 83' lang='lat' dir='ltr'><strong>Lege</strong></span> <span class='ocrx_word' id='word_1_681' title='bbox 2809 3532 2824 3555; x_wconf 86' lang='lat'><strong>,</strong></span> <span class='ocrx_word' id='word_1_682' title='bbox 2856 3492 2898 3546; x_wconf 82' lang='lat' dir='ltr'><strong>si</strong></span> <span class='ocrx_word' id='word_1_683' title='bbox 2943 3495 3072 3549; x_wconf 85' lang='lat' dir='ltr'><strong>velis</strong></span> <span class='ocrx_word' id='word_1_684' title='bbox 3096 3539 3110 3562; x_wconf 91' lang='lat'><strong>,</strong></span> <span class='ocrx_word' id='word_1_685' title='bbox 3148 3496 3413 3569; x_wconf 81' lang='lat' dir='ltr'><strong>Hyginum</strong></span> <span class='ocrx_word' id='word_1_686' title='bbox 3435 3542 3453 3569; x_wconf 95' lang='lat'><strong>,</strong></span> 
     </span>
    </p>
   </div>
   <div class='ocr_carea' id='block_1_98' title="bbox 1867 3566 3452 3654">
    <p class='ocr_par' dir='ltr' id='par_1_98' title="bbox 1867 3566 3452 3654">
     <span class='ocr_line' id='line_1_99' title="bbox 1867 3566 3452 3654; baseline 0.019 -35"><span class='ocrx_word' id='word_1_687' title='bbox 1867 3566 2255 3635; x_wconf 83' lang='lat' dir='ltr'><strong>Apollodorum</strong></span> <span class='ocrx_word' id='word_1_688' title='bbox 2285 3613 2300 3637; x_wconf 90' lang='lat'><strong>,</strong></span> <span class='ocrx_word' id='word_1_689' title='bbox 2358 3582 2412 3628; x_wconf 82' lang='lat' dir='ltr'><strong>et</strong></span> <span class='ocrx_word' id='word_1_690' title='bbox 2463 3574 2740 3632; x_wconf 88' lang='lat' dir='ltr'><strong>Giraldum</strong></span> <span class='ocrx_word' id='word_1_691' title='bbox 2786 3581 3057 3654; x_wconf 83' lang='lat' dir='ltr'><strong>(Hygin.,</strong></span> <span class='ocrx_word' id='word_1_692' title='bbox 3118 3566 3452 3653; x_wconf 72' lang='lat' dir='ltr'><strong>Astronom..</strong></span> 
     </span>
    </p>
   </div>
   <div class='ocr_carea' id='block_1_99' title="bbox 1864 3661 3456 3755">
    <p class='ocr_par' dir='ltr' id='par_1_99' title="bbox 1864 3661 3456 3755">
     <span class='ocr_line' id='line_1_100' title="bbox 1864 3661 3456 3755; baseline 0.02 -44"><span class='ocrx_word' id='word_1_693' title='bbox 1864 3669 2038 3726; x_wconf 88' lang='lat' dir='ltr'><strong>poet.;</strong></span> <span class='ocrx_word' id='word_1_694' title='bbox 2066 3661 2264 3732; x_wconf 83' lang='lat' dir='ltr'><strong>Apoll.,</strong></span> <span class='ocrx_word' id='word_1_695' title='bbox 2299 3665 2386 3720; x_wconf 89' lang='lat' dir='ltr'><strong>lib.</strong></span> <span class='ocrx_word' id='word_1_696' title='bbox 2420 3682 2476 3722; x_wconf 92' lang='grc' dir='ltr'><strong>ιιι</strong></span> <span class='ocrx_word' id='word_1_697' title='bbox 2502 3667 2792 3737; x_wconf 77' lang='grc' dir='ltr'><strong>ΒὶὁιὶοιΙι.;</strong></span> <span class='ocrx_word' id='word_1_698' title='bbox 2842 3675 3069 3747; x_wconf 79' lang='lat' dir='ltr'><strong>Girald.,</strong></span> <span class='ocrx_word' id='word_1_699' title='bbox 3099 3693 3353 3755; x_wconf 79' lang='lat' dir='ltr'><strong>syntagm.</strong></span> <span class='ocrx_word' id='word_1_700' title='bbox 3389 3688 3456 3744; x_wconf 76' lang='grc'><strong>15</strong></span> 
     </span>
    </p>
   </div>
   <div class='ocr_carea' id='block_1_100' title="bbox 1862 3751 2378 3830">
    <p class='ocr_par' dir='ltr' id='par_1_100' title="bbox 1862 3751 2378 3830">
     <span class='ocr_line' id='line_1_101' title="bbox 1862 3751 2378 3830; baseline 0.01 -26"><span class='ocrx_word' id='word_1_701' title='bbox 1862 3751 2028 3820; x_wconf 87' lang='lat' dir='ltr'><strong>deor.,</strong></span> <span class='ocrx_word' id='word_1_702' title='bbox 2062 3772 2182 3826; x_wconf 89' lang='lat' dir='ltr'><strong>pag.</strong></span> <span class='ocrx_word' id='word_1_703' title='bbox 2212 3755 2316 3814; x_wconf 75' lang='lat'><strong>396</strong></span> 
     </span>
    </p>
   </div>
   <div class='ocr_carea' id='block_1_101' title="bbox 1929 3845 3450 3943">
    <p class='ocr_par' dir='ltr' id='par_1_101' title="bbox 1929 3845 3450 3943">
     <span class='ocr_line' id='line_1_102' title="bbox 1929 3845 3450 3943; baseline 0.02 -42"><span class='ocrx_word' id='word_1_704' title='bbox 1929 3845 2114 3904; x_wconf 84' lang='lat' dir='ltr'><strong>Jasion</strong></span> <span class='ocrx_word' id='word_1_705' title='bbox 2145 3867 2309 3920; x_wconf 88' lang='lat' dir='ltr'><strong>porro</strong></span> <span class='ocrx_word' id='word_1_706' title='bbox 2337 3853 2405 3906; x_wconf 89' lang='lat' dir='ltr'><strong>ab</strong></span> <span class='ocrx_word' id='word_1_707' title='bbox 2435 3865 2657 3914; x_wconf 88' lang='lat' dir='ltr'><strong>auctore</strong></span> <span class='ocrx_word' id='word_1_708' title='bbox 2690 3871 2875 3918; x_wconf 87' lang='lat' dir='ltr'><strong>nostro</strong></span> <span class='ocrx_word' id='word_1_709' title='bbox 2904 3867 3207 3925; x_wconf 84' lang='lat' dir='ltr'><strong>rusticanus</strong></span> <span class='ocrx_word' id='word_1_710' title='bbox 3233 3873 3450 3943; x_wconf 89' lang='lat' dir='ltr'><strong>quidem</strong></span> 
     </span>
    </p>
   </div>
   <div class='ocr_carea' id='block_1_102' title="bbox 1857 3941 3452 4028">
    <p class='ocr_par' dir='ltr' id='par_1_102' title="bbox 1857 3941 3452 4028">
     <span class='ocr_line' id='line_1_103' title="bbox 1857 3941 3452 4028; baseline 0.019 -35"><span class='ocrx_word' id='word_1_711' title='bbox 1857 3941 2042 3995; x_wconf 88' lang='lat' dir='ltr'><strong>nescio</strong></span> <span class='ocrx_word' id='word_1_712' title='bbox 2078 3942 2236 4010; x_wconf 88' lang='lat' dir='ltr'><strong>quis,</strong></span> <span class='ocrx_word' id='word_1_713' title='bbox 2284 3945 2377 4001; x_wconf 88' lang='lat' dir='ltr'><strong>sed</strong></span> <span class='ocrx_word' id='word_1_714' title='bbox 2423 3962 2451 4000; x_wconf 83' lang='lat' dir='ltr'><strong>a</strong></span> <span class='ocrx_word' id='word_1_715' title='bbox 2495 3947 2691 4006; x_wconf 80' lang='lat' dir='ltr'><strong>Nonno</strong></span> <span class='ocrx_word' id='word_1_716' title='bbox 2737 3954 2820 4009; x_wconf 84' lang='lat' dir='ltr'><strong>vir</strong></span> <span class='ocrx_word' id='word_1_717' title='bbox 2845 3958 3117 4028; x_wconf 84' lang='lat' dir='ltr'><strong>agricola,</strong></span> <span class='ocrx_word' id='word_1_718' title='bbox 3154 3970 3209 4016; x_wconf 89' lang='lat' dir='ltr'><strong>et</strong></span> <span class='ocrx_word' id='word_1_719' title='bbox 3236 3941 3452 4024; x_wconf 88' lang='lat' dir='ltr'><strong>Cereris</strong></span> 
     </span>
    </p>
   </div>
   <div class='ocr_carea' id='block_1_103' title="bbox 1855 4031 3449 4126">
    <p class='ocr_par' dir='ltr' id='par_1_103' title="bbox 1855 4031 3449 4126">
     <span class='ocr_line' id='line_1_104' title="bbox 1855 4031 3449 4126; baseline 0.019 -40"><span class='ocrx_word' id='word_1_720' title='bbox 1855 4031 2089 4101; x_wconf 84' lang='lat' dir='ltr'><strong>conjnx,</strong></span> <span class='ocrx_word' id='word_1_721' title='bbox 2121 4035 2190 4090; x_wconf 92' lang='lat' dir='ltr'><strong>ab</strong></span> <span class='ocrx_word' id='word_1_722' title='bbox 2219 4037 2342 4092; x_wconf 87' lang='lat' dir='ltr'><strong>aliis</strong></span> <span class='ocrx_word' id='word_1_723' title='bbox 2369 4038 2520 4097; x_wconf 72' lang='lat' dir='ltr'><strong>lovis</strong></span> <span class='ocrx_word' id='word_1_724' title='bbox 2550 4053 2605 4098; x_wconf 91' lang='lat' dir='ltr'><strong>et</strong></span> <span class='ocrx_word' id='word_1_725' title='bbox 2636 4043 2901 4115; x_wconf 55' lang='lat' dir='ltr'><strong>Electrae,</strong></span> <span class='ocrx_word' id='word_1_726' title='bbox 2934 4061 2988 4105; x_wconf 88' lang='lat' dir='ltr'><strong>et</strong></span> <span class='ocrx_word' id='word_1_727' title='bbox 3023 4053 3090 4110; x_wconf 92' lang='lat' dir='ltr'><strong>ab</strong></span> <span class='ocrx_word' id='word_1_728' title='bbox 3129 4056 3449 4126; x_wconf 89' lang='lat' dir='ltr'><strong>quihusdam</strong></span> 
     </span>
    </p>
   </div>
   <div class='ocr_carea' id='block_1_104' title="bbox 1853 4121 3447 4220">
    <p class='ocr_par' dir='ltr' id='par_1_104' title="bbox 1853 4121 3447 4220">
     <span class='ocr_line' id='line_1_105' title="bbox 1853 4121 3447 4220; baseline 0.02 -44"><span class='ocrx_word' id='word_1_729' title='bbox 1853 4121 2059 4180; x_wconf 85' lang='lat' dir='ltr'><strong>Menois</strong></span> <span class='ocrx_word' id='word_1_730' title='bbox 2088 4137 2143 4182; x_wconf 90' lang='lat' dir='ltr'><strong>et</strong></span> <span class='ocrx_word' id='word_1_731' title='bbox 2171 4127 2430 4187; x_wconf 73' lang='lat' dir='ltr'><strong>Phronia:</strong></span> <span class='ocrx_word' id='word_1_732' title='bbox 2463 4134 2604 4191; x_wconf 78' lang='lat' dir='ltr'><strong>filius</strong></span> <span class='ocrx_word' id='word_1_733' title='bbox 2632 4137 2832 4195; x_wconf 91' lang='lat' dir='ltr'><strong>dicitur</strong></span> <span class='ocrx_word' id='word_1_734' title='bbox 2859 4141 3089 4214; x_wconf 67' lang='lat' dir='ltr'><strong>(Neam,</strong></span> <span class='ocrx_word' id='word_1_735' title='bbox 3122 4121 3208 4202; x_wconf 85' lang='lat' dir='ltr'><strong>lib.</strong></span> <span class='ocrx_word' id='word_1_736' title='bbox 3243 4166 3447 4220; x_wconf 73' lang='grc' dir='ltr'>ηνιιι,</span> 
     </span>
    </p>
   </div>
   <div class='ocr_carea' id='block_1_105' title="bbox 2000 4535 2889 4589">
    <p class='ocr_par' dir='ltr' id='par_1_105' title="bbox 2000 4535 2889 4589">
     <span class='ocr_line' id='line_1_106' title="bbox 2000 4535 2889 4589; baseline 0.008 -16"><span class='ocrx_word' id='word_1_737' title='bbox 2000 4535 2168 4589; x_wconf 54' lang='lat' dir='ltr'><strong>Aquit-ap</strong></span> <span class='ocrx_word' id='word_1_738' title='bbox 2186 4536 2250 4585; x_wconf 73' lang='grc' dir='ltr'><strong>μὶν</strong></span> <span class='ocrx_word' id='word_1_739' title='bbox 2272 4538 2436 4578; x_wconf 68' lang='grc' dir='ltr'><strong>Πλοῦτον</strong></span> <span class='ocrx_word' id='word_1_740' title='bbox 2460 4541 2630 4589; x_wconf 76' lang='grc' dir='ltr'><strong>ιγιὶνατο,</strong></span> <span class='ocrx_word' id='word_1_741' title='bbox 2657 4537 2723 4580; x_wconf 76' lang='grc' dir='ltr'><strong>δῖα</strong></span> <span class='ocrx_word' id='word_1_742' title='bbox 2745 4543 2856 4582; x_wconf 78' lang='grc' dir='ltr'><strong>οιάων</strong></span> <span class='ocrx_word' id='word_1_743' title='bbox 2877 4572 2889 4588; x_wconf 82' lang='grc'><strong>,</strong></span> 
     </span>
    </p>
   </div>
   <div class='ocr_carea' id='block_1_106' title="bbox 2000 4584 2694 4654">
    <p class='ocr_par' dir='ltr' id='par_1_106' title="bbox 2000 4584 2694 4654">
     <span class='ocr_line' id='line_1_107' title="bbox 2000 4584 2694 4654; baseline 0.004 -6"><span class='ocrx_word' id='word_1_744' title='bbox 2000 4584 2115 4649; x_wconf 52' lang='lat' dir='ltr'><strong>luis</strong></span> <span class='ocrx_word' id='word_1_745' title='bbox 2134 4584 2222 4649; x_wconf 48' lang='lat' dir='ltr'><strong>{rei</strong></span> <span class='ocrx_word' id='word_1_746' title='bbox 2244 4602 2374 4651; x_wconf 61' lang='lat' dir='ltr'><em>NW</em></span> <span class='ocrx_word' id='word_1_747' title='bbox 2397 4584 2505 4652; x_wconf 66' lang='grc' dir='ltr'><strong>ινατέ</strong></span> <span class='ocrx_word' id='word_1_748' title='bbox 2520 4584 2694 4654; x_wconf 59' lang='lat' dir='ltr'><strong>ruran-</strong></span> 
     </span>
    </p>
   </div>
   <div class='ocr_carea' id='block_1_107' title="bbox 1939 4669 3404 4752">
    <p class='ocr_par' dir='ltr' id='par_1_107' title="bbox 1939 4669 3404 4752">
     <span class='ocr_line' id='line_1_108' title="bbox 1939 4669 3404 4752; baseline 0.016 -34"><span class='ocrx_word' id='word_1_749' title='bbox 1939 4669 2527 4752; x_wconf 31' lang='lat' dir='ltr'><strong>Cereslqnidemol’lutum</strong></span> <span class='ocrx_word' id='word_1_750' title='bbox 2543 4680 2737 4752; x_wconf 75' lang='lat' dir='ltr'><strong>genuit.</strong></span> <span class='ocrx_word' id='word_1_751' title='bbox 2759 4684 3157 4742; x_wconf 52' lang='lat' dir='ltr'><strong>priestantimima</strong></span> <span class='ocrx_word' id='word_1_752' title='bbox 3181 4685 3404 4752; x_wconf 86' lang='lat' dir='ltr'><strong>dearum,</strong></span> 
     </span>
    </p>
   </div>
   <div class='ocr_carea' id='block_1_108' title="bbox 1939 4731 2844 4800">
    <p class='ocr_par' dir='ltr' id='par_1_108' title="bbox 1939 4731 2844 4800">
     <span class='ocr_line' id='line_1_109' title="bbox 1939 4731 2844 4800; baseline 0.012 -19"><span class='ocrx_word' id='word_1_753' title='bbox 1939 4731 2074 4783; x_wconf 83' lang='lat' dir='ltr'><strong>Jasio</strong></span> <span class='ocrx_word' id='word_1_754' title='bbox 2097 4731 2237 4786; x_wconf 77' lang='lat' dir='ltr'><strong>heroi</strong></span> <span class='ocrx_word' id='word_1_755' title='bbox 2261 4737 2415 4786; x_wconf 83' lang='lat' dir='ltr'><strong>mixta</strong></span> <span class='ocrx_word' id='word_1_756' title='bbox 2430 4731 2643 4800; x_wconf 66' lang='lat' dir='ltr'><strong>jucunde</strong></span> <span class='ocrx_word' id='word_1_757' title='bbox 2657 4731 2844 4792; x_wconf 73' lang='lat' dir='ltr'><strong>amore.</strong></span> 
     </span>
    </p>
   </div>
   <div class='ocr_carea' id='block_1_109' title="bbox 1843 4834 3435 4918">
    <p class='ocr_par' dir='ltr' id='par_1_109' title="bbox 1843 4834 3435 4918">
     <span class='ocr_line' id='line_1_110' title="bbox 1843 4834 3435 4918; baseline 0.017 -26"><span class='ocrx_word' id='word_1_758' title='bbox 1843 4834 1946 4892; x_wconf 85' lang='lat' dir='ltr'><strong>Adi</strong></span> <span class='ocrx_word' id='word_1_759' title='bbox 1974 4837 2184 4906; x_wconf 85' lang='lat' dir='ltr'><strong>adhuc,</strong></span> <span class='ocrx_word' id='word_1_760' title='bbox 2213 4842 2258 4896; x_wconf 89' lang='lat' dir='ltr'><strong>si</strong></span> <span class='ocrx_word' id='word_1_761' title='bbox 2288 4841 2454 4910; x_wconf 87' lang='lat' dir='ltr'><strong>velis,</strong></span> <span class='ocrx_word' id='word_1_762' title='bbox 2495 4853 2551 4899; x_wconf 90' lang='lat' dir='ltr'><strong>et</strong></span> <span class='ocrx_word' id='word_1_763' title='bbox 2591 4856 2779 4913; x_wconf 85' lang='lat' dir='ltr'><strong>vacet,</strong></span> <span class='ocrx_word' id='word_1_764' title='bbox 2813 4849 3162 4912; x_wconf 90' lang='lat' dir='ltr'><strong>Theocritum</strong></span> <span class='ocrx_word' id='word_1_765' title='bbox 3204 4868 3259 4914; x_wconf 92' lang='lat' dir='ltr'><strong>et</strong></span> <span class='ocrx_word' id='word_1_766' title='bbox 3300 4861 3435 4918; x_wconf 87' lang='lat' dir='ltr'><strong>Ovi-</strong></span> 
     </span>
    </p>
   </div>
   <div class='ocr_carea' id='block_1_110' title="bbox 1843 4929 3434 5015">
    <p class='ocr_par' dir='ltr' id='par_1_110' title="bbox 1843 4929 3434 5015">
     <span class='ocr_line' id='line_1_111' title="bbox 1843 4929 3434 5015; baseline 0.018 -31"><span class='ocrx_word' id='word_1_767' title='bbox 1843 4929 1989 4986; x_wconf 90' lang='lat' dir='ltr'><strong>dium</strong></span> <span class='ocrx_word' id='word_1_768' title='bbox 2030 4931 2306 5004; x_wconf 81' lang='lat' dir='ltr'><strong>(Theocr.,</strong></span> <span class='ocrx_word' id='word_1_769' title='bbox 2344 4934 2498 5006; x_wconf 78' lang='lat' dir='ltr'><strong>idyl.,</strong></span> <span class='ocrx_word' id='word_1_770' title='bbox 2551 4953 2680 4995; x_wconf 74' lang='lat' dir='ltr'><strong>vers.</strong></span> <span class='ocrx_word' id='word_1_771' title='bbox 2713 4941 2816 5009; x_wconf 82' lang='lat'><strong>50;</strong></span> <span class='ocrx_word' id='word_1_772' title='bbox 2851 4943 3026 5015; x_wconf 81' lang='lat' dir='ltr'><strong>0vid.,</strong></span> <span class='ocrx_word' id='word_1_773' title='bbox 3055 4949 3148 5006; x_wconf 84' lang='lat' dir='ltr'><strong>lib.</strong></span> <span class='ocrx_word' id='word_1_774' title='bbox 3178 4969 3231 5007; x_wconf 78' lang='lat' dir='ltr'><strong>Ix</strong></span> <span class='ocrx_word' id='word_1_775' title='bbox 3263 4953 3434 5011; x_wconf 78' lang='lat' dir='ltr'><strong>Meta-</strong></span> 
     </span>
    </p>
   </div>
   <div class='ocr_carea' id='block_1_111' title="bbox 1841 5025 2291 5098">
    <p class='ocr_par' dir='ltr' id='par_1_111' title="bbox 1841 5025 2291 5098">
     <span class='ocr_line' id='line_1_112' title="bbox 1841 5025 2291 5098; baseline 0.007 -21"><span class='ocrx_word' id='word_1_776' title='bbox 1841 5025 2068 5094; x_wconf 85' lang='lat' dir='ltr'><strong>morph.,</strong></span> <span class='ocrx_word' id='word_1_777' title='bbox 2105 5025 2135 5098; x_wconf 79' lang='lat'>§</span> <span class='ocrx_word' id='word_1_778' title='bbox 2167 5027 2226 5083; x_wconf 81' lang='grc'><strong>11</strong></span> <span class='ocrx_word' id='word_1_779' title='bbox 2251 5027 2291 5098; x_wconf 92' lang='grc'><strong>).</strong></span> 
     </span>
    </p>
   </div>
   <div class='ocr_carea' id='block_1_112' title="bbox 1911 5117 3428 5210">
    <p class='ocr_par' dir='ltr' id='par_1_112' title="bbox 1911 5117 3428 5210">
     <span class='ocr_line' id='line_1_113' title="bbox 1911 5117 3428 5210; baseline 0.017 -38"><span class='ocrx_word' id='word_1_780' title='bbox 1911 5117 1982 5172; x_wconf 85' lang='lat' dir='ltr'><strong>At</strong></span> <span class='ocrx_word' id='word_1_781' title='bbox 2007 5133 2112 5174; x_wconf 89' lang='lat' dir='ltr'><strong>nou</strong></span> <span class='ocrx_word' id='word_1_782' title='bbox 2141 5119 2375 5177; x_wconf 87' lang='lat' dir='ltr'><strong>Jasionis</strong></span> <span class='ocrx_word' id='word_1_783' title='bbox 2400 5123 2588 5190; x_wconf 90' lang='lat' dir='ltr'><strong>solius,</strong></span> <span class='ocrx_word' id='word_1_784' title='bbox 2620 5128 2716 5184; x_wconf 89' lang='lat' dir='ltr'><strong>sed</strong></span> <span class='ocrx_word' id='word_1_785' title='bbox 2744 5131 2968 5190; x_wconf 86' lang='lat' dir='ltr'><strong>Vulcani</strong></span> <span class='ocrx_word' id='word_1_786' title='bbox 2998 5137 3197 5205; x_wconf 90' lang='lat' dir='ltr'><strong>etiam,</strong></span> <span class='ocrx_word' id='word_1_787' title='bbox 3226 5141 3428 5210; x_wconf 84' lang='lat' dir='ltr'><strong>Martis,</strong></span> 
     </span>
    </p>
   </div>
   <div class='ocr_carea' id='block_1_113' title="bbox 1836 5208 3428 5302">
    <p class='ocr_par' dir='ltr' id='par_1_113' title="bbox 1836 5208 3428 5302">
     <span class='ocr_line' id='line_1_114' title="bbox 1836 5208 3428 5302; baseline 0.017 -39"><span class='ocrx_word' id='word_1_788' title='bbox 1836 5208 2148 5267; x_wconf 87' lang='lat' dir='ltr'><strong>Phaetontis</strong></span> <span class='ocrx_word' id='word_1_789' title='bbox 2190 5222 2245 5269; x_wconf 92' lang='lat' dir='ltr'><strong>et</strong></span> <span class='ocrx_word' id='word_1_790' title='bbox 2283 5214 2534 5272; x_wconf 63' lang='lat' dir='ltr'><strong>Anchisa:</strong></span> <span class='ocrx_word' id='word_1_791' title='bbox 2576 5221 2910 5292; x_wconf 85' lang='lat' dir='ltr'><strong>nequissimo</strong></span> <span class='ocrx_word' id='word_1_792' title='bbox 2948 5242 3133 5285; x_wconf 90' lang='lat' dir='ltr'><strong>amore</strong></span> <span class='ocrx_word' id='word_1_793' title='bbox 3162 5208 3428 5302; x_wconf 85' lang='lat' dir='ltr'><strong>impudica</strong></span> 
     </span>
    </p>
   </div>
   <div class='ocr_carea' id='block_1_114' title="bbox 1838 5299 3430 5390">
    <p class='ocr_par' dir='ltr' id='par_1_114' title="bbox 1838 5299 3430 5390">
     <span class='ocr_line' id='line_1_115' title="bbox 1838 5299 3430 5390; baseline 0.016 -34"><span class='ocrx_word' id='word_1_794' title='bbox 1838 5299 2022 5358; x_wconf 84' lang='lat' dir='ltr'><strong>Venus</strong></span> <span class='ocrx_word' id='word_1_795' title='bbox 2049 5302 2310 5376; x_wconf 82' lang='lat' dir='ltr'><strong>ﬂagravit.</strong></span> <span class='ocrx_word' id='word_1_796' title='bbox 2361 5307 2436 5363; x_wconf 92' lang='lat' dir='ltr'><strong>De</strong></span> <span class='ocrx_word' id='word_1_797' title='bbox 2474 5309 2642 5368; x_wconf 85' lang='lat' dir='ltr'><strong>Marte</strong></span> <span class='ocrx_word' id='word_1_798' title='bbox 2673 5325 2849 5370; x_wconf 86' lang='lat' dir='ltr'><strong>autem</strong></span> <span class='ocrx_word' id='word_1_799' title='bbox 2886 5320 3043 5387; x_wconf 90' lang='lat' dir='ltr'><strong>paulo</strong></span> <span class='ocrx_word' id='word_1_800' title='bbox 3081 5332 3204 5378; x_wconf 90' lang='lat' dir='ltr'><strong>ante</strong></span> <span class='ocrx_word' id='word_1_801' title='bbox 3223 5299 3250 5390; x_wconf 33' lang='grc'>,⁷</span> <span class='ocrx_word' id='word_1_802' title='bbox 3271 5340 3335 5380; x_wconf 91' lang='lat' dir='ltr'><strong>ac</strong></span> <span class='ocrx_word' id='word_1_803' title='bbox 3361 5326 3430 5382; x_wconf 90' lang='lat' dir='ltr'><strong>de</strong></span> 
     </span>
    </p>
   </div>
   <div class='ocr_carea' id='block_1_115' title="bbox 1835 5392 3427 5484">
    <p class='ocr_par' dir='ltr' id='par_1_115' title="bbox 1835 5392 3427 5484">
     <span class='ocr_line' id='line_1_116' title="bbox 1835 5392 3427 5484; baseline 0.016 -37"><span class='ocrx_word' id='word_1_804' title='bbox 1835 5392 2156 5464; x_wconf 88' lang='lat' dir='ltr'><strong>Phaetonte,</strong></span> <span class='ocrx_word' id='word_1_805' title='bbox 2181 5413 2274 5454; x_wconf 91' lang='lat' dir='ltr'><strong>seu</strong></span> <span class='ocrx_word' id='word_1_806' title='bbox 2303 5401 2480 5468; x_wconf 85' lang='lat' dir='ltr'><strong>potius</strong></span> <span class='ocrx_word' id='word_1_807' title='bbox 2505 5401 2719 5460; x_wconf 87' lang='lat' dir='ltr'><strong>Phaone</strong></span> <span class='ocrx_word' id='word_1_808' title='bbox 2747 5408 2799 5460; x_wconf 90' lang='lat' dir='ltr'><strong>in</strong></span> <span class='ocrx_word' id='word_1_809' title='bbox 2827 5411 3104 5478; x_wconf 89' lang='lat' dir='ltr'><strong>superiore</strong></span> <span class='ocrx_word' id='word_1_810' title='bbox 3125 5415 3427 5484; x_wconf 88' lang='lat' dir='ltr'><strong>Apparatus</strong></span> 
     </span>
    </p>
   </div>
   <div class='ocr_carea' id='block_1_116' title="bbox 1836 5490 3424 5584">
    <p class='ocr_par' dir='ltr' id='par_1_116' title="bbox 1836 5490 3424 5584">
     <span class='ocr_line' id='line_1_117' title="bbox 1836 5490 3424 5584; baseline 0.015 -42"><span class='ocrx_word' id='word_1_811' title='bbox 1836 5490 2007 5544; x_wconf 88' lang='lat' dir='ltr'><strong>nostri</strong></span> <span class='ocrx_word' id='word_1_812' title='bbox 2035 5501 2180 5548; x_wconf 88' lang='lat' dir='ltr'><strong>tomo</strong></span> <span class='ocrx_word' id='word_1_813' title='bbox 2203 5493 2559 5551; x_wconf 87' lang='lat' dir='ltr'><strong>disseruimus</strong></span> <span class='ocrx_word' id='word_1_814' title='bbox 2583 5498 2727 5567; x_wconf 81' lang='lat' dir='ltr'><strong>(tam.</strong></span> <span class='ocrx_word' id='word_1_815' title='bbox 2774 5516 2788 5554; x_wconf 88' lang='grc' dir='ltr'><strong>ι</strong></span> <span class='ocrx_word' id='word_1_816' title='bbox 2826 5502 3105 5571; x_wconf 80' lang='lat' dir='ltr'><strong>Apparat.,</strong></span> <span class='ocrx_word' id='word_1_817' title='bbox 3129 5525 3246 5579; x_wconf 87' lang='lat' dir='ltr'><strong>pag.</strong></span> <span class='ocrx_word' id='word_1_818' title='bbox 3272 5511 3424 5584; x_wconf 76' lang='lat'><strong>707).</strong></span> 
     </span>
    </p>
   </div>
   <div class='ocr_carea' id='block_1_117' title="bbox 1904 5580 3424 5663">
    <p class='ocr_par' dir='ltr' id='par_1_117' title="bbox 1904 5580 3424 5663">
     <span class='ocr_line' id='line_1_118' title="bbox 1904 5580 3424 5663; baseline 0.016 -25"><span class='ocrx_word' id='word_1_819' title='bbox 1904 5580 2011 5638; x_wconf 90' lang='lat' dir='ltr'><strong>Sed</strong></span> <span class='ocrx_word' id='word_1_820' title='bbox 2043 5585 2331 5644; x_wconf 88' lang='lat' dir='ltr'><strong>observare</strong></span> <span class='ocrx_word' id='word_1_821' title='bbox 2361 5589 2448 5646; x_wconf 91' lang='lat' dir='ltr'><strong>hic</strong></span> <span class='ocrx_word' id='word_1_822' title='bbox 2471 5591 2622 5660; x_wconf 87' lang='lat' dir='ltr'><strong>juvat</strong></span> <span class='ocrx_word' id='word_1_823' title='bbox 2656 5593 2925 5662; x_wconf 83' lang='lat' dir='ltr'><strong>triplicem</strong></span> <span class='ocrx_word' id='word_1_824' title='bbox 2956 5614 2982 5650; x_wconf 89' lang='lat' dir='ltr'><strong>a</strong></span> <span class='ocrx_word' id='word_1_825' title='bbox 3015 5598 3278 5659; x_wconf 91' lang='lat' dir='ltr'><strong>Cicerone</strong></span> <span class='ocrx_word' id='word_1_826' title='bbox 3309 5580 3424 5663; x_wconf 83' lang='lat' dir='ltr'><strong>dis-</strong></span> 
     </span>
    </p>
   </div>
   <div class='ocr_carea' id='block_1_118' title="bbox 1835 5675 3419 5768">
    <p class='ocr_par' dir='ltr' id='par_1_118' title="bbox 1835 5675 3419 5768">
     <span class='ocr_line' id='line_1_119' title="bbox 1835 5675 3419 5768; baseline 0.018 -40"><span class='ocrx_word' id='word_1_827' title='bbox 1835 5675 2002 5746; x_wconf 87' lang='lat' dir='ltr'><strong>tingui</strong></span> <span class='ocrx_word' id='word_1_828' title='bbox 2024 5676 2293 5736; x_wconf 82' lang='lat' dir='ltr'><strong>Venerem</strong></span> <span class='ocrx_word' id='word_1_829' title='bbox 2311 5723 2328 5748; x_wconf 94' lang='lat'><strong>,</strong></span> <span class='ocrx_word' id='word_1_830' title='bbox 2354 5697 2580 5752; x_wconf 88' lang='lat' dir='ltr'><strong>quarum</strong></span> <span class='ocrx_word' id='word_1_831' title='bbox 2609 5702 2630 5736; x_wconf 84' lang='grc'><em>‹</em></span> <span class='ocrx_word' id='word_1_832' title='bbox 2655 5685 2807 5741; x_wconf 88' lang='lat' dir='ltr'><strong>tertia</strong></span> <span class='ocrx_word' id='word_1_833' title='bbox 2832 5707 2852 5740; x_wconf 79' lang='grc' dir='ltr'><strong>ι</strong></span> <span class='ocrx_word' id='word_1_834' title='bbox 2881 5689 3052 5761; x_wconf 91' lang='lat' dir='ltr'><strong>inquit</strong></span> <span class='ocrx_word' id='word_1_835' title='bbox 3073 5691 3272 5761; x_wconf 83' lang='lat' dir='ltr'><strong>(Cicer.</strong></span> <span class='ocrx_word' id='word_1_836' title='bbox 3307 5699 3419 5768; x_wconf 84' lang='lat' dir='ltr'><strong>lib.,</strong></span> 
     </span>
    </p>
   </div>
   <div class='ocr_carea' id='block_1_119' title="bbox 1833 5767 3427 5853">
    <p class='ocr_par' dir='ltr' id='par_1_119' title="bbox 1833 5767 3427 5853">
     <span class='ocr_line' id='line_1_120' title="bbox 1833 5767 3427 5853; baseline 0.019 -33"><span class='ocrx_word' id='word_1_837' title='bbox 1833 5781 1890 5821; x_wconf 94' lang='lat' dir='ltr'><strong>Ill</strong></span> <span class='ocrx_word' id='word_1_838' title='bbox 1931 5767 1995 5823; x_wconf 85' lang='lat' dir='ltr'><strong>de</strong></span> <span class='ocrx_word' id='word_1_839' title='bbox 2042 5767 2172 5826; x_wconf 86' lang='lat' dir='ltr'><strong>Nat.</strong></span> <span class='ocrx_word' id='word_1_840' title='bbox 2207 5773 2350 5828; x_wconf 85' lang='lat' dir='ltr'><strong>deor.</strong></span> <span class='ocrx_word' id='word_1_841' title='bbox 2384 5792 2504 5846; x_wconf 87' lang='lat' dir='ltr'><strong>pag.</strong></span> <span class='ocrx_word' id='word_1_842' title='bbox 2539 5775 2645 5832; x_wconf 68' lang='lat'><strong>248</strong></span> <span class='ocrx_word' id='word_1_843' title='bbox 2668 5818 2682 5842; x_wconf 96' lang='lat'><strong>,</strong></span> <span class='ocrx_word' id='word_1_844' title='bbox 2715 5779 2807 5833; x_wconf 84' lang='lat' dir='ltr'><strong>lin.</strong></span> <span class='ocrx_word' id='word_1_845' title='bbox 2838 5779 2970 5853; x_wconf 77' lang='lat'><strong>28),</strong></span> <span class='ocrx_word' id='word_1_846' title='bbox 3001 5803 3020 5835; x_wconf 84' lang='grc'><em>‹</em></span> <span class='ocrx_word' id='word_1_847' title='bbox 3050 5785 3184 5844; x_wconf 81' lang='lat' dir='ltr'><strong>Jove</strong></span> <span class='ocrx_word' id='word_1_848' title='bbox 3219 5802 3340 5847; x_wconf 88' lang='lat' dir='ltr'><strong>nata</strong></span> <span class='ocrx_word' id='word_1_849' title='bbox 3370 5767 3427 5850; x_wconf 89' lang='lat' dir='ltr'><strong>et</strong></span> 
     </span>
    </p>
   </div>
   <div class='ocr_carea' id='block_1_120' title="bbox 1837 5857 3426 5944">
    <p class='ocr_par' dir='ltr' id='par_1_120' title="bbox 1837 5857 3426 5944">
     <span class='ocr_line' id='line_1_121' title="bbox 1837 5857 3426 5944; baseline 0.02 -32"><span class='ocrx_word' id='word_1_850' title='bbox 1837 5857 2038 5929; x_wconf 88' lang='lat' dir='ltr'><strong>Dione,</strong></span> <span class='ocrx_word' id='word_1_851' title='bbox 2084 5865 2264 5934; x_wconf 88' lang='lat' dir='ltr'><strong>nupsit</strong></span> <span class='ocrx_word' id='word_1_852' title='bbox 2309 5864 2550 5923; x_wconf 87' lang='lat' dir='ltr'><strong>Vulcano</strong></span> <span class='ocrx_word' id='word_1_853' title='bbox 2577 5888 2595 5921; x_wconf 71' lang='grc' dir='ltr'><strong>ι</strong></span> <span class='ocrx_word' id='word_1_854' title='bbox 2630 5870 2680 5924; x_wconf 89' lang='lat' dir='ltr'><strong>in</strong></span> <span class='ocrx_word' id='word_1_855' title='bbox 2722 5888 2918 5942; x_wconf 88' lang='lat' dir='ltr'><strong>quam,</strong></span> <span class='ocrx_word' id='word_1_856' title='bbox 2963 5887 3019 5931; x_wconf 92' lang='lat' dir='ltr'><strong>ut</strong></span> <span class='ocrx_word' id='word_1_857' title='bbox 3063 5878 3195 5935; x_wconf 79' lang='lat' dir='ltr'><strong>dixit</strong></span> <span class='ocrx_word' id='word_1_858' title='bbox 3237 5895 3426 5944; x_wconf 89' lang='lat' dir='ltr'><strong>auctor</strong></span> 
     </span>
    </p>
   </div>
   <div class='ocr_carea' id='block_1_121' title="bbox 1832 5956 3423 6042">
    <p class='ocr_par' dir='ltr' id='par_1_121' title="bbox 1832 5956 3423 6042">
     <span class='ocr_line' id='line_1_122' title="bbox 1832 5956 3423 6042; baseline 0.02 -33"><span class='ocrx_word' id='word_1_859' title='bbox 1832 5962 2038 6026; x_wconf 87' lang='lat' dir='ltr'><strong>noster,</strong></span> <span class='ocrx_word' id='word_1_860' title='bbox 2072 5956 2316 6014; x_wconf 85' lang='lat' dir='ltr'><strong>ardebat.</strong></span> <span class='ocrx_word' id='word_1_861' title='bbox 2371 5958 2523 6027; x_wconf 85' lang='lat' dir='ltr'><strong>Quod</strong></span> <span class='ocrx_word' id='word_1_862' title='bbox 2555 5963 2769 6034; x_wconf 87' lang='lat' dir='ltr'><strong>quidem</strong></span> <span class='ocrx_word' id='word_1_863' title='bbox 2801 5969 3153 6030; x_wconf 82' lang='lat' dir='ltr'><strong>conﬁrmatur</strong></span> <span class='ocrx_word' id='word_1_864' title='bbox 3178 5991 3204 6030; x_wconf 87' lang='lat' dir='ltr'><strong>a</strong></span> <span class='ocrx_word' id='word_1_865' title='bbox 3233 5976 3423 6042; x_wconf 84' lang='lat' dir='ltr'><strong>Servio</strong></span> 
     </span>
    </p>
   </div>
   <div class='ocr_carea' id='block_1_122' title="bbox 2713 6059 2790 6128">
    <p class='ocr_par' dir='ltr' id='par_1_122' title="bbox 2713 6059 2790 6128">
     <span class='ocr_line' id='line_1_123' title="bbox 2713 6059 2790 6128; baseline -0.052 0"><span class='ocrx_word' id='word_1_866' title='bbox 2713 6059 2790 6128; x_wconf 84' lang='grc'><strong>17</strong></span> 
     </span>
    </p>
   </div>
  </div>
