4000 6276
517 357 618 415 527
1736 339 2190 405 DISSERTATIO
2228 340 2509 399 PREVIA

3695 335 3819 392 528

515 474 677 528 etiam
707 477 788 527 est
811 481 910 524 una
935 465 1173 522 omnium
1201 461 1406 520 facies?
1448 460 1582 518 Nam
1613 463 1660 518 si
1686 461 1906 533 plures;
1938 435 2096 516 aliam
2127 460 2180 522 Α
2203 459 2476 530 repandis,
2511 478 2529 510 ι
2558 457 2670 512 sive
2691 466 2904 512 sursum
2926 453 3194 512 recurvis.
3215 454 3347 525 Quis
3370 464 3504 509 vero
3524 465 3636 508 non
3670 451 3819 509 fate-

519 580 643 621 esse
671 563 772 618 alia
800 561 1124 633 pulcriorem
1172 571 1398 612 necesse
1432 566 1608 612 est....
1656 555 1713 611 Si
1769 556 1914 611 enim
1967 552 2104 608 nihil

514 657 658 712 inter
686 655 844 710 deum
884 663 937 708 et
971 651 1132 706 deum
1155 648 1357 716 diﬂ‘ert,
1377 649 1520 704 nulla
1550 657 1634 705 est
1655 647 1797 719 apud
1827 647 1957 702 deos
1981 661 2106 711 cog-

515 751 672 816 nitio,
701 748 847 804 nulla
883 745 1172 818 perceptio.
1199 763 1218 796 ι
1246 742 1459 816 (Cicer.,
1477 742 1566 798 lib.
1593 743 1690 798 ide
1713 741 1906 796 Natur.
1937 741 2102 803 deor.,

516 861 638 915 pag.
667 841 796 906 207,
826 839 920 895 lin.
953 837 1033 909 5.)

587 935 870 990 Labeones
897 943 1110 996 autem,
1142 931 1210 986 de
1235 929 1429 1002 quibus
1473 928 1679 984 Plinius
1706 926 1873 1000 (Plin.
1894 968 1910 995 ,
1945 927 2038 980 lib.
2070 940 2108 979 ιι

513 1027 657 1084 Hist.
688 1037 884 1094 natam,
909 1041 1024 1096 cap.
1059 1025 1148 1088 57,
1178 1040 1304 1094 pag.
1327 1020 1480 1094 553),
1505 1031 1561 1076 et
1581 1020 1690 1087 alii,
1714 1023 1783 1076 ab
1807 1017 2108 1074 immodicis

442 1190 448 1202 I
512 1124 672 1179 labiis
729 1120 984 1193 appellati
1031 1129 1177 1174 sunt.
1211 1117 1345 1174 Vide
1372 1131 1551 1172 autem
1581 1123 1759 1170 utrum
1787 1113 2030 1168 silunculi
2056 1119 2112 1166 et

514 1217 700 1281 nwvii,
743 1215 778 1269 ii
823 1214 965 1279 sint,
1015 1226 1150 1283 quos
1175 1211 1364 1267 Cicero
1401 1211 1550 1274 silos,
1585 1219 1639 1264 et
1669 1222 1878 1262 nzevum
1913 1207 2113 1260 habere

514 1309 672 1365 dixit.
716 1306 982 1362 Veremur
1027 1313 1204 1359 tamen
1259 1319 1326 1359 ne
1379 1311 1634 1371 corrupta
1666 1299 1775 1354 sint
1804 1299 1858 1353 in
1888 1296 2112 1353 Arnobii

512 1411 664 1458 textu
715 1399 832 1454 haec
873 1395 1155 1452 vocabula.
1189 1393 1320 1449 Nam
1349 1394 1402 1448 in
1435 1393 1583 1464 regio
1613 1391 1802 1447 codice
1827 1388 2115 1443 cilunculos

515 1509 572 1554 et
599 1498 836 1553 nwvimos
857 1494 1106 1566 legimus.
1138 1491 1250 1547 Nec
1294 1491 1473 1546 minus
1514 1489 1806 1559 depravata
1830 1501 1930 1541 vox
1953 1484 2117 1538 sacci-

518 1593 716 1647 bucces.
775 1590 832 1645 In
880 1589 1072 1644 eodem
1117 1586 1260 1640 enim
1308 1585 1496 1640 codice
1544 1583 1696 1652 regio
1746 1579 2116 1648 inanuecripto

514 1688 776 1758 scriptum
818 1692 903 1740 est
955 1683 1238 1738 sacrivoces
1285 1679 1376 1734 alii
1433 1679 1726 1743 acrivoces,
1773 1674 2114 1730 scribendum

514 1775 880 1849 suSpi'cantur.
935 1773 1042 1830 Sed
1073 1772 1191 1827 sine
1221 1769 1610 1826 emendatioris
1635 1768 1866 1836 alicujus
1895 1780 2117 1821 manus-

2207 554 2349 609 bitur
2365 553 2432 607 ab
2447 563 2678 622 utroque
2695 549 3105 607 evidentissime
3120 547 3485 604 demonstrari
3505 561 3616 602 non
3635 547 3819 603 mino-

2205 661 2320 702 rem
2349 660 2471 700 esse
2501 643 2827 699 dementiam
2861 642 3226 698 Romanorum
3253 641 3596 712 aliorumque
3628 640 3818 709 genti-

2207 739 2372 805 lium,
2422 737 2515 808 qui
2569 737 2702 792 deos
2759 735 2992 790 humana
3051 733 3226 796 facie.
3275 741 3334 790 et
3382 748 3506 789 cum
3551 731 3818 787 animalis

2210 830 2488 900 cujusdam
2523 829 2822 900 insignibus
2850 836 3270 899 reprazsentatos
3298 825 3589 892 colebant,
3641 839 3817 894 quam

2209 925 2607 998 Egyptiorum,
2631 923 2720 994 qui
2741 921 2988 977 animalia
3022 922 3160 992 ipsa,
3181 928 3456 993 tamquam
3483 919 3618 976 deos
3637 934 3820 976 vene-

2213 1020 2497 1076 rebantur.

2283 1111 2483 1168 Verum
2522 1109 2794 1166 Arnobius
2839 1109 3102 1166 insaniam
3128 1109 3274 1164 illam
3296 1108 3403 1164 alio
3431 1107 3613 1164 adhuc
3637 1107 3822 1163 ariete

2214 1208 2470 1268 concutit,
2497 1216 2551 1261 et
2571 1205 2764 1261 evertit
2791 1203 3027 1274 (Arnob.,
3049 1202 3139 1257 lib.
3161 1218 3239 1259 ιιι.
3267 1218 3383 1271 pag.
3409 1200 3534 1269 109,
3568 1210 3617 1256 et
3646 1197 3818 1271 seq.).

2214 1301 2269 1355 Si
2299 1299 2533 1364 aselluli,
2565 1297 2759 1368 inquit,
2789 1310 2954 1352 canes
2989 1303 3044 1350 et
3079 1294 3228 1365 porci
3257 1293 3477 1365 aliquid,
3501 1293 3568 1348 ad
3596 1291 3823 1348 discen-

2215 1395 2312 1450 das
2361 1403 2506 1449 artes
2531 1434 2545 1459 ,
2599 1391 2818 1446 humani
2855 1389 3052 1461 ingenii
3086 1389 3378 1454 baberent,
3410 1397 3571 1458 atque
3601 1385 3670 1441 ad
3717 1401 3826 1440 nos

2219 1485 2603 1552 honorandos,
2636 1494 2841 1540 statuas
2872 1484 3245 1555 imaginesque
3277 1482 3382 1538 sibi
3406 1480 3613 1536 similes
3641 1479 3825 1534 fabri-

2219 1589 2447 1644 carent,
2510 1592 2689 1633 nonne
2737 1576 2956 1648 indigne
3011 1590 3231 1646 prorsus
3257 1589 3357 1630 nec
3383 1575 3500 1629 sine
3529 1571 3827 1627 stomacho

2221 1681 2530 1743 pateremur
2552 1671 2842 1726 bestiarum
2873 1670 3046 1724 forma
3072 1685 3168 1723 nos
3188 1668 3476 1724 exhiberi?
3516 1666 3711 1721 Nonne
3743 1665 3827 1736 ip-

2221 1767 2382 1822 simet
2411 1764 2613 1821 ethnici
2648 1765 3058 1835 indignarentur
3081 1763 3369 1818 Romulum
3398 1763 3608 1817 asinina
3641 1761 3827 1833 ﬁgura

514 1871 674 1942 cripti
710 1869 912 1926 codicis
949 1882 1053 1938 ope
1094 1880 1212 1938 qua:
1241 1880 1368 1920 vera
1397 1865 1468 1918 sit
1491 1863 1654 1919 lectio
1679 1862 1800 1933 quis
1830 1870 1983 1916 certo
2023 1859 2118 1916 de-
2145 1865 2196 1927 Β
2222 1861 2634 1930 repraesentari,
2676 1858 2902 1914 Numam
2951 1859 3166 1926 canina,
3199 1865 3254 1913 et
3279 1858 3496 1928 porcina
3523 1857 3822 1923 Catonem,

515 1966 672 2021 ﬁnire
698 1962 933 2035 poterit?
1839 2023 1845 2030 .

590 2057 760 2129 Urget
785 2053 1057 2110 Arnobius
1079 2055 1264 2124 negari
1293 2055 1359 2107 ab
1387 2050 1622 2106 ethnicis
1662 2065 1772 2106 non
1800 2062 1959 2119 posse
1984 2061 2119 2118 qua-

515 2153 598 2209 les
652 2148 1036 2219 descripsimus
1060 2189 1076 2212 ,
1132 2146 1264 2200 tales
1293 2160 1324 2198 a
1352 2145 1466 2198 suis
1507 2143 1688 2214 effingi
1717 2141 1871 2197 deos.
1899 2141 2031 2196 Nam
2061 2140 2116 2195 id

519 2259 707 2301 eorum
731 2252 782 2298 et
807 2259 826 2294 ‹
858 2238 1109 2311 produnt,
1146 2255 1165 2290 ι
1202 2238 1274 2292 uti
1301 2237 1393 2292 ille
1419 2236 1651 2306 loquitur
1673 2231 2116 2308 (Arnob.,tib.tv,

519 2355 642 2410 pag.
669 2333 820 2408 108),
859 2353 878 2386 ι
916 2342 1077 2404 atque
1116 2329 1358 2385 indicant
1401 2327 1656 2385 officinae.
1689 2326 1968 2394 Siquidem
1996 2341 2118 2381 cum

519 2431 698 2488 facitis
737 2437 900 2498 atque
939 2423 1244 2480 infortnatis
1273 2421 1427 2489 deos,
1461 2420 1562 2476 hos
1586 2419 1814 2475 crinitos
1841 2418 2116 2488 effingitis,

520 2525 661 2580 alios
688 2523 874 2588 lazves,
907 2534 1085 2584 senes,
1107 2518 1353 2588 juvenes,
1385 2530 1606 2586 pueros,
1640 2513 1874 2584 aquilos,
1906 2512 2118 2580 cmsios,

521 2635 706 2687 ravos,
736 2615 1070 2680 semiiiudOs,
1106 2614 1358 2677 intectos,
1391 2622 1483 2665 aut
1510 2627 1576 2666 ne
1608 2610 1777 2682 frigus
1826 2611 2122 2665 incommo-

522 2714 633 2779 det,
666 2711 948 2766 lluidarum
981 2708 1210 2764 vestium
1263 2705 1662 2776 superjectione
1692 2703 1959 2774 perfusos.
1999 2723 2018 2755 ι
2047 2703 2118 2758 Et

522 2808 641 2862 huic
663 2818 874 2874 quoque
903 2816 970 2856 ex
1000 2799 1189 2855 eodem
1243 2796 1520 2853 Ciceronis
1563 2796 1702 2851 libro
1750 2795 1940 2851 hausta
1971 2807 2116 2851 sunt.

522 2897 656 2955 Post
681 2896 841 2950 citata
870 2893 1014 2948 enim
1039 2907 1070 2946 a
1099 2889 1256 2945 nobis
1281 2888 1399 2960 ejus
1426 2887 1591 2943 verba
1611 2929 1627 2955 ,
1663 2887 1971 2942 institutum
2001 2903 2122 2942 ser-

524 3005 740 3047 monem
772 2988 851 3044 sic
870 2985 1247 3058 prosequitur:
1278 3002 1298 3035 ι
1329 2983 1492 3039 Nobis
1525 2981 1755 3038 fortasse
1781 2981 1827 3037 si
1864 2981 2121 3047 occurrit,

524 3092 583 3139 ut
605 3083 768 3148 dicis,
797 3080 984 3137 Jovem
1005 3121 1021 3144 ,
1063 3078 1368 3142 lunonem,
1406 3075 1700 3132 Minervam
1727 3120 1741 3144 ,
1789 3075 2121 3145 Neptunum,

526 3175 824 3232 Vulcanum
850 3217 866 3241 ,
915 3172 1220 3244 Apollinem
1243 3213 1258 3235 ,
1304 3170 1542 3242 reliquos
1565 3168 1696 3224 deos
1716 3185 1778 3225 ea
1810 3167 1948 3225 facie
1973 3171 2127 3224 novi-

2222 1954 2339 2011 sive
2382 1954 2701 2011 Ciceronem
2732 1995 2748 2020 ,
2795 1962 2888 2011 aut
2930 1954 3092 2009 alium
3123 1952 3457 2025 quemlibet?
3482 1951 3600 2008 .lam
3631 1960 3828 2007 autem

2221 2049 2453 2104 vidimus
2499 2048 2836 2105 Clementem
2882 2047 3308 2104 Alexandrinum
3367 2047 3421 2102 in
3479 2048 3827 2104 Stromatum

2221 2143 2375 2199 libris
2419 2143 2612 2200 eodem
2648 2150 2835 2198 contra
2881 2142 3110 2213 gentiles
3148 2157 3299 2198 usum
3321 2156 3445 2198 esse
3466 2153 3825 2214 argumento,

2231 2248 2394 2308 atque
2433 2235 2679 2292 eamdem
2725 2235 2778 2289 in
2823 2249 2936 2290 rem
2981 2233 3212 2301 abillo,
3265 2234 3724 2306 quemadmodum
3757 2236 3830 2292 ab

2223 2328 2480 2396 Eusebio,
2508 2338 2563 2385 et
2589 2327 2973 2394 Theodoreto,
3004 2327 3154 2383 citari
3185 2327 3538 2400 Xenophanis
3578 2331 3830 2386 carmina

2231 2423 2407 2496 (Tom.
2435 2441 2453 2479 ι
2494 2425 2749 2494 Apparat.
2805 2421 2897 2478 lib.
2926 2437 3006 2491 ιιι,
3037 2423 3242 2479 dissert.
3267 2423 3325 2491 2,
3353 2441 3473 2495 cap.
3507 2424 3594 2491 14,
3624 2433 3732 2480 art.
3773 2425 3829 2493 1,

2225 2538 2346 2593 pag.
2377 2519 2567 2593 1089).

2295 2613 2365 2666 At
2395 2611 2488 2678 dii,
2515 2613 2590 2667 uti
2615 2616 2842 2670 assumit
2863 2613 3164 2680 Arnobius,
3189 2612 3457 2685 indignius
3488 2613 3628 2670 ferre
3655 2611 3836 2673 debe-

2223 2713 2347 2762 rent
2373 2721 2432 2761 se
2458 2707 2528 2762 ab
2556 2707 2862 2764 hominibus
2909 2707 3142 2762 humana
3163 2749 3177 2772 ,
3228 2721 3388 2776 quam
3429 2706 3681 2763 homines
3702 2724 3770 2765 se
3800 2725 3834 2764 a

2224 2797 2411 2854 bestiis
2441 2799 2670 2854 belluina
2705 2799 2840 2855 facie
2879 2799 3114 2871 depingi.
3159 2799 3342 2870 Longe
3372 2800 3544 2871 major
3565 2801 3713 2856 enim
3742 2810 3837 2857 est

2225 2888 2448 2947 deorum
2479 2891 2546 2947 ab
2567 2890 2876 2948 hominibus
2894 2935 2911 2960 ,
2934 2908 3092 2964 quam
3123 2891 3398 2950 hominum
3430 2909 3458 2948 a
3485 2895 3684 2950 belluis
3709 2896 3835 2953 dis-

2226 2985 2523 3054 crepantia.
2541 2983 2748 3056 Ecquid
2779 3000 2930 3052 vero,
2956 2985 3131 3057 inquit
3159 2986 3453 3054 Arnobius,
3479 3006 3500 3039 ι
3522 2989 3576 3044 in
3602 2988 3837 3047 homine

2227 3075 2508 3146 pulchrum
2527 3078 2550 3132 ἳ
2565 3077 2714 3148 quid,
2731 3094 2936 3149 quaeso,
2952 3079 3291 3144 admirabile,
3307 3082 3393 3138 vel
3415 3081 3700 3149 decorum,
3724 3087 3835 3142 nisi

2225 3169 2368 3240 quod
2397 3181 2449 3227 et
2477 3171 2687 3227 clurino
2713 3188 2834 3228 cum
2865 3188 3093 3244 pecore,
3136 3194 3155 3227 ι
3205 3175 3277 3231 ita
3317 3191 3421 3232 ms.
3451 3177 3621 3234 codex
3651 3189 3714 3236 et
3743 3181 3836 3237 ul-

527 3285 683 3330 mus,
715 3282 822 3340 qua
848 3267 1088 3337 pictores
1129 3265 1457 3333 lictoresque
1481 3262 1811 3328 voluerunt;
1837 3277 2013 3332 neque
2038 3278 2130 3318 so-
2155 3256 2200 3320 C
2234 3265 2360 3321 tima
2389 3265 2571 3334 editio,
2602 3285 2623 3319 ι
2662 3265 2856 3323 Nescio
2899 3268 3020 3339 quis
3069 3279 3258 3325 auctor
3307 3271 3477 3326 voluit
3514 3286 3638 3328 esse
3678 3288 3840 3329 com-

526 3361 639 3421 lum
668 3362 824 3428 farie,
858 3359 950 3416 sed
979 3359 1140 3415 etiam
1174 3365 1366 3411 ornatu
1398 3397 1414 3422 ,
1464 3366 1626 3426 atque
1675 3356 1970 3411 vestitu....
2014 3357 2128 3412 lsto

530 3456 676 3513 enim
702 3453 866 3510 modo
883 3451 1067 3506 dicere
1092 3448 1278 3504 licebit
1325 3446 1512 3502 Jovem
1562 3462 1778 3515 semper
1823 3448 2126 3519 barbatum,

531 3547 841 3617 Apollinem
864 3556 1082 3612 semper
1101 3539 1428 3604 imberbem,‘
1445 3538 1632 3594 caesios
1653 3539 1838 3594 oculos
1856 3541 2124 3609 Minervae,

531 3639 798 3696 creruleos
843 3649 963 3690 esse
1005 3631 1262 3702 Neptuni.
1296 3650 1315 3683 ι
1369 3629 1576 3704 (Cicer.,
1626 3631 1714 3685 lib.
1756 3647 1774 3685 ι
1815 3633 1878 3687 de
1909 3632 2126 3702 Natur.,

535 3748 659 3804 pag.
687 3729 816 3793 207,
850 3727 942 3780 lin.
978 3723 1092 3793 12.)
1151 3721 1342 3778 Nonne
1393 3733 1572 3778 autem
1628 3723 1754 3778 inde
1784 3725 1917 3779 satis
1945 3735 2132 3795 aperte

534 3823 822 3881 conficitur
867 3834 1003 3893 quas
1051 3817 1330 3890 gentilium
1383 3817 1627 3872 ofﬁcinas
1659 3819 1926 3876 Arnobius
1953 3831 2128 3888 vocat,

537 3915 640 3971 has
668 3915 811 3985 ipsas
837 3927 958 3968 esse
986 3912 1235 3976 istorum,
1263 3920 1318 3962 ut
1341 3909 1414 3964 ait
1432 3907 1644 3975 Cicero,
1668 3909 1934 3980 pictorum
1958 3928 2022 3969 ac
2037 3913 2132 3968 fic-

537 4019 750 4073 torum,
798 4005 889 4076 qui
937 4003 1161 4060 deorum
1199 4003 1481 4072 imagines,
1511 4011 1714 4058 statuas
1741 4011 1798 4059 et
1824 4006 2130 4073 simulacra,

539 4099 816 4175 quomodo
885 4109 1112 4167 uterque
1176 4094 1463 4164 descripsit
1496 4137 1510 4158 ,
1584 4095 1786 4167 tingere
1842 4099 2132 4155 solebant?

539 4195 711 4252 Recte
753 4206 882 4261 ergo
926 4189 1055 4245 inde
1096 4187 1257 4242 ambo
1299 4187 1632 4242 concludunt
1658 4188 1791 4244 nihil
1824 4190 1938 4247 Deo
1963 4193 2133 4262 magis

539 4286 819 4360 indignum
846 4299 908 4340 ac
931 4279 1379 4339 contumeliosum
1426 4295 1587 4350 posse
1627 4297 1880 4353 umquam
1911 4287 2132 4357 excogi-

541 4379 670 4436 tari.

612 4469 721 4530 Sed
757 4467 996 4542 pressius
1041 4463 1220 4521 adhuc
1267 4480 1389 4522 cum
1429 4465 1664 4521 ethnicis
1705 4468 1815 4536 agit
1863 4470 2132 4525 Arnobius

542 4564 783 4642 (Arnob,
809 4565 898 4619 lib.
931 4577 1010 4626 ιιι,
1041 4577 1161 4631 pag.
1189 4557 1315 4630 109)
1338 4601 1350 4624 ,
1375 4568 1429 4614 et
1457 4574 1682 4614 summie
1708 4561 1784 4616 ait
1811 4575 1931 4617 esse
1952 4564 2132 4618 stulti-

2228 3375 2410 3416 mune.
2445 3380 2463 3412 ι
2500 3361 2742 3431 (Arnob.,
2789 3362 2874 3416 lib.
2910 3379 3132 3436 ttt,pag.
3165 3365 3317 3438 110.)
3371 3367 3524 3437 Apud
3577 3368 3835 3427 Plautum

2230 3454 2447 3525 quidem
2481 3455 2705 3522 legimus
2730 3455 2973 3510 clusirum
3003 3475 3159 3527 pecus
3191 3474 3210 3514 :
3256 3460 3350 3516 sed
3405 3471 3553 3532 putat
3599 3463 3838 3522 Vossius

2231 3548 2414 3603 abillo
2437 3550 2695 3619 scriptum
2731 3549 2898 3606 fuisse
2925 3553 3180 3607 clurinum
3210 3570 3381 3624 pecus.
3411 3571 3583 3626 eoque
3611 3559 3841 3616 nomine

2230 3639 2412 3695 simias
2452 3639 2738 3712 significari
2769 3640 2972 3714 (Plaut.
3025 3643 3286 3713 Comaed.,
3331 3645 3588 3715 Trured.,
3619 3660 3726 3704 act.
3763 3651 3838 3721 ‘2,

2232 3751 2373 3789 scen.
2394 3734 2464 3801 2;
2508 3734 2676 3804 Voss.,
2709 3735 3005 3809 Etymolog.
3029 3740 3096 3792 ad
3119 3739 3320 3793 verbum
3347 3741 3567 3815 Cwna).
3590 3741 3659 3798 At
3682 3755 3842 3801 certe

2232 3827 2338 3884 hoc
2364 3842 2527 3884 sensu
2555 3829 2623 3884 ab
2647 3829 2890 3886 Arnobio
2939 3841 3126 3887 nostro
3175 3833 3342 3905 accipi
3395 3835 3626 3906 videtur,
3669 3848 3843 3911 atque

2232 3918 2319 3976 bis
2350 3921 2528 3977 verbis
2553 3939 2568 3977 :
2599 3921 2788 3979 Nescio
2813 3923 2927 3996 quis
2949 3934 3151 3992 auctor,
3172 3925 3404 3982 Ennium
3438 3927 3668 3985 laudari.
3695 3930 3841 3989 Dum

2231 4017 2376 4073 enim
2420 4016 2536 4074 haec
2584 4019 2889 4087 scribebat,
2920 4020 2972 4075 in
3019 4031 3199 4078 mente
3245 4023 3616 4093 proculdubio
3645 4024 3844 4084 habuit

2231 4110 2379 4168 hunc
2407 4111 2684 4168 Ciceronis
2727 4113 2904 4170 locum
2938 4114 3150 4188 (Cicer.,
3183 4116 3273 4172 lib.
3304 4117 3407 4172 ide
3433 4115 3625 4173 Natur.
3660 4121 3840 4191 deor"

2235 4220 2357 4276 pag.
2389 4203 2518 4272 209,
2551 4207 2645 4260 lin.
2677 4205 2771 4278 57)
2800 4226 2813 4262 :
2845 4226 2864 4259 ι
2897 4205 3015 4276 Ipsa
3064 4224 3228 4275 vero,
3270 4225 3432 4278 quum
3464 4210 3596 4266 nihil
3624 4211 3695 4267 ad
3718 4230 3840 4270 rem

2232 4297 2494 4367 pertinet,
2518 4313 2639 4368 quae
2660 4314 2757 4353 vos
2779 4301 3014 4358 maxime
3035 4301 3270 4358 delectat
3297 4302 3633 4360 similitudo?
3658 4304 3844 4374 Quid?

2236 4391 2384 4446 canis
2415 4405 2594 4447 nonne
2617 4391 2810 4448 similis
2838 4393 2998 4465 lupo?
3021 4415 3040 4447 ι
3077 4397 3256 4467 Atque
3278 4405 3335 4450 ut
3362 4391 3566 4454 Ennius
3592 4415 3607 4453 :

2331 4528 2481 4578 Simia
2499 4541 2647 4592 quam
2665 4529 2841 4580 similis
2863 4533 3144 4594 turpissima
3163 4532 3322 4584 bestia
3345 4534 3504 4586 nobis.

539 4661 630 4718 tite
661 4661 728 4716 ab
758 4657 988 4714 ethnicis
1034 4653 1248 4708 irrideri
1298 4651 1580 4722 aenigmata
1609 4652 2008 4726 Egyptiorum,
2040 4657 2132 4726 qui
2156 4647 2210 4708 Ι)
2236 4653 2407 4724 Major
2435 4670 2563 4725 ergo
2593 4653 2697 4711 diis
2724 4653 2783 4710 ﬁt
2811 4658 3133 4714 contumelia
3157 4700 3173 4725 ,
3217 4658 3337 4715 citm
3362 4658 3568 4716 similes
3598 4660 3843 4719 homini-

539 4753 793 4811 animalia
819 4749 1099 4812 vilissima,
1123 4760 1350 4801 numero
1371 4745 1597 4801 deorum
1624 4747 1916 4817 adscripta,
1944 4751 2136 4806 solem-

541 4847 700 4904 nibus
722 4841 1034 4901 cerimoniis
1069 4848 1123 4894 et
1149 4838 1341 4893 ritibus
1368 4837 1725 4896 honorabant.
1757 4841 2024 4910 Ipsosmet
2059 4843 2132 4897 si-

539 4939 759 5012 quidem
813 4935 1057 4990 ethnicos
1096 4946 1202 4985 non
1260 4930 1496 5001 pudebat
1543 4931 1858 4999 hominum,
1903 4933 2132 5004 adjeCtis

538 5027 861 5104 quibusdam
889 5022 1198 5078 animalium
1228 5022 1554 5093 insignibus,
1586 5032 1856 5095 tamquam
1899 5026 2128 5082 deorum

536 5138 761 5182 suorum
803 5133 960 5175 veras
1012 5115 1220 5186 effigies
1263 5116 1444 5171 colere
1499 5131 1561 5170 ac
1617 5119 1883 5175 venerari.
1921 5121 1989 5174 At
2018 5122 2133 5178 haec

533 5231 730 5276 rursus
776 5213 1009 5270 delibata
1058 5217 1185 5264 sunt
1237 5223 1301 5262 cx
1356 5207 1544 5264 eodem
1597 5211 1860 5268 Cicerone
1894 5211 2128 5284 (Cicer.,

537 5311 631 5369 lib.
681 5326 698 5366 ι
742 5309 805 5364 de
854 5306 1047 5361 Natur.
1097 5303 1277 5369 daora,
1337 5319 1459 5374 pag.
1486 5303 1610 5366 207,
1647 5305 1739 5359 lin.
1780 5307 1902 5377 19),
1947 5309 2035 5376 qui
2067 5324 2131 5365 ea

535 5403 735 5460 clarius
774 5400 1023 5468 huncque
1063 5395 1114 5449 in
1156 5393 1371 5448 modum
1413 5394 1646 5464 explicat
1684 5413 1698 5450 :
1736 5415 1756 5448 ι
1795 5397 1930 5466 Quid
1974 5399 2135 5469 igitur

536 5495 768 5555 censes?
812 5492 966 5562 Apim
1001 5487 1149 5544 illum
1173 5529 1186 5552 ,
1218 5499 1462 5542 sanctum
1494 5487 1868 5559 Egyptiorum
1901 5491 2091 5547 bovem
2113 5535 2130 5558 ,

536 5605 720 5647 noiine
750 5586 910 5643 deum
955 5581 1126 5638 videri
1159 5580 1468 5653 Egyptiis?
1516 5580 1646 5636 Tam
1681 5580 1908 5638 Hercle!
1966 5600 2128 5654 quam

536 5684 634 5740 tibi
659 5681 801 5736 illam
835 5686 1074 5733 nostram
1104 5678 1389 5743 sospitam,
1419 5673 1628 5728 scilicet
1658 5673 1947 5736 lunonem.
1968 5693 2127 5746 quam

537 5785 598 5830 tu
629 5786 920 5842 numquam
946 5784 1015 5826 ne
1039 5768 1095 5824 in
1125 5766 1351 5822 sommis
1371 5765 1590 5836 quidem
1622 5767 1806 5835 vides,
1853 5768 1953 5824 nisi
2004 5785 2126 5828 cum

539 5869 684 5946 pelle
711 5862 952 5937 caprina,
974 5877 1096 5918 cum
1116 5860 1289 5926 hasta,
1318 5875 1441 5918 cum
1471 5860 1701 5930 scutulo,
1726 5876 1846 5919 cum
1877 5864 2128 5923 calceolis

2235 4747 2337 4804 bus
2364 4746 2711 4819 efﬁnguntur,
2743 4765 2900 4819 quam
2931 4751 3261 4819 hominibus,
3293 4752 3414 4808 citm
3442 4752 3838 4813 exhiberentur

2235 4840 2430 4908 simim,
2455 4841 2678 4914 aliisque
2697 4842 2886 4899 bestiis
2906 4843 3134 4900 similes.

2306 4934 2417 4991 Nec
2432 4935 2560 4990 sinit
2576 4936 2846 4992 Arnobius
2867 4935 2968 4994 sibi
2991 4937 3060 4992 ab
3097 4937 3328 4995 ethnicis
3352 4940 3676 5012 responderi
3699 4942 3842 4998 alias

2236 5029 2452 5102 quidem
2506 5045 2628 5086 esse
2685 5031 2909 5088 deorum
2965 5032 3184 5107 (Arnob.
3211 5076 3228 5098 ,
3269 5033 3339 5088 lib
3391 5049 3480 5099 ιιι,
3519 5051 3639 5107 pag.
3674 5034 3836 5108 109),

2235 5140 2394 5194 quam
2439 5123 2718 5178 hominum
2767 5125 2965 5182 formas
2993 5134 3051 5182 et
3077 5125 3284 5196 species
3304 5168 3321 5192 ,
3358 5125 3452 5181 sed
3481 5125 3580 5181 has
3609 5128 3841 5183 honoris

2235 5232 2395 5273 causa
2427 5216 2528 5271 illis
2557 5218 2976 5274 accommodari.
3008 5219 3140 5274 Nam
3165 5218 3252 5275 hic
3279 5234 3436 5274 error
3461 5218 3642 5290 priore
3672 5221 3843 5291 longe

2235 5311 2388 5381 pejor
2418 5318 2518 5364 est.
2550 5311 2627 5365 Eo
2647 5311 2910 5382 siquidem
2964 5311 3168 5382 majore
3214 5311 3409 5382 probro
3435 5311 3669 5381 gentiles
3699 5312 3843 5368 deos

2238 5416 2367 5457 suos
2401 5400 2708 5458 afficiebant
2741 5403 2822 5458 his
2853 5405 3200 5474 [armamentis
3229 5403 3435 5467 divinis,
3467 5404 3609 5459 sicut
3630 5403 3727 5461 ille
3757 5404 3843 5459 Io-

2235 5495 2438 5566 quitur,
2470 5509 2579 5564 quo
2599 5494 2797 5550 certius
2818 5511 2880 5550 ea
2912 5496 3066 5562 falsa,
3088 5496 3298 5568 diisque
3325 5497 3440 5552 suis
3467 5495 3638 5566 magis
3664 5494 3839 5552 dissi-

2235 5587 2379 5642 milia
2411 5602 2532 5642 esse
2557 5597 2836 5644 noverant.
2867 5588 3042 5646 Minus
3067 5591 3210 5646 enim
3243 5599 3428 5661 peccat
3450 5589 3577 5656 ille,
3609 5590 3701 5659 qui
3728 5589 3842 5644 diis

2235 5680 2355 5736 falsi
2398 5681 2634 5750 aliquid,
2687 5683 2831 5752 quod
2890 5691 3071 5740 tamen
3125 5701 3311 5743 verum
3351 5699 3476 5740 esse
3509 5683 3837 5751 arbitratur,

2235 5775 2550 5847 imprudens
2582 5775 2790 5845 tribuit,
2815 5794 2976 5849 quam
3006 5778 3142 5836 alius
3161 5823 3178 5847 ,
3210 5780 3301 5852 qui
3321 5779 3499 5836 sciens
3529 5775 3837 5848 volensque

2234 5864 2363 5922 falsa
2394 5867 2524 5941 ipsis
2549 5868 2826 5928 adscribit.
2855 5869 3223 5928 Formamenta
3247 5881 3426 5928 autem
3456 5868 3597 5926 idem
3625 5879 3834 5925 sonant
