4000 6278
222 348 325 409 529

1359 396 1364 401 ο
1429 369 1497 426 ΙΝ
1534 372 1905 442 ARNOBIUM,
1945 377 2100 436 CAP.
2147 379 2277 437 XIII.

3391 395 3494 451 550

220 476 284 517 ac
307 461 489 534 figurae
509 475 564 521 et
582 465 792 537 formas,
817 472 974 530 sicuti
1000 476 1084 532 bis
1109 477 1277 551 liquet
1311 481 1581 554 Lucretii,
1634 503 1793 559 quem
1824 493 1875 553 Α
1900 500 2014 546 cata
2034 490 2222 549 Encas
2242 509 2389 550 arma
2412 497 2522 567 jam
2548 513 2703 570 supra
2733 500 2932 572 Virgilii
2961 501 3136 558 citatis
3161 506 3494 564 carminibus

219 555 462 628 Scriptor
491 567 678 616 noster
698 576 846 634 saepe
869 569 1130 639 sequitur,
1161 573 1405 630 versibus
1434 595 1446 632 :

894 704 1065 760 Omnia
1081 711 1429 775 principiorum

310 759 650 818 Formmenta
668 779 856 834 queunt
871 759 1065 834 ingquot
1077 759 1120 820 is
1140 759 1263 834 esser
1277 759 1456 826 hilare.

885 831 1122 897 (Lucret,
1150 831 1232 886 lib.
1255 851 1305 898 ιι,
1334 850 1460 890 vers.
1478 840 1614 912 8l8.)

807 977 1099 1021 Αιιτιουιυε
1123 980 1184 1021 ll.

212 1083 364 1162 Quam
387 1095 706 1162 commentitii
730 1095 828 1146 sint
845 1095 912 1148 dii
931 1137 943 1153 .
969 1113 1092 1162 quos
1114 1101 1302 1151 ethnici
1324 1104 1473 1152 variis
1492 1106 1679 1155 artibus
1703 1108 1795 1156 im—

268 1147 414 1228 butos
435 1161 520 1203 aut
545 1155 803 1228 praefectos
840 1147 1302 1228 [assuescas
1323 1147 1399 1214 de
1411 1147 1650 1228 ibam};
1655 1147 1793 1228 i513,

273 1209 430 1290 sutura
444 1209 830 1290 .lirtB-llltltliallle,
842 1209 1384 1290 '{Esculapioriiiedicm'
1638 1209 1792 1290 εἰ

269 1274 486 1348 Tritonia
501 1292 592 1348 seu
614 1274 980 1348 'l‘ritogeiiia‘et
1015 1274 1238 1338 Arachne
1264 1274 1792 1348 iéiin‘..5,‘éi‘ltisiiﬂl

268 1343 352 1410 tea
368 1342 625 1416 progenie,
644 1345 748 1393 sive
761 1342 966 1416 llalxrso
990 1352 1185 1400 cteteris
1202 1342 1562 1416 eltxjucutiore,
1580 1355 1644 1404 de
1666 1355 1790 1416 aliis,

270 1401 356 1476 qui
371 1401 568 1476 artibus
589 1415 673 1455 aut
704 1401 930 1476 scieniiis
968 1424 1184 1473 praeesse
1222 1401 1646 1476 fingebanturﬂti
1670 1401 1792 1467 l'oi:

1245 1480 1423 1538 egibus
1468 1478 1631 1538 Pales,
1659 1480 1790 1530 unde

264 1522 458 1603 yalilia,
493 1522 804 1603 Ιιιιῖιιιιδβίᾁθ
847 1533 948 1603 Pan
971 1522 1790 1603 aiiiir‘taliliiis,°Dytbius'ariolauti-

271 1469 417 1536 spoils
455 1467 768 1536 navigationi.
809 1467 1044 1536 armentis
1090 1482 1143 1524 et
1183 1487 1240 1536 gr

267 1585 374 1658 bus.
396 1595 728 1661 regnmgazis
748 1593 1091 1661 locupletatus,
1121 1585 1174 1650 et.
1207 1585 1788 1656 Tdtéiaiés’iuiéiéé‘ii?»

267 1655 450 1700 mtuum
473 1655 710 1716 pral‘ecti.

272 1780 427 1836 Aliud
445 1794 633 1838 contra
654 1784 842 1841 falsam
862 1788 1098 1858 illorum,
1115 1807 1252 1863 quos
1271 1795 1503 1866 gentiles
1517 1798 1782 1866 colebant,

1905 586 2260 642 ostendimus.
2289 587 2381 644 Ille
2411 605 2540 645 vero
2568 592 2681 661 ipse
2715 592 2980 649 Vulcanus
3007 605 3111 662 est,
3139 597 3291 666 cujus
3321 597 3374 653 in
3410 611 3494 655 tu-

1906 678 2008 734 tela
2049 679 2221 750 ignem
2262 682 2425 738 l'uisse
2455 683 2580 738 alibi
2613 687 2813 740 Auctor
2864 697 3049 744 noster
3090 704 3382 748 asseverat.
3424 697 3494 751 At

1901 769 1971 825 de
1991 786 2056 826 eo
2083 787 2182 828 nos
2211 774 2261 827 in
2293 777 2559 845 superiori
2589 777 2892 848 Apparatus
2920 783 3086 837 nostri
3112 793 3256 840 ιοιιιο
3278 785 3489 856 (Cicer.,

1900 863 1989 918 lib.
2035 880 2093 922 ιιι
2140 866 2203 920 de
2253 866 2445 923 Natur.
2499 871 2678 939 dear.,
2727 891 2847 946 pag.
2895 875 3144 942 248,11'11.
3179 878 3245 942 ες
3282 878 3487 952 Virgil.,

1900 957 1989 1011 lib.
2029 975 2124 1014 vut
2183 959 2400 1018 xEneid.
2421 1006 2435 1030 ,
2489 968 2745 1022 vers.570
2771 979 2817 1022 et
2837 987 3012 1041 seqq.;
3044 973 3257 1040 Arnab.,
3289 975 3378 1030 lib.
3410 993 3488 1044 Ill,

1907 1069 2028 1122 pag.
2063 1055 2183 1120 lii;
2215 1065 2336 1111 tam.
2370 1075 2384 1112 ι
2417 1059 2638 1130 Appon,
2669 1079 2789 1135 pag.
2817 1065 2920 1119 776
2945 1076 2991 1119 et
3011 1068 3216 1139 infra.)

1967 1142 2096 1210 Quae
2146 1156 2322 1203 autem
2371 1149 2474 1206 diis
2527 1153 2717 1220 nebat,
2752 1171 2813 1210 ac
2844 1168 3018 1212 vestes
3046 1162 3276 1227 trilices,
3306 1163 3358 1218 id
3385 1175 3487 1231 cst,

1896 1234 2066 1290 tribus
2113 1238 2248 1294 liciis
2302 1243 2714 1301 versicoloribus
2767 1249 3038 1305 confectas
3082 1252 3167 1318 iis,
3198 1255 3308 1309 sine
3343 1273 3493 1312 onere

1895 1328 2220 1401 imponebat.
2251 1334 2367 1392 hanc
2396 1338 2464 1392 ab
2486 1343 2721 1397 Arnobio
2749 1355 2932 1399 nostra
2972 1346 3210 1403 Tritonia
3265 1365 3491 1409 vocatur

1892 1421 2132 1490 (Arnab.,
2156 1425 2242 1479 lib.
2271 1442 2326 1489 ιι,
2361 1446 2480 1500 pag.
2512 1431 2614 1487 112
2634 1475 2649 1501 ,
2680 1449 2726 1487 et
2754 1436 2840 1490 lib.
2876 1453 2968 1504 vn,
2999 1457 3117 1511 pag.
3149 1441 3281 1507 2:38;
3335 1445 3487 1514 infr.,

1892 1529 2006 1583 cap.
2037 1518 2122 1584 M,
2147 1529 2246 1572 art.
2276 1520 2352 1590 '5).
2387 1523 2561 1579 Pallas
2588 1537 2764 1581 autem
2800 1527 2912 1584 haec
2939 1539 3051 1596 est,
3082 1548 3178 1588 seu
3209 1534 3446 1591 Minerva
3469 1581 3485 1605 ,

1891 1619 2011 1674 qua:
2039 1608 2160 1664 ideo
2181 1609 2442 1680 Tritonia,
2473 1615 2585 1671 sive
2616 1617 2872 1687 Tritonis,
2904 1623 2984 1676 vel
3015 1623 3325 1696 Tritugenia
3355 1645 3489 1684 nun-

1888 1708 2078 1769 cupata
2101 1701 2230 1769 fuit,
2259 1714 2351 1759 aut
2371 1707 2494 1777 quia
2516 1724 2581 1764 ex
2608 1709 2756 1766 Jovis
2775 1714 3001 1769 cerebro
3031 1729 3168 1784 orta,
3188 1730 3304 1787 aut,
3329 1731 3386 1776 ut
3414 1723 3489 1776 ait

1888 1788 2157 1861 Lucanus,
2187 1807 2243 1851 et
2273 1808 2393 1869 post
2417 1815 2540 1856 eum
2571 1803 2790 1859 Servius
2809 1849 2824 1872 ,
2865 1824 2892 1860 a
2922 1809 3141 1865 Tritone
3170 1811 3365 1868 Africae
3395 1831 3490 1885 pa-

198 1873 536 1933 divinitatem
565 1890 940 1949 argumentum
971 1885 1093 1941 inde
1116 1887 1250 1958 petit
1288 1890 1591 1958 Arnobius,
1642 1877 1861 1964 quodiis
1889 1884 2014 1941 Ῑυάθ
2043 1930 2058 1954 .
2114 1889 2262 1958 lUXla
2321 1909 2480 1963 «illam
2528 1909 2650 1951 nam
2694 1897 2891 1954 άὶοὶιιιν
2935 1901 3156 1964 (Lucan.
3184 1945 3198 1970 ,
3250 1905 3341 1959 ιὲὺο
3395 1873 3482 1973 lx.

197 1969 403 2027 ethnici
453 1987 548 2028 eos
596 1975 871 2042 artiﬁces,
922 1991 1084 2050 atque
1130 1983 1324 2037 artium
1355 1994 1411 2039 et
1439 1986 1783 2042 scientiarum

197 2063 463 2132 prmsides
515 2067 914 2136 proclamarem
947 2090 960 2126 :
997 2091 1017 2125 ι
1052 2073 1189 2129 Deos
1221 2094 1240 2128 ι
1275 2075 1418 2132 enim
1454 2097 1473 2130 ί
1513 2079 1670 2134 nobis
1701 2081 1786 2135 in-

195 2159 428 2226 ducitis.
467 2181 486 2216 ι
522 2165 683 2220 verba
725 2167 870 2223 illius
908 2178 1034 2224 sunt
1086 2171 1333 2228 ethnicos
1381 2176 1780 2245 compellantis,

201 2271 221 2303 ι
259 2253 399 2308 alios
425 2253 625 2323 fabros,
666 2259 799 2314 alios
843 2261 1102 2331 medicos,
1131 2265 1266 2320 alios
1291 2267 1546 2332 lanarios,
1571 2281 1782 2338 nautas,

195 2343 525 2411 citharistas.
557 2350 816 2420 aultedos,
846 2363 1165 2422 venatores,
1214 2369 1492 2428 pastores,
1542 2371 1597 2416 et
1642 2364 1785 2433 quod

195 2450 516 2507 supererat,
571 2446 822 2501 rusticos.
860 2467 880 2500 ι
944 2447 1162 2522 (Arnob.
1185 2494 1200 2519 ,
1243 2453 1334 2509 lib.
1362 2470 1451 2514 ιιι.
1480 2473 1599 2527 pag.
1633 2458 1783 2529 111.)

194 2528 380 2600 Neque
410 2531 525 2588 Ιιωο
549 2535 784 2602 ethnici,
810 2555 840 2594 a
871 2543 1225 2612 scriptoribus
1255 2548 1368 2603 suis
1395 2565 1542 2620 saepe
1587 2528 1786 2622 srepius

195 2623 481 2682 decantata
513 2669 527 2690 .
583 2645 782 2703 negare
834 2644 1102 2704 poterant.
1157 2639 1291 2695 Nam
1320 2651 1378 2696 ut
1405 2643 1596 2698 missos
1625 2661 1784 2716 quam

194 2716 378 2787 plures
401 2717 678 2789 iaciamus,
709 2725 822 2780 haec
844 2725 1110 2784 Hesiodus
1139 2732 1190 2785 iu
1222 2732 1532 2804 Theogonia
1563 2739 1780 2793 cecinit.

195 2811 338 2866 Deos
367 2828 497 2868 vero
522 2818 755 2874 rusticos
783 2835 847 2874 ac
883 2829 1127 2890 pastores
1169 2828 1412 2894 agnoscit
1441 2829 1554 2898 ipse
1581 2833 1786 2900 quieos

191 2905 407 2962 invocat
435 2907 688 2979 Virgilius
714 2911 735 2985 (
751 2912 957 2985 Virgil.,
981 2917 1093 2970 init.
1127 2919 1216 2973 lib.
1243 2935 1258 2972 ι
1291 2919 1574 2994 Georgia).

263 3000 402 3067 Quid
445 3012 625 3058 autem
680 3005 762 3060 his
815 3007 1066 3064 absurdis
1117 3013 1430 3082 opinionum
1461 3019 1786 3074 commentis

191 3092 391 3150 divinae
420 3107 624 3152 natura:
652 3101 821 3171 magis
849 3105 1197 3172 oppositum?
1223 3105 1488 3171 Numquid
1521 3111 1685 3169 enim.
1710 3111 1784 3166 ait

190 3187 396 3243 Auctor
442 3203 646 3257 noster,
690 3192 739 3246 in
769 3195 922 3249 cmlis
943 3206 1069 3250 sunt
1097 3213 1244 3264 rura,
1267 3214 1388 3270 quae
1414 3218 1440 3253 a
1470 3202 1572 3256 diis
1596 3202 1783 3258 colan-

1889 1995 2014 2033 vers.
2042 1982 2140 2036 511
2178 1993 2224 2036 et
2259 2000 2404 2054 seq.;
2433 1987 2604 2054 Serm,
2638 1989 2690 2042 in
2717 1990 2807 2043 lib.
2839 2007 2874 2045 ιι
2918 1991 3157 2060 Αὲιιεὶᾰη
3186 2013 3305 2066 pag.
3331 1996 3485 2069 2'52).

1889 2072 2084 2128 Ovidio
2127 2085 2308 2132 autem
2335 2079 2378 2132 si
2409 2077 2567 2134 fidem
2612 2081 2847 2149 habeas,
2900 2086 3058 2141 telam
3102 2088 3190 2142 illa
3233 2092 3483 2160 texebat,

1889 2166 2201 2238 puellasque
2229 2186 2347 2226 eam
2379 2174 2590 2230 texendi
2634 2184 2804 2234 artem
2833 2178 3034 2236 docuit.
3085 2183 3245 2251 Audi,
3278 2201 3481 2257 quaeso,

1889 2258 2032 2316 illius
2061 2263 2300 2319 carmina
2331 2283 2345 2319 :

2043 2395 2656 2472 Pall'adeplacatahlanam
2685 2407 2894 2468 mollite,
2916 2411 3096 2472 puellae
3121 2427 3133 2461 :

2133 2459 2320 2528 Disciie
2329 2463 2428 2524 jam
2449 2459 2617 2528 plenas
2634 2459 3078 2522 exonerare'colos.

2043 2519 2128 2568 Illa
2137 2525 2293 2593 etiam
2316 2519 2508 2577 stantes
2525 2531 2658 2579 radio
2678 2519 2978 2593 percurrere
2992 2519 3126 2586 telas

2137 2583 2326 2654 Erudit,
2357 2597 2410 2638 ct
2426 2603 2587 2654 rarum
2606 2583 2811 2654 (pectine
2830 2583 3014 2646 densat
3028 2583 3166 2654 opus.

2044 2645 2181 2725 Hanc
2205 2645 2332 2709 cole,
2355 2653 2439 2725 _qui
2461 2645 2674 2725 maculas
2699 2657 2828 2725 laesis
2844 2661 2906 2725 de
2927 2645 3360 2725 vestibus-aufers,

2134 2708 2269 2759 Hanc.
2293 2708 2400 2762 cole
2424 2715 2693 2766 velleribus
2713 2721 2936 2783 quisquis
2950 2708 3288 2786 ahenaﬁpara'sv.

2385 2793 2570 2859 (0aid.,
2593 2794 2676 2847 lib.
2700 2814 2750 2848 ιιι
2774 2802 2988 2866 Fastor.,
3013 2807 3100 2854 sub
3121 2803 3232 2869 ﬁn.)

1883 2916 2153 2973 Prteterea
2183 2918 2274 2974 ille
2304 2921 2498 2975 cecinit
2526 2923 2767 2993 ejusdem
2798 2926 3029 2982 Palladis
3068 2946 3189 2984 cum
3219 2933 3470 2990 Arachne

1885 3007 1955 3063 de
1986 3009 2218 3065 Ianilicio
2266 3011 2480 3082 telaque
2521 3019 2747 3070 texenda
2801 3031 3112 3088 certamen,
3157 3034 3212 3079 et
3242 3027 3368 3098 quid
3412 3030 3481 3084 ab

1885 3113 2112 3172 utraque
2159 3102 2355 3157 factum
2387 3103 2546 3160 fuerit
2607 3106 2801 3177 (Idem,
2832 3111 2922 3165 lib.
2965 3128 3016 3166 vt
3062 3113 3300 3184 Metam,
3334 3121 3477 3191 init.,

1885 3213 2006 3267 pag.
2033 3199 2135 3252 187
2157 3209 2201 3251 et
2225 3199 2377 3270 seq.)
2408 3201 2646 3271 Denique
2665 3202 2839 3260 Julius
2864 3206 3155 3274 Firmicus,
3184 3212 3270 3266 ubi
3299 3213 3367 3269 de
3388 3232 3480 3272 va-

192 3287 312 3345 tur;
343 3292 554 3336 montes
575 3296 629 3338 et
649 3285 839 3355 sylvze,
869 3285 958 3340 ubi
985 3287 1058 3342 illi
1086 3301 1376 3355 venentur;
1423 3291 1618 3347 infirmi
1644 3335 1659 3357 ,
1689 3295 1777 3365 qui
1803 3289 1849 3355 Ο
1882 3290 1976 3345 riis
1999 3291 2287 3347 Minervis:
2320 3313 2338 3346 σ
2369 3295 2493 3350 Fuit
2517 3298 2642 3362 alia,
2678 3319 2697 3351 ι
2727 3301 2920 3372 inquit,
2957 3322 2975 3355 ‹
3011 3306 3064 3359 in
3089 3305 3346 3380 Egypto,
3370 3310 3477 3366 Nili

190 3373 260 3428 ab
288 3374 366 3429 eis
391 3387 682 3442 curentur;
712 3379 882 3436 aliave
909 3382 1043 3442 loca,
1079 3385 1166 3438 ubi
1195 3396 1406 3441 caeterce
1431 3399 1574 3442 artes
1602 3389 1669 3444 ab
1699 3391 1784 3460 ip-

193 3467 270 3521 sis
293 3470 684 3525 exerceantur?
713 3474 852 3538 ριιτιξΔ
872 3475 1044 3544 major
1069 3477 1363 3546 insulsitas,
1396 3489 1450 3536 et
1473 3482 1779 3552 insolentia,

189 3573 350 3628 quam
379 3561 520 3614 serio
559 3562 743 3618 dicere
783 3564 925 3620 hunc
966 3565 1127 3623 deum
1173 3571 1349 3641 aliqua
1397 3573 1563 3628 imbui
1621 3587 1737 3631 arte
1761 3620 1776 3645 ,

189 3664 350 3719 quam
404 3651 540 3707 alius
582 3653 830 3724 ignorare
875 3659 1104 3714 debeat?
1149 3661 1286 3728 Quid
1315 3663 1582 3734 putidius,
1616 3683 1778 3737 quum

187 3755 438 3797 asserere
490 3744 578 3799 uni
623 3745 737 3802 dea:
783 3748 1082 3819 laboranti,
1126 3755 1210 3808 vel
1255 3760 1533 3826 mgrtitatiti
1582 3774 1775 3829 opem,

190 3847 351 3903 quam
385 3836 473 3890 illa
502 3838 602 3892 sibi
636 3839 775 3895 ferre
805 3859 910 3898 non
941 3856 1170 3913 poterat.
1199 3849 1266 3902 ab
1286 3849 1384 3903 alia
1421 3868 1575 3921 posse
1606 3852 1778 3909 ferri?

264 3925 481 3982 Frustra
518 3945 678 4001 ergo,
722 3935 795 3988 uti
841 3939 1187 4006 prosequitur
1238 3942 1504 3997 Arnobius
1536 3945 1773 4014 (Arnob,

189 4021 280 4076 lib.
306 4037 392 4086 ιιι,
423 4040 538 4093 pag.
568 4025 697 4096 H2)
719 4066 733 4091 ,
767 4027 966 4082 ethnici
999 4031 1358 4098 opinabantur
1386 4033 1661 4090 Latanium
1691 4053 1778 4092 va-

185 4123 304 4181 tem,
335 4117 584 4171 nimirum
629 4117 933 4190 Apollinem
980 4121 1147 4188 Jove,
1176 4135 1233 4179 ut
1277 4126 1540 4193 diximus,
1577 4143 1624 4187 et
1675 4131 1776 4188 La-

188 4217 314 4264 tona
341 4219 546 4275 natum,
569 4211 673 4266 alio
701 4213 823 4276 deo,
854 4213 902 4267 id
934 4226 1036 4280 cst,
1070 4215 1203 4273 Jove
1249 4219 1364 4288 ipso
1402 4221 1678 4291 impletum
1711 4240 1773 4279 ea

185 4301 400 4356 caneris
448 4302 570 4368 diis,
612 4319 730 4374 qua:
785 4306 1130 4373 nesciebant,
1190 4314 1574 4380 praenuntiare.
1611 4315 1774 4373 Vetus

183 4391 329 4447 enim
357 4403 512 4461 poeta
537 4395 664 4450 olim
692 4398 920 4452 canebat
945 4416 959 4452 :

371 4548 531 4588 Στίλλιιν
550 4548 644 4596 ὅπως
666 4551 834 4602 τάχιστα⁰
858 4555 979 4591 ταῦτα
996 4553 1066 4604 γὰρ
1079 4556 1197 4605 πατὴρ

375 4612 459 4657 Ζιὺς
484 4613 624 4663 (Fabri
646 4612 761 4653 λοξὶα.

341 4683 582 4750 Citissime
605 4684 699 4733 huc
723 4685 925 4750 venire;
945 4699 1162 4750 namque
1185 4687 1296 4738 talia

341 4744 552 4809 Apollini
576 4754 715 4810 pater
738 4745 955 4810 loquenti
980 4744 1222 4811 suggerit.

1884 3385 2024 3456 regis
2053 3385 2182 3452 lilia,
2219 3389 2463 3444 textrina:
2488 3391 2622 3445 artis
2653 3394 2930 3464 magistra.
2967 3416 2985 3448 ι
3017 3396 3279 3469 (Firmic.,
3313 3403 3378 3457 de
3396 3421 3478 3458 er-

1884 3495 1990 3533 ror.
2027 3481 2213 3552 praplt.
2250 3482 2425 3552 relig.,
2459 3499 2581 3553 pag.
2615 3483 2728 3554 20).
2759 3486 2865 3543 Sed
2898 3489 2949 3543 id
2971 3491 3204 3560 gentiles
3249 3496 3478 3564 probare

1883 3588 2172 3644 numquam
2205 3585 2518 3644 potuerunt.

1955 3666 2196 3737 Denique
2234 3669 2475 3723 Atlantea
2502 3671 2628 3740 (ms.
2661 3671 2830 3728 codex
2863 3689 2978 3744 reg.
3019 3676 3258 3751 Alantea)
3289 3698 3475 3754 prage~

1879 3761 2009 3824 nies,
2028 3775 2170 3830 quas,
2186 3758 2426 3816 sicutiait
2444 3763 2714 3819 Arnobius
2737 3764 2977 3838 (Arnob.,
2995 3769 3086 3824 lib.
3103 3786 3160 3837 ιι,
3180 3789 3299 3844 pag.
3319 3775 3471 3849 112),

1881 3849 2086 3918 eloquii
2126 3851 2327 3920 primas
2371 3852 2563 3909 tulisse
2606 3857 2962 3926 perhibetur,
3009 3877 3186 3926 nonne
3232 3865 3345 3935 ipsa
3393 3882 3476 3924 esr

1879 3937 2114 4012 Calypso
2140 3942 2393 4011 Atlantis,
2421 3946 2495 3999 uti
2520 3945 2758 4002 Homero
2783 3948 3104 4022 Tibulloque
3126 3954 3473 4015 observatum

1877 4031 2140 4102 (ﬂamen,
2183 4035 2343 4105 Udgs.
2377 4052 2441 4102 v;
2477 4036 2693 4106 Tiball.,
2725 4041 2813 4095 lib.
2846 4059 2920 4108 tv,
2953 4045 3082 4116 eleg.
3117 4049 3168 4112 1,
3199 4065 3328 4104 vers.
3357 4051 3470 4125 77),

1879 4126 2019 4190 filia,
2058 4129 2200 4197 apud
2246 4146 2404 4200 quam
2447 4133 2737 4205 naufragus
2768 4135 2992 4209 Ulysses
3018 4155 3114 4196 sex
3143 4152 3234 4198 aut
3261 4156 3470 4215 septem

1875 4219 2033 4273 antiis
2062 4220 2399 4290 diversatus,
2433 4236 2617 4294 postea
2647 4226 2794 4283 Jovis
2827 4233 3088 4302 imperio,
3118 4239 3471 4304 quemadmo-

1874 4311 2002 4367 dum
2035 4314 2179 4370 canit
2226 4317 2365 4372 idem
2412 4317 2715 4386 Homerus,
2747 4324 2815 4380 ab
2855 4342 2914 4380 ea
2957 4327 3223 4384 discessit.
3256 4331 3332 4387 De
3375 4334 3469 4390 illa

1875 4407 2016 4462 haud
2055 4411 2222 4465 semel
2265 4411 2514 4481 Ovidius,
2569 4425 2624 4470 et
2666 4416 2756 4470 alii
2797 4417 2998 4488 (0vid.,
3036 4420 3126 4476 lib.
3167 4439 3201 4477 ιι
3259 4425 3462 4493 Aman,

1871 4501 2002 4572 eleg.
2033 4503 2124 4569 17,
2161 4521 2280 4575 pag.
2307 4505 2434 4570 556,
2477 4506 2567 4561 lib.
2605 4523 2642 4561 ιι
2702 4508 2765 4561 de
2804 4511 2918 4564 Art.
2957 4528 3155 4579 omam,
3188 4531 3308 4586 pag.
3336 4518 3464 4586 442,

1872 4603 1919 4648 et
1944 4596 2092 4666 epist.
2125 4597 2212 4663 10,
2240 4614 2359 4668 pag.
2390 4598 2542 4667 555).
2578 4599 2848 4670 Numquid
2880 4619 3009 4674 ergo
3034 4602 3267 4678 Calypso
3295 4617 3462 4666 caete-

1797 4689 1849 4748 D
1872 4688 1948 4744 ris
1976 4690 2079 4745 diis
2107 4701 2195 4744 aut
2223 4691 2426 4746 deabus
2455 4693 2798 4762 eloquentior
2825 4697 2977 4751 erat?

1943 4783 2078 4850 Quid
2108 4783 2174 4837 ad
2207 4784 2322 4838 haec
2351 4784 2591 4839 ethnici?
2625 4785 2766 4841 Deos
2787 4829 2800 4851 ,
2831 4789 3144 4860 inquiebant
3163 4836 3178 4860 ,
3211 4809 3317 4850 non
3347 4800 3466 4870 opi-

186 4869 398 4928 Videsis
423 4887 484 4927 ca
506 4873 574 4928 de
597 4889 654 4928 re
670 4873 908 4929 Natalem
932 4874 1193 4930 Comitem
1223 4876 1562 4948 (Nat.Cam.,
1597 4880 1685 4937 lib.
1719 4898 1770 4938 tv
1871 4877 2022 4942 lices,
2054 4887 2146 4930 aut
2185 4877 2452 4939 artilices,
2496 4877 2590 4932 sed
2629 4880 2825 4934 artium
2867 4885 3324 4959 scientiarumque
3351 4906 3466 4946 ma-

185 4964 434 5036 Myllial.,
461 4983 574 5039 cap.
611 4969 698 5030 10,
728 4985 847 5041 pag.
878 4967 1030 5040 559).

258 5059 548 5130 Perperam
575 5077 786 5134 quoque
809 5063 1154 5118 venditabant
1182 5064 1542 5134 Epidaurium,
1573 5069 1622 5122 id
1647 5077 1762 5136 est,

184 5151 552 5223 Esculapium
575 5197 592 5221 ,
620 5154 688 5211 de
717 5172 822 5226 quo
855 5172 952 5211 nos
974 5158 1084 5225 jam
1119 5157 1258 5212 haud
1305 5159 1471 5214 semel
1513 5160 1769 5216 disserui-

185 5257 326 5310 mus,
354 5243 582 5298 aliorum
633 5246 836 5300 morbis
860 5255 915 5301 et
946 5246 1260 5302 vulneribus
1303 5248 1503 5302 mederi
1546 5248 1719 5323 (Tam.
1752 5269 1768 5306 ι

184 5333 438 5405 Apparat.
463 5377 476 5400 ,
506 5352 625 5405 pag.
661 5337 762 5392 751
790 5347 837 5390 et
871 5337 1036 5404 1195,
1071 5348 1118 5393 et
1139 5356 1251 5410 sup.
1279 5383 1293 5403 ,
1324 5357 1439 5411 cap.
1471 5340 1521 5408 9,
1557 5356 1654 5396 art.
1686 5343 1765 5415 2).

185 5426 340 5494 Quod
366 5443 492 5483 vero
514 5429 727 5498 SUbjll'il
746 5431 1010 5486 Arnobius
1028 5434 1266 5504 (Arnab.,
1286 5434 1374 5490 lib.
1400 5451 1475 5501 ιιι,
1498 5453 1616 5507 pag.
1640 5438 1764 5506 115,

186 5529 234 5574 et
261 5521 350 5574 lib.
376 5537 446 5586 tv,
482 5539 602 5592 pag.
639 5521 788 5594 145),
821 5523 1117 5580 Vulcanum
1147 5542 1294 5582 arma
1327 5528 1636 5595 fabricasse,
1686 5532 1770 5586 vel

185 5625 244 5669 ut
270 5615 429 5679 alibi,
456 5617 598 5686 apud
623 5616 843 5671 insulam
892 5617 1139 5674 Lemnum
1184 5622 1390 5692 fabrilia
1429 5640 1585 5691 opera
1629 5640 1772 5678 exer-

183 5707 365 5774 cuiue,
384 5707 484 5762 hoc
507 5719 779 5778 sumptum
809 5712 992 5778 procul
1016 5712 1181 5768 dubio
1210 5713 1306 5768 fuit
1335 5730 1400 5770 ex
1434 5717 1579 5770 hisce
1609 5714 1772 5773 Tullii

189 5799 369 5854 verbis
396 5818 408 5854 :
441 5798 710 5854 Vulcanus
735 5801 911 5854 tertius
940 5818 1003 5857 ea:
1031 5804 1178 5858 tertia
1204 5804 1334 5860 Jove
1362 5816 1408 5860 et
1436 5805 1663 5876 Junane,
1687 5811 1774 5878 qui

187 5891 389 5948 Lemma
421 5893 632 5964 fabrica:
658 5893 847 5948 dicitur
874 5899 1154 5965 prmfuisse.
1173 5898 1256 5956 Ah
1283 5899 1376 5956 illo
1394 5910 1572 5959 autem
1603 5902 1768 5960 labri-

1867 4969 2066 5038 gistros
2109 4965 2356 5022 dicimus.
2401 4967 2508 5022 Sed
2553 4985 2713 5040 quam
2760 4986 2894 5026 vana
2948 4975 3220 5047 [utilisque
3247 4981 3318 5035 sit
3347 4980 3463 5038 haec

1871 5062 2155 5132 responsio
2202 5077 2266 5115 ex
2310 5062 2421 5130 jam
2462 5061 2621 5118 dictis
2656 5074 2836 5133 patet,
2885 5068 3080 5137 quibus
3125 5075 3464 5131 ostendimus

1869 5170 2027 5226 quam
2075 5164 2446 5210 asseveranter
2507 5156 2709 5211 ethnici
2759 5168 3015 5214 tractatas
3067 5162 3134 5217 ab
3187 5165 3264 5218 eis
3316 5177 3463 5222 artes

1875 5249 2249 5320 praedicarent.
2285 5246 2389 5302 Fac
2417 5258 2594 5304 tamen
2623 5249 2755 5305 deos
2785 5267 2846 5304 ac
2873 5251 3002 5308 deas
3031 5255 3309 5324 prmluisse
3337 5267 3460 5312 tan-

1875 5355 1984 5399 tum
2013 5344 2240 5399 artibus.
2272 5344 2365 5398 Dic
2387 5359 2516 5414 ergo
2545 5359 2776 5412 quonam
2806 5347 2967 5399 modo
2999 5346 3118 5400 illas
3143 5347 3339 5405 docere
3365 5366 3461 5421 po-

1877 5439 2098 5503 tuerint,
2135 5437 2238 5492 nisi
2267 5437 2330 5491 iis
2360 5438 2505 5507 prius
2534 5437 2746 5502 imbuti,
2777 5452 2839 5492 ac
2872 5437 3026 5507 primi
3059 5439 3258 5495 fuerint
3285 5442 3459 5498 artiﬁ-

1875 5533 1998 5587 ces?
2027 5531 2297 5586 Printerea
2325 5547 2446 5585 cum
2480 5529 2659 5584 nullus
2698 5530 2769 5583 sit
2812 5530 3016 5586 artibus
3057 5533 3198 5602 apud
3229 5550 3458 5605 superos

1875 5627 2026 5680 locus
2047 5667 2060 5691 ,
2091 5640 2186 5679 cur
2214 5623 2413 5678 ethnici
2443 5623 2634 5676 frustra
2664 5621 2794 5676 deos
2821 5622 3082 5692 quosdam
3111 5624 3211 5681 hac
3239 5628 3325 5682 vel
3367 5628 3455 5683 illa

1876 5728 2080 5773 tantum
2122 5727 2238 5772 arte
2269 5728 2319 5771 et
2352 5713 2574 5770 scientia
2606 5713 2872 5768 excellere
2909 5716 3256 5785 garriebant?
3285 5718 3458 5778 Verus

1876 5813 2021 5868 enim
2073 5811 2211 5867 Deus
2251 5810 2428 5866 omnia
2472 5809 2639 5874 sciat,
2679 5807 2920 5880 nihilque
2961 5813 3176 5882 penitus
3207 5813 3455 5885 ignaret,

1877 5906 2097 5965 omnino
2127 5919 2348 5962 necesse
2372 5912 2472 5957 est.
