4000 6276
165 347 273 406 535

1400 344 1469 416 IN
1506 334 1878 432 immuniti,
1916 358 2071 424 CAP.
2110 346 2249 425 xui.
2284 372 2288 378 '

3354 370 3460 433 53L

164 474 335 527 uitem
374 460 438 529 ac
481 462 711 563 mortem
753 458 1044 564 pertinent.
1089 460 1299 564 Sedde
1324 479 1407 535 bis
1449 470 1607 550 paulo
1638 477 1758 553 post
1785 461 1840 551 Ᾱ
1861 483 2195 564 volentium,
2229 486 2480 564 manibus
2512 489 2627 558 ipse
2658 484 2800 546 Deus
2831 491 3101 557 liberavit,
3130 492 3248 564 ipse
3276 507 3459 549 serva-

166 567 321 637 plura
350 565 539 639 (Infra,
567 556 667 651 art.
806 562 1081 651 Arnobius
1112 558 1240 629 vero
1273 556 1508 630 breviter
1536 591 1600 631 ac
1641 564 1764 651 per-

172 654 359 730 spicae
381 646 636 731 o'Stcudii,
665 646 795 719 nihil
825 664 927 747 hoc
951 646 1215 737 iesp'onso
1240 662 1411 724 levius
1438 660 1491 723 et
1519 648 1763 753 imbecii-

173 752 299 807 lius.
329 754 461 821 Quis
489 755 633 810 enim
676 758 879 811 uescia't
908 750 1195 828 gratuitam
1233 762 1476 827 Omnino,
1510 750 1609 816 nec
1649 778 1765 816 um-

170 842 333 916 quam
377 836 764 902 mercenaiiam‘
804 858 923 904 esse
950 842 1147 905 debere
1175 838 1401 907 deorum
1436 852 1488 907 in
1517 850 1765 909 homines

170 928 554 1011 benignitatem
595 954 659 995 ac
690 930 1155 1012 magnificentiam.
1186 944 1251 999 Et
1271 936 1419 1000 Certe
1441 942 1583 1021 Deus
1605 958 1766 1003 verus

170 1033 422 1087 omnibus
450 1032 756 1092 hominibus
787 1038 891 1091 tam‘
919 1024 1075 1092 bo‘iiis‘
1110 1032 1273 1109 quam
1302 1036 1457 1095 malis
1483 1028 1723 1111 tempora
1745 1087 1760 1108 ,

171 1135 395 1189 ventos,
441 1125 668 1195 pluvias,
718 1143 781 1181 ac
827 1128 1009 1199 fruges
1053 1132 1329 1199 aequaliter
1373 1133 1762 1190 Subntiuistrat.

171 1218 377 1273 Deinde
409 1234 536 1275 vero
573 1210 778 1278 ethnici
808 1206 1085 1293 quodlibet
1129 1216 1409 1282 sordidum
1434 1243 1498 1283 ac
1525 1202 1632 1284 viie
1662 1230 1764 1284 tui-

169 1308 472 1381 nislerium,
503 1315 736 1386 ingenuo
766 1310 983 1372 homine
1014 1319 1310 1389 indignum,
1342 1328 1401 1375 ut
1420 1319 1529 1390 jam‘
1557 1334 1627 1375 ex
1651 1310 1767 1377 dic—

172 1405 247 1460 tis
270 1414 434 1473 patet.
462 1410 620 1478 atque
644 1404 817 1464 adhuc
846 1409 933 1465 fiet
959 1418 1025 1466 ex
1049 1408 1291 1467 dicendis
1320 1400 1591 1481 liquidius,
1617 1415 1767 1471 hisce

172 1496 378 1552 ﬁctitiis
416 1497 758 1554 Tutelarlbus
802 1500 935 1563 diis,
982 1500 1207 1574 aliisque
1250 1503 1475 1573 singulis
1520 1496 1765 1576 privatim

170 1590 504 1647 tribuebant.
536 1595 606 1649 At
646 1591 804 1665 paulo'
840 1594 1057 1666 quidem
1088 1592 1293 1669 (nquius
1322 1590 1635 1655 existimare
1669 1604 1767 1664 po.

172 1692 394 1739 luerunt
414 1684 651 1740 Causam
673 1687 833 1742 deum
864 1688 1062 1744 nostris
1089 1700 1324 1760 priet-sse
1351 1682 1769 1762 cogitationibus

171 1773 401 1846 ﬁdisque
429 1777 691 1833 consiliis.
723 1777 827 1835 Sec
868 1776 1086 1835 iictitius
1116 1776 1207 1835 illc
1227 1782 1361 1838 deus
1382 1824 1397 1847 ,
1440 1792 1601 1854 quem
1645 1784 1768 1840 huic
1810 1838 1819 1851 ,

169 1878 382 1923 tantum
420 1870 571 1939 operi
606 1871 867 1926 intentum
908 1874 1345 1941 somniaveram;
1373 1878 1480 1931 n'on'
1518 1872 1764 1948 impedit,
1796 1858 1845 1932 Β

169 1962 254 2016 ιιιί
276 1962 350 2016 ait
377 1962 672 2030 Arnobius,
694 1968 997 2022 contrarios
1022 1969 1270 2024 humanis
1298 1966 1541 2026 consiliis
1569 1974 1765 2036 exitiis,

169 2070 239 2110 ac
264 2058 603 2125 repentinam
651 2059 865 2114 illorum
910 2051 1347 2131 inopinatumque"
1390 2064 1765 2119 mutatiOuem.

180 2146 261 2202 De
290 2147 392 2202 hoc
415 2152 580 2218 po'rro
605 2149 707 2205 deo
727 2151 1161 2221 quandoquidem
1193 2154 1244 2208 in
1266 2154 1530 2223 superiori
1561 2156 1771 2225 egimus

172 2239 562 2297 dissertatione
592 2240 829 2313 (Dissert.
864 2250 917 2297 in
944 2242 1168 2309 Minue,
1200 2260 1316 2316 cap.
1355 2243 1446 2312 16,
1476 2253 1574 2301 art.
1597 2245 1677 2315 2);
1702 2245 1769 2302 ad

174 2330 340 2400 alios,
371 2332 418 2387 si
446 2332 612 2401 lubet,
639 2336 934 2390 veniamus.

759 2464 1056 2509 ARTICULUS
1094 2469 1173 2509 111.

174 2580 384 2654 De_alii§
401 2584 511 2654 diis,
537 2587 869 2654 singularibugt
894 2587 1003 2654 aliis
1023 2590 1180 2654 rebus
1206 2590 1349 2639 simili
1375 2591 1516 2654 modo
1533 2594 1771 2654 praeposi-

241 2646 333 2711 tis,
352 2645 529 2695 Lucina
551 2642 746 2711 Iunone
772 2642 1024 2711 paitubus,
1055 2642 1214 2699 Unxia
1261 2642 1592 2711 unctionibtis,
1618 2642 1771 2711 πῖθι.ιῇ

242 2709 423 2759 cationi
439 2709 963 2775 cingulorum‘Ciuxia,
987 2724 1079 2762 seu
1099 2712 1379 2775 Virgiuensi
1410 2714 1523 2775 dea,
1546 2709 1601 2765 ac
1625 2709 1772 2766 victui

240 2778 293 2821 et
318 2773 451 2831 potui
470 2772 642 2822 Victua
666 2782 716 2824 et
737 2773 908 2827 Potua.

256 2873 408 2929 Alios
435 2875 612 2930 adhuc
636 2876 767 2932 deos
788 2879 1011 2934 aliarum
1037 2880 1285 2949 privatim
1309 2895 1489 2935 rerum
1516 2882 1773 2951 praesides

178 2965 381 3022 ethnici
429 2977 535 3022 tam
604 2969 773 3033 falso,
836 2985 995 3040 quam
1053 2971 1284 3027 absurde
1344 2972 1772 3029 iutroduxeran‘t.

179 3058 547 3126 Quamobrem
577 3061 696 3116 illos
727 3062 995 3118 Arnobius
1014 3063 1139 3132 jure
1159 3064 1352 3119 nterito
1382 3064 1628 3135 objurgat
1651 3066 1773 3137 (Ar.

178 3153 323 3218 uob.,
368 3153 457 3208 lib.
503 3171 579 3216 ιιι,
628 3172 749 3227 pag.
788 3156 913 3223 106,
947 3158 1050 3213 112
1077 3170 1122 3212 et
1160 3158 1305 3231 114),
1335 3161 1475 3229 quod
1503 3160 1771 3216 lunonem

179 3243 441 3302 Lucinam
468 3248 750 3303 mulierum
775 3251 1031 3319 partubus
1057 3252 1401 3319 praepositam
1432 3252 1603 3308 fuisse
1623 3253 1773 3308 afﬁr-

179 3354 333 3393 mare
361 3356 467 3395 non
496 3341 824 3397 dubitarent.
857 3342 973 3411 Ipsa
1010 3344 1290 3399 enimvero
1329 3345 1396 3398 ab
1433 3346 1776 3413 parturienti-

182 3430 286 3485 bus
314 3430 616 3489 inuumeris
654 3436 970 3491 mulieribus
1010 3438 1285 3502 invocata,
1324 3439 1597 3507 suppetias
1623 3441 1778 3494 num-

182 3540 344 3594 quam
398 3526 536 3581 tulit.
593 3527 762 3594 Quam
809 3532 987 3583 autem
1044 3522 1195 3599 aequa
1240 3530 1492 3600 justaqtte
1545 3532 1613 3585 sit
1658 3530 1778 3588 haec

182 3617 510 3687 objurgatio,
532 3619 712 3675 disces
738 3622 801 3675 es
831 3619 1030 3687 Tullio,
1056 3620 1146 3690 qtti
1173 3624 1604 3692 superstitiosam
1630 3624 1777 3679 iiiam

182 3709 556 3765 credulitatem
597 3712 746 3769 hisce
783 3713 958 3768 verbis
985 3714 1210 3768 irridet:
1248 3732 1267 3767 ο
1300 3714 1367 3770 Ut
1390 3715 1533 3784 apud
1561 3714 1779 3772 Graecos

184 3803 408 3858 Dianam
437 3819 663 3876 eamque
702 3805 1037 3872 Luciferam;
1067 3808 1144 3862 sic
1182 3809 1325 3877 apud
1358 3816 1576 3865 nostros
1612 3809 1779 3865 Juno-

182 3914 309 3955 nem
357 3898 612 3955 Lucinam
655 3902 707 3955 in
752 3902 1014 3969 pariendo
1069 3903 1321 3958 inrorant
1364 3922 1377 3958 :
1423 3912 1543 3973 quat
1588 3906 1776 3961 eadem

184 3990 354 4046 Diana
382 3994 665 4063 omnivaga
693 3994 1003 4049 dicitur.....
1035 3994 1322 4050 adhibetur
1347 4002 1526 4049 autem
1556 3997 1625 4050 ad
1654 4010 1777 4065 par-

184 4094 292 4146 tus.
325 4089 466 4157 quod
502 4088 537 4142 ii
568 4096 949 4149 maturescaut.
980 4100 1070 4143 aut
1111 4095 1316 4158 septem
1350 4098 1775 4159 nonnumquam,

183 4191 280 4237 aut
324 4181 639 4253 plerumque
677 4191 867 4238 novem
913 4184 1049 4237 lunzn
1078 4182 1447 4237 cursibus...”
1479 4183 1778 4238 Concim‘ie-

184 4289 292 4346 que
321 4288 377 4330 ut
421 4276 585 4329 multa
613 4276 867 4341 Tumens,
901 4275 992 4345 qui
1038 4288 1160 4330 cum
1205 4275 1261 4330 in
1307 4275 1527 4329 historia
1555 4258 1780 4330 dixisset

185 4384 290 4438 qua
341 4377 499 4423 nocte
558 4378 713 4422 natus
760 4369 1069 4423 Alexander
1108 4372 1296 4429 esset,
1354 4354 1543 4422 eadem
1594 4356 1779 4421 Diana:

186 4461 435 4533 Ephesia!
463 4462 722 4531 templum
749 4460 1132 4531 deﬂagravisse
1151 4502 1165 4525 ,
1196 4460 1443 4530 adjunxit
1472 4460 1697 4514 m‘iu‘im'e
1724 4458 1777 4513 id

185 4573 311 4615 esse
340 4552 666 4621 mirandum,
692 4546 833 4628 quod
862 4557 1023 4612 Diana
1056 4560 1177 4610 cum
1202 4554 1255 4609 in
1285 4554 1425 4624 parti
1446 4554 1780 4626 Olympiadis

186 4651 383 4706 adesse
411 4652 693 4717 voluisset,
726 4650 984 4704 abfuisset
1007 4649 1187 4703 domo.
1226 4658 1246 4692 ι
1276 4644 1488 4716 (Cicer.,
1520 4642 1606 4700 tib.-
1656 4654 1692 4701 tt
1719 4646 1783 4701 de

188 4742 382 4798 Natur.
418 4744 582 4809 deor.,
616 4760 734 4814 pag.
764 4742 1014 4807 224,!in.
1050 4742 1157 4811 19).

260 4834 378 4891 Non
405 4837 677 4891 immerito
703 4836 864 4901 igitur
884 4834 1222 4902 Augustinus
1242 4835 1435 4887 eodem
1458 4838 1781 4901 argumento

190 4926 431 5000 gentiles
459 4943 606 4999 smpe
633 4929 951 4983 insectatur.
988 4922 1200 4979 AliCubi
1230 4924 1375 4978 enim
1404 4924 1483 4977 sic
1514 4922 1640 4984 eos,
1672 4928 1778 4978 non

188 5026 310 5079 sine
339 5024 623 5087 irrisione,
667 5020 928 5090 corripit:
968 5036 986 5072 t
1019 5018 1158 5088 Quid
1198 5028 1333 5088 opus
1376 5024 1526 5078 erat,
1577 5017 1777 5086 inquit,

191 5117 615 5188 parturientibus
644 5118 900 5171 invocare
931 5113 1211 5179 Lucinam,
1242 5118 1362 5166 cum
1394 5112 1438 5163 Si
1464 5102 1677 5163 adesset
1704 5104 1780 5165 fe-

190 5212 385 5275 licitas,
412 5225 517 5264 non
539 5211 715 5263 Solum
739 5211 875 5263 bene
901 5200 1176 5278 parerent,
1203 5206 1295 5259 sed
1319 5202 1478 5259 etiam
1509 5202 1723 5257 bonos?
1752 5202 1771 5254 δ

192 5303 466 5375 (Augure,
502 5300 591 5355 tib.
626 5315 680 5354 tv
726 5301 789 5353 de
815 5294 1001 5365 Oivit.,
1032 5314 1147 5368 cap.
1190 5296 1276 5363 1‘2,
1309 5308 1428 5366 pag.
1460 5286 1615 5366 102.)
1643 5295 1781 5350 Alibi

191 5408 344 5460 vero,
376 5406 445 5449 ne
468 5393 649 5447 omnia
679 5394 828 5448 illius
856 5395 998 5448 dicta
1030 5398 1416 5447 recenseamus
1445 5408 1459 5442 :
1494 5404 1515 5438 ‹
1544 5387 1653 5442 Nec
1678 5387 1783 5441 Lu-

194 5488 393 5553 cinam,
427 5504 444 5538 ι
491 5487 567 5540 ait
598 5484 688 5541 ille
717 5484 915 5555 (lbid.,
953 5498 1067 5556 cap.
1099 5483 1201 5550 54,-
1234 5486 1352 5553 pag.
1390 5472 1524 5546 114,
1566 5488 1612 5535 et
1639 5481 1782 5551 prius

192 5594 312 5648 cap.
346 5577 407 5632 11
432 5616 448 5643 ,
488 5592 607 5646 pag.
638 5577 754 5649 97),
790 5596 811 5627 ι
841 5576 1101 5631 mulieres
1130 5573 1333 5631 Judasaz
1362 5573 1779 5638 invocaverunt,

197 5669 415 5741 quando
458 5683 644 5723 earum
677 5678 899 5737 partus,
942 5677 997 5722 ut
1026 5667 1180 5722 miris
1224 5664 1404 5721 modis
1448 5664 1781 5730 multiplica-

200 5774 405 5829 rentur,
427 5772 481 5818 et
501 5776 638 5833 gens
661 5761 749 5816 illa
777 5761 1159 5817 incredibiliter
1180 5773 1470 5821 cresceret,
1491 5757 1557 5813 ab
1578 5756 1781 5829 Egytﬁ

202 5859 398 5917 tiortttn
449 5855 924 5932 persequentium,
981 5866 1037 5913 et
1081 5853 1321 5914 infantes
1357 5866 1547 5911 omnes
1589 5864 1785 5909 necare

1868 568 1962 633 vit.
1994 599 2012 631 ι
2046 560 2197 635 Alios
2233 560 2409 636 adhuc
2448 572 2685 641 ridiculae
2715 578 2863 641 illius
2893 584 3009 642 deae
3052 560 3219 642 test-es
3261 587 3304 641 si
3345 580 3466 656 quis

1862 668 2119 751 postulet,
2157 676 2317 732 adeat
2360 678 2687 735 Macrobium
2709 723 2721 745 ,
2758 681 3075 748 Horatium,
3110 672 3424 736 Terentium
3446 723 3462 747 ,

1864 764 2132 833 Plautum,
2159 770 2250 841 qui
2281 760 2476 840 sacpius
2510 772 2651 826 illitis
2676 770 2952 839 meminit,
2978 783 3031 826 et
3060 766 3194 845 alips
3224 775 3469 843 Complu-

1865 856 1974 922 res,
2007 846 2142 926 quos
2168 850 2253 913 hic
2278 862 2550 931 appellare
2577 858 2974 934 supervacuum
3007 862 3146 919 foret
3174 852 3464 933 (Macrob,

1858 948 1954 1021 tib.
2000 968 2067 1005 vn
2122 942 2421 1021 Saturne!”
2458 946 2575 1025 Cap.
2620 950 2719 1020 16;
2760 944 2945 1009 Horat.
2972 999 2987 1025 ,
3034 954 3123 1011 lib.
3170 973 3224 1012 ιιι
3264 955 3466 1025 Carm.,

1867 1041 1953 1098 od.
1984 1030 2083 1111 9.9.;
2117 1038 2348 1112 Terent,
2379 1046 2625 1117 Adelph.,
2656 1060 2757 1103 act.
2789 1052 2843 1116 3,
2872 1068 3011 1106 scen.
3037 1050 3118 1123 4).

1941 1148 2124 1230 Pergit
2169 1161 2474 1228 Arnobius,
2524 1174 2579 1220 et
2625 1186 2642 1216 α
2675 1165 3057 1233 lluctionibus,
3089 1186 3108 1219 ι
3144 1169 3320 1239 inquit
3349 1166 3475 1240 (Ar-

1868 1255 2013 1319 nob.,
2045 1258 2132 1310 lib.
2167 1274 2246 1323 tu,
2288 1277 2408 1330 pug.
2447 1260 2598 1331 115),
2638 1280 2656 1312 ι
2695 1271 2941 1329 superest
2981 1260 3186 1328 Unxia,
3221 1263 3469 1334 cingulo-

1868 1365 1987 1404 runt
2016 1349 2205 1404 Cinxia
2236 1351 2588 1421 replicatioui.
2621 1372 2640 1405 ι
2676 1338 2784 1408 Sed
2817 1364 2869 1407 ut
2901 1353 2952 1408 id
2986 1353 3340 1425 intelligatur,
3374 1354 3475 1409 ob-

1870 1441 2191 1495 servandum
2236 1452 2320 1496 est
2361 1452 2631 1497 vetustum
2679 1442 2849 1499 fuisse
2891 1445 3172 1515 gentilium
3222 1460 3472 1513 morem,

1868 1549 1974 1601 quo
2012 1526 2298 1603 attteqttant
2344 1550 2479 1589 nova
2514 1545 2676 1605 nupta
2707 1536 2925 1590 dommn
2959 1537 3137 1591 mariti
3175 1536 3475 1593 adducereo

1872 1637 1978 1693 tur,
2013 1639 2196 1697 postes
2244 1628 2383 1683 illius
2428 1629 2696 1682 ornabant
2744 1630 2916 1684 laneis
2953 1630 3138 1695 vittis,
3181 1632 3265 1684 vel
3311 1629 3474 1700 adipe

1870 1718 2047 1781 suillo,
2082 1726 2137 1773 ut
2157 1719 2233 1773 ait
2259 1702 2484 1782 Plinius,
2512 1719 2597 1774 vel
2626 1719 2769 1786 olco,
2797 1729 2891 1789 aut
2915 1722 3153 1791 unguine
3182 1720 3389 1788 Inpiuo,
3416 1730 3476 1801 ut

1870 1819 2023 1868 notat
2060 1810 2308 1875 Servius,
2355 1814 2626 1883 ungebam
2654 1882 2659 1889 '
2687 1822 2741 1867 et
2800 1813 3104 1867 obliuibant
3147 1813 3339 1883 (Plin.,
3380 1813 3473 1868 lib.

1871 1923 2030 1962 xxvnt
2078 1906 2216 1961 Hist.
2256 1918 2453 1975 natur.,
2481 1924 2596 1978 mp.
2620 1907 2673 1979 9,
2697 1924 2818 1979 pag.
2848 1906 2984 1965 604;
3017 1905 3194 1974 Serm,
3230 1907 3283 1960 in
3310 1905 3398 1960 lib.
3424 1921 3478 1962 tv

1869 1999 2114 2067 Eneid.,
2143 2018 2262 2073 pag.
2304 1999 2459 2072 545).
2487 2000 2605 2069 Quo
2632 2001 2700 2073 de
2732 2015 2884 2055 more
2927 1999 3128 2055 videsis
3171 1999 3438 2053 Donatum
3458 2038 3476 2067 ,

1873 2090 2162 2158 lsidornm,
2193 2090 2511 2162 Gyraldum,
2543 2103 2598 2147 et
2630 2072 2780 2163 piura
2810 2090 2951 2160 apud
2994 2090 3351 2158 Brissouium,
3384 2091 3478 2161 qui

1871 2184 2095 2241 Aruobii
2144 2184 2316 2238 nostri
2365 2184 2687 2238 sententiam
2743 2182 3032 2238 confirmat
3083 2182 3170 2238 bis
3220 2182 3478 2238 Martialis

1871 2279 2067 2335 Felicis
2099 2278 2309 2341 verbis,
2353 2278 2548 2348 quibus
2582 2272 2940 2349 Philologiam
2982 2292 3103 2332 cum
3146 2275 3361 2332 Junone
3390 2275 3477 2330 lo-

1871 2372 2123 2447 quentem
2153 2372 2233 2428 sic
2276 2358 2521 2428 inducit:
2560 2388 2578 2424 ι
2613 2371 2745 2427 Ctt'in
2785 2360 2920 2427 nihil
2964 2358 3302 2441 contagionis
3349 2382 3476 2425 cor-‘-

1872 2446 2050 2540 poreaa
2078 2484 2209 2523 sexu
2255 2460 2571 2521 intemerata
2604 2466 2950 2534 pertulerim,
2987 2454 3325 2526 Itcrducam,
3370 2461 3479 2516 Do-

1873 2558 2179 2627 midu‘cam,
2235 2558 2499 2624 quiam,
2555 2557 2908 2628 Cinxiamqu'e
2970 2556 3229 2611 mortales
3282 2552 3479 2626 puella:

1872 2638 2073 2709 debent
2122 2650 2175 2708 in
2222 2640 2439 2723 nuptias
2475 2668 2811 2718 convocare;
2856 2661 2912 2706 ut
2952 2666 3137 2706 earum
3188 2660 3243 2706 et
3284 2650 3480 2704 itinera

1876 2738 2128 2818 protegas
2148 2790 2161 2810 ,
2195 2748 2248 2801 ct
2293 2748 2344 2801 in
2373 2752 2581 2817 optatas
2617 2745 2807 2800 domos
2834 2744 3001 2799 ductis
3021 2786 3034 2808 ,
3065 2748 3115 2796 et
3147 2750 3267 2797 cum
3292 2748 3480 2812 postes

1877 2830 2100 2909 ungoru,
2141 2837 2370 2892 faustum
2414 2830 2574 2893 omen
2616 2828 2824 2905 aifigas.
2860 2854 2878 2887 ι
2917 2828 3135 2906 (Donat.
3166 2832 3219 2889 in
3268 2830 3477 2888 Terent.

1877 2929 2093 3002 Hecyr.,
2114 2941 2213 2984 act.
2239 2947 2277 2993 ι,
2302 2946 2440 2984 scen.
2462 2927 2534 2995 2;
2562 2927 2781 2989 Isidor.,
2807 2926 2896 2981 lib.
2920 2941 2975 2980 tv
3020 2923 3245 2997 Origin.,
3268 2936 3381 2995 cap.
3408 2924 3478 2988 8;

1877 3020 2105 3089 Girald.,
2139 3021 2272 3077 Hist.
2319 3023 2487 3087 deor.;
2535 3030 2791 3092 syntagm.
2826 3019 2892 3083 5,
2946 3016 3212 3084 Briston.,
3246 3015 3309 3069 de
3357 3012 3481 3069 Ritu

1876 3115 2100 3185 uttptiar.
2131 3123 2246 3166 ante
2269 3112 2386 3183 ﬁn.)
2400 3153 2412 3165 .

1800 3226 1846 3326 ὅ
1949 3226 2190 3282 Cinxiam
2239 3235 2420 3279 autem
2467 3221 2802 3289 ciugulorum
2848 3217 3186 3289 replicationi
3238 3231 3480 3299 prmesse

1879 3320 2316 3383 arbitrabantur,
2361 3325 2522 3384 atque
2554 3315 2757 3370 idcirco
2799 3328 2919 3369 eam
2957 3311 3311 3373 invocabant,
3354 3324 3479 3365 cum

1878 3427 2109 3484 sponsus
2129 3453 2143 3476 ,
2178 3421 2235 3465 ut
2273 3408 2467 3464 Festus
2507 3406 2695 3462 scribit
2725 3403 2956 3472 (Festus,
2984 3403 3052 3455 ad
3095 3402 3224 3456 verb.
3253 3398 3478 3456 CINGUL.

1880 3516 1927 3562 et
1979 3504 2212 3572 CINXIA),
2259 3518 2412 3557 nova.-
2441 3511 2621 3570 nuptte
2659 3497 2933 3568 cingulum
2972 3493 3299 3549 herculaneo
3335 3491 3480 3547 nodo

1880 3598 2121 3653 vinctum
2151 3595 2405 3650 Solveret.
2448 3592 2598 3647 llauc
2639 3604 2770 3645 sane
2801 3589 2871 3643 ob
2908 3601 3123 3642 causam
3158 3584 3479 3642 Theocritus

1881 3692 2074 3749 cecinit
2107 3689 2296 3763 (Idyll.
2330 3689 2419 3753 17,
2443 3703 2574 3741 vers.
2597 3685 2693 3756 60)
2719 3702 2731 3739 :

2070 3803 2166 3855 ἐνια
2188 3815 2255 3865 γὰρ
2279 3813 2473 3861 augeam
2497 3811 2666 3849 ιωσιτο
2689 3806 2911 3855 suetum...

1975 3928 2050 3982 Ibi
2077 3930 2209 3979 enim‘
2232 3918 2461 3977 Lucinam
2488 3928 2714 3975 invocant
2734 3918 3034 3987 Lysizonam.

1881 4060 1953 4114 At
1978 4056 2222 4129 quamvis
2250 4054 2440 4109 Festus
2460 4096 2475 4121 ,
2507 4068 2535 4105 a
2567 4052 2725 4107 nobis
2754 4051 2998 4121 proxime
3027 4049 3242 4114 citatus,
3274 4054 3483 4103 asserat

1881 4152 2087 4209 Cinxia:
2114 4166 2235 4206 esse
2262 4149 2492 4205 lunonis
2525 4163 2748 4213 nomen;
2782 4146 2848 4201 ab
2876 4144 3174 4216 Augustino
3204 4142 3480 4197 nihilomi-

1883 4261 1985 4301 nus
2013 4242 2347 4314 Virginensis
2391 4242 2492 4298 dea
2534 4250 2875 4310 nuncupatur
2907 4238 3175 4310 (August.,
3215 4235 3304 4289 lib.
3340 4249 3391 4287 tv
3418 4234 3483 4288 de

1882 4336 2055 4403 Civit.,
2083 4354 2198 4407 cap.
2226 4336 2314 4399 11,
2340 4352 2461 4405 pag.
2493 4333 2561 4389 97
2590 4350 2605 4399 ;
2631 4318 2678 4385 et
2705 4332 2794 4386 lib.
2820 4346 2893 4396 γι,
2928 4346 3042 4399 cap.
3072 4328 3127 4390 9,
3170 4344 3292 4397 pug.
3326 4325 3479 4396 157).

1884 4429 1984 4487 Ubi
2029 4429 2228 4500 quippe
2257 4429 2324 4484 de
2355 4427 2687 4498 singulorum
2731 4424 2957 4479 deorum
3003 4419 3197 4476 officiis
3225 4419 3478 4486 disserit,

1886 4523 2001 4579 haec
2031 4520 2234 4577 habet:
2273 4539 2291 4571 ‹
2331 4520 2396 4574 Ει
2426 4527 2572 4573 certe
2614 4516 2658 4571 si
2688 4515 2843 4569 adest
2886 4512 3219 4582 Virgineusis
3258 4510 3391 4576 dea;
3423 4520 3481 4566 ut

1886 4613 2077 4685 virgini
2122 4628 2255 4667 zona
2303 4610 2558 4665 solvatur.
2598 4625 2617 4659 ι
2644 4604 2751 4661 Sed
2791 4605 2911 4674 quis
2950 4602 3122 4658 nescit
3151 4601 3303 4672 plura
3335 4600 3482 4657 illius

1885 4706 2219 4773 aliarumque
2259 4701 2482 4757 dearum
2528 4713 2591 4753 ac
2637 4697 2862 4751 deorum
2911 4692 3078 4750 fuisse
3123 4694 3360 4750 nomina.
3410 4694 3481 4750 Et

1883 4780 2031 4851 certe
2059 4811 2123 4849 ex
2150 4776 2428 4847 Ciceronis
2456 4790 2653 4851 verbis,
2699 4788 2858 4858 paulo
2905 4796 3029 4841 ante
3065 4786 3243 4841 allatis
3264 4827 3279 4852 ,
3310 4786 3479 4842 disci-

1884 4905 2001 4942 mus
2031 4902 2172 4951 eam,
2204 4899 2322 4953 quae
2352 4880 2494 4952 apud
2523 4881 2743 4935 Latinos
2769 4878 2910 4934 Juno
2948 4878 3149 4934 Lucina
3175 4877 3476 4947 dicebatur,

1884 4982 2022 5035 hanc
2077 4978 2217 5050 apud
2273 4974 2515 5042 ercos,
2574 4974 2797 5031 Dianam
2848 4973 3150 5029 Luciferam
3195 4974 3478 5045 appellari.

1884 5073 2028 5143 Lege
2073 5071 2277 5135 adhuc,
2310 5071 2353 5123 si
2386 5058 2541 5130 velis,
2572 5060 2849 5123 Giraltiutu
2900 5077 2952 5122 et
3000 5058 3330 5122 Brissouium
3365 5065 3477 5137 jam

1884 5167 2151 5231 laudatos,
2179 5163 2447 5227 Vossium,
2467 5168 2628 5231 atque
2648 5161 2780 5215 alius
2803 5154 3008 5230 (Voss,
3033 5160 3122 5214 lib.
3173 5170 3211 5215 tt
3237 5159 3298 5214 tle
3326 5158 3476 5233 Orig.

1885 5271 1931 5316 et
1961 5275 2136 5331 progr.
2168 5246 2374 5324 idolol.,
2404 5254 2521 5327 cap.
2554 5242 2646 5322 26,
2680 5252 2798 5327 pcig'.
2831 5242 2936 5311 919
2967 5264 3014 5309 et
3040 5248 3223 5326 θείη).

1958 5376 2038 5435 Ad
2069 5376 2185 5430 haec
2214 5386 2343 5428 vero
2375 5391 2386 5426 :
2424 5388 2443 5425 ‹
2478 5369 2629 5427 Victa
2655 5378 2710 5426 et
2738 5356 2902 5425 Potua
2943 5369 3320 5433 szinctissimm,
3352 5387 3372 5423 ι
3402 5371 3480 5425 ait

1886 5470 2190 5536 Arnobius,
2223 5486 2241 5520 ι
2272 5466 2465 5533 victui,
2512 5465 2767 5535 potuique
2822 5470 3132 5533 procurant.
3164 5480 3185 5514 ι
3231 5461 3473 5535 (Arnob.,

1887 5562 1977 5617 tib.
2010 5578 2082 5629 ut,
2113 5572 2232 5634 pag.
2265 5556 2417 5628 115.)
2457 5550 2751 5611 Enodatius
2779 5562 2956 5608 autem
2988 5554 3223 5610 Donatus
3265 5554 3317 5609 in
3363 5557 3476 5612 suis

1885 5656 1953 5712 ad
1979 5654 2291 5711 Terentium
2335 5648 2838 5706 observationibus:
2878 5648 2897 5699 ἆ
2925 5645 3144 5716 Legitur
3175 5647 3315 5717 apud
3344 5646 3476 5703 Var-

1887 5766 2107 5815 ronem,
2140 5744 2338 5802 initiari
2371 5758 2563 5815 pueros
2608 5739 2843 5805 Eduliaa,
2871 5748 2926 5795 et
2949 5737 3165 5806 Potica,
3201 5747 3255 5795 et
3289 5740 3469 5807 Cubaz,

1886 5842 2021 5902 divis
2047 5839 2260 5908 edendi,
2294 5844 2350 5895 et
2389 5831 2629 5906 potandi,
2676 5842 2733 5891 et
2770 5829 3023 5903 cubandi,
3055 5830 3144 5891 ubi
3186 5830 3416 5904 primum
3440 5832 3474 5889 α
