4000 6284
560 309 620 339 ηε
633 310 660 339 βξ

556 330 663 367 υῡο

1799 292 2253 356 DlSSERTATlO
2292 292 2570 352 PBBVIA

3753 284 3876 345 εδδ

553 426 692 482 laete
715 438 768 483 et
791 443 818 480 a
842 428 993 483 cunis
1014 425 1354 481 transierunt.
1383 422 1536 492 Quod
1563 420 1853 494 Virgilius:
1879 417 1989 474 Nec
2008 417 2143 473 deus
2167 415 2221 477 Α
2244 428 2405 485 quem
2433 414 2478 469 si
2510 421 2685 481 vacat,
2711 412 2935 471 consule
2965 413 3079 486 (lib.
3122 428 3190 479 χ,
3224 428 3369 486 cap.,
3410 411 3517 477 i9;
3562 409 3657 464 lib.
3688 421 3829 464 mi
3849 448 3871 472 ,

554 518 699 576 hunc
726 536 927 586 mensa,
957 520 1056 574 dea
1085 534 1185 575 nec
1211 517 1424 588 dignata
1453 517 1614 572 cubili
1645 526 1746 571 est.
1779 514 1890 570 lloc
1916 512 2138 569 adnata-

552 613 631 668 vit
671 613 893 668 Probus.
926 631 945 665 ι
983 610 1195 685 (Donat.
1241 610 1295 666 in
1333 608 1533 666 Terent.
1579 607 1916 672 Pltorminm,
1956 614 2057 660 act.
2083 606 2138 671 1,

551 721 689 760 scen.
723 703 800 778 l.)
829 706 1157 775 Augustinus
1193 719 1321 758 vero
1367 716 1459 758 eas
1499 709 1656 756 vocat
1694 699 1973 767 Patinam,
2020 711 2140 768 qua:

551 798 862 869 potionem;
886 809 939 853 et
967 797 1229 863 Educam,
1253 812 1373 868 qua:
1399 810 1578 851 escam
1606 793 1844 865 prmbeat
1873 791 2137 864 {August.,

550 890 639 946 lib.
668 906 720 944 tv
754 891 818 945 de
837 890 1012 954 Cicil..
1041 908 1160 962 cap.
1192 892 1280 956 11,
1311 906 1431 962 pag.
1464 886 1579 961 97).
1609 890 1677 943 At
1703 895 1986 957 utramque
2012 883 2144 940 ridi-

548 983 723 1037 cnlani
757 982 895 1038 hanc
920 983 1252 1039 divinitatem
1280 981 1404 1038 ideo
1432 981 1704 1052 cxplodit;
1731 980 1857 1052 quia
1885 976 2142 1034 Israelita:

548 1075 603 1131 in
627 1073 890 1148 .‘Egypto,
930 1077 1038 1131 sine
1069 1074 1268 1144 Educa,
1311 1087 1357 1130 et
1401 1074 1593 1130 Patina
1630 1090 1830 1136 escam.
1869 1082 2142 1144 potumque

549 1178 890 1241 sumpserunt.
917 1169 1107 1225 Postea
1135 1185 1316 1225 νει-0.(
1341 1169 1396 1225 Si
1414 1167 1548 1225 duas
1570 1169 1852 1239 quisquam
1882 1165 2141 1231 nutrices,

546 1261 737 1332 inquit,
761 1260 1039 1317 adhiberet
1061 1260 1269 1329 infanti,
1293 1277 1514 1333 quarum
1539 1277 1643 1317 una
1665 1259 1796 1343 nihil
1818 1260 1919 1315 nisi
1941 1274 2141 1325 escam,

547 1354 714 1409 altera
744 1354 875 1409 nihil
908 1356 1006 1410 nisi
1054 1367 1235 1427 potum
1266 1356 1447 1419 daret,
1488 1356 1625 1411 sicut
1655 1356 1739 1410 isti
1784 1354 1850 1409 ad
1881 1352 1985 1408 hoc
2012 1352 2144 1407 duas

545 1447 909 1503 adhibuerunt
944 1448 1072 1504 (leas
1091 1491 1106 1512 ,
1135 1448 1371 1504 Educam
1398 1460 1451 1505 et
1479 1448 1747 1513 Patinam,
1783 1463 1972 1518 nempe
2001 1446 2146 1502 desi-

547 1554 706 1611 pere.
752 1550 805 1596 ct
847 1542 1045 1612 aliquid
1078 1543 1240 1598 mimo
1269 1542 1445 1599 simile
1476 1543 1527 1597 in
1557 1559 1651 1598 sua
1682 1542 1844 1598 domo
1872 1556 2032 1614 agere
2061 1542 2144 1595 vi-

545 1632 784 1688 deretur.
825 1652 845 1687 ι
878 1632 968 1689 lE.
1001 1634 1087 1690 lib.
1129 1651 1211 1699 vi,
1251 1652 1364 1705 cap.
1411 1634 1466 1703 9,
1499 1654 1618 1708 pag.
1660 1634 1812 1708 156.)
1842 1635 1937 1690 lite
1966 1643 2144 1690 autem

546 1725 680 1795 ipsm
721 1728 902 1798 procul
935 1727 1095 1783 dubio
1124 1738 1268 1795 sunt,
1302 1743 1422 1800 qua:
1465 1728 1534 1783 ab
1564 1728 1803 1784 Arnabio
1844 1737 2033 1783 nostro
2053 1768 2068 1794 ,
2099 1726 2145 1781 si

2243 522 2359 578 cap.
2390 503 2494 573 21;
2524 506 2614 561 lib.
2649 520 2822 561 xxvnt
2842 547 2857 571 .
2890 522 3009 577 cap.
3032 505 3089 572 9;
3119 503 3347 571 Lucam,
3374 503 3465 561 lib.
3495 517 3595 570 vn,
3624 518 3686 573 p.
3714 500 3869 567 857;

2247 595 2458 665 llamt.,
2490 614 2641 654 serm.
2673 597 2728 664 2,
2759 599 2905 654 satir.
2935 599 3001 664 5;
3030 597 3253 666 Tibull.,
3279 597 3369 654 lib.
3400 612 3456 664 ι,
3488 597 3621 669 eleg.
3646 610 3737 662 v1;
3769 593 3874 651 Gi-

2243 690 2405 757 rald.,
2439 691 2713 763 Syntagm.
2746 692 2836 758 10,
2861 710 2914 765 p.
2944 690 3053 749 309
3077 702 3126 748 el
3153 692 3343 765 καφ).

2316 787 2384 841 At
2405 784 2656 857 Virgilius
2676 786 2919 857 ejusdem
2941 787 3200 854 Bellone,
3227 786 3545 853 Discordia,
3560 785 3871 844 Furiarum

2244 884 2301 933 et
2343 876 2558 946 Martis,
2610 879 2680 936 de
2728 879 2923 952 quibus
2967 892 3157 938 auctor
3204 889 3390 937 noster
3430 879 3700 951 loquitur,
3753 892 3874 935 uno

2245 973 2545 1046 eademque
2570 975 2624 1031 in
2655 976 2774 1031 loco
2799 975 2879 1032 sic
2904 976 3145 1031 meminit
3176 993 3191 1031 :

2587 1088 2734 1141 Saevit
2752 1089 2916 1140 medio
2933 1089 2983 1139 in
3007 1091 3277 1140 certamine
3301 1088 3511 1149 Mavors,

2337 1150 2544 1202 Caelatus
2560 1148 2708 1212 ferro,
2731 1153 2998 1213 tristesque
3022 1165 3086 1202 ex
3107 1152 3297 1203 aethere
3316 1151 3465 1213 Dine,

2335 1213 2401 1264 Et
2420 1227 2566 1264 scissa
2583 1216 2806 1278 gaudens
2830 1213 2961 1265 vadit
2982 1214 3230 1278 Discordia
3250 1213 3373 1278 palla
3399 1226 3412 1263 :

2344 1279 2498 1337 Quam
2515 1275 2627 1327 cut'n
2649 1279 2923 1338 saitguineo
2943 1278 3166 1339 sequitur
3188 1275 3389 1328 Bellona
3412 1275 3630 1337 ﬂagello.

2524 1356 2755 1427 (γεγρα,
2777 1359 2865 1413 lib.
2882 1376 2965 1412 vnn
2982 1360 3199 1421 ﬁnesid,
3222 1373 3349 1413 vers.
3370 1360 3464 1412 700
3479 1367 3526 1413 et
3546 1359 3718 1428 seqq.)

2249 1467 2327 1524 De
2351 1468 2626 1527 Discordia
2661 1485 2849 1527 rursus
2881 1470 3024 1528 idem
3055 1470 3335 1543 Virgilius.
3363 1470 3641 1537 Lucanus,
3676 1469 3875 1544 Augu-

2247 1563 2439 1628 stinus,
2470 1572 2526 1619 et
2552 1563 2645 1620 alii
2674 1563 2696 1638 (
2714 1563 2905 1634 Idem,
2933 1564 3024 1621 lib.
3071 1581 3123 1621 νι
3176 1564 3419 1633 ιΕηείάη
3456 1580 3605 1622 vers.
3636 1564 3794 1632 280,
3822 1575 3878 1620 et

2246 1672 2391 1728 seq.;
2417 1654 2638 1724 Lucam,
2672 1657 2764 1714 lib.
2799 1673 2903 1725 vn,
2935 1676 3056 1732 pag.
3096 1659 3235 1726 287;
3266 1659 3508 1731 AugusL,
3538 1656 3633 1715 lib.
3688 1673 3757 1714 ιιι
3805 1658 3876 1713 de

2250 1749 2427 1815 (ἤθει,
2455 1766 2571 1821 cap.
2602 1750 2695 1819 25,
2724 1768 2845 1824 pag.
2874 1750 2989 1825 εξ).

550 1827 728 1874 tamen
757 1819 939 1874 nullus
978 1820 1030 1874 in
1075 1820 1192 1891 ejus
1221 1830 1369 1877 textu
1409 1822 1578 1878 subsit
1603 1820 1745 1878 haud
1785 1819 2033 1877 insolitus
2070 1820 2139 1875 li-
2170 1802 2219 1865 Β
2260 1802 3005 1901 -οίξξιξδξυῖἑιςιᾜξξθῖέξ
3035 1843 3261 1900 dearum
3287 1843 3415 1900 ,ιιιο
3439 1841 3711 1900 ἀειθηά.ς
3742 1858 3874 1901 ωε,

546 1911 714 1967 brarii
740 1929 913 1981 error,
949 1912 1093 1969 Victa
1120 1926 1166 1970 et
1197 1914 1366 1971 Patua
1392 1927 1787 1987 nuncupantur.
1814 1914 1885 1970 At
1912 1915 2006 1969 ille
2035 1930 2143 1970 non

548 2005 772 2072 minori,
805 2023 964 2078 quam
1003 2010 1353 2079 Augustinus,
1387 2010 1641 2081 despectu
1678 2020 1733 2066 ct
1769 2007 2000 2065 ludibrio
2027 2020 2141 2074 eas,

548 2108 605 2154 et
629 2098 751 2169 jure
781 2100 997 2171 quidem
1028 2104 1221 2157 merito
1251 2104 1538 2175 proscribit
1565 2118 1629 2159 ac
1658 2102 1854 2174 rejicit.

1146 2237 1443 2279 ARTICULUS
1464 2238 1539 2278 IV.

548 2332 628 2386 De
650 2339 997 2389 commentitiis
1019 2337 1129 2387 aliis
1146 2338 1259 2392 diis.
1278 2338 1359 2400 qui
1379 2349 1477 2387 non
1513 2338 1673 2400 minus
1696 2336 1907 2400 absurde
1932 2335 2039 2386 aliis
2049 2346 2147 2400 3e-

615 2399 709 2449 bus
726 2400 1134 2462 praeﬁciebantur,
1149 2400 1221 2449 uti
1262 2395 1467 2448 Bellona
1501 2398 1668 2460 bellis,
1695 2398 1952 2450 Discordia
1976 2395 2147 2462 etfu-

614 2463 701 2525 riae
718 2458 950 2521 diSsidiis,
980 2458 1335 2525 Mars'prteliis.
1365 2458 1915 2525 Mercuriuslceramis,
1935 2458 2146 2525 pugilla-

614 2524 867 2588 tibus,_et
913 2522 1284 2588 luctationibus;
1325 2526 1547 2588 hostibus
1600 2523 1844 2588 pellendis
1873 2522 2143 2588 _P_elloni_a,

654 2583 762 2652 nam
782 2586 1026 2652 Romanis
1052 2601 1148 2652 non
1178 2586 1356 2652 favisse
1396 2583 1616 2652 prabant'
1633 2586 1802 2652 przelia
1827 2586 1884 2635 ad
1909 2583 2148 2652 Furculas

654 2600 762 2635 nam
785 2600 1012 2636 uomatns
1052 2601 1148 2636 non
1178 2600 1356 2637 lavisse
1396 2600 1603 2652 premnt
1633 2600 1802 2649 praelia
1827 2600 1884 2635 aa
1909 2600 2148 2635 rut-cuias

615 2600 869 2713 gaudinas,
893 2658 947 2699 et
970 2649 1027 2698 ad
1054 2649 1231 2699 Lacum
1255 2651 1622 2713 Trasyntenum,
1662 2664 1719 2699 ac
1739 2648 2026 2701 Cannenses
2046 2644 2149 2695 cla-

613 2710 735 2772 des;
763 2725 855 2761 nec
877 2713 975 2762 dici
1005 2725 1146 2772 posse
1178 2713 1301 2762 deos
1338 2710 1553 2762 sinistris
1598 2714 1819 2774 partibus
1837 2723 2074 2773 prmesse,
2094 2715 2147 2774 et

614 2770 806 2823 dextris
842 2770 1091 2825 adversari
1121 2790 1131 2823 :
1173 2776 1294 2825 item
1336 2777 1402 2825 de
1446 2770 1781 2837 Pausaibellis
1818 2770 2054 2837 opposito,
2080 2770 2145 2837 de

616 2839 864 2887 Prtestana
889 2846 940 2887 et
965 2838 1144 2896 Panda,
1165 2851 1256 2888 seu
1281 2839 1492 2898 Pantica,
1519 2842 1572 2886 et
1592 2836 1706 2887 'l'ito
1744 2833 1903 2896 Tatio,
1928 2837 1979 2884 in
2005 2833 2148 2898 Capi-

615 2899 785 2955 tollunt
802 2900 1089 2951 introducto.

626 3032 867 3089 Gradum
909 3031 976 3087 ad
1024 3031 1125 3086 alia
1171 3031 1216 3088 si
1261 3030 1542 3098 faciamus,
1576 3046 1684 3104 qua
1728 3039 1875 3086 certe
1919 3029 2146 3085 ulterius

553 3126 980 3198 progrediemur,
1010 3141 1076 3181 eo
1099 3141 1228 3181 sane
1255 3126 1439 3198 peiora
1467 3141 1530 3183 ac
1554 3126 1711 3197 longe
1740 3124 2013 3181 deteriora
2046 3124 2146 3181 de-

550 3190 974 3290 prehendemns.
1003 3190 1413 3276 Gentiles-enim
1445 3236 1551 3273 non
1595 3219 1783 3290 puduit
1826 3219 1877 3273 in
1923 3218 2146 3276 deorum
2176 3190 2224 3254 C

554 3330 772 3375 auorum
798 3331 1079 3369 numerum
1108 3314 1233 3369 illos
1261 3314 1485 3380 referre,
1507 3330 1665 3386 quos,
1695 3313 1853 3369 sicuti
1881 3314 2151 3370 Arnobius

555 3419 742 3464 noster
774 3408 1021 3479 perhibet
1053 3407 1294 3479 (Arnob,
1325 3408 1414 3462 lib.
1440 3423 1515 3471 ιιι,
1544 3424 1664 3478 pag.
1701 3406 1863 3479 115),
1896 3407 2031 3463 truci
2087 3423 2152 3464 ac

555 3502 760 3557 crudeli
792 3511 981 3556 natura
1010 3501 1164 3555 malis
1190 3501 1468 3555 hominum
1496 3512 1551 3555 ct
1575 3501 1812 3571 gaudere
1832 3510 1888 3557 et
1911 3503 2151 3572 praeponi

556 3594 840 3649 tinxerant.
866 3595 996 3661 Quae
1019 3594 1232 3663 quidem
1258 3604 1364 3649 tam
1391 3592 1623 3649 absurda
1645 3609 1767 3649 esse
1789 3596 2149 3666 existimavit,

557 3696 616 3741 ιιι
641 3685 879 3755 Bellona,
902 3687 1195 3755 Discordia,
1227 3688 1422 3756 Furiis,
1452 3707 1513 3744 ac
1542 3690 1683 3745 lavis
1706 3690 2000 3745 numinibus
2022 3706 2154 3762 pra»

559 3779 843 3844 tertnissis,
868 3783 1047 3835 statim
1075 3781 1281 3837 venerit
1303 3782 1371 3837 ad
1394 3781 1636 3848 Martem,
1664 3782 1820 3839 bellis
1843 3784 2153 3856 prtuliisque

556 3871 893 3941 praefectura.
922 3885 975 3926 et
1004 3873 1056 3928 in
1083 3873 1169 3938 iis,
1206 3874 1279 3929 nti
1322 3873 1488 3931 stulte
1533 3874 1957 3941 arbitrabantur,
1978 3876 2153 3933 domi-

556 3973 799 4017 nantem.
832 3964 1103 4020 Bellnnam
1134 3978 1311 4023 autem
1352 3968 1571 4035 omittit,
1605 3970 1726 4041 quia
1772 3971 1817 4025 si
1862 3971 2002 4026 Mars
2032 3972 2153 4028 bel-

557 4054 734 4110 lorntn
764 4058 898 4113 deus
927 4074 1048 4113 esse
1077 4073 1181 4115 non
1209 4064 1401 4132 possit.
1421 4072 1479 4117 ut
1496 4080 1616 4119 mox
1640 4064 1963 4129 videbimus,
1983 4066 2154 4123 multo

558 4149 738 4203 minus
768 4147 963 4205 femina
995 4160 1156 4206 tanta:
1185 4153 1514 4220 crudelitati,
1541 4155 1812 4226 tantisque
1831 4157 2150 4226 sceleribus,

557 4255 680 4311 qua:
713 4241 891 4311 prmlia
935 4257 1117 4299 secum
1157 4244 1388 4313 vehunt,
1420 4262 1653 4318 praeesse
1702 4260 1910 4318 poterat
1952 4249 2149 4324 (lbid.,

557 4331 648 4387 lib.
682 4350 719 4401 ι,
752 4352 871 4407 pag.
908 4336 1008 4401 15,
1042 4347 1093 4392 et
1141 4337 1229 4392 lib.
1261 4354 1341 4402 ιιι,
1384 4357 1502 4412 pag.
1555 4339 1705 4413 115).
1752 4343 1934 4398 Roma:
1974 4353 2152 4400 tamen

557 4442 748 4482 versus
778 4437 989 4501 portam
1019 4429 1417 4488 Carmentalem
1467 4434 1724 4504 templum
1778 4435 1901 4491 huic
1947 4436 2154 4492 bellica:

555 4518 695 4583 deae,
728 4521 886 4576 sicuti
919 4524 1246 4595 Augustinus
1274 4524 1471 4597 aliique
1497 4536 1849 4593 annotat-unt,
1881 4528 1950 4582 ab
1977 4529 2152 4599 Appio

555 4616 881 4670 aedificatum
912 4615 1107 4684 fuerat,
1138 4634 1200 4673 ac
1227 4619 1397 4688 pridie
1424 4636 1594 4676 nonas
1616 4620 1740 4677 Julii
1770 4632 2147 4679 consecratum

558 4705 879 4779 (Augustin.,
905 4710 993 4766 lib.
1022 4726 1082 4767 ιιι
1132 4712 1197 4766 de
1224 4709 1396 4777 Civit.,
1422 4729 1538 4784 cap.
1573 4714 1666 4782 9.5,
1696 4732 1818 4787 pag.
1851 4715 1942 4783 8‘2,
1975 4726 2025 4771 et
2054 4717 2145 4775 lib.

555 4815 644 4869 iv,
685 4819 798 4871 cap.
847 4804 938 4870 ii,
970 4822 1088 4876 pag.
1141 4805 1255 4878 96).
1307 4807 1524 4864 Ovidius
1567 4819 1744 4866 autem
1795 4810 1911 4867 haec
1959 4811 2147 4868 stricta

554 4894 800 4948 oratione
828 4895 899 4948 ita
926 4896 1230 4953 decantavit
1256 4919 1269 4953 :

648 5007 752 5059 Hac
775 5015 960 5058 sacrata
977 5011 1059 5060 die
1084 5011 1243 5062 Tusco
1264 5014 1465 5066 Bellona
1489 5018 1656 5069 duello

742 5071 953 5145 Dicitur,
979 5081 1031 5122 et
1048 5072 1196 5145 Latio
1218 5089 1450 5145 prospera
1469 5093 1670 5145 semper
1686 5084 1846 5137 adest.

649 5134 937 5209 Appius-est
952 5144 1137 5208 auctor,
1161 5134 1348 5209 Pyrrho
1369 5141 1454 5209 qui
1477 5134 1595 5204 pacé
1620 5134 1819 5209 negata,

742 5195 944 5267 Multum
967 5200 1129 5267 animo
1146 5195 1296 5260 vidit;
1317 5195 1501 5253 lumine
1520 5195 1836 5267 captusverai.

650 5258 892 5324 Prospicit
917 5271 944 5307 a
968 5260 1153 5323 templo
1175 5258 1415 5312 suntnnnn
1434 5258 1597 5315 brevis
1615 5282 1729 5318 area
1752 5258 1944 5324 Circum

742 5321 828 5372 Est
853 5322 920 5388 ibi
947 5335 1039 5388 non
1068 5321 1228 5387 parvae
1249 5338 1393 5388 parva
1417 5327 1639 5379 columna
1665 5340 1809 5384 notae.

656 5383 785 5457 Hinc
805 5383 935 5435 solet
957 5383 1092 5457 hasta
1112 5383 1277 5443 manu,
1304 5385 1426 5439 belli
1445 5394 1724 5457 praeuuncia
1746 5383 1890 5457 mitti,

741 5446 797 5498 lu
812 5460 986 5509 regem
1007 5455 1058 5497 et
1074 5457 1254 5511 gentes
1275 5463 1386 5500 cum
1409 5446 1569 5515 placet
1586 5466 1717 5505 arma
1734 5461 1860 5523 capi.

1216 5532 1391 5598 (Ovid,
1414 5534 1498 5587 lib.
1525 5550 1569 5587 vi
1586 5537 1797 5601 Fastor.,
1813 5539 1840 5606 §
1857 5541 1930 5608 l.)

554 5633 727 5704 Hujus
756 5644 933 5691 autem
962 5637 1167 5707 templi,
1196 5647 1251 5692 et
1276 5648 1498 5694 senatus
1523 5640 1577 5696 in
1604 5656 1669 5697 eo
1697 5641 1861 5699 habiti
1891 5644 2148 5717 frequens

555 5729 693 5798 apud
717 5727 923 5783 Livium
952 5730 1212 5801 aliosque,
1233 5746 1296 5787 ac
1317 5734 1615 5803 praesertim
1638 5744 1827 5805 poetas
1849 5736 2144 5809 Lucanum,

555 5818 855 5892 Horatium,
875 5820 1258 5893 Tibullumque
1284 5825 1510 5883 mentio.
1532 5825 1690 5887 Plura
1712 5842 1843 5887 vero
1870 5828 2139 5899 Giraldus,

2246 1933 2467 2002 Furias,
2495 1950 2628 2004 quas
2669 1934 2843 1992 Grzeci
2888 1933 3214 1992 Eumenides
3258 1951 3354 1993 seu
3402 1936 3658 2010 Erynnes
3691 1951 3870 1993 voca-

2245 2024 2418 2081 bant:
2453 2044 2474 2079 ς
2511 2026 2604 2083 Sin
2645 2026 2878 2095 Hecate,
2917 2046 2938 2081 ι
2991 2029 3195 2101 inquit,
3231 2048 3250 2083 ι
3304 2028 3408 2086 dea
3450 2040 3565 2097 est,
3598 2046 3705 2087 cur
3752 2048 3871 2088 non

2246 2117 2615 2176 Eumenides?
2642 2120 2777 2188 Qum
2803 2121 2851 2176 si
2880 2120 2996 2177 dcte
3020 2135 3167 2188 sunt,
3185 2136 3413 2195 quarum
3439 2132 3495 2178 et
3521 2122 3766 2179 Athenis
3792 2122 3873 2178 fa-

2249 2227 2378 2268 num
2415 2223 2520 2279 est,
2547 2223 2602 2268 et
2629 2214 2772 2285 apud
2807 2230 2929 2282 nos,
2960 2225 3019 2271 ut
3045 2231 3148 2288 ego
3174 2218 3524 2289 interpretor,
3555 2218 3722 2289 cujus
3754 2217 3868 2275 Fu.

2248 2304 2413 2371 rinae,
2441 2304 2617 2359 Furize
2641 2303 2758 2360 dcte
2787 2316 2943 2374 sunt,
2972 2307 3393 2377 speculatrices,
3421 2307 3587 2364 credo
3606 2351 3623 2376 ,
3648 2318 3711 2365 et
3744 2310 3869 2364 vin-

2246 2397 2397 2453 dices
2436 2396 2736 2453 facinorum
2780 2408 2836 2454 et
2879 2399 3170 2455 scelerum.
3229 2398 3498 2473 r(Cicer.,
3539 2402 3633 2455 lib.
3691 2417 3759 2457 ιιι
3807 2403 3872 2457 dc

2250 2486 2306 2542 Ν
2308 2499 2444 2543 alur.
2464 2488 2608 2555 dear,
2628 2506 2749 2561 pag.
2770 2489 2898 2554 216,
2916 2492 3011 2547 lin.
3031 2492 3148 2563 55.)
3161 2489 3333 2559 Quem
3356 2492 3409 2546 in
3437 2491 3615 2547 locum
3637 2490 3870 2565 Legesis

2248 2580 2629 2652 Lescalopierii
2678 2582 3105 2653 observationes.
3155 2581 3291 2639 Vide
3328 2583 3530 2650 etiam,
3579 2584 3629 2639 si
3680 2584 3861 2651 velis,

2248 2674 2443 2732 Lilium
2472 2674 2772 2744 Giraldutn,
2800 2676 3043 2732 Natalem
3073 2675 3363 2741 Comitem,
3386 2692 3417 2732 a
3443 2678 3643 2748 quibus
3671 2678 3866 2750 plures

2248 2769 2542 2839 scriptores
2576 2768 2770 2826 citatos
2812 2769 3017 2825 videbis
3045 2768 3309 2841 (Girald.,
3340 2770 3616 2842 Syntagm.
3650 2772 3709 2838 6,
3739 2789 3864 2845 pag.

2249 2861 2360 2917 215
2383 2871 2431 2917 et
2457 2879 2632 2933 seqq.;
2664 2861 2742 2919 Ν.
2771 2860 2918 2919 Com.
2976 2863 3066 2919 lib.
3115 2878 3170 2918 ιιι
3196 2861 3445 2934 Mgthal.,
3473 2880 3592 2935 cap.
3618 2864 3714 2933 ιο,
3738 2882 3862 2940 pag.

2251 2955 2357 3014 215
2375 2967 2424 3012 et
2445 2957 2630 3029 θείη).

2324 3053 2534 3109 Prteliis
2597 3067 2763 3125 porro
2810 3052 3033 3109 Martem
3089 3056 3156 3109 ab
3209 3053 3439 3109 ethnicis
3499 3055 3865 3126 praepositum

2254 3144 2447 3213 fuisse,
2481 3146 2551 3200 ita
2584 3154 2769 3201 notum
2818 3156 2920 3213 est,
2971 3155 3027 3202 ut
3077 3146 3393 3217 probatione
3438 3162 3546 3203 non
3593 3147 3863 3223 indigeat.

2254 3235 2595 3308 Quapropter
2623 3235 2728 3292 hac
2756 3246 2962 3294 tantum
3008 3238 3079 3294 ab
3114 3237 3305 3295 Ovidio
3349 3239 3705 3299 decantatum
3738 3258 3868 3315 pro-

2251 3328 2487 3385 feremus
2512 3348 2527 3383 :

2346 3420 2969 3490 Mars_Latia_venerandus
2987 3430 3114 3485 erat,
3139 3427 3255 3490 quia
3280 3426 3513 3490 prasidet
3536 3428 3716 3490 armis,

2467 3484 2615 3534 Arma
2634 3483 2751 3536 ferte
2772 3487 2913 3549 genti
2934 3483 3144 3550 remque
3158 3483 3390 3552 deusque
3406 3488 3612 3540 dabunt.

2253 3592 2423 3650 Recte
2469 3592 2631 3663 igitur
2676 3593 3008 3665 Augustinus
3050 3595 3180 3651 illud
3221 3596 3413 3653 iisdem
3452 3599 3760 3669 gentilibus
3787 3602 3867 3659 sic

2252 3686 2456 3756 probro
2482 3685 2718 3756 vitioque
2747 3685 2906 3742 vertit
2934 3705 2948 3741 :
2988 3706 3008 3740 ι
3041 3688 3176 3756 Quia
3205 3705 3306 3745 nec
3327 3690 3479 3746 λιιι·ιὶ
3508 3692 3737 3765 aliquod
3756 3695 3870 3753 cle-

2254 3791 2519 3843 mentum.
2549 3779 2635 3836 vel
2664 3791 2871 3851 partem
2911 3781 3097 3837 mundi
3137 3782 3381 3839 invenire
3408 3797 3743 3856 potuerunt,
3778 3790 3868 3845 ubi

2253 3882 2441 3944 ageret
2475 3888 2640 3945 opera
2668 3874 3077 3947 qualiacumque
3105 3888 3332 3942 ιιειιιιιοειι,
3373 3877 3535 3935 deum
3575 3880 3712 3938 belli
3746 3898 3870 3940 esse

2255 3963 2530 4031 dixerunt,
2563 3964 2705 4034 quod
2745 3981 2883 4036 opus
2927 3977 3009 4022 est
3051 3966 3367 4035 hominum,
3396 3979 3452 4026 et
3496 3972 3745 4040 optabile
3791 3975 3868 4031 eis

2256 4071 2363 4112 non
2394 4067 2497 4114 est.
2532 4057 2586 4113 Si
2624 4074 2755 4130 ergo
2799 4073 2985 4129 pacem
3030 4069 3339 4131 perpetuam
3387 4060 3641 4119 Felicitas
3682 4064 3885 4132 daret,~

2256 4147 2400 4205 Mars
2446 4149 2576 4220 quid
2626 4158 2833 4219 ageret,
2888 4166 2996 4206 non
3040 4149 3286 4209 haberet.
3339 4172 3359 4207 ι
3410 4152 3615 4227 (ουὶάη
3663 4157 3762 4212 ιιι».
3814 4177 3867 4215 ιιι

2258 4238 2496 4306 Fastor.,
2518 4257 2649 4296 vers.
2672 4241 2744 4296 85
2765 4252 2813 4298 et
2837 4259 2999 4313 πείρης
3023 4243 3367 4315 August.,lib.
3382 4261 3457 4301 vn
3480 4247 3544 4302 de
3566 4248 3710 4317 Civ.,
3742 4267 3865 4321 cap.

2256 4334 2347 4399 14,
2384 4350 2500 4405 pag.
2537 4334 2697 4406 175.)
2730 4334 2863 4403 Quis
2905 4350 3036 4407 ergo
3078 4336 3305 4393 moleste
3348 4353 3453 4394 non
3499 4339 3641 4397 ferat
3686 4344 3858 4401 talem

2255 4427 2417 4484 deum
2447 4440 2551 4484 tam
2582 4429 2957 4497 inhumanum,
2987 4439 3094 4486 tam
3118 4431 3416 4499 crudelem,
3448 4449 3511 4489 ac
3540 4436 3718 4493 multo
3741 4455 3863 4496 ma-

2254 4521 2339 4593 gis
2370 4520 2705 4578 Discordiam
2734 4533 2787 4578 et
2815 4522 3005 4580 Furias
3031 4525 3102 4581 ab
3128 4524 3374 4584 Ethnicis
3409 4526 3543 4587 deas
3579 4528 3714 4604 tingi
3732 4573 3753 4601 ,
3781 4534 3865 4591 in.

2258 4616 2461 4684 vocari,
2490 4618 2785 4673 honorari?

2330 4708 2436 4765 Sed
2483 4710 2744 4780 agedum,
2772 4724 2838 4766 ac
2875 4710 2923 4766 si
2951 4710 3042 4766 tibi
3068 4726 3234 4783 grave
3261 4714 3439 4771 adhuc
3463 4732 3569 4773 non
3595 4719 3696 4788 sit,
3724 4723 3860 4779 aui-

2253 4816 2425 4868 mutn,
2456 4816 2674 4874 quaeso,
2705 4803 2982 4859 nobiscum
3012 4805 3265 4874 adverte,
3293 4823 3456 4879 quam
3501 4811 3638 4868 dirte
3680 4813 3862 4872 adhuc

2252 4894 2599 4964 crudelisque
2620 4903 2823 4952 natm-ai
2853 4896 2949 4953 ille
2973 4894 3133 4953 fuerit
3159 4899 3440 4969 gentilium
3465 4902 3621 4973 deus,
3650 4904 3726 4963 de
3750 4925 3862 4979 quo

2256 4988 2565 5043 Arnobius:
2601 5005 2621 5040 ι
2658 4989 2853 5056 Curat,
2888 5009 2909 5043 ι
2957 4990 3129 5062 inquit
3172 4992 3423 5065 (Arnob.,
3473 4995 3563 5052 lib.
3605 5013 3691 5067 ιιι,
3730 5018 3858 5075 ρος.

2256 5080 2427 5154 114),
2463 5099 2482 5133 ι
2519 5080 2814 5138 Mercurius
2857 5099 3139 5148 ceromas,
3195 5086 3538 5157 pugillatibus
3580 5099 3638 5146 et
3679 5091 3858 5150 lucta.

2255 5172 2491 5229 tionibus
2522 5184 2737 5243 preacst,
2774 5192 2793 5227 ι
2828 5176 3023 5245 quibus
3058 5177 3276 5235 athleta:
3303 5194 3427 5236 sese
3466 5192 3655 5239 mutua
3684 5188 3859 5244 conli-

2254 5268 2488 5325 ciebant.
2514 5269 2587 5325 Ea
2612 5278 2794 5326 tamen
2816 5280 2934 5327 erat
2956 5273 3114 5342 hujus
3138 5272 3227 5329 dei
3251 5274 3618 5344 imbecillitas;
3665 5287 3727 5335 ut
3752 5280 3857 5337 imo

2254 5362 2442 5434 pedire
2456 5363 2778 5433 nequiverit,
2794 5365 2921 5435 quin
2939 5365 3107 5422 altera
3128 5370 3477 5438 pugnantium
3490 5368 3855 5430 luctantium-

2252 5470 2358 5527 que
2387 5471 2514 5526 pars
2543 5455 2854 5514 vinceretur
2877 5457 2945 5515 ab
2973 5457 3142 5515 altera
3160 5501 3176 5527 ,
3206 5470 3301 5516 aut
3329 5460 3530 5534 aliquid
3572 5474 3856 5534 pateretur

2251 5551 2583 5609 detrimenti.
2601 5551 2812 5609 Siccine
2827 5568 2958 5624 ergo
2977 5554 3284 5623 hujusmodi
3297 5554 3429 5612 deos
3440 5556 3645 5629 lingere
3660 5560 3853 5618 licuit!

2324 5647 2415 5711 At,
2432 5645 2637 5716 inquiet
2655 5646 2869 5718 aliquis,
2887 5648 3010 5717 quid
3036 5664 3099 5704 ea
3120 5666 3248 5719 vox,
3269 5668 3519 5718 seramus,
3544 5652 3853 5725 signiﬁcat?

2250 5740 2458 5812 Duplex
2502 5750 2589 5796 est
2633 5740 2780 5797 illius
2821 5742 3164 5815 significatio.
3206 5748 3433 5804 Ceroma
3460 5748 3605 5803 enim
3635 5758 3724 5805 est
3751 5768 3852 5809 un-

2246 5846 2526 5906 guentum,
2553 5834 2705 5903 oleo,
2733 5836 3065 5908 subactaque
3094 5851 3240 5905 cera,
3271 5848 3327 5896 et
3360 5839 3476 5897 luta
3500 5839 3846 5916 confectum,
