4000 6276
1367 336 1428 391 IN
1469 338 1845 412 ARNOBIUM,
1891 346 2039 406 CAP.
2083 348 2219 405 Xlll.
2279 354 2284 360 ’

3339 360 3448 418 5'38

159 449 271 506 quo
311 436 528 496 athleta:
552 451 626 542 .et
664 442 755 500 alii
800 447 1154 542 ungebautur.
1185 449 1324 508 Olim
1371 463 1548 510 autem
1589 473 1748 527 quam
1780 467 1830 525 Α
1855 465 2104 522 consules
2147 465 2322 522 ftedus
2365 482 2484 522 cum
2531 468 2610 524 eis
2650 470 2830 527 facere
2868 474 3041 528 coacti
3079 483 3243 542 sunt;
3277 475 3349 532 ita
3389 486 3449 533 ut

160 541 452 588 commune
482 533 855 608 vulgatumque
883 540 1041 596 fuerit
1065 584 1081 609 ,
1113 543 1288 600 disces
1319 545 1420 602 hoc
1449 549 1566 604 solo
1594 549 1751 607 Juve-

161 622 303 678 nalis
328 627 569 684 carmine
588 670 604 695 ,
629 629 730 686 nisi
757 631 900 688 aliud
928 633 1196 704 quoddam
1223 638 1396 695 simile
1413 682 1427 709 ,
1460 642 1750 712 pretiosum

162 726 354 774 notare
381 719 608 777 voluerit
635 740 669 793 ε,

817 818 1107 873 Femineum
1148 837 1343 877 ceroma
1363 863 1376 888 ,

290 874 412 935 Quis
433 879 629 928 nescit?

163 984 312 1041 Illius
338 986 512 1043 adhuc
539 990 867 1046 mentionem
911 991 1114 1050 faciunt
1143 994 1428 1066 Martialis,
1459 1007 1512 1055 et
1556 1001 1750 1073 smpius

163 1078 391 1137 Plinius.
420 1081 714 1152 (Juvenal.,
746 1088 894 1143 satir.
929 1089 983 1156 6,
1013 1100 1131 1146 ante
1163 1095 1334 1158 med.;
1361 1095 1619 1160 Martial.,
1658 1099 1747 1153 lib.

162 1186 274 1237 xiv,
303 1171 485 1244 Epigr.
517 1176 614 1242 l9;
662 1175 826 1235 Plin..
845 1180 938 1237 lib.
964 1196 1126 1238 xxvm
1159 1183 1352 1239 Nalur.
1384 1187 1527 1251 hist,
1551 1206 1668 1260 cap.
1692 1191 1747 1255 4,

161 1282 283 1335 pag.
335 1266 462 1333 575,
485 1279 534 1322 et
559 1267 649 1326 lib.
673 1286 818 1339 nux,
850 1289 969 1345 cap.
1001 1277 1052 1340 1,
1076 1294 1195 1349 pag.
1226 1278 1361 1346 672;
1391 1292 1435 1334 et
1462 1281 1550 1336 lib.
1582 1298 1748 1352 xxxv,

160 1372 278 1427 cap.
309 1359 398 1425 13,
430 1378 550 1433 pag.
581 1361 736 1436 247.)

236 1450 358 1504 Alio
399 1467 610 1524 quoque
653 1470 814 1512 sensu
859 1473 1072 1515 ceroma
1114 1461 1292 1519 locum
1331 1464 1618 1537 significat,
1660 1469 1748 1525 ubi

162 1543 328 1600 iidem
371 1547 588 1602 athleta:
621 1551 973 1622 ungebautur.
1007 1555 1090 1611 Ab
1117 1556 1308 1614 eodem
1336 1562 1532 1615 etenim
1577 1562 1752 1619 Plinio

163 1639 423 1708 scriptum
457 1641 697 1699 invenies
730 1663 744 1701 :
780 1664 799 1698 ‹
836 1647 1120 1706 Palaestras
1154 1650 1478 1710 athletarum
1510 1658 1752 1728 imagini~

159 1729 296 1796 bus,
326 1743 379 1789 et
420 1747 690 1792 ceromata
729 1755 826 1796 sua
868 1755 1151 1802 exornant.
1185 1766 1204 1800 ι
1257 1749 1300 1803 Α
1332 1749 1535 1806 Seneca
1581 1767 1749 1810 vero:

1855 556 2127 626 equitibus
2175 559 2430 614 Romanis
2459 563 2726 619 sexcentis
2755 564 3032 622 obsidibus
3061 566 3229 633 datis,
3259 570 3442 626 cteteri

1853 651 2066 704 amissis
2095 651 2261 706 armis
2281 694 2296 718 ,
2325 653 2550 724 aliisque
2592 656 2835 726 Spoliati,
2865 659 3164 730 privatique
3194 662 3447 734 tegmini-

1854 743 1993 809 bus,
2024 745 2128 800 sub
2167 746 2352 818 jugum
2402 747 2634 804 hostium
2677 765 2798 805 cum
2845 753 3179 809 vestimentis
3221 753 3446 826 singulis

1854 838 2227 895 mitterentur?
2265 858 2285 892 ι
2337 837 2614 912 (August.,
2643 843 2728 899 lib.
2786 860 2842 901 ιιι
2883 846 2945 901 de
2973 843 3158 914 Cirin,
3202 864 3319 920 cap.
3351 848 3442 918 17,

1852 951 1972 1006 pag.
2000 934 2115 1008 75.)

1923 1028 2036 1085 Nec
2061 1045 2122 1085 ea
2155 1031 2268 1086 sola
2298 1034 2388 1087 futt
2413 1073 2429 1098 ,
2461 1048 2567 1087 non
2592 1032 2920 1102 impediente
2948 1033 3209 1100 Pellonia,
3243 1033 3442 1090 Roma-

1855 1135 2044 1176 norum
2087 1131 2312 1194 strages.
2365 1124 2561 1180 Verum
2606 1143 2620 1178 :
2667 1125 2816 1196 Apud
2875 1125 3197 1182 Thrasimetti
3233 1144 3446 1198 quoque

1853 1214 2040 1283 lacum,
2060 1219 2234 1288 pergit
2263 1227 2449 1273 auctor
2479 1230 2662 1274 noster
2693 1219 2934 1293 (Arnob.,
2964 1220 3052 1276 lib.
3083 1235 3160 1288 tv,
3191 1239 3243 1294 p.
3289 1219 3438 1294 129),

1851 1312 2117 1380 sanguinei
2145 1329 2413 1366 cucurrere
2433 1323 2694 1368 torrentes.
2731 1314 2785 1368 In
2817 1329 2946 1385 agro
2974 1323 3152 1370 autem
3181 1314 3446 1372 Perusino

1853 1401 1988 1458 situs
2022 1412 2104 1458 est
2155 1403 2241 1458 hic
2285 1405 2430 1459 lacus
2453 1447 2468 1471 ,
2499 1406 2583 1461 ubi
2618 1405 2881 1462 Flaminio
2909 1407 3132 1464 consule
3177 1417 3232 1464 et
3281 1407 3441 1478 duce,

1855 1495 2127 1550 Romanus
2153 1497 2423 1552 exercitus
2443 1496 2510 1552 ab
2535 1498 2796 1553 Annibale
2819 1498 2967 1554 fusus
2991 1499 3304 1571 deletusque
3324 1499 3440 1556 fuit.

1854 1587 2144 1644 Historiam
2169 1599 2352 1644 narrat
2378 1589 2582 1654 Livius,
2605 1605 2670 1646 ac
2692 1601 2900 1660 postea,
2926 1589 3068 1647 hmic
3094 1591 3182 1648 ille
3210 1591 3447 1664 loquitur

1853 1682 1907 1737 in
1931 1683 2146 1738 modum
2173 1703 2187 1737 :
2222 1703 2240 1734 ‹
2279 1683 2405 1739 [hec
2443 1693 2526 1739 est
2570 1683 2767 1739 nobilis
2796 1685 2861 1739 ad
2891 1684 3316 1758 Tltrasymenum
3347 1702 3446 1757 pu-

1852 1791 1974 1844 gna,
2008 1785 2169 1846 atque
2197 1777 2338 1832 inter
2369 1791 2564 1846 paucas
2607 1785 2904 1831 memorata
2945 1775 3309 1833 Romanorum
3336 1778 3446 1834 cla-

165 1843 184 1877 ι
225 1825 282 1881 ln
310 1839 698 1888 ceromate.....
725 1845 996 1905 spectator
1023 1855 1308 1910 puerorum
1347 1843 1633 1900 rixantium
1664 1860 1747 1902 se-

2011 1825 2167 1846 _-,_-
2371 1825 2562 1846 rw---
2607 1825 2904 1831 κων---
2945 1825 3007 1830 --.
3031 1825 3309 1833 ---_.--._.--
3341 1825 3417 1834 -.-

1855 1867 1972 1923 des.
1992 1867 2308 1936 Quindecim
2341 1868 2506 1923 millia
2539 1869 2904 1924 Romanorum
2928 1869 2980 1924 itt
3002 1870 3116 1925 acie
3135 1885 3274 1926 causa
3295 1879 3444 1939 sunt,

158 1921 274 1976 det.
313 1943 330 1976 ι
370 1921 569 1996 (Idem,
603 1927 692 1982 lt'b.
742 1944 906 1997 xxxv,
952 1948 1068 2000 cap.
1109 1933 1164 1998 2,
1203 1952 1325 2005 pag.
1372 1936 1505 2000 171;
1541 1937 1748 2006 Scaea,

159 2015 254 2069 lib.
283 2015 345 2069 de
372 2014 562 2071 Brevil.
589 2021 724 2088 vine,
757 2038 874 2094 cap.
901 2023 956 2088 2,
985 2042 1102 2096 pag.
1138 2026 1297 2099 567.)
1324 2027 1549 2084 Ceroma
1572 2040 1750 2088 autem

160 2105 268 2163 hoc
294 2111 530 2166 secundo
556 2127 715 2169 sensu
744 2115 811 2169 ab
838 2117 1076 2173 Arnobio
1102 2121 1271 2190 accipi
1301 2123 1528 2180 videtur.
1557 2125 1753 2182 Scribit

158 2202 307 2259 enim
332 2219 664 2274 persuasum,
685 2210 780 2265 sed
803 2210 1020 2280 frustra,
1044 2213 1272 2270 ethnicis
1294 2217 1457 2273 fuisse
1482 2233 1747 2287 ccromas,

157 2307 256 2350 seu
285 2297 461 2364 potius
491 2311 765 2357 ceromata
792 2318 821 2358 a
851 2291 1114 2363 Mercurio
1151 2311 1347 2367 curari.
1387 2311 1540 2380 Quod
1570 2323 1749 2370 autem

159 2389 360 2460 adjecit
399 2392 543 2451 hunc
584 2397 922 2468 pugillatihus
959 2418 1172 2475 quoque
1213 2419 1466 2474 praeesse,
1494 2416 1550 2461 et
1583 2406 1750 2461 lucta-

160 2485 418 2551 tionibus,
447 2489 499 2545 id
531 2492 747 2561 probari
772 2504 947 2562 potest
973 2495 1056 2552 his
1081 2496 1354 2554 Prudentii
1381 2501 1706 2556 carminibus
1732 2519 1745 2557 :

253 2600 380 2676 "ltum
393 2606 797 2676 mastigophoris,
807 2607 1029 2676 Aoleoque
1056 2619 1110 2662 et
1133 2614 1386 2676 gymnadis
1405 2624 1512 2666 arte

261 2664 433 2737 Unctis
454 2664 712 2737 pugilibus.
735 2671 880 2737 miles
894 2664 1408 2737 pu'gnaltatvlﬁtruscus,

257 2727 362 2803 ἔρα
385 2727 554 2803 petas?)
574 2733 777 2793 insignis
802 2727 1022 2803 poterat,
1036 2727 1566 2803 Laced._cmone'capta,

256 2789 747 2864 Mercurius_s_ervare
768 2789 881 2864 suas
897 2797 961 2846 de
981 2789 1118 2849 clade
1141 2801 1405 2864 palmtras.

525 2857 804 2921 (Prudent.,
826 2855 912 2910 lib.
934 2875 986 2920 ιι,
1009 2855 1450 2929 cont.'SyumtacIt.,
1469 2870 1496 2933 §
1514 2869 1586 2932 4.)

159 2961 529 3018 Pellendorum
575 2979 735 3035 porro
781 2967 1001 3022 hostium
1040 2971 1135 3024 dea
1183 2981 1395 3041 potens,
1444 2975 1517 3030 uti
1564 2985 1748 3046 postea

159 3068 346 3113 narrat
378 3059 647 3117 Arnobius
673 3060 913 3130 (Arnob.,
935 3063 1025 3117 lib.
1057 3080 1108 3119 tv
1128 3105 1142 3129 ,
1171 3082 1290 3137 pag.
1325 3067 1479 3138 128),
1508 3068 1749 3126 Pellonia

157 3151 465 3221 putabatur.
511 3151 873 3221 Quamobrem
906 3156 1270 3226 Augustinus:
1303 3159 1358 3214 Si
1386 3159 1508 3228 dea,
1543 3161 1748 3231 inquie-

1852 1960 2040 2015 deccm
2073 1960 2240 2015 millia
2266 1975 2475 2031 sparsa,
2504 1961 2622 2031 fuga
2667 1977 2761 2031 per
2798 1976 3016 2016 omnem
3051 1962 3340 2030 Etruriam,
3365 1961 3444 2019 di-

1855 2052 2025 2106 versis
2052 2052 2338 2109 itineribus
2368 2052 2594 2108 Ruinam
2628 2052 2852 2124 petiere.
2885 2073 2904 2105 ι
2938 2052 3042 2108 Sed
3073 2053 3141 2108 de
3174 2053 3273 2110 hac
3292 2054 3448 2112 clado

1852 2143 2034 2216 legere
2065 2147 2268 2216 poteris
2294 2145 2574 2217 Polybium
2598 2188 2613 2213 ,
2659 2144 2932 2201 Valerium
2963 2144 3250 2202 Maximum
3271 2188 3288 2214 ,
3316 2145 3446 2203 Ovi-

1851 2237 2021 2301 dium,
2053 2246 2110 2292 et
2137 2238 2273 2293 alios
2297 2253 2328 2292 a
2357 2238 2510 2294 nobis
2543 2237 2595 2292 in
2625 2237 3006 2293 dissertatione
3053 2238 3318 2309 superiori
3364 2239 3447 2296 ci-

1851 2337 2012 2384 tatos.
2045 2329 2204 2400 (Liv.,
2235 2330 2326 2385 lib.
2353 2346 2485 2396 xxn,
2521 2330 2550 2401 §
2592 2331 2654 2396 7;
2685 2328 2896 2400 Polyb.,
2927 2329 3015 2385 lib.
3044 2346 3101 2385 ιιι
3134 2329 3296 2395 Βία..
3324 2349 3445 2404 pag.

1849 2421 1976 2490 255,
2020 2433 2068 2476 et
2109 2439 2285 2495 seqq.;
2328 2424 2441 2478 Val.
2490 2423 2658 2488 Max"
2691 2423 2778 2478 lib.
2809 2441 2846 2490 ι,
2879 2443 2996 2498 cap.
3025 2425 3078 2491 6,
3109 2425 3136 2497 §
3165 2425 3232 2492 6;
3266 2424 3446 2493 Ovid.,

1851 2516 1939 2570 lib.
1965 2533 2018 2572 γι
2060 2514 2292 2584 Fusium,
2317 2535 2439 2590 pag.
2473 2517 2607 2584 685;
2630 2517 2846 2574 Dissert.
2879 2522 2934 2576 in
2965 2520 3186 2589 Minue,
3213 2537 3331 2592 cap.
3353 2521 3444 2587 17,

1849 2621 1949 2666 art.
1979 2609 2059 2683 5.)

1922 2704 2084 2759 Addit
2124 2704 2357 2775 denique
2390 2706 2658 2761 Arnobius
2688 2706 2984 2764 Pelloniam
3028 2722 3135 2763 non
3166 2707 3402 2764 adfuisse
3429 2726 3445 2766 :

1859 2815 1875 2849 ι
1913 2797 2048 2852 Cum
2085 2797 2356 2853 Diomedis
2398 2799 2574 2869 campi
2615 2801 2856 2855 romanis
2896 2799 3248 2857 cadaveribus
3282 2815 3448 2872 agge-

1850 2892 1952 2947 rati
1989 2900 2133 2946 sunt.
2176 2912 2195 2944 ι
2231 2892 2469 2962 (Arnob.,
2502 2893 2590 2947 lib.
2633 2909 2710 2959 tv,
2739 2912 2857 2966 pag.
2893 2892 3042 2966 129.)
3075 2893 3152 2950 De
3181 2892 3447 2950 Cannensi

1852 2999 2026 3054 pugna
2073 2993 2128 3040 et
2175 2985 2330 3040 clade
2380 2985 2522 3039 haud
2567 2985 2728 3042 dubie
2775 2988 3046 3056 loquitur,
3077 3002 3236 3058 quam
3268 2985 3449 3042 Livius

1851 3077 2036 3132 scribit
2063 3077 2131 3132 ab
2155 3075 2352 3132 Marcio
2383 3077 2574 3132 illustri
2606 3088 2727 3133 vate
2773 3077 2858 3132 his
2903 3079 3072 3133 ferme
3101 3079 3279 3136 verbis
3311 3095 3448 3150 pra:-

1851 3169 2093 3225 dictam:
2131 3191 2148 3223 ι
2184 3177 2411 3226 Amnem
2458 3170 2792 3242 Trojugenas
2833 3169 3072 3225 Cannam
3099 3211 3114 3235 ,
3166 3171 3444 3240 Romane,

158 3243 286 3312 bat,
335 3260 523 3300 revera
569 3246 640 3302 sit
691 3246 986 3304 Felicitas:
1028 3269 1047 3302 σ
1099 3249 1208 3306 Cur
1257 3263 1402 3308 esset
1452 3254 1747 3312 invocanda
1777 3248 2006 3334 Cinge;
2040 3280 2107 3320 ne
2149 3275 2199 3319 te
2236 3263 2553 3335 alienigenae
2597 3274 2792 3334 wgant
2834 3265 2886 3319 iu
2937 3278 3129 3334 campo
3177 3264 3449 3321 Diomedis

159 3348 380 3409 pr0ptrr
408 3337 584 3394 fessos
611 3339 732 3395 diva
772 3340 1027 3398 Fessonia
1049 3385 1064 3410 ,
1100 3357 1318 3416 pr0pter
1347 3345 1530 3402 hoStes
1559 3348 1748 3417 depel-

157 3430 348 3488 lendos
393 3431 514 3487 diva
552 3433 837 3489 Pellonia?
872 3455 890 3488 ι
927 3435 1191 3509 (August,
1237 3439 1324 3493 lib.
1365 3455 1416 3494 tv
1466 3441 1529 3495 de
1569 3439 1747 3510 Cirin,

157 3543 275 3597 cap.
315 3525 406 3594 2i,
439 3543 558 3597 pag.
592 3527 745 3595 103.)
775 3527 972 3584 Verum
1004 3531 1272 3586 Arnobius
1301 3532 1407 3588 alio
1436 3545 1752 3604 argumento

159 3618 348 3674 falsam
389 3619 530 3675 illius
567 3621 900 3677 divinitatem
943 3624 1198 3681 detrudit.
1231 3625 1363 3681 Nam
1393 3637 1649 3700 utraque,
1675 3631 1752 3686 ait

160 3714 278 3778 ille,
297 3714 528 3770 hostium
549 3715 691 3772 inter
707 3733 764 3773 se
793 3721 1136 3789 pugnantium
1163 3738 1286 3792 pars
1315 3723 1476 3794 hujus
1501 3725 1615 3781 deae
1637 3743 1750 3783 suae

157 3808 411 3880 praesidio
443 3823 566 3864 sese
593 3810 820 3867 invicem
854 3813 1054 3883 pellere
1083 3813 1378 3871 debuisset.

232 3899 342 3956 Nec
388 3901 612 3957 Romani
655 3904 984 3970 respondere
1028 3916 1276 3976 poterant
1325 3924 1474 3963 suam
1525 3925 1664 3975 esse,
1695 3921 1750 3968 et

158 4008 266 4049 non
295 3993 520 4048 aliorum
547 4037 562 4063 ,
589 3996 726 4050 hanc
753 3996 906 4052 deam
941 3998 1177 4068 (Arnob.,
1220 4002 1308 4054 lib.
1338 4018 1415 4069 tv,
1448 4020 1570 4074 pag.
1603 4004 1746 4076 129).

159 4083 374 4141 Etenim
418 4085 523 4142 dici
569 4104 674 4142 non
719 4099 896 4159 potest
924 4091 989 4145 iis
1021 4091 1148 4148 deas
1179 4093 1376 4159 fuisse,
1411 4105 1570 4167 atque
1612 4098 1749 4154 hanc

157 4179 474 4234 nominatim
520 4181 590 4235 ita
639 4181 964 4251 peculiares;
1015 4194 1072 4238 ut
1122 4185 1345 4240 aliarum
1399 4191 1748 4258 quarumdam

155 4273 393 4344 gentium
423 4289 526 4328 non
562 4275 779 4331 fuerint.
813 4277 1013 4332 Deinde
1043 4295 1170 4334 vero
1201 4280 1313 4336 haec
1343 4281 1480 4338 bona
1512 4283 1608 4338 dea
1642 4300 1746 4340 non

156 4369 322 4424 modo
347 4369 713 4425 Romanorum
747 4371 927 4428 hostes
953 4388 1098 4444 sarpe
1128 4373 1323 4445 saepius
1371 4391 1479 4432 non
1519 4377 1745 4448 depulit,

156 4463 252 4518 sed
284 4478 438 4534 mquo
465 4465 626 4519 etiam
661 4455 820 4534 passa
847 4477 928 4522 est
953 4468 1134 4524 animo
1157 4469 1278 4525 illos
1303 4474 1558 4528 maximis
1582 4474 1746 4528 cladi.

157 4555 256 4612 bus
285 4556 446 4628 afﬂigi
481 4573 545 4612 ac
582 4559 873 4630 profligari.
910 4559 1139 4616 Ubinam
1181 4564 1323 4618 enim
1369 4564 1605 4620 Pellouia
1657 4567 1743 4622 illa

1853 3373 2143 3414 conserere
2172 3373 2381 3412 manus.
2419 3356 2525 3412 Sed
2559 3372 2730 3427 neque
2756 3367 2812 3412 tu
2841 3355 3030 3412 credas
3075 3355 3205 3411 mihi
3226 3397 3244 3423 ,
3273 3357 3447 3413 donec

1853 3450 2214 3520 compleveris
2232 3451 2490 3522 sanguine
2503 3464 2776 3521 campum,
2797 3450 3068 3520 multaque
3083 3449 3245 3504 millia
3266 3449 3446 3506 occisa

1854 3551 1940 3598 tua
1968 3541 2170 3599 deferat
2199 3545 2373 3598 amnis
2401 3543 2453 3597 in
2479 3541 2707 3597 Pontum
2734 3557 2984 3612 magnum
3011 3556 3078 3596 ex
3109 3551 3252 3597 terra
3277 3541 3447 3613 frugi-

1853 3635 1986 3703 fera,
2020 3637 2283 3708 piscibus,
2310 3647 2469 3707 atque
2497 3636 2705 3702 avibus,
2736 3635 2972 3707 ferisque
2994 3677 3008 3700 ,
3044 3651 3163 3705 qua:
3208 3635 3448 3691 incolunt

1852 3740 2049 3796 terras,
2081 3731 2147 3786 iis
2192 3730 2284 3785 fiat
2329 3746 2452 3786 esca
2499 3747 2626 3786 caro
2666 3739 2778 3785 tua.
2811 3729 2941 3785 Nam
2974 3730 3103 3784 mihi
3136 3731 3206 3784 ita
3235 3730 3448 3801 Jupiter

1850 3823 1993 3879 fatus
2023 3834 2125 3879 est.
2169 3843 2186 3875 ι
2221 3822 2386 3892 (Liv.,
2421 3823 2512 3878 lib.
2542 3839 2668 3890 xxv,
2703 3822 2732 3894 §
2767 3822 2880 3894 12.)
2908 3822 3110 3891 Quibus
3159 3822 3252 3878 ille
3294 3822 3446 3894 adje-

1850 3919 1951 3974 cit:
1980 3938 1998 3970 ‹
2027 3919 2090 3974 Et
2112 3917 2384 3974 Diomedis
2405 3919 2589 3989 Argivi
2617 3933 2857 3988 campos,
2881 3929 2932 3973 et
2961 3916 3199 3972 Cannam
3222 3915 3442 3985 flumen,

1851 4011 1940 4079 qui
1973 4011 2334 4065 militaverant
2355 4011 2406 4063 iu
2428 4009 2492 4065 iis
2515 4009 2668 4078 locis,
2685 4009 2836 4078 juxta
2855 4019 3018 4077 atque
3045 4009 3212 4079 ipsam
3236 4009 3444 4066 cladem

1850 4104 2237 4174 agnoscebant.
2280 4123 2298 4156 ι
2335 4103 2496 4177 (Ibid.
2528 4120 2574 4158 c.
2607 4105 2662 4171 6,
2691 4114 2738 4160 et
2767 4105 2908 4174 prius
2933 4104 3022 4160 lib.
3058 4104 3150 4170 22,
3193 4123 3240 4160 c.
3275 4105 3366 4168 45,
3401 4114 3447 4160 et

1849 4200 2016 4267 seqq.)
2047 4198 2152 4253 Sed
2193 4197 2309 4253 haec
2350 4198 2438 4252 ille
2483 4213 2604 4252 cum
2637 4197 2731 4264 ibi,
2764 4208 2874 4253 tum
2904 4198 3028 4253 alibi
3057 4197 3230 4256 fusius
3259 4213 3446 4270 prose~

1849 4292 2052 4362 quitur,
2082 4292 2534 4362 quemadmodum
2557 4292 2831 4363 Polybius,
2861 4292 3070 4357 Florus,
3093 4295 3441 4364 Augustinus,

1849 4393 1904 4440 et
1939 4385 2052 4440 alii.
2089 4386 2360 4440 Diomedis
2405 4403 2566 4457 porro
2609 4389 2784 4458 campi
2829 4389 2954 4444 dicti
2998 4396 3140 4455 sunt,
3171 4389 3294 4458 quia
3325 4401 3447 4459 pOSt

1849 4477 2182 4534 vulneratam
2231 4477 2499 4535 Venerem
2544 4479 2661 4545 ille,
2689 4481 2858 4549 patria
2903 4480 3126 4544 relicta,
3161 4480 3440 4550 Apuliam,

1847 4578 2036 4634 Servio
2065 4579 2292 4646 aliisque
2320 4579 2459 4634 bene
2489 4575 2669 4630 multis
2697 4573 2957 4638 testibus,
2986 4574 3274 4630 incoluisse
3314 4589 3442 4645 per-

156 4650 255 4707 dea
283 4661 419 4720 erat,
449 4651 524 4706 ait
551 4653 818 4708 Arnobius
846 4653 1061 4726 (lbid.),
1097 4674 1117 4708 ι
1151 4657 1361 4723 quando
1391 4658 1456 4713 ad
1484 4659 1746 4716 Furculas
1772 4639 1826 4699 Ῑ)
1851 4676 2082 4732 hibetur,
2134 4639 2370 4747 (p-olyb”
2403 4674 2491 4728 ub.
2534 4689 2588 4728 ιιι
2621 4671 2846 4738 Ηὶειονη
2889 4689 3008 4741 pag.
3040 4670 3148 4726 256
3181 4679 3230 4724 et
3262 4639 3398 4744 seqq.
3424 4690 3440 4738 ;

154 4743 424 4799 Caudinas
449 4743 614 4800 decus
642 4745 908 4816 publicum
936 4747 1276 4818 subjugatum
1306 4751 1426 4804 est?
1457 4771 1476 4804 ι
1504 4751 1746 4809 Furcula:

154 4851 287 4894 vero
325 4853 419 4894 seu
448 4838 635 4894 Furcae
655 4879 670 4905 ,
699 4851 792 4894 aut
818 4838 1022 4896 Fauces
1048 4840 1302 4896 Caudinae
1345 4857 1375 4896 a
1416 4843 1629 4912 Caudo,
1660 4845 1747 4901 vel

155 4931 381 4999 Caudio,
408 4933 707 4989 Samnitum
730 4935 780 4988 in
801 4933 949 4989 ltalia
972 4950 1136 5005 prope
1158 4935 1521 4993 Beneventum
1545 4939 1746 5008 oppido

157 5037 511 5098 nuncupatas,
541 5028 735 5099 insigni
776 5028 1140 5083 Romanorum
1185 5031 1336 5086 clade
1377 5031 1741 5088 celebrantur.

157 5120 234 5176 lbi
263 5123 462 5192 quippe
491 5121 700 5178 illorum
730 5124 920 5194 c0pize,
951 5123 1013 5177 Τ.
1044 5122 1262 5179 Veturio
1289 5123 1538 5193 Calvino,
1570 5138 1621 5181 et
1645 5125 1740 5198 Sp.

157 5215 474 5272 Posthnmio
500 5217 813 5272 consulibus
844 5228 897 5272 et
924 5218 1171 5279 ducibus.
1205 5219 1438 5287 undique
1469 5219 1537 5274 ab
1569 5219 1742 5274 hosti-

157 5308 258 5363 bus
288 5311 546 5374 obsessze,
578 5309 644 5364 ad
675 5324 767 5363 eas
793 5311 1064 5382 angustias
1096 5311 1330 5366 redacta:
1365 5321 1524 5376 sunt,
1555 5322 1608 5366 ιιι
1642 5329 1740 5382 po-

158 5403 276 5456 sitis
302 5403 498 5467 armis,
534 5402 632 5456 snb
675 5402 880 5457 illorum
907 5448 921 5469 ,
949 5404 1022 5459 uti
1053 5403 1235 5459 Livius
1259 5405 1476 5460 uberius
1507 5406 1744 5462 narravit

161 5493 322 5565 (Lio.,
351 5495 438 5548 lib.
471 5511 540 5558 ις,
570 5495 705 5559 iuit.,
727 5507 772 5548 et
799 5496 886 5550 lib.
916 5513 1044 5564 xxv,
1075 5515 1187 5571 cap.
1221 5499 1318 5570 6),
1352 5498 1534 5570 iugum
1567 5499 1745 5555 missae

159 5587 286 5642 sint.
315 5589 653 5656 Quapmpter
680 5590 1007 5658 Augustinus
1049 5589 1152 5644 hoc
1195 5592 1383 5647 eodem
1415 5593 1662 5664 exemplo
1690 5602 1746 5648 et

160 5689 477 5748 argumento
501 5681 768 5748 ethnicos,
790 5683 1240 5752 quemadmodum
1274 5685 1563 5756 Arnobius,
1596 5688 1746 5744 refel-

160 5770 260 5826 lit:
297 5791 315 5822 ι
358 5771 456 5828 Ubi
495 5773 770 5838 crautdii,
812 5795 830 5826 ι
868 5776 1058 5846 inquit,
1097 5795 1115 5828 ι
1153 5779 1366 5848 quando
1398 5783 1448 5836 in
1478 5780 1745 5838 Caudinas

168 5864 420 5924 Furculas
444 5881 475 5922 a
500 5866 830 5924 Samnitibus
869 5868 1106 5937 obsessi,
1137 5871 1296 5928 ambo
1338 5889 1458 5930 eum
1504 5878 1741 5935 exercitu

1849 4769 2022 4838 Flor.,
2055 4770 2142 4824 lib.
2173 4786 2229 4829 ll.
2262 4787 2309 4824 c.
2337 4769 2402 4831 6;
2441 4768 2682 4838 August.,
2718 4767 2806 4820 lib.
2833 4783 2886 4822 nt
2935 4767 2998 4820 de
3047 4765 3222 4832 Civit.,
3251 4783 3303 4821 c.
3337 4766 3439 4834 l9;

1849 4863 2022 4926 Sera,
2051 4863 2104 4915 in
2133 4861 2220 4915 lib.
2244 4875 2337 4914 vnt
2365 4857 2608 4925 Αζιιεὶάη
2639 4875 2758 4929 pag.
2793 4858 2948 4931 487.)

1919 4956 2056 5023 Quid
2083 4955 2150 5009 ad
2181 4955 2296 5009 hmo
2324 4953 2560 5008 ethnici?
2592 4953 3009 5024 Respondebant
3040 4953 3174 5010 deos
3190 4953 3440 5010 sinistra-

1848 5065 1967 5104 rum
1996 5049 2226 5120 partium
2256 5062 2377 5103 esse
2405 5045 2684 5118 przesides,
2716 5057 2770 5100 ct
2798 5046 3142 5102 dexterarum
3173 5047 3436 5103 inimicos.

1851 5145 2034 5214 Neque
2060 5145 2262 5200 dixeris
2283 5144 2421 5200 hanc
2450 5145 2520 5200 ab
2545 5143 2780 5200 Auctore
2803 5157 3010 5209 nostro.
3043 5161 3202 5214 quam
3230 5144 3440 5201 facilius

1851 5238 2138 5304 refutaret,
2167 5238 2332 5309 gratis
2379 5238 2554 5292 fictam
2584 5241 3016 5308 responsionem.
3052 5236 3437 5292 Litteris-enim

1850 5331 2155 5386 mandatum
2184 5347 2212 5384 a
2241 5331 2480 5386 Varrone
2512 5330 2739 5398 legimus
2770 5349 2784 5387 :
2821 5349 2839 5382 ι
2874 5331 3002 5399 Qua:
3039 5330 3256 5385 sinistra
3285 5338 3435 5397 sunt,

1848 5424 1986 5478 bona
2014 5423 2248 5494 auspicia
2276 5423 2674 5478 existimantur.
2706 5425 2748 5478 A
2782 5438 2887 5492 quo
2908 5422 3163 5477 dicuntur
3193 5423 3433 5490 comitia,

1847 5513 2060 5570 aliudve
2087 5515 2210 5584 quid
2242 5514 2328 5579 sit,
2360 5515 2463 5570 dici
2501 5529 2601 5569 ave
2629 5515 2877 5574 sinistra:
2909 5531 3028 5584 qua:
3059 5529 3202 5568 nunc
3225 5525 3340 5579 est;
3380 5515 3433 5571 id

1846 5623 1876 5662 a
1902 5623 2081 5678 graico
2111 5618 2225 5672 est,
2257 5608 2398 5679 quod
2429 5609 2481 5663 hi
2509 5610 2777 5664 sinistram
2806 5618 2999 5665 vocant
3029 5613 3230 5666 σκαιάν.
3263 5630 3281 5663 ι
3309 5611 3433 5668 Ser-

1845 5701 1966 5756 vius
1996 5717 2125 5758 vero
2159 5721 2172 5758 :
2208 5721 2226 5754 ‹
2262 5703 2571 5767 Sinistrum,
2601 5723 2619 5756 ι
2653 5703 2842 5774 inquit,
2881 5721 2900 5754 ι
2928 5718 3276 5774 prosperum;
3305 5705 3429 5775 quia

1847 5795 2068 5851 caeleste
2098 5806 2200 5852 est.
2227 5795 2514 5852 Sinistrum
2541 5805 2718 5852 autem
2747 5812 2775 5850 a
2806 5795 3054 5864 sinendo,
3083 5806 3338 5866 quantum
3363 5797 3430 5853 ad

1845 5889 2064 5955 auguria
2093 5890 2359 5959 pertinet;
2401 5889 2540 5960 quod
2581 5905 2679 5945 nos
2704 5906 2862 5962 agere
2887 5892 3045 5948 sinat.
3079 5891 3230 5948 Unde
3259 5890 3384 5948 alibi
3413 5910 3429 5947 :
