3980 6294
542 348 655 413 531

1782 344 2231 425 assmulo
2258 346 2541 425 Primus

3717 376 3814 437 510

546 469 608 528 Si
634 474 790 542 quem
819 471 1185 530 nominalaeva
1207 470 1686 565 sinant.Sinistras
1705 464 1881 536 autem
1905 490 2134 551 septem-
2158 478 2208 544 Α
2235 480 2416 537 deficit
2455 465 2599 539 haud
2640 470 2800 555 plane
2839 470 3050 541 infirma
3092 466 3250 542 ratio.
3294 478 3521 561 Scriptis
3563 476 3749 565 quippe
3786 513 3813 552 a

547 566 804 625 trionales
831 580 950 621 esse
973 570 1237 638 augurum
1278 564 1564 641 disciplina
1593 573 1863 630 consentit
1889 592 1903 638 ;
1936 583 1989 630 et
2016 575 2137 630 ideo

546 674 613 716 ex
638 660 750 730 ipsa
770 669 921 730 parte
942 656 1359 731 Significantiora
1385 662 1633 734 fulmina,
1653 671 1904 738 quoniam
1924 668 2134 735 altiora,

544 760 601 807 et
645 750 903 808 viciniora
949 754 1224 811 domicilio
1268 756 1435 813 lovis.
1496 778 1515 811 ι
1575 758 1794 830 (Varro,
1841 759 1930 813 lib.
1974 776 2025 814 vt
2077 744 2142 814 de

544 845 694 917 Lirig.
725 847 894 915 latim,
926 846 1047 920 pag.
1075 846 1174 916 88;
1201 851 1375 919 Seria,
1408 854 1460 906 in
1502 834 1684 909 Libani
1715 851 1959 923 Λῖηείᾶη
1994 871 2125 908 vers.

546 939 698 1013 693.)

617 1036 686 1088 At
713 1030 820 1104 quo
843 1032 1047 1091 certius
1067 1038 1390 1108 graviusque
1414 1040 1644 1110 gentiles
1667 1041 1780 1094 hmc
1805 1040 2139 1107 asserebant,

544 1139 612 1181 eo
638 1125 868 1181 validius
909 1128 978 1182 ab
1023 1131 1264 1186 Arnobio
1307 1142 1491 1187 nostro
1541 1124 1881 1188 refelluntur.
1917 1133 2142 1189 Mundus

546 1218 822 1275 enimvero
849 1228 919 1274 to:
934 1224 1033 1287 us;
1069 1223 1140 1276 uti
1173 1223 1264 1278 ille
1288 1226 1499 1295 arguit,
1530 1230 1650 1281 cum
1681 1236 1824 1281 teres
1853 1218 2141 1282 rotundusJ

546 1327 653 1383 que
694 1315 795 1378 sit,
837 1314 1036 1369 nullam
1088 1318 1263 1387 neque
1307 1318 1625 1387 dexteram,
1658 1336 1831 1390 neque
1871 1322 2141 1377 sinistram

552 1416 756 1475 partem
803 1406 984 1463 habet.
1015 1406 1196 1465 Nostri
1225 1421 1402 1467 autem
1434 1420 1633 1469 tantum
1667 1426 1937 1485 respectu,
1968 1426 2023 1472 et
2045 1430 2142 1487 po-

548 1500 773 1567 sitidne,
800 1515 862 1555 ac
888 1502 1165 1558 dumtaxat
1192 1505 1317 1559 dum
1346 1507 1669 1577 quiescimus
1692 1550 1707 1573 ,
1747 1513 1866 1578 pars
1893 1509 2023 1563 laeva
2056 1498 2146 1565 aui

548 1596 772 1651 dextera
802 1596 1019 1653 dicitur.
1053 1590 1184 1653 Nam
1216 1609 1442 1671 utraque
1477 1616 1601 1672 pars
1631 1603 1870 1672 quolibet
1912 1602 2144 1657 mutatur

545 1689 797 1760 corporis
825 1692 993 1745 nostri
1028 1684 1197 1745 motu.
1231 1692 1314 1747 Ad
1346 1692 1461 1749 haec
1500 1708 1652 1759 vero,
1679 1694 1806 1764 quid
1836 1696 2066 1750 sinistrae
2090 1702 2147 1751 et

549 1781 792 1837 desiere:
820 1791 1000 1852 partes
1029 1784 1369 1849 meruerunt;
1397 1796 1452 1839 ut
1476 1786 1556 1841 lia:
1582 1788 1698 1841 sine
1727 1786 1848 1841 ullis
1876 1787 1980 1841 diis
2010 1802 2145 1857 prae-

2238 575 2410 641 LNio,
2434 574 2690 648 Dionysio
2716 577 3146 645 llalicarnasseo,
3176 578 3385 637 Valerio
3418 580 3663 653 Maximo,
3693 587 3811 641 Pro-

2239 662 2434 737 pertio,
2466 666 2658 724 Ovidio
2685 678 2734 723 et
2766 662 2888 724 aliis
2920 662 3178 726 traditum
3211 674 3293 727 est
3322 668 3592 743 quomodo
3622 674 3809 745 Tatius,

2239 775 2360 815 cum
2388 761 2603 816 Sabinis
2633 762 2686 817 in
2717 761 3105 832 Capitolinum,
3138 779 3193 819 ut
3217 771 3291 820 ait
3314 769 3605 837 Arnobius,
3638 770 3814 825 collem

2240 868 2269 905 a
2324 852 2538 923 Tarpeii
2595 854 2699 909 lilia
2751 855 2954 926 virgine
3021 858 3359 913 introductus
3419 859 3571 915 fuerit
3631 860 3812 933 (Liv.,

2246 944 2336 1000 lib.
2368 963 2405 1012 ι,
2437 944 2463 1018 §
2494 946 2554 1001 11
2589 958 2637 1000 et
2662 965 2769 1015 seq.
2796 964 2815 1013 ;
2845 948 3092 1021 Dionys.,
3125 950 3211 1005 lib.
3242 967 3301 1029 ll,
3341 970 3461 1024 pag.
3495 954 3595 1009 105
3625 964 3668 1008 et
3694 972 3815 1021 seq.;

2250 1032 2423 1092 Vitler.
2465 1034 2646 1107 Μαι,
2681 1038 2771 1095 lib.
2821 1059 2873 1097 ιι
2898 1085 2912 1107 ,
2945 1038 3058 1114 cup.
3097 1046 3160 1112 6,
3275 1046 3342 1110 1;
3388 1045 3585 1119 Ρνομ,
3631 1049 3712 1102 lib.
3739 1065 3817 1115 tv,

2241 1128 2369 1202 eleg.
2398 1134 2473 1197 4;
2506 1132 2659 1187 Ovid.
2683 1175 2698 1201 ,
2756 1126 2842 1188 lib.
2879 1151 2895 1189 ι
2940 1133 3123 1202 Fasl.,
3182 1132 3208 1209 §
3261 1138 3357 1209 5).
3395 1139 3673 1211 Dionysius
3700 1156 3817 1205 vero

2242 1222 2686 1283 HaliCarnasseus
2713 1227 2799 1283 bis
2830 1230 3027 1300 adjecit
3057 1233 3319 1313 virginem
3340 1234 3483 1288 illum
3515 1234 3583 1288 ibi
3606 1236 3819 1305 sepulcri

2243 1319 2449 1374 honere
2477 1322 2753 1389 donatam,
2780 1322 2868 1376 tibi
2893 1324 3181 1389 ceciderat,
3214 1326 3554 1395 redditasque
3583 1328 3651 1381 illi
3679 1324 3821 1397 quot¥

2242 1414 2399 1469 annis
2426 1429 2454 1466 a
2487 1413 2744 1469 Romanis
2778 1415 3022 1470 inferias.
3051 1416 3240 1472 Nonne
3270 1408 3400 1489 ergo
3432 1434 3561 1473 vero
3591 1419 3715 1474 salis
3752 1420 3819 1472 si-

2245 1498 2370 1559 mile
2391 1516 2474 1561 est
2496 1520 2615 1561 eam
2651 1496 2854 1561 ideirco
2882 1507 3079 1563 Paudte
3104 1525 3196 1563 seu
3224 1506 3455 1566 Pandere
3476 1511 3686 1565 nomine
3708 1510 3823 1566 dea-

2245 1588 2361 1653 i'um
2394 1600 2719 1669 adscriptam
2754 1600 2916 1657 fuisse
2947 1598 3210 1658 iiuiuero?
3243 1600 3433 1659 Nonne
3465 1603 3624 1659 etiam
3649 1604 3818 1659 eadem

2244 1692 2455 1750 ratiune
2487 1696 2759 1749 Przestana
2793 1694 2845 1749 iii
2892 1694 3116 1751 dearum
3150 1680 3348 1753 editum
3397 1710 3676 1769 aggregnta
3717 1708 3818 1761 est.

2247 1772 2402 1856 cujiis
2424 1800 2525 1859 ope
2547 1784 2835 1842 Reintilum
2863 1788 2913 1843 in
2941 1782 3102 1857 jaculi
3131 1791 3421 1846 emissione
3441 1789 3647 1845 caeteris
3676 1804 3822 1856 prtes-

548 1874 756 1930 sidibus
782 1884 985 1941 essent,
1014 1878 1101 1945 qui
1133 1876 1368 1931 sinistris
1396 1875 1555 1932 fausti
1601 1893 1663 1931 ac
1706 1876 1890 1933 felices
1930 1893 2145 1947 semper
2249 1876 2419 1934 iitisse
2442 1866 2723 1952 perperan’i
2748 1881 3026 1961 putabant.
3049 1882 3130 1936 Ab
3150 1882 3449 1953 Augustino
3466 1882 3627 1947 enim,
3654 1889 3819 1950 postea

548 1964 740 2024 adesse
768 1962 1280 2026 ferebantur?Nibil
1324 1979 1473 2027 certe
1519 1973 1804 2027 absurdius
1849 1972 2146 2043 excogitari

549 2069 785 2131 putarat.

621 2150 887 2209 caeterum
918 2156 1228 2209 memoratis
1270 2153 1529 2210 bellorum
1571 2148 1675 2210 diis‘
1704 2158 2003 2211 contrarios
2029 2150 2147 2211 erai

549 2242 777 2311 PauSiis,’
802 2260 961 2317 quem
999 2248 1269 2304 Arnobius
1315 2242 1551 2304 Bellona!
1576 2249 1841 2319 imprimis
1871 2250 2146 2317 opponere

548 2344 790 2413 videtur,
821 2345 910 2402 ubi
950 2345 1018 2401 de
1046 2342 1281 2401 ethnicis
1326 2332 1505 2401 diuit:
1541 2363 1561 2397 ι
1600 2346 1804 2400 Pausos
1835 2348 2148 2401 reverentur

547 2441 709 2508 atque
757 2439 1026 2495 Bellonas.
1065 2426 1357 2511 δμωσὶν..
1396 2439 1483 2493 lib.
1525 2455 1563 2504 ι,
1610 2454 1729 2511 pag.
1766 2428 2147 2511 15.)Pausum'

549 2522 833 2587 enimvero
860 2547 890 2586 a
923 2548 1085 2601 pausa
1126 2534 1205 2587 sic
1241 2533 1676 2603 cognominatum
1709 2531 1933 2587 Vossius
1963 2520 2149 2586 eiiisti-

550 2634 662 2679 mat
690 2623 872 2698 (Voss.
902 2627 956 2679 in
984 2623 1328 2697 Etymolog.),
1361 2636 1522 2694 atque
1551 2625 1688 2679 adeo
1721 2641 1919 2692 pausm,
1951 2618 2149 2693 quietis

549 2727 603 2772 et
632 2717 773 2786 pacis
802 2717 967 2772 fuisse
991 2718 1172 2781 deum,-
1200 2714 1362 2788 atque
1391 2710 1462 2770 uti
1492 2710 1779 2773 Turnebus
1804 2706 2149 2772 animadver-

550 2810 631 2874 tit,
660 2810 929 2884 bellorum
979 2816 1031 2864 et
1075 2808 1310 2865 Bellonae
1339 2808 1705 2865 adversarium
1731 2809 1985 2877 (Turneb.
2008 2854 2022 2877 ,
2055 2812 2143 2866 lib.

547 2915 620 2956 xv
650 2900 782 2956 Atla.
817 2919 863 2956 c.
888 2896 1005 2972 21).
1042 2898 1228 2957 Utrum
1275 2910 1455 2956 autem
1488 2904 1533 2957 is
1577 2894 1737 2956 fuerit
1762 2901 1925 2956 lands
1947 2940 1962 2967 ,
1993 2902 2146 2971 Cujus

547 2997 807 3066 templum
857 2997 981 3053 belli
1022 3006 1262 3068 tempore
1306 2988 1696 3066 claudebatur,
1740 2997 1969 3053 aliorum
2028 3006 2147 3056 esto

543 3080 832 3157 judicium.
863 3089 970 3146 Sed
1001 3078 1236 3154 cuinam,
1267 3090 1513 3157 obsecro,
1539 3104 1684 3147 sana:
1716 3082 1911 3148 mentis
1945 3082 2147 3148 lioinini

548 3181 667 3237 haec
695 3182 797 3239 sibi
825 3183 1054 3240 invicem
1086 3174 1327 3255 opposita
1361 3176 1575 3240 numina
1602 3188 1807 3254 risum,
1826 3191 1917 3243 aut
1943 3194 2147 3243 stomam

541 3272 702 3330 citam
726 3278 832 3331 non
861 3278 1189 3333 movebunt?

613 3367 728 3424 Non
760 3370 929 3440 magis
961 3370 1202 3441 profecto
1225 3371 1436 3440 probari
1462 3376 1669 3441 poterat
1694 3373 1983 3429 Prtestanze
2007 3374 2144 3429 Pau-

544 3460 732 3533 dacque
788 3463 1078 3532 divinitas,
1129 3466 1262 3534 quas
1305 3465 1572 3521 Arnobius
1621 3468 1720 3521 s‘tiu
1770 3468 1836 3520 ad
1890 3467 2145 3535 ipsosmet

542 3546 792 3611 ethnicos
820 3558 1085 3611 converso
1111 3562 1365 3613 sermone
1390 3557 1468 3612 sic
1497 3544 1737 3626 explodit
1765 3566 1779 3614 ἐ
1816 3564 1837 3611 t‘
1874 3558 2142 3616 Prm‘stana

544 3652 648 3715 est,
679 3654 736 3701 tit
760 3647 1076 3717 perhibetis,
1107 3648 1270 3714 dicta,
1304 3649 1445 3720 quod
1488 3649 1763 3717 Quirinus.
1798 3651 1910 3706 sive
1939 3651 2143 3705 [tonui-

542 3739 648 3806 lus,
668 3740 721 3795 in
738 3741 900 3808 jaculi
924 3743 1214 3797 emissione
1234 3748 1552 3797 cuncter-nm
1581 3744 1887 3813 prmstiterit
1911 3745 2141 3801 viribusi

541 3841 594 3889 et
642 3834 783 3903 quod
830 3833 955 3890 Tito
998 3824 1187 3901 Tatio,
1217 3828 1575 3904 Ctipitolinum
1624 3842 1681 3891 ut
1723 3838 1895 3907 capiat
1923 3838 2139 3907 collem,-

542 3927 682 3981 viam
717 3918 954 3997 pandere
980 3920 1140 3999 atque
1164 3930 1377 3998 aperire
1410 3922 1668 4000 permissa
1702 3939 1805 3995 est,
1838 3928 1936 3984 dea
1962 3930 2143 3985 Panda

541 4027 625 4074 est
653 4012 940 4088 appellata,
968 4021 1055 4075 vel
1078 4021 1314 4076 Pantiea.
1359 4041 1377 4074 ι
1411 4020 1647 4090 (Ανηοιοη
1683 4024 1771 4077 ltb.
1799 4034 1868 4085 tv,
1901 4040 1955 4093 p.
1982 4022 2141 4094 128.)

541 4107 756 4180 Opinati
786 4118 910 4165 sunt
936 4111 1150 4178 quidam
1181 4113 1378 4168 Panda:
1417 4113 1533 4169 deze
1562 4106 1888 4171 mentionem
1920 4116 2033 4170 fieri
2061 4118 2141 4171 ci-

548 4204 671 4258 tatis
705 4203 774 4257 ab
801 4206 867 4258 A.
901 4198 1075 4260 Gellio
1104 4206 1313 4261 duobus
1347 4206 1601 4262 Varronis
1631 4206 1991 4275 carminibus,
2021 4222 2143 4279 quas

544 4295 598 4351 in
629 4296 745 4367 ejus
773 4298 1012 4354 editione
1056 4299 1195 4357 unde
1236 4304 1487 4370 corrupta
1514 4332 1529 4367 ,
1559 4303 1691 4357 varii
1721 4303 2012 4371 scriptores
2042 4318 2142 4373 pro

537 4389 739 4461 ingenii
766 4394 1014 4449 acumine
1042 4394 1334 4449 emendare
1358 4395 1534 4449 conati
1562 4405 1687 4450 sunt
1708 4393 1892 4466 (Gell..
1925 4392 2012 4451 lib.
2046 4410 2140 4451 xm

538 4485 696 4541 Noct.
728 4488 906 4556 Allia,
936 4496 983 4544 'c.
1010 4488 1127 4562 2'2).
1183 4490 1465 4546 Turnebus
1493 4501 1674 4545 autem
1723 4498 1776 4544 et
1819 4491 1913 4543 alii
1956 4490 2139 4559 suspie

541 4587 731 4634 cantur
762 4580 899 4635 hanc
929 4596 1075 4647 esse,
1105 4582 1226 4651 qua:
1252 4583 1305 4636 in
1337 4584 1520 4638 vetere
1569 4582 1743 4636 lexico
1787 4585 1983 4657 εἰρήνης
2007 4584 2134 4644 θεὸς.

534 4671 588 4727 id
614 4682 718 4739 est,
747 4676 892 4745 pacis
919 4676 1045 4745 dea,
1072 4668 1237 4747 atque
1261 4677 1330 4730 ab'
1352 4678 1566 4733 urbium
1598 4675 1787 4747 portis,
1814 4678 1962 4745 pacis
1995 4681 2132 4734 temo

541 4771 674 4836 pure
714 4767 1012 4835 paudeiidis
1038 4780 1091 4824 et
1115 4769 1422 4837 aperiendis
1469 4769 1517 4824 ei
1558 4776 1754 4823 nomen
1800 4769 1998 4825 Panda:
2029 4770 2134 4824 ini-

534 4858 767 4927 positum
799 4857 1070 4931 (Turneb.,
1099 4861 1189 4916 lib.
1222 4877 1313 4917 nx
1361 4861 1487 4916 Adv.
1526 4878 1573 4917 ο.
1608 4862 1721 4932 ll).
1762 4865 1830 4916 At
1859 4869 2008 4917 certe
2036 4862 2137 4919 Ar-

537 4949 736 5005 nobiu‘s
767 4967 874 5006 non
906 4951 1143 5021 loquitur
1167 4953 1235 5007 de
1266 4955 1411 5022 pacis
1454 4954 1578 5019 dea,
1606 4970 1705 5009 nec
1736 4954 1805 5009 de
1831 4955 2048 5022 Cerere,
2080 4955 2132 5009 in

534 5045 693 5119 cujus
728 5048 930 5118 templo
973 5048 1039 5103 iis
1059 5090 1075 5114 ,
1101 5048 1194 5118 qui
1224 5050 1275 5102 in
1324 5048 1452 5104 illud
1478 5092 1495 5113 ,
1523 5057 1580 5103 ut
1604 5066 1673 5105 ex
1699 5050 1862 5105 citato
1890 5049 2137 5106 Varrone

536 5140 793 5197 observa
809 5139 1040 5205 Nuntius,-
1064 5151 1334 5209 tamquam
1355 5142 1567 5213 azylnm
1590 5141 1957 5212 confugerant.
1985 5143 2137 5212 panis

536 5232 765 5289 dabatur
811 5231 1008 5307 (Nani.
1029 5276 1043 5300 ,
1072 5234 1136 5287 de
1171 5231 1426 5302 Prom-iet.
1473 5234 1698 5299 νει-θον..
1728 5250 1776 5288 c.
1810 5234 1870 5299 1,
1900 5235 1969 5287 ad
1996 5235 2135 5290 verb.

537 5343 784 5384 ramosas
807 5328 847 5399 ).
884 5327 959 5383 De
988 5326 1088 5383 dea
1123 5326 1390 5397 siquidem
1423 5327 1610 5383 bellica
1641 5328 1817 5398 potius
1862 5326 2139 5397 disputare

534 5419 769 5489 videtur,-
802 5428 987 5490 utpote
1017 5436 1137 5489 quai
1164 5421 1291 5491 quia
1322 5421 1387 5474 ad
1410 5421 1729 5490 capiendum
1772 5418 2136 5490 Capitolinum

539 5512 732 5569 collem
779 5513 843 5569 T.
891 5512 1048 5570 Tatio
1096 5516 1235 5570 viam
1284 5514 1536 5587 pandisse
1591 5513 1886 5581 ferebatur,
1934 5514 2136 5571 idcirco

542 5603 737 5661 Panda:
768 5620 961 5663 nomen
988 5608 1175 5664 sortita
1202 5618 1305 5665 est.

614 5703 684 5752 At
723 5697 921 5755 fatetur
964 5700 1189 5757 Vossius
1217 5719 1385 5758 .suam
1433 5719 1539 5760 non
1586 5701 1814 5758 rediisse
1846 5701 1897 5757 in
1926 5715 2135 5755 memo-

547 5790 679 5844 riam
722 5791 861 5846 unde
913 5792 1181 5849 Arnobius
1231 5793 1369 5849 banc
1413 5795 1792 5867 etymologiam
1839 5792 2133 5862 acceperit.-

550 5877 750 5936 Verum
790 5884 835 5939 si
867 5882 1027 5953 hujus
1070 5886 1410 5957 etymologiae
1459 5896 1648 5945 auctor
1686 5887 1738 5944 ei
1769 5883 1979 5955 defuit,
2026 5899 2137 5943 non

2171 3252 2218 3333 t'}

2246 1973 2484 2040 cita’ndu,
2519 1970 2782 2028 discimus
2814 1973 2964 2028 illum
3000 1974 3162 2029 fuisse
3211 1968 3493 2044 gentilium
3526 1989 3743 2037 morem,
3773 1980 3823 2026 ut

2246 2064 2377 2120 deos
2400 2078 2526 2120 suos
2556 2067 2714 2131 illius,
2748 2083 2853 2137 quo
2884 2068 3029 2138 fungi
3058 2068 3380 2123 autfunctos
3402 2082 3523 2123 esse
3539 2065 3820 2138 opinaban-

2245 2160 2354 2222 tur,
2385 2157 2547 2211 cilicii
2576 2162 2791 2212 nomine
2815 2161 3163 2228 appellarent.
3440 2232 3445 2241 ε

2317 2241 2585 2312 Quidquid
2614 2248 2772 2312 porro
2799 2245 2869 2298 sit
2888 2246 2956 2299 de
2980 2245 3177 2299 Panda?
3200 2246 3285 2301 vel
3314 2246 3550 2301 Panticm
3594 2253 3647 2299 et
3668 2242 3820 2297 Prtcs-

2249 2334 2388 2390 lana:
2419 2337 2768 2408 etymblngia,
2803 2336 3045 2392 fictilium
3079 2339 3362 2410 utriusque
3389 2338 3717 2395 divinitatem
3734 2337 3821 2390 Ar-

2250 2426 2446 2485 iiob'ius
2476 2426 2602 2487 inde
2632 2430 2878 2487 funditus
2903 2434 3119 2499 evertit,
3154 2434 3297 2503 quod
3332 2444 3529 2489 neutra
3561 2443 3679 2486 ante
3707 2428 3822 2483 Tar-

2247 2522 2427 2594 petum
2452 2534 2508 2581 et
2528 2522 2811 2579 Romulum
2831 2525 2928 2579 dea
2954 2525 3133 2581 fuerit.
3154 2524 3285 2580 Nam
3304 2528 3461 2581 sicuti
3482 2526 3568 2580 ille
3588 2520 3817 2593 iuquituri

2255 2637 2274 2670 ι
2307 2618 2419 2672 Nisi
2449 2618 2712 2674 Romulus
2757 2619 3019 2674 tenuisset
3057 2614 3149 2673 teli
3193 2621 3515 2691 trajectioiie
3556 2616 3817 2688 palatium,

2249 2714 2409 2783 nique
2428 2713 2711 2784 Tarpeiam
2731 2716 2918 2783 rupem
2938 2714 3030 2768 reri
3049 2712 3277 2769 Sabinus
3296 2714 3816 2784 potuissetaccipere,

2248 2807 2392 2861 nulla
2424 2807 2838 2877 esset‘Pantica,‘
2877 2804 3020 2860 nulla
3054 2807 3327 2861 Prmstana
3377 2819 3518 2862 esset
3564 2806 3782 2877 (Arnob.
3804 2841 3817 2862 ,

2249 2899 2337 2953 lib.
2369 2904 2441 2963 tv‘,
2472 2904 2593 2971 pag.
2632 2886 2739 2954 128
2761 2901 2799 2968 ).
2838 2892 2968 2967 Quis
2997 2882 3208 2962 aiitem,
3241 2898 3345 2953 nisi
3386 2900 3543 2969 plane
3577 2895 3816 2964 dcsipiat,

2247 2992 2408 3048 vei-os
2433 2994 2567 3048 deos
2588 3008 2708 3048 esse
2735 2992 2950 3058 ditarit,
2976 2993 3065 3063 qui
3089 2994 3216 3047 olim
3246 2996 3351 3048 nou
3384 2993 3592 3049 fuerant
3617 2986 3709 3055 dii,
3733 2976 3819 3041 nec

2248 3076 2317 3142 ab
2340 3089 2458 3142 aliis
2485 3103 2646 3157 quam
2682 3086 2985 3142 horriinibus
3012 3090 3141 3142 casu
3172 3076 3356 3159 aliquo
3389 3088 3514 3144 facti
3539 3085 3700 3142 sunt?
3724 3079 3818 3137 Sed

2247 3180 2317 3236 ab
2339 3182 2442 3247 bis,
2468 3197 2601 3253 quos
2625 3181 2911 3236 dementes
2935 3177 3137 3236 ethnici
3168 3178 3529 3238 obaririorum
3554 3176 3819 3235 bellorum-

2248 3280 2352 3344 que
2382 3280 2668 3341 terrorem,
2699 3276 2784 3330 vel
2812 3270 3011 3344 quietis
3042 3274 3298 3346 pacisque
3329 3274 3552 3340 bonum,
3591 3270 3655 3325 ad
3681 3267 3814 3331 alios,

2248 3376 2382 3439 quos
2413 3370 2483 3424 ob
2510 3369 2769 3423 vilisSin‘ta‘
2813 3368 3144 3436 ministeria,
3197 3367 3329 3424 deos
3374 3369 3669 3430 linXerunt,
3709 3362 3815 3416 cum

2244 3456 2465 3517 addloie
2488 3461 2673 3516 nostin
2706 3470 3054 3516 transeranms.

2848 3614 3144 3653 ARTICULUS
3183 3614 3236 3654 γ.

2247 3713 2498 3775 Quomodo
2542 3711 2787 3763 Arnobius
2824 3720 3167 3775 argumentum
3200 3726 3352 3775 suum
3396 3716 3728 3775 prosequatur,
3771 3707 3816 3752 et

2310 3775 2618 3846 demonstret.
2641 3770 2897 3846 perperam
2920 3772 3036 3846 litigi
3062 3777 3124 3846 a’l‘)
3145 3770 3352 3846 ethnicis
3379 3770 3816 3846 deurit.LaleratIull|

2307 3838 2578 3898 praesidere
2604 3828 2768 3885 crudis
2794 3828 3055 3896 laterculis,
3078 3836 3285 3886 Genium
3307 3835 3432 3893 foco,
3470 3828 3815 3898 aliisquenloclst

2306 3893 2450 3949 Aiunt
2494 3901 2748 3951 Locutium
2794 3899 3022 3962 Romana:
3043 3893 3322 3962 fustediw,
3362 3899 3556 3947 Faunos
3587 3893 3637 3962 et
3660 3893 3816 3962 Fatuus

2310 3963 2485 4023 littoris
2508 3966 2657 4012 rebus
2681 3960 3018 4023 praulieendis,
3044 3958 3217 4009 Putant
3242 3963 3465 4009 arborum
3494 3955 3799 4023 plliﬂliOlliilUS

2310 3990 2374 4011 tut
2386 3990 2429 4010 υι
2445 3990 2485 4011 ιδ
2508 3990 2519 4012 ι
2535 3990 2657 4012 unua
2681 3990 3018 4023 }lld7|lILL’-II\IID,
3048 3990 3062 4008 I
3088 3990 3217 4009 uultu
3242 3990 3282 4008 ιιι
3299 3990 3373 4009 ιὐι
3388 3990 3465 4008 "III
3494 3990 3797 4022 ['IIWHV-"W'"

2306 4014 2462 4074 rebus
2483 4025 2711 4088 petendis
2731 4025 2922 4088 Petam,
2950 4024 3312 4088 Nemestrlnum
3352 4022 3651 4088 uolneribus,
3678 3990 3813 4088 rei)";

2370 4078 2561 4138 tefactis
2598 4086 2678 4136 vel
2719 4078 3087 4149 patetaciendis,
3136 4086 3441 4149 l’atellauam
3477 4078 3810 4149 et___l’atel|uuu

2350 4151 2528 4199 odutim
2564 4145 2803 4214 fructuum
2812 4146 2982 4214 podis.
3013 4149 3233 4214 terendis
3271 4146 3499 4210 frugibus
3542 4145 3811 4214 :ILL’I‘CTlSL'mi

2304 4213 2565 4263 Saturnum
2589 4213 2782 4270 sationi,
2812 4209 3001 4258 Floram
3031 4209 3249 4263 ﬂoribus.
3275 4207 3523 4259 montibus
3546 4207 3811 4258 Montinunn

2306 4273 2537 4326 Vibiliam
2575 4278 2828 4335 erroribus
2848 4275 3054 4335 viarum,
3091 4272 3421 4335 Litueutiuutn
3455 4269 3710 4335 liminibus.
3736 4274 3814 4335 «ῥοὴ

2304 4351 2409 4386 rum
2451 4337 2683 4386 custodite
2727 4334 2930 4397 Limam,
2978 4330 3346 4397 obliquitatibus
3390 4333 3571 4397 Limus,
3633 4326 3814 4397 Lucrios

2303 4371 3040 4472 ὶῆἑῗοῖἇῆἑ”ἓὸἦεε’ὁὰϊὲὃὶἱώαέἷ
3074 4371 3126 4447 Si
3146 4371 3449 4461 ’ἵιὲἱιὶἓῖιιίεέ
3485 4371 3627 4445 deim
3665 4390 3808 4439 Pecu-

2303 4477 2452 4512 utam.

2311 4565 2367 4622 Si
2395 4566 2782 4621 conimentitite
2804 4564 3030 4620 deorum
3063 4564 3400 4635 praefectum
3430 4564 3622 4620 falsam
3643 4556 3810 4614 eorutn'

3432 3723 3604 3772 rosequ

2332 4149 2345 4163 ν

2157 4644 2211 4720 ﬂ
2237 4659 2576 4715 divinitatem
2592 4659 2874 4714 evidenter
2886 4657 3406 4723 demonstrant,ill:e
3438 4644 3806 4726 proculdubio,

2237 4754 2431 4824 quibus
2452 4753 2657 4809 ethnici
2679 4754 2825 4823 ipsos
2851 4751 3132 4808 vilissimis
3150 4752 3640 4821 abjectissimisque
3666 4740 3811 4799 rebus

2236 4852 2474 4916 praeesse
2514 4845 2716 4915 passim
2750 4844 2947 4915 ubique
2994 4843 3394 4912 praedicabant,
3437 4840 3613 4897 adhuc
3641 4832 3809 4891 eiﬁca'a

2235 4939 2352 4993 eius
2399 4948 2456 4993 et
2498 4936 2840 4992 uiatiifestius
2886 4936 3135 4991 eamdem
3182 4934 3468 4989 falsitatem
3517 4926 3806 4987 ostendunt.

2238 5031 2378 5099 Quid
2406 5032 2551 5088 enim
2600 5030 2861 5085 insulsius
2887 5040 2940 5083 et
2968 5028 3285 5094 absurdius,
3316 5041 3476 5097 quam
3507 5024 3809 5079 Lateranum

2238 5126 2523 5195 quemdam
2568 5124 2847 5182 venditare
2893 5122 3137 5179 fucorum
3179 5123 3394 5192 genium
3423 5132 3480 5176 et
3518 5112 3713 5175 deum?
3741 5108 3808 5164 E0

2239 5231 2419 5278 taiuen
2444 5222 2661 5277 nomine
2684 5222 2826 5274 hunc
2846 5228 3129 5288 propterea
3142 5218 3321 5272 vocari
3335 5215 3570 5274 ethnicis
3592 5205 3806 5282 placuit;

2245 5336 2262 5368 ι
2299 5315 2442 5386 quod
2474 5332 2539 5369 ex
2567 5314 2842 5369 laterculis
2871 5312 3074 5375 crudis,
3111 5329 3130 5363 ι
3165 5321 3224 5366 ιιι
3248 5313 3323 5364 ait
3360 5309 3656 5369 Arnobius,
3702 5318 3719 5351 ι
3749 5295 3806 5350 ab

2240 5407 2549 5464 hominibus
2564 5406 2897 5463 eaniinorum
2919 5404 3058 5460 istud
3081 5402 3449 5459 exaediﬁcatur
3467 5414 3631 5473 genus
3650 5413 3670 5447 ι
3685 5390 3702 5463 (
3718 5390 3806 5444 Ar-

2237 5501 2377 5567 nob.,
2406 5500 2496 5557 lib.
2526 5516 2604 5565 tv,
2642 5517 2763 5571 pag.
2800 5498 3112 5556 150e1153:
3141 5495 3311 5562 Plin.,
3340 5496 3429 5551 lib.
3473 5507 3610 5549 xxxv
3629 5486 3803 5543 Natur.

2238 5598 2382 5661 Irish,
2407 5612 2526 5666 cap.
2555 5595 2643 5661 M,
2667 5612 2786 5664 pag.
2813 5592 2963 5665 248).
2997 5596 3063 5647 At
3088 5592 3293 5647 Plinius
3313 5588 3533 5662 putabat
3555 5601 3585 5639 a
3612 5579 3806 5638 nemine

2235 5690 2469 5761 ignorari
2512 5688 2646 5743 illini
2693 5687 2911 5757 quidem
2941 5695 3120 5743 crates
3150 5685 3451 5757 parietmn,
3489 5691 3545 5737 et
3568 5672 3803 5735 lateribus

2234 5785 2415 5843 crudis
2445 5783 2670 5838 exstrui.

2311 5877 2457 5937 Nulli
2488 5892 2618 5937 vero
2660 5876 2854 5934 mirum
2885 5889 3009 5934 esse
3045 5874 3240 5945 debet,
3288 5875 3334 5933 si
3371 5868 3570 5933 ethnici
3606 5861 3800 5939 genium
