4000 6274
593 285 701 344 545

1837 317 2292 382 DISSERTATIO
2319 326 2596 387 ΡΒιΕγιΑ

3806 353 3911 409 564

592 403 838 462 culorum
865 408 1018 466 deam
1043 413 1369 490 Volutinam,
1397 437 1519 480 cum
1546 427 1768 487 folliculi
1797 443 2098 503 patescunt,
2127 455 2184 498 ut
2213 450 2262 510 Α
2295 462 2312 492 ι
2339 444 2423 500 Ab
2448 447 2734 506 erronibus
2762 452 2971 512 viarum
2993 457 3094 514 dea
3121 459 3309 520 Vibilia
3335 463 3603 522 liberati;
3643 465 3904 540 (Arnob,
3998 479 4000 540 ι

592 498 737 540 tanien
766 512 919 540 omni
972 505 1125 540 δρα...
1155 509 1460 540 ι)...,.ι....----
1597 522 1660 540 ,τί
1862 533 1869 540 .
2291 537 2322 540 --
2343 538 2352 540 _
2383 539 2388 540 ,
2441 537 2448 540 .

589 498 739 567 spica
766 512 942 572 exeat,
972 505 1126 564 deam
1154 509 1560 576 Patelanam....
1593 522 1702 580 Nec
1732 533 1910 584 omnia
1941 545 2179 589 comme-

588 602 776 658 moro,
811 595 933 665 quia
969 614 1053 655 me
1100 603 1273 673 piget,
1301 610 1444 679 quod
1482 613 1605 670 illos
1641 634 1746 673 non
1793 621 1958 690 pudet
1995 643 2014 677 ι
2050 625 2183 694 (Att-

586 686 826 786 gust.,de
853 687 1030 760 Civit.,
1057 711 1104 748 c.
1133 696 1188 761 8,
1209 716 1264 769 p.
1292 700 1363 757 95
1383 713 1430 756 et
1451 707 1637 778 seqq).
1669 686 1831 768 Vides
1852 728 1984 771 sane
2003 686 2178 786 abeo,

584 776 1037 842 quemadmodum
1083 787 1152 843 ab
1190 790 1450 860 Arnobio,
1480 776 1708 856 inihunc
1738 803 1958 861 deorum
1988 776 2180 867 nume;

584 881 702 923 rum
731 874 1049 933 nominatim
1081 882 1273 939 referri
1318 885 1622 947 Patelanam
1653 904 1705 950 et
1739 895 2028 970 Nodotum,
2067 903 2182 960 sive

583 970 639 1015 ut
667 975 858 1021 auctor
884 980 1071 1028 noster
1099 975 1194 1042 ait,
1227 976 1506 1038 Nodulim.
1535 985 1744 1045 Nemini
1768 993 1952 1064 itaque
1983 997 2178 1054 verisi-

583 1057 711 1114 mile
742 1075 965 1131 prorsus
994 1083 1100 1125 uon
1142 1073 1409 1132 videbitur
1437 1080 1574 1137 alios
1599 1084 1670 1140 ab
1693 1085 1813 1155 ipso
1856 1102 2181 1150 memoratos

580 1151 648 1208 iis
687 1169 808 1212 esse
852 1167 1311 1237 annumerandos,
1341 1187 1476 1242 quos
1507 1177 1789 1236 nominare
1829 1185 1968 1240 sicut
2000 1186 2182 1258 Augu-

578 1249 779 1306 stinum
801 1263 856 1310 et
876 1257 1172 1317 Arnobium
1195 1273 1440 1324 nostrum
1461 1268 1698 1342 pigebat,
1726 1274 1798 1330 ita
1820 1287 1875 1334 et
1897 1295 1995 1337 nos
2016 1249 2178 1338 etiam

576 1339 761 1412 pigere
788 1344 972 1404 debet.

651 1437 794 1495 Alibi
841 1451 1019 1500 tamen
1070 1449 1416 1513 doctissimus
1453 1457 1546 1516 ille
1589 1462 1672 1518 vir
1698 1467 1989 1536 eamdem,
2020 1479 2180 1542 atque

575 1540 768 1587 auctor
809 1547 1016 1605 noster,
1064 1542 1282 1603 Saturni
1332 1553 1660 1610 mentionem
1703 1556 1830 1615 fecit
1871 1580 1884 1617 :
1922 1581 1943 1615 ε
1994 1540 2182 1620 Satur-

577 1637 699 1689 nus,
757 1644 778 1678 ι
808 1628 999 1701 inquit,
1040 1651 1060 1685 t
1117 1652 1257 1695 unus
1306 1641 1375 1698 de
1422 1646 1755 1718 principibus
1803 1653 1959 1721 deus,
2014 1671 2179 1726 penes

575 1728 737 1786 quem
757 1721 1026 1779 sationum
1054 1730 1296 1788 omnium
1318 1733 1628 1795 dominatus
1653 1752 1756 1798 est.
1785 1762 1805 1796 ι
1828 1744 1984 1803 Prius
2009 1764 2174 1806 vero:

583 1825 604 1861 ι
637 1809 927 1871 Saturnum
955 1833 1179 1891 propter
1207 1823 1380 1894 ipsum
1422 1845 1628 1888 semen.
1669 1854 1687 1886 ι
1725 1835 1791 1890 Et
1822 1839 1980 1907 paulo
2010 1852 2130 1912 post
2159 1865 2172 1900 :
2206 1849 2254 1909 B

582 1919 602 1954 ι
631 1902 885 1962 Omnium
915 1913 1181 1970 seminum
1211 1914 1502 1977 Saturnum
1543 1924 1743 1983 habere
1771 1902 2113 2000 potestatem.
2155 1955 2174 1990 ι

575 1993 655 2050 Ex
687 1995 929 2057 Varrone
960 2007 1332 2073 proculdubio
1362 2012 1477 2069 haec
1507 2015 1741 2075 delibata
1772 1993 1919 2078 sunt.
1939 2024 2180 2094 Quodam

577 2086 728 2142 enim
777 2089 919 2148 illius
955 2095 1007 2150 in
1053 2096 1192 2154 libro
1241 2101 1517 2174 legimus:
1557 2128 1578 2162 ι
1613 2109 1698 2167 Ab
1739 2123 1856 2168 satu
1901 2086 2076 2172 dictus
2098 2131 2182 2176 est

576 2179 862 2241 Saturnus.
908 2207 929 2242 ι
963 2191 1031 2245 At
1083 2208 1191 2250 non
1236 2199 1409 2269 magis
1457 2217 1626 2271 penes
1673 2205 1824 2264 illum
1873 2211 2178 2281 sationum,

572 2289 733 2346 quam
782 2295 948 2350 penes
993 2284 1246 2356 Floram,
1293 2292 1469 2364 inquit
1506 2307 1698 2355 auctor
1746 2313 1951 2372 noster,
1985 2305 2177 2364 llorum

572 2379 693 2425 erat
745 2372 1079 2434 dominatus.
1124 2379 1245 2438 Non
1293 2388 1440 2442 enim
1493 2391 1852 2460 prohibebant
1892 2399 2180 2469 quominus

571 2458 690 2517 haec
718 2464 918 2538 frigore
942 2471 1026 2526 vel
1053 2482 1186 2528 aestu
1215 2458 1590 2538 adurerentur.
1620 2485 1678 2541 In
1705 2491 1971 2557 superiori
1999 2506 2178 2553 autem

571 2555 953 2620 dissertatione
981 2565 1052 2622 de
1101 2567 1294 2638 Flora,
1343 2583 1400 2630 et
1450 2555 1784 2637 memoratis
1819 2583 1886 2640 ab
1937 2588 2178 2647 Arnobio

571 2649 716 2708 ludis
747 2655 801 2712 in
843 2658 961 2728 ejus
999 2661 1262 2722 honorem
1299 2670 1589 2730 celebratis
1622 2676 2016 2749 disputavimus
2042 2687 2175 2760 (Au-

570 2761 714 2815 gus.,
738 2747 776 2803 ι.
811 2762 879 2806 vn
899 2753 964 2806 de
989 2751 1167 2822 Cirin,
1200 2775 1248 2813 ο.
1281 2761 1371 2828 l3,
1394 2781 1450 2832 ρ.
1481 2766 1615 2833 172ς
1642 2747 1794 2839 tua,
1817 2791 1862 2828 ε.
1889 2775 1944 2844 2,
1971 2747 2174 2849 113165,

571 2849 619 2895 el
644 2859 692 2894 ο.
727 2843 782 2908 5,
815 2864 869 2917 p.
902 2847 1036 2916 tot;
1075 2849 1249 2920 Varr.,
1284 2855 1322 2910 ι.
1353 2873 1406 2912 ιν
1429 2860 1492 2914 de
1535 2861 1688 2935 Ling.
1717 2867 1834 2934 ται..
1869 2888 1921 2940 ρ.
1956 2843 2048 2941 to;
2077 2843 2176 2930 Ar;

570 2935 716 3001 ποὺ..
744 2938 782 2992 l.
811 2955 882 3006 tv,
915 2959 968 3010 p.
1001 2945 1136 3011 H3;
1169 2945 1387 3006 Disserl.
1414 2953 1470 3007 in
1503 2955 1726 3023 Minuta,
1761 2978 1806 3016 ο.
1843 2935 1931 3023 1⁷6.
1964 2935 2064 3020 ari.
2093 2969 2174 3037 5).

643 3030 907 3091 Caeterum
936 3041 1181 3107 quamvis
1209 3042 1584 3105 Nemestrinus
1604 3067 1908 3122 nemorum,
1943 3067 1995 3113 et
2025 3059 2176 3116 Mon-

577 3124 722 3180 tinus
765 3131 1026 3188 montium
1071 3133 1207 3190 deus
1236 3137 1305 3193 ab
1336 3140 1576 3199 Arnobio
1623 3147 1958 3218 appelletur;
2005 3151 2172 3210 Diana

571 3223 750 3274 tamen
778 3219 973 3279 dicitur
997 3226 1066 3282 ab
1094 3226 1316 3286 Horatio
1349 3251 1364 3290 :

692 3331 927 3387 Montium
946 3345 1112 3390 custos
1133 3354 1491 3413 nemorumque
1511 3353 1666 3413 virgo.

1177 3403 1508 3469 (Horat.,'tib.
1532 3403 1790 3478 m'Carm.,
1811 3419 1892 3470 od.
1910 3422 2019 3484 22.)

568 3473 788 3535 Faunus
831 3498 966 3539 vero
991 3494 1048 3541 et
1076 3485 1234 3546 Picus
1261 3494 1400 3562 apud
1429 3493 1678 3554 Ovidium
1708 3473 1822 3558 haec
1849 3503 1917 3562 de
1955 3473 2017 3564 se
2043 3509 2172 3582 ipsis

659 3661 908 3780 aio
929 3681 1180 3739 agrestes,
1209 3684 1264 3727 et
1284 3681 1369 3742 qui
1385 3679 1696 3736 dominemur
1715 3690 1766 3737 in
1791 3690 1906 3741 altis

885 3745 934 3780 s.

885 3745 934 3783 S.

955 3794 1144 3860 (Ovid.,
1171 3797 1256 3854 lib.
1277 3819 1328 3854 nt
1346 3806 1562 3866 Faucia.
1589 3812 1614 3872 §
1634 3813 1682 3875 5,
1709 3827 1824 3878 pag.
1849 3817 1985 3884 532.)

567 3868 678 3926 Sed
705 3875 831 3944 quid
857 3888 1026 3947 vetat,
1060 3886 1351 3953 quominus
1380 3889 1545 3949 Diana
1577 3868 1859 3956 nemorum
1887 3868 2091 3974 custos,
2119 3916 2174 3962 et

563 3965 940 4028 Nemestrinus
985 3991 1172 4034 eorum
1205 3979 1341 4038 deus
1383 4000 1411 4038 a
1457 3989 1748 4058 gentilibus
1791 3996 1956 4052 stulte
1985 3965 2172 4056 crede.

564 4064 754 4118 retur?
781 4065 919 4134 Quid
965 4071 1126 4127 etiam
1183 4077 1431 4145 prohibet
1487 4087 1778 4154 quominus
1823 4091 2039 4150 Faunus
2081 4106 2172 4153 aut

565 4154 731 4213 Picus
762 4159 924 4218 iidem
951 4163 1170 4232 fuerint,
1198 4185 1262 4226 ac
1292 4171 1580 4244 Montinus,
1600 4178 1832 4238 diversis
1863 4188 2171 4246 nominibus

565 4453 614 4491 c.
646 4438 700 4502 8,
731 4458 783 4508 ρ.
818 4440 922 4503 95;
952 4443 1179 4512 Girald.,
1215 4448 1357 4505 Hist.
1403 4453 1570 4521 deor.,
1608 4468 1863 4531 syntagm.
1898 4463 1950 4527 1,
2063 4438 2167 4536 89;

580 4531 745 4602 Vorm,
781 4536 818 4591 ι.
852 4555 886 4593 v
913 4539 977 4593 de
1028 4539 1208 4598 Theol.
1241 4556 1404 4618 gent.,
1429 4565 1478 4605 ε.
1510 4550 1599 4619 48,
1628 4569 1681 4620 p.
1713 4553 1782 4608 89
1803 4565 1848 4610 et
1869 4531 2034 4632 seqq.)

2284 537 2458 611 ibid.)
2514 540 2702 600 Nonne
2748 558 2927 606 autem
2974 568 3038 608 ea
3094 555 3210 625 ipsa
3265 569 3349 615 est
3391 559 3461 616 de
3507 576 3617 633 qua
3657 537 3900 619 “Varro:

2291 648 2311 682 ι
2355 631 2554 690 Venilia
2596 652 2625 691 a
2667 641 2960 712 veniendo,
2992 661 3057 702 ac
3081 659 3248 705 vento
3289 651 3424 720 illo,
3474 669 3640 724 quem
3675 654 3907 712 Plautus

2285 721 2419 780 dixit
2447 742 2460 778 :
2491 725 2645 794 Quod
2677 730 2768 789 ille
2808 735 2973 801 dixit,
3007 739 3098 810 qui
3127 742 3367 798 secundo
3393 721 3557 800 ven—to
3595 758 3804 802 vectus
3827 757 3906 803 est

2285 820 2576 888 tranquillo
2619 827 2781 892 mari,
2827 840 3040 887 ventum
3085 836 3293 905 gaudeo
3323 856 3340 888 ι
3383 837 3597 911 (Varr.,
3649 841 3693 896 ι.
3741 857 3805 898 tv
3846 845 3905 900 de

2282 907 2437 983 Ling.
2452 914 2542 968 lat.
2563 933 2616 985 p.
2639 918 2750 988 l8).
2771 921 3100 994 Augustinus
3115 943 3244 984 vero
3266 907 3670 988 citateumdem
3693 932 3901 990 Varro-

2283 1021 2406 1062 nem
2432 1009 2556 1065 alibi
2582 1011 2848 1072 dicentem
2877 1037 2890 1074 :
2919 1037 2938 1071 ‹
2972 1019 3177 1078 Venilia
3207 1027 3344 1081 unda
3371 1039 3475 1092 est,
3498 1045 3624 1098 quae
3651 1029 3724 1084 ad
3752 1031 3899 1086 littus

2284 1102 2448 1158 venit.
2482 1124 2501 1156 ι
2537 1105 2726 1166 Nonne
2755 1121 2931 1170 tamen
2981 1117 3050 1172 ab
3095 1117 3187 1173 illo
3231 1121 3458 1188 recedit,
3493 1123 3585 1178 ubi
3616 1123 3692 1179 de
3719 1126 3898 1180 infanv

2281 1192 2421 1248 tibus
2464 1197 2721 1269 diSputat,
2772 1213 2826 1258 et
2873 1205 2948 1260 ait
2981 1225 2994 1262 :
3027 1207 3104 1263 De
3145 1227 3255 1281 spe,
3307 1229 3424 1284 quae
3458 1215 3618 1282 venit,
3672 1214 3896 1272 Venilia.

2281 1285 2501 1344 Servius
2553 1291 2816 1350 Veniliam
2859 1312 2889 1352 a
2939 1303 3212 1359 nonnullis
3260 1304 3457 1360 dictam
3505 1322 3636 1363 esse
3691 1308 3896 1374 refert,

2277 1381 2415 1448 quod
2441 1383 2636 1438 veniant
2664 1385 2745 1440 det
2770 1390 3080 1460 exigentibus
3111 1394 3378 1467 (August.,
3408 1397 3445 1451 ι.
3479 1413 3551 1454 vtt
3602 1398 3673 1453 de
3718 1399 3896 1468 Cieit.,

2279 1486 2327 1526 ε.
2356 1472 2445 1537 22,
2478 1492 2532 1543 ρ.
2583 1477 2722 1545 178;
2774 1481 2922 1546 ibid.,
2953 1483 2990 1538 ι.
3032 1501 3107 1551 tv,
3155 1503 3201 1541 c.
3254 1489 3339 1556 ll,
3376 1508 3429 1561 p.
3464 1489 3573 1557 97;
3616 1491 3808 1561 Serm,
3850 1495 3895 1548 in

2279 1565 2317 1620 ι.
2362 1582 2394 1621 x
2433 1566 2677 1636 1Eneid.,
2705 1591 2760 1643 p.
2790 1574 2940 1648 577).
2976 1577 3081 1634 Sed
3113 1581 3157 1634 si
3187 1582 3347 1638 citata
3376 1599 3405 1637 a
3438 1584 3597 1642 nobis
3627 1585 3894 1644 Varronis

2278 1658 2439 1713 verba
2472 1663 2641 1729 magis
2667 1664 2733 1719 ad
2762 1668 3002 1724 auctoris
3047 1673 3216 1727 nostri
3263 1676 3601 1746 pr0positutn
3653 1677 3892 1746 faciunt,

2281 1749 2542 1806 dubitatis
2568 1753 2796 1812 forsitan
2835 1775 2903 1816 an
2933 1761 2984 1816 in
3019 1762 3176 1834 hujus
3207 1774 3354 1821 textu
3383 1767 3681 1839 legendum
3717 1773 3896 1841 potius

2280 1840 2351 1894 sit
2391 1840 2607 1912 Venilia,
2640 1864 2801 1918 quam
2839 1849 3045 1922 Vibilio,
3077 1858 3144 1911 At
3173 1857 3298 1928 quid
3326 1859 3626 1917 decernere
3654 1840 3890 1932 audeas,

2280 1935 2369 1990 ubi
2397 1945 2538 1993 tanta
2569 1950 2656 1997 est
2679 1941 2988 2004 lictitiorum
3019 1948 3242 2006 deorum
3271 1954 3602 2010 multitudo?

2350 2029 2716 2101 Opinahantur
2754 2051 3012 2108 pratterea
3058 2045 3286 2114 gentiles
3330 2045 3711 2106 Limentinum
3767 2067 3891 2110 esse

2282 2125 2567 2194 praesidem
2598 2129 2860 2201 liminum,
2889 2145 2945 2191 et
2971 2151 3161 2192 eorum
3187 2141 3488 2197 custodiam
3517 2143 3696 2200 Limte
3723 2145 3893 2202 adtri-

2279 2216 2461 2274 butam
2491 2238 2506 2274 :
2541 2221 2648 2278 Sed
2683 2243 2703 2275 ι
2735 2225 2856 2296 quis
2897 2229 3102 2298 credat,
3136 2250 3156 2284 ι
3187 2232 3360 2304 arguit
3399 2234 3716 2306 Arnobius,
3756 2259 3778 2290 ί
3814 2239 3894 2295 Li-

2281 2313 2601 2382 mentinum,
2636 2317 2756 2388 quis
2798 2319 3006 2377 Limam
3046 2324 3343 2382 custodiam
3385 2327 3635 2386 liminum
3665 2347 3887 2403 gerere,

2281 2412 2336 2457 et
2362 2403 2658 2472 janitorum
2685 2409 2861 2467 ofﬁcia
2892 2416 3182 2484 sustinere,
3209 2433 3331 2474 cum
3361 2419 3612 2478 fanorum
3643 2428 3892 2496 quotidie

2280 2493 2565 2553 videamus
2587 2509 2640 2555 et
2663 2503 2996 2572 privatarum
3026 2508 3308 2566 domorum
3339 2513 3574 2569 convelli
3599 2525 3658 2572 et
3679 2519 3889 2584 subrui,

2281 2602 2386 2643 nec
2421 2591 2540 2644 sine
2581 2593 2662 2647 his
2700 2609 2822 2651 esse
2853 2597 3150 2669 ﬂagitiosos
3186 2602 3252 2657 ad
3293 2603 3571 2674 lupanaria
3608 2621 3893 2664 commea-

2282 2682 2406 2736 tus?
2437 2701 2456 2733 ι
2489 2683 2732 2754 (Arnob.,
2766 2689 2851 2744 lib.
2889 2706 2962 2759 tv,
3004 2709 3126 2764 pag.
3169 2693 3322 2766 152.)
3364 2697 3534 2767 llujus
3573 2710 3772 2756 autem
3813 2703 3891 2758 Li-

2279 2774 2503 2829 mentini
2535 2777 2659 2832 alibi
2693 2781 2962 2836 Arnobius
2992 2782 3184 2856 (Idem,
3215 2786 3303 2840 lib.
3337 2803 3375 2857 t,
3408 2805 3529 2860 pag.
3560 2789 3684 2860 15),
3713 2803 3777 2848 et
3802 2797 3890 2851 ali-

2278 2866 2401 2920 cubi
2430 2863 3060 2939 Cyprianus'meminere
3083 2878 3378 2951 (Cyprian.,
3416 2883 3479 2936 de
3508 2884 3644 2938 ἰάσι.
3689 2884 3887 2955 Venia,

2279 2973 2334 3024 p.
2357 2959 2461 3028 l5).
2480 2962 2721 3030 Quodam
2741 2982 2870 3022 vero
2883 2968 3200 3025 Tertulliani
3221 2973 3272 3028 in
3288 2972 3448 3041 libro,
3465 2975 3672 3050 ubique
3689 2983 3887 3052 passim

2278 3054 2468 3108 mutilo
2495 3068 2550 3110 et
2577 3058 2781 3116 lacunis
2811 3061 3014 3129 hiante,
3042 3065 3156 3120 haec
3185 3066 3435 3138 legimus,
3465 3072 3672 3140 quibus
3703 3085 3888 3133 tamen

2277 3150 2514 3205 auctoris
2567 3155 2737 3208 nostri
2796 3155 2936 3212 dicta
2997 3160 3128 3215 satis
3179 3173 3367 3231 aperte
3432 3166 3886 3226 conﬁrmantur:

2199 3238 2244 3300 C
2280 3256 2300 3290 ι
2335 3239 2509 3297 Taceo
2548 3245 2679 3301 deos
2718 3247 3003 3306 Forculnm
3036 3268 3063 3306 a
3094 3252 3319 3323 foribus,
3350 3268 3404 3312 et
3451 3259 3869 3320 Cardeam......

2279 3335 2458 3400 uibus,
2503 3347 2558 3392 et
2604 3339 2848 3397 liminum
2890 3344 3274 3414 Limentinum,
3317 3351 3432 3407 sive
3471 3355 3560 3423 qui
3605 3357 3704 3413 alii
3751 3360 3889 3416 inter

2275 3427 2486 3485 vicinos
2515 3446 2676 3501 ap....
2711 3451 2837 3491 num
2864 3437 3158 3507 janitorum
3194 3443 3510 3501 adorantur.
3553 3448 3705 3519 Quid
3745 3458 3886 3510 enim

2277 3537 2553 3590 magnum,
2589 3542 2711 3582 cum
2742 3538 2796 3584 et
2823 3529 3057 3587 habeant
3088 3535 3139 3592 in
3170 3536 3542 3607 lupanaribus,
3575 3545 3629 3599 in
3663 3547 3884 3616 culinis,

2274 3626 2329 3672 et
2378 3619 2430 3671 in
2462 3619 2570 3675 imo
2597 3635 2837 3681 carcere.
2870 3646 2889 3679 υ
2922 3625 3280 3700 (Tertullian.,
3315 3633 3405 3689 lib.
3438 3651 3476 3690 tt
3511 3637 3585 3691 ad
3627 3639 3883 3727 (Veliam,

2274 3728 2392 3783 cap.
2424 3713 2512 3780 l5,
2550 3733 2668 3788 pag.
2703 3718 2817 3789 78.)
2848 3720 2905 3776 In
2935 3723 3041 3778 alio
3064 3740 3278 3796 quoque
3305 3727 3444 3783 libro
3480 3713 3809 3802 perfectiori
3837 3752 3885 3796 et

2274 3802 2485 3876 integro
2514 3809 2770 3878 scripsit:
2804 3831 2824 3864 ‹
2858 3812 3004 3869 Certi
3038 3831 3160 3873 esse
3184 3818 3464 3889 debemus,
3500 3825 3543 3879 si
3573 3842 3724 3898 quos
3756 3831 3884 3889 latet

2273 3910 2370 3966 per
2412 3900 2766 3969 ignorantiam
2819 3905 3134 3964 litteratura:
3169 3914 3468 3983 smcularis,
3499 3919 3667 3976 etiam
3714 3927 3882 3981 ostio.

2273 4003 2390 4042 rum
2439 3991 2573 4046 deos
2623 3996 2763 4063 apud
2816 3997 3106 4066 Romanos,
3159 4002 3420 4061 Cardeam
3471 4024 3501 4062 a
3551 4009 3883 4072 Cardinibus

2271 4083 2617 4152 appellatam,
2649 4099 2703 4143 et
2731 4089 3019 4148 Forculum
3049 4110 3077 4148 a
3107 4095 3332 4166 foribus,
3362 4112 3414 4157 et
3443 4101 3824 4165 Limentinum
3854 4128 3880 4166 a

2271 4175 2480 4243 limine,
2521 4190 2577 4236 et
2617 4182 2790 4252 ipsum
2829 4185 3022 4242 Janum
3054 4204 3084 4243 a
3113 4189 3316 4258 .lanua;
3357 4204 3411 4249 et
3450 4197 3635 4268 utique
3674 4203 3882 4259 scimus

2271 4266 2400 4323 licet
2436 4272 2652 4327 nomina
2693 4275 2874 4331 inania
2917 4287 3077 4349 atqtte
3117 4282 3345 4339 conficta
3377 4287 3503 4353 sint,
3535 4303 3663 4345 cum
3696 4301 3878 4350 tamen

2128 4413 2168 4441 η
2271 4359 2326 4416 in
2362 4365 2800 4433 superstitionem
2839 4369 3197 4438 dedttcnntnr,
3234 4391 3428 4447 rapere
3465 4379 3532 4435 ad
3566 4394 3631 4436 se
3671 4384 3879 4443 daemo-

2270 4453 2382 4519 nia,
2414 4466 2469 4509 et
2494 4471 2710 4513 omnem
2742 4460 2988 4529 Spiritum
3020 4466 3351 4524 immundum
3381 4487 3476 4538 per
3501 4482 3879 4535 consecratio.

2269 4549 2354 4604 nis
2381 4550 2824 4623 obligamentum.
2857 4576 2877 4609 ι
2905 4557 3098 4628 (Idem,
3132 4564 3220 4617 lib.
3251 4564 3315 4620 de
3345 4563 3565 4635 Idolol.,
3595 4586 3719 4642 cap.
3760 4574 3876 4646 15.)

635 4625 720 4682 Ab
743 4627 858 4696 ipso
884 4631 1062 4689 adhuc
1107 4646 1333 4693 {meum}
1380 4650 1588 4708 nostra,
1620 4625 2073 4714 quemadmddu'm
2103 4652 2170 4708 ab
2194 4627 2248 4688 D
2274 4639 2602 4699 Eorttntdem
2633 4647 2845 4704 illorum
2875 4625 3100 4708 deorum
3133 4656 3374 4712 meminit
3403 4659 3766 4730 Augustinus,
3792 4678 3877 4721 at-

566 4719 867 4788 Augustino
915 4725 1206 4785 irridentur
1244 4732 1480 4801 ethnici,
1531 4739 1621 4807 qui
1671 4740 1979 4799 Melloniam
2011 4745 2164 4802 deam

568 4811 750 4867 mellis
787 4817 1110 4875 confectioni
1143 4825 1336 4891 prtrlici
1382 4831 1801 4890 somniaveram.
1831 4835 1991 4902 Quasi
2036 4855 2167 4895 vero

569 4904 690 4960 sine
717 4907 804 4960 illa
848 4912 953 4966 mel
983 4913 1176 4971 confici
1227 4934 1518 4990 numquam
1570 4929 1875 4993 potuisset?
1903 4931 2162 5001 Quocirca

570 4996 641 5054 de
669 4998 868 5058 Jndteis
909 5014 1054 5061 recte
1098 5011 1469 5081 Augustinus:
1508 5035 1529 5069 ι
1565 5017 1693 5076 Sine
1734 4996 1979 5093 Segetia,
2023 5047 2042 5081 ι
2080 5029 2164 5084 in-

570 5091 706 5162 quit,
737 5111 757 5146 ‹
791 5105 1022 5166 segetes,
1055 5099 1175 5157 sine
1207 5103 1422 5162 Bubona
1467 5110 1657 5177 boves,
1688 5091 1844 5170 mella
1885 5119 2004 5175 sine
2033 5121 2166 5177 Mel-

571 5185 718 5252 lona,
747 5202 906 5258 poma
936 5191 1053 5247 sine
1078 5192 1330 5263 Pontora,
1359 5208 1412 5255 et
1443 5216 1663 5271 prorsus
1689 5211 1889 5274 omnia,
1924 5228 2022 5283 pro
2046 5215 2166 5284 qui-

571 5277 674 5334 bus
701 5289 861 5336 tanta:
889 5281 1148 5342 falsorum
1169 5287 1391 5347 deorum
1423 5297 1589 5352 turbae
1609 5298 1837 5358 Romani
1864 5305 2169 5374 supplican-

571 5371 698 5426 dum
737 5384 1079 5447 putaverunt,
1112 5383 1182 5437 ab
1214 5399 1322 5440 uno
1354 5401 1486 5443 vero
1527 5389 1638 5447 Deo
1689 5392 1898 5450 felicius
1933 5371 2170 5462 accepe-

573 5477 700 5519 runt
723 5486 742 5518 ι
778 5467 1020 5542 (Arnob.,
1053 5472 1092 5529 ι.
1124 5489 1197 5540 tv,
1237 5495 1290 5547 p.
1325 5478 1458 5547 l5l;
1492 5483 1731 5557 August,
1762 5487 1800 5542 Ι.
1829 5504 1865 5542 v
1906 5488 1970 5543 de
1993 5488 2169 5561 Civit.,

571 5569 621 5609 ε.
649 5556 747 5621 μ,
773 5576 824 5627 ρ.
855 5563 983 5632 tu)

646 5648 784 5717 Quid
814 5669 972 5725 vero,
1001 5665 1144 5733 quod
1171 5665 1367 5723 ethnici
1400 5670 1535 5724 alios
1583 5670 1716 5726 deos
1742 5673 1984 5740 viarum,
2027 5677 2171 5734 limi-

575 5755 726 5810 num,
760 5755 816 5802 et
843 5752 1108 5812 ostiorum
1139 5759 1423 5829 praefectos
1452 5767 1745 5820 commenti
1776 5765 2026 5823 fuerant?
2053 5769 2170 5828 Non

579 5836 723 5892 enim
772 5841 890 5898 sine
919 5846 1110 5917 ironia
1145 5862 1203 5908 et
1251 5854 1627 5926 objurgatione
1673 5859 1810 5917 dixit
1854 5861 2124 5921 Arnobius
2159 5884 2172 5922 :

2271 4749 2377 4800 que
2406 4737 2474 4790 ab
2510 4737 2741 4795 ethnicis
2772 4741 2913 4798 haud
2945 4745 3158 4816 illcpide
3196 4759 3347 4819 rogat
3385 4766 3480 4806 cur
3518 4752 3795 4814 Forculus
3824 4770 3877 4815 et

2269 4828 2610 4889 Limentinus
2639 4836 2712 4891 dii
2740 4839 2961 4894 masculi
2990 4839 3253 4910 dicantur,
3277 4843 3482 4901 Cardea
3505 4862 3636 4902 vero
3667 4849 3874 4910 femina

2269 4925 2471 4982 cardini
2518 4931 2800 4999 praesideat
2841 4934 3109 5006 (August.,
3148 4937 3235 4991 lib.
3270 4955 3322 4992 tv
3351 4941 3413 4994 de
3452 4939 3631 5004 Civit..
3661 4962 3785 5017 cap.
3818 4952 3872 5013 8,

2266 5039 2387 5093 pag.
2417 5025 2517 5092 94;
2547 5036 2593 5080 et
2623 5029 2712 5083 lib.
2737 5045 2805 5096 vt,
2839 5048 2954 5102 cap.
2989 5034 3042 5098 7,
3074 5049 3192 5104 pag.
3227 5033 3375 5108 1555).
3400 5035 3669 5108 Numquid
3702 5043 3869 5098 etiam

2267 5118 2438 5172 sancti
2469 5118 2544 5173 illi
2574 5121 2645 5175 dii
2684 5122 3017 5192 lupanarium
3069 5126 3336 5183 liminibus
3388 5142 3442 5185 et
3483 5129 3693 5188 foribus
3735 5151 3873 5206 pra:-

2269 5211 2452 5278 positi,
2482 5226 2574 5266 eas
2605 5213 2892 5270 luxuriosis
2917 5233 2979 5272 ac
3007 5217 3305 5276 libidinosis
3331 5223 3687 5292 aperiebant?

2342 5303 2556 5373 Optime
2590 5308 2826 5377 quidem,
2860 5311 3088 5382 inquies.
3129 5313 3234 5369 Sed
3279 5317 3422 5372 nulla
3465 5316 3569 5371 illis
3616 5322 3874 5378 omnibus

2271 5393 2327 5450 in
2350 5395 2479 5451 locis
2502 5398 2690 5465 Limre,
2718 5403 2786 5454 ab
2809 5402 3051 5460 Arnohio
3078 5407 3380 5477 appellatae,
3417 5411 3638 5466 mentio.
3660 5412 3868 5482 Quam-

2270 5488 2456 5544 obrem
2497 5494 2838 5561 suspicantur
2877 5508 3186 5569 corruptum
3231 5517 3350 5558 esse
3394 5503 3492 5558 hoc
3531 5520 3758 5572 nomen,
3813 5524 3875 5565 ac

2274 5597 2373 5652 pro
2405 5599 2471 5639 eo
2510 5585 2888 5656 Limentiuam,
2931 5603 3021 5646 aut
3058 5593 3274 5662 Janum,
3321 5607 3413 5651 aut
3449 5595 3637 5653 Janam
3682 5601 3872 5670 legen-

2274 5675 2424 5732 dum.
2465 5677 2600 5745 Quid
2642 5681 2687 5735 si
2734 5682 3002 5752 legeretur
3039 5683 3266 5754 Cardea,
3297 5689 3365 5743 de
3409 5706 3510 5758 qua
3555 5694 3807 5762 proxime
3845 5713 3872 5751 a

2276 5767 2430 5824 nobis
2454 5771 2597 5825 citati
2635 5781 2882 5829 auctores
2903 5817 2918 5840 ,
2953 5785 3047 5832 aut
3081 5778 3276 5846 Carna,
3307 5779 3375 5837 de
3404 5797 3506 5852 qua
3547 5783 3704 5852 plura
3747 5785 3873 5841 Ovi—

2275 5861 2394 5917 dius
2421 5865 2617 5922 cecinit
2645 5865 2851 5939 (Ovid.,
2882 5869 2968 5925 lib.
2999 5887 3050 5926 Vl
3093 5871 3328 5938 Factam,
3361 5871 3447 5944 §2
3467 5915 3481 5941 ,
3516 5891 3636 5946 pag.
3669 5876 3782 5934 652
3829 5889 3875 5935 et
