  <div class='ocr_page' id='page_1' title='image "/cluster/home/n/w/nwhite01/storage/ocr_20150623/5/umn.31951002477299b/282.png"; bbox 0 0 4000 6308; ppageno 0'>
   <div class='ocr_carea' id='block_1_1' title="bbox 107 366 204 423">
    <p class='ocr_par' dir='ltr' id='par_1_1' title="bbox 107 366 204 423">
     <span class='ocr_line' id='line_1_1' title="bbox 107 366 204 423; baseline -0.01 0"><span class='ocrx_word' id='word_1_1' title='bbox 107 366 204 423; x_wconf 70' lang='grc'><strong>545</strong></span> 
     </span>
    </p>
   </div>
   <div class='ocr_carea' id='block_1_2' title="bbox 1345 358 2202 435">
    <p class='ocr_par' dir='ltr' id='par_1_2' title="bbox 1345 358 2202 435">
     <span class='ocr_line' id='line_1_2' title="bbox 1345 358 2202 435; baseline 0.004 -13"><span class='ocrx_word' id='word_1_2' title='bbox 1345 363 1411 422; x_wconf 84' lang='lat' dir='ltr'><strong>1N</strong></span> <span class='ocrx_word' id='word_1_3' title='bbox 1451 358 1825 435; x_wconf 77' lang='lat' dir='ltr'><strong>ARNOBIUM,</strong></span> <span class='ocrx_word' id='word_1_4' title='bbox 1866 361 2024 425; x_wconf 76' lang='lat' dir='ltr'><strong>CAP.</strong></span> <span class='ocrx_word' id='word_1_5' title='bbox 2065 363 2202 425; x_wconf 77' lang='lat' dir='ltr'><strong>XIII.</strong></span> 
     </span>
    </p>
   </div>
   <div class='ocr_carea' id='block_1_3' title="bbox 3267 371 3374 430">
    <p class='ocr_par' dir='ltr' id='par_1_3' title="bbox 3267 371 3374 430">
     <span class='ocr_line' id='line_1_3' title="bbox 3267 371 3374 430; baseline 0 0"><span class='ocrx_word' id='word_1_6' title='bbox 3267 371 3374 430; x_wconf 67' lang='lat'><strong>546</strong></span> 
     </span>
    </p>
   </div>
   <div class='ocr_carea' id='block_1_4' title="bbox 105 477 3378 557">
    <p class='ocr_par' dir='ltr' id='par_1_4' title="bbox 105 477 3378 557">
     <span class='ocr_line' id='line_1_4' title="bbox 105 477 3378 557; baseline 0.002 -23"><span class='ocrx_word' id='word_1_7' title='bbox 105 477 259 551; x_wconf 80' lang='lat' dir='ltr'><strong>seq.)?</strong></span> <span class='ocrx_word' id='word_1_8' title='bbox 297 477 406 536; x_wconf 85' lang='lat' dir='ltr'><strong>Sed</strong></span> <span class='ocrx_word' id='word_1_9' title='bbox 446 492 568 536; x_wconf 90' lang='lat' dir='ltr'><strong>cum</strong></span> <span class='ocrx_word' id='word_1_10' title='bbox 609 479 846 535; x_wconf 82' lang='lat' dir='ltr'><strong>inﬁnitus</strong></span> <span class='ocrx_word' id='word_1_11' title='bbox 885 477 1067 543; x_wconf 88' lang='lat' dir='ltr'><strong>fuerit,</strong></span> <span class='ocrx_word' id='word_1_12' title='bbox 1109 484 1168 532; x_wconf 92' lang='lat' dir='ltr'><strong>ut</strong></span> <span class='ocrx_word' id='word_1_13' title='bbox 1203 477 1405 535; x_wconf 88' lang='lat' dir='ltr'><strong>dictum</strong></span> <span class='ocrx_word' id='word_1_14' title='bbox 1445 489 1550 547; x_wconf 90' lang='lat' dir='ltr'><strong>est,</strong></span> <span class='ocrx_word' id='word_1_15' title='bbox 1583 480 1684 536; x_wconf 90' lang='lat' dir='ltr'><strong>hu-</strong></span> <span class='ocrx_word' id='word_1_16' title='bbox 1713 499 1764 557; x_wconf 78' lang='grc' dir='ltr'><strong>Α</strong></span> <span class='ocrx_word' id='word_1_17' title='bbox 1789 483 2103 539; x_wconf 88' lang='lat' dir='ltr'><strong>suadebitnr</strong></span> <span class='ocrx_word' id='word_1_18' title='bbox 2141 485 2298 540; x_wconf 88' lang='lat' dir='ltr'><strong>deam</strong></span> <span class='ocrx_word' id='word_1_19' title='bbox 2341 499 2460 541; x_wconf 90' lang='lat' dir='ltr'><strong>esse</strong></span> <span class='ocrx_word' id='word_1_20' title='bbox 2491 485 2801 552; x_wconf 87' lang='lat' dir='ltr'><strong>Pecuniam,</strong></span> <span class='ocrx_word' id='word_1_21' title='bbox 2837 498 2996 557; x_wconf 87' lang='lat' dir='ltr'><strong>quam</strong></span> <span class='ocrx_word' id='word_1_22' title='bbox 3031 495 3211 544; x_wconf 85' lang='lat' dir='ltr'><strong>tamen</strong></span> <span class='ocrx_word' id='word_1_23' title='bbox 3241 489 3378 542; x_wconf 75' lang='lat' dir='ltr'><strong>velut</strong></span> 
     </span>
    </p>
   </div>
   <div class='ocr_carea' id='block_1_5' title="bbox 100 570 1688 641">
    <p class='ocr_par' dir='ltr' id='par_1_5' title="bbox 100 570 1688 641">
     <span class='ocr_line' id='line_1_5' title="bbox 100 570 1688 641; baseline 0.001 -16"><span class='ocrx_word' id='word_1_24' title='bbox 100 571 389 640; x_wconf 88' lang='lat' dir='ltr'><strong>juscemodi</strong></span> <span class='ocrx_word' id='word_1_25' title='bbox 430 571 652 627; x_wconf 91' lang='lat' dir='ltr'><strong>deorum</strong></span> <span class='ocrx_word' id='word_1_26' title='bbox 699 586 976 638; x_wconf 90' lang='lat' dir='ltr'><strong>numerus,</strong></span> <span class='ocrx_word' id='word_1_27' title='bbox 1016 570 1142 641; x_wconf 89' lang='lat' dir='ltr'><strong>quid</strong></span> <span class='ocrx_word' id='word_1_28' title='bbox 1185 571 1238 626; x_wconf 91' lang='lat' dir='ltr'><strong>in</strong></span> <span class='ocrx_word' id='word_1_29' title='bbox 1277 572 1499 628; x_wconf 85' lang='lat' dir='ltr'><strong>Arnobii</strong></span> <span class='ocrx_word' id='word_1_30' title='bbox 1541 581 1688 627; x_wconf 87' lang='lat' dir='ltr'><strong>textu</strong></span> 
     </span>
    </p>
   </div>
   <div class='ocr_carea' id='block_1_6' title="bbox 101 663 1688 734">
    <p class='ocr_par' dir='ltr' id='par_1_6' title="bbox 101 663 1688 734">
     <span class='ocr_line' id='line_1_6' title="bbox 101 663 1688 734; baseline 0 -16"><span class='ocrx_word' id='word_1_31' title='bbox 101 663 357 734; x_wconf 85' lang='lat' dir='ltr'><strong>scriptum</strong></span> <span class='ocrx_word' id='word_1_32' title='bbox 387 663 567 730; x_wconf 79' lang='lat' dir='ltr'><strong>fuerit,</strong></span> <span class='ocrx_word' id='word_1_33' title='bbox 600 663 825 719; x_wconf 90' lang='lat' dir='ltr'><strong>delinire</strong></span> <span class='ocrx_word' id='word_1_34' title='bbox 853 678 958 718; x_wconf 91' lang='lat' dir='ltr'><strong>non</strong></span> <span class='ocrx_word' id='word_1_35' title='bbox 991 663 1274 718; x_wconf 83' lang='lat' dir='ltr'><strong>audemus.</strong></span> <span class='ocrx_word' id='word_1_36' title='bbox 1305 663 1373 718; x_wconf 85' lang='lat' dir='ltr'><strong>Et</strong></span> <span class='ocrx_word' id='word_1_37' title='bbox 1399 679 1532 719; x_wconf 82' lang='lat' dir='ltr'><strong>sane</strong></span> <span class='ocrx_word' id='word_1_38' title='bbox 1557 665 1688 720; x_wconf 89' lang='lat' dir='ltr'><strong>Ser-</strong></span> 
     </span>
    </p>
   </div>
   <div class='ocr_carea' id='block_1_7' title="bbox 97 755 1689 813">
    <p class='ocr_par' dir='ltr' id='par_1_7' title="bbox 97 755 1689 813">
     <span class='ocr_line' id='line_1_7' title="bbox 97 755 1689 813; baseline 0.001 -1"><span class='ocrx_word' id='word_1_39' title='bbox 97 759 218 812; x_wconf 79' lang='lat' dir='ltr'><strong>vius</strong></span> <span class='ocrx_word' id='word_1_40' title='bbox 247 757 442 812; x_wconf 83' lang='lat' dir='ltr'><strong>alicubi</strong></span> <span class='ocrx_word' id='word_1_41' title='bbox 469 757 716 812; x_wconf 72' lang='lat' dir='ltr'><strong>observat</strong></span> <span class='ocrx_word' id='word_1_42' title='bbox 739 757 897 812; x_wconf 90' lang='lat' dir='ltr'><strong>limen</strong></span> <span class='ocrx_word' id='word_1_43' title='bbox 924 756 1100 813; x_wconf 77' lang='lat' dir='ltr'><strong>Vestae</strong></span> <span class='ocrx_word' id='word_1_44' title='bbox 1129 755 1294 812; x_wconf 90' lang='lat' dir='ltr'><strong>fuisse</strong></span> <span class='ocrx_word' id='word_1_45' title='bbox 1318 767 1689 813; x_wconf 87' lang='lat' dir='ltr'><strong>consecratum</strong></span> 
     </span>
    </p>
   </div>
   <div class='ocr_carea' id='block_1_8' title="bbox 104 850 1192 924">
    <p class='ocr_par' dir='ltr' id='par_1_8' title="bbox 104 850 1192 924">
     <span class='ocr_line' id='line_1_8' title="bbox 104 850 1192 924; baseline -0.002 -16"><span class='ocrx_word' id='word_1_46' title='bbox 104 853 302 922; x_wconf 60' lang='lat' dir='ltr'><strong>(Serm,</strong></span> <span class='ocrx_word' id='word_1_47' title='bbox 330 853 384 906; x_wconf 78' lang='lat' dir='ltr'><strong>in</strong></span> <span class='ocrx_word' id='word_1_48' title='bbox 412 853 502 907; x_wconf 75' lang='lat' dir='ltr'><strong>lib.</strong></span> <span class='ocrx_word' id='word_1_49' title='bbox 535 867 587 906; x_wconf 78' lang='lat' dir='ltr'><strong>v1</strong></span> <span class='ocrx_word' id='word_1_50' title='bbox 615 850 857 918; x_wconf 67' lang='lat' dir='ltr'><strong>zEneid.,</strong></span> <span class='ocrx_word' id='word_1_51' title='bbox 891 868 1010 924; x_wconf 88' lang='lat' dir='ltr'><strong>pag.</strong></span> <span class='ocrx_word' id='word_1_52' title='bbox 1041 852 1192 921; x_wconf 70' lang='lat' dir='ltr'><strong>4M).</strong></span> 
     </span>
    </p>
   </div>
   <div class='ocr_carea' id='block_1_9' title="bbox 178 946 1692 1020">
    <p class='ocr_par' dir='ltr' id='par_1_9' title="bbox 178 946 1692 1020">
     <span class='ocr_line' id='line_1_9' title="bbox 178 946 1692 1020; baseline 0 -17"><span class='ocrx_word' id='word_1_53' title='bbox 178 947 342 1020; x_wconf 83' lang='lat' dir='ltr'><strong>Magis</strong></span> <span class='ocrx_word' id='word_1_54' title='bbox 368 963 494 1003; x_wconf 90' lang='lat' dir='ltr'><strong>vero</strong></span> <span class='ocrx_word' id='word_1_55' title='bbox 515 957 766 1018; x_wconf 90' lang='lat' dir='ltr'><strong>corrupta</strong></span> <span class='ocrx_word' id='word_1_56' title='bbox 791 947 1041 1004; x_wconf 86' lang='lat' dir='ltr'><strong>videntur</strong></span> <span class='ocrx_word' id='word_1_57' title='bbox 1059 947 1444 1018; x_wconf 73' lang='lat' dir='ltr'><strong>subsequentia</strong></span> <span class='ocrx_word' id='word_1_58' title='bbox 1465 946 1692 1004; x_wconf 82' lang='lat' dir='ltr'><strong>Arnobii</strong></span> 
     </span>
    </p>
   </div>
   <div class='ocr_carea' id='block_1_10' title="bbox 107 1041 1692 1114">
    <p class='ocr_par' dir='ltr' id='par_1_10' title="bbox 107 1041 1692 1114">
     <span class='ocr_line' id='line_1_10' title="bbox 107 1041 1692 1114; baseline -0.004 -12"><span class='ocrx_word' id='word_1_59' title='bbox 107 1042 262 1102; x_wconf 88' lang='lat' dir='ltr'><strong>verba</strong></span> <span class='ocrx_word' id='word_1_60' title='bbox 299 1061 312 1097; x_wconf 93' lang='lat'>:</span> <span class='ocrx_word' id='word_1_61' title='bbox 348 1062 367 1095; x_wconf 74' lang='grc' dir='ltr'>ι</span> <span class='ocrx_word' id='word_1_62' title='bbox 405 1042 537 1110; x_wconf 84' lang='lat' dir='ltr'><strong>Quis</strong></span> <span class='ocrx_word' id='word_1_63' title='bbox 576 1052 854 1098; x_wconf 87' lang='lat' dir='ltr'><strong>curatores</strong></span> <span class='ocrx_word' id='word_1_64' title='bbox 906 1041 1282 1114; x_wconf 90' lang='lat' dir='ltr'><strong>obliquitatum</strong></span> <span class='ocrx_word' id='word_1_65' title='bbox 1331 1041 1532 1107; x_wconf 87' lang='lat' dir='ltr'><strong>Limos,</strong></span> <span class='ocrx_word' id='word_1_66' title='bbox 1575 1059 1593 1092; x_wconf 69' lang='grc' dir='ltr'><strong><em>ι</em></strong></span> <span class='ocrx_word' id='word_1_67' title='bbox 1639 1041 1692 1096; x_wconf 89' lang='lat' dir='ltr'><strong>in</strong></span> 
     </span>
    </p>
   </div>
   <div class='ocr_carea' id='block_1_11' title="bbox 113 1132 1692 1206">
    <p class='ocr_par' dir='ltr' id='par_1_11' title="bbox 113 1132 1692 1206">
     <span class='ocr_line' id='line_1_11' title="bbox 113 1132 1692 1206; baseline -0.002 -16"><span class='ocrx_word' id='word_1_68' title='bbox 113 1135 470 1204; x_wconf 90' lang='lat' dir='ltr'><strong>manuscripto</strong></span> <span class='ocrx_word' id='word_1_69' title='bbox 487 1135 655 1206; x_wconf 82' lang='lat' dir='ltr'><strong>regio,</strong></span> <span class='ocrx_word' id='word_1_70' title='bbox 676 1153 695 1185; x_wconf 74' lang='grc' dir='ltr'>ι</span> <span class='ocrx_word' id='word_1_71' title='bbox 719 1134 948 1190; x_wconf 86' lang='lat' dir='ltr'><strong>Lemons</strong></span> <span class='ocrx_word' id='word_1_72' title='bbox 967 1153 987 1186; x_wconf 76' lang='grc' dir='ltr'><strong><em>ι</em></strong></span> <span class='ocrx_word' id='word_1_73' title='bbox 1009 1134 1240 1204; x_wconf 88' lang='lat' dir='ltr'><strong>pessime</strong></span> <span class='ocrx_word' id='word_1_74' title='bbox 1257 1132 1495 1205; x_wconf 80' lang='lat' dir='ltr'><strong>(Aruob.,</strong></span> <span class='ocrx_word' id='word_1_75' title='bbox 1512 1134 1602 1188; x_wconf 79' lang='lat' dir='ltr'><strong>lib.</strong></span> <span class='ocrx_word' id='word_1_76' title='bbox 1621 1149 1692 1198; x_wconf 86' lang='lat' dir='ltr'><strong>tv,</strong></span> 
     </span>
    </p>
   </div>
   <div class='ocr_carea' id='block_1_12' title="bbox 109 1226 1694 1300">
    <p class='ocr_par' dir='ltr' id='par_1_12' title="bbox 109 1226 1694 1300">
     <span class='ocr_line' id='line_1_12' title="bbox 109 1226 1694 1300; baseline -0.001 -18"><span class='ocrx_word' id='word_1_77' title='bbox 109 1247 223 1300; x_wconf 87' lang='lat' dir='ltr'><strong>pag.</strong></span> <span class='ocrx_word' id='word_1_78' title='bbox 255 1226 405 1299; x_wconf 73' lang='lat' dir='ltr'><strong>I32).</strong></span> <span class='ocrx_word' id='word_1_79' title='bbox 439 1227 574 1296; x_wconf 88' lang='lat' dir='ltr'><strong>Quia</strong></span> <span class='ocrx_word' id='word_1_80' title='bbox 603 1242 734 1284; x_wconf 88' lang='lat' dir='ltr'><strong>vero</strong></span> <span class='ocrx_word' id='word_1_81' title='bbox 760 1227 908 1283; x_wconf 89' lang='lat' dir='ltr'><strong>solus</strong></span> <span class='ocrx_word' id='word_1_82' title='bbox 936 1226 1024 1282; x_wconf 89' lang='lat' dir='ltr'><strong>hic</strong></span> <span class='ocrx_word' id='word_1_83' title='bbox 1051 1226 1206 1282; x_wconf 87' lang='lat' dir='ltr'><strong>nobis</strong></span> <span class='ocrx_word' id='word_1_84' title='bbox 1230 1235 1478 1295; x_wconf 82' lang='lat' dir='ltr'><strong>superest</strong></span> <span class='ocrx_word' id='word_1_85' title='bbox 1503 1227 1694 1282; x_wconf 91' lang='lat' dir='ltr'><strong>horum</strong></span> 
     </span>
    </p>
   </div>
   <div class='ocr_carea' id='block_1_13' title="bbox 106 1317 1697 1390">
    <p class='ocr_par' dir='ltr' id='par_1_13' title="bbox 106 1317 1697 1390">
     <span class='ocr_line' id='line_1_13' title="bbox 106 1317 1697 1390; baseline -0.002 -14"><span class='ocrx_word' id='word_1_86' title='bbox 106 1321 359 1376; x_wconf 84' lang='lat' dir='ltr'><strong>librorum</strong></span> <span class='ocrx_word' id='word_1_87' title='bbox 385 1318 782 1390; x_wconf 82' lang='lat' dir='ltr'><strong>manuscriptus</strong></span> <span class='ocrx_word' id='word_1_88' title='bbox 800 1320 994 1387; x_wconf 80' lang='lat' dir='ltr'><strong>codex,</strong></span> <span class='ocrx_word' id='word_1_89' title='bbox 1016 1318 1085 1374; x_wconf 91' lang='lat' dir='ltr'><strong>ab</strong></span> <span class='ocrx_word' id='word_1_90' title='bbox 1107 1317 1510 1390; x_wconf 85' lang='lat' dir='ltr'><strong>imperitissimo</strong></span> <span class='ocrx_word' id='word_1_91' title='bbox 1535 1318 1697 1374; x_wconf 89' lang='lat' dir='ltr'><strong>libra-</strong></span> 
     </span>
    </p>
   </div>
   <div class='ocr_carea' id='block_1_14' title="bbox 107 1412 1694 1486">
    <p class='ocr_par' dir='ltr' id='par_1_14' title="bbox 107 1412 1694 1486">
     <span class='ocr_line' id='line_1_14' title="bbox 107 1412 1694 1486; baseline 0 -18"><span class='ocrx_word' id='word_1_92' title='bbox 107 1413 187 1468; x_wconf 89' lang='lat' dir='ltr'><strong>rio</strong></span> <span class='ocrx_word' id='word_1_93' title='bbox 225 1412 551 1486; x_wconf 89' lang='lat' dir='ltr'><strong>descriptus,</strong></span> <span class='ocrx_word' id='word_1_94' title='bbox 595 1429 714 1483; x_wconf 67' lang='lat' dir='ltr'><strong>quae</strong></span> <span class='ocrx_word' id='word_1_95' title='bbox 752 1414 824 1468; x_wconf 92' lang='lat' dir='ltr'><strong>sit</strong></span> <span class='ocrx_word' id='word_1_96' title='bbox 863 1429 988 1469; x_wconf 88' lang='lat' dir='ltr'><strong>vera</strong></span> <span class='ocrx_word' id='word_1_97' title='bbox 1027 1413 1264 1468; x_wconf 89' lang='lat' dir='ltr'><strong>auctoris</strong></span> <span class='ocrx_word' id='word_1_98' title='bbox 1301 1415 1469 1469; x_wconf 88' lang='lat' dir='ltr'><strong>nostri</strong></span> <span class='ocrx_word' id='word_1_99' title='bbox 1512 1413 1694 1480; x_wconf 84' lang='lat' dir='ltr'><strong>lectio,</strong></span> 
     </span>
    </p>
   </div>
   <div class='ocr_carea' id='block_1_15' title="bbox 109 1507 1700 1580">
    <p class='ocr_par' dir='ltr' id='par_1_15' title="bbox 109 1507 1700 1580">
     <span class='ocr_line' id='line_1_15' title="bbox 109 1507 1700 1580; baseline 0.001 -16"><span class='ocrx_word' id='word_1_100' title='bbox 109 1507 250 1564; x_wconf 86' lang='lat' dir='ltr'><strong>dictu</strong></span> <span class='ocrx_word' id='word_1_101' title='bbox 286 1507 684 1564; x_wconf 86' lang='lat' dir='ltr'><strong>difficillimum.</strong></span> <span class='ocrx_word' id='word_1_102' title='bbox 724 1507 888 1565; x_wconf 85' lang='lat' dir='ltr'><strong>Nobis</strong></span> <span class='ocrx_word' id='word_1_103' title='bbox 929 1517 1106 1563; x_wconf 88' lang='lat' dir='ltr'><strong>tamen</strong></span> <span class='ocrx_word' id='word_1_104' title='bbox 1145 1507 1284 1563; x_wconf 89' lang='lat' dir='ltr'><strong>haud</strong></span> <span class='ocrx_word' id='word_1_105' title='bbox 1319 1525 1463 1580; x_wconf 71' lang='lat' dir='ltr'><strong>aegre</strong></span> <span class='ocrx_word' id='word_1_106' title='bbox 1503 1509 1700 1580; x_wconf 83' lang='lat' dir='ltr'><strong>proha-</strong></span> 
     </span>
    </p>
   </div>
   <div class='ocr_carea' id='block_1_16' title="bbox 108 1599 1700 1673">
    <p class='ocr_par' dir='ltr' id='par_1_16' title="bbox 108 1599 1700 1673">
     <span class='ocr_line' id='line_1_16' title="bbox 108 1599 1700 1673; baseline 0.001 -17"><span class='ocrx_word' id='word_1_107' title='bbox 108 1611 255 1656; x_wconf 84' lang='lat' dir='ltr'><strong>retur</strong></span> <span class='ocrx_word' id='word_1_108' title='bbox 289 1599 653 1673; x_wconf 90' lang='lat' dir='ltr'><strong>reponendam</strong></span> <span class='ocrx_word' id='word_1_109' title='bbox 684 1614 806 1656; x_wconf 90' lang='lat' dir='ltr'><strong>esse</strong></span> <span class='ocrx_word' id='word_1_110' title='bbox 845 1614 1031 1656; x_wconf 87' lang='lat' dir='ltr'><strong>vocem</strong></span> <span class='ocrx_word' id='word_1_111' title='bbox 1073 1599 1353 1661; x_wconf 89' lang='lat' dir='ltr'><strong>Lemures.</strong></span> <span class='ocrx_word' id='word_1_112' title='bbox 1395 1601 1463 1657; x_wconf 90' lang='lat' dir='ltr'><strong>de</strong></span> <span class='ocrx_word' id='word_1_113' title='bbox 1505 1602 1700 1668; x_wconf 89' lang='lat' dir='ltr'><strong>quibus</strong></span> 
     </span>
    </p>
   </div>
   <div class='ocr_carea' id='block_1_17' title="bbox 107 1691 1698 1765">
    <p class='ocr_par' dir='ltr' id='par_1_17' title="bbox 107 1691 1698 1765">
     <span class='ocr_line' id='line_1_17' title="bbox 107 1691 1698 1765; baseline -0.001 -16"><span class='ocrx_word' id='word_1_114' title='bbox 107 1709 208 1749; x_wconf 91' lang='lat' dir='ltr'><strong>nos</strong></span> <span class='ocrx_word' id='word_1_115' title='bbox 241 1693 391 1760; x_wconf 86' lang='lat' dir='ltr'><strong>alibi,</strong></span> <span class='ocrx_word' id='word_1_116' title='bbox 433 1704 486 1748; x_wconf 90' lang='lat' dir='ltr'><strong>et</strong></span> <span class='ocrx_word' id='word_1_117' title='bbox 523 1691 748 1748; x_wconf 88' lang='lat' dir='ltr'><strong>Ovidius</strong></span> <span class='ocrx_word' id='word_1_118' title='bbox 783 1693 894 1762; x_wconf 87' lang='lat' dir='ltr'><strong>jam</strong></span> <span class='ocrx_word' id='word_1_119' title='bbox 938 1708 969 1746; x_wconf 87' lang='lat' dir='ltr'><strong>a</strong></span> <span class='ocrx_word' id='word_1_120' title='bbox 1012 1693 1166 1750; x_wconf 87' lang='lat' dir='ltr'><strong>nobis</strong></span> <span class='ocrx_word' id='word_1_121' title='bbox 1206 1693 1453 1748; x_wconf 87' lang='lat' dir='ltr'><strong>laudatus</strong></span> <span class='ocrx_word' id='word_1_122' title='bbox 1492 1692 1698 1765; x_wconf 81' lang='lat' dir='ltr'><strong>(Ovid.,</strong></span> 
     </span>
    </p>
   </div>
   <div class='ocr_carea' id='block_1_18' title="bbox 107 1784 1700 1858">
    <p class='ocr_par' dir='ltr' id='par_1_18' title="bbox 107 1784 1700 1858">
     <span class='ocr_line' id='line_1_18' title="bbox 107 1784 1700 1858; baseline 0.002 -18"><span class='ocrx_word' id='word_1_123' title='bbox 107 1786 195 1840; x_wconf 81' lang='lat' dir='ltr'><strong>lib.</strong></span> <span class='ocrx_word' id='word_1_124' title='bbox 238 1803 271 1840; x_wconf 87' lang='lat' dir='ltr'><strong>v</strong></span> <span class='ocrx_word' id='word_1_125' title='bbox 312 1784 547 1850; x_wconf 86' lang='lat' dir='ltr'><strong>Fastor.,</strong></span> <span class='ocrx_word' id='word_1_126' title='bbox 581 1785 609 1858; x_wconf 86' lang='lat'>§</span> <span class='ocrx_word' id='word_1_127' title='bbox 649 1787 703 1853; x_wconf 82' lang='lat'><strong>5,</strong></span> <span class='ocrx_word' id='word_1_128' title='bbox 742 1803 863 1857; x_wconf 88' lang='lat' dir='ltr'><strong>pag.</strong></span> <span class='ocrx_word' id='word_1_129' title='bbox 904 1786 1013 1842; x_wconf 75' lang='lat'><strong>652</strong></span> <span class='ocrx_word' id='word_1_130' title='bbox 1049 1796 1095 1840; x_wconf 89' lang='lat' dir='ltr'><strong>et</strong></span> <span class='ocrx_word' id='word_1_131' title='bbox 1129 1793 1282 1858; x_wconf 84' lang='lat' dir='ltr'><strong>seq.).</strong></span> <span class='ocrx_word' id='word_1_132' title='bbox 1319 1787 1700 1843; x_wconf 78' lang='lat' dir='ltr'><strong>Verumtamen</strong></span> 
     </span>
    </p>
   </div>
   <div class='ocr_carea' id='block_1_19' title="bbox 108 1881 1778 1956">
    <p class='ocr_par' dir='ltr' id='par_1_19' title="bbox 108 1881 1778 1956">
     <span class='ocr_line' id='line_1_19' title="bbox 108 1881 1778 1956; baseline 0.001 -20"><span class='ocrx_word' id='word_1_133' title='bbox 108 1881 210 1937; x_wconf 89' lang='lat' dir='ltr'><strong>nisi</strong></span> <span class='ocrx_word' id='word_1_134' title='bbox 255 1882 477 1939; x_wconf 89' lang='lat' dir='ltr'><strong>alterius</strong></span> <span class='ocrx_word' id='word_1_135' title='bbox 525 1883 868 1938; x_wconf 88' lang='lat' dir='ltr'><strong>correctioris</strong></span> <span class='ocrx_word' id='word_1_136' title='bbox 925 1881 1126 1937; x_wconf 86' lang='lat' dir='ltr'><strong>codicis</strong></span> <span class='ocrx_word' id='word_1_137' title='bbox 1173 1897 1277 1952; x_wconf 91' lang='lat' dir='ltr'><strong>ope</strong></span> <span class='ocrx_word' id='word_1_138' title='bbox 1326 1882 1517 1954; x_wconf 91' lang='lat' dir='ltr'><strong>adjuti,</strong></span> <span class='ocrx_word' id='word_1_139' title='bbox 1567 1882 1700 1938; x_wconf 90' lang='lat' dir='ltr'><strong>nihil</strong></span> <span class='ocrx_word' id='word_1_140' title='bbox 1729 1894 1778 1956; x_wconf 76' lang='grc' dir='ltr'><strong>Β</strong></span> 
     </span>
    </p>
   </div>
   <div class='ocr_carea' id='block_1_20' title="bbox 107 1974 1703 2046">
    <p class='ocr_par' dir='ltr' id='par_1_20' title="bbox 107 1974 1703 2046">
     <span class='ocr_line' id='line_1_20' title="bbox 107 1974 1703 2046; baseline 0.001 -18"><span class='ocrx_word' id='word_1_141' title='bbox 107 1974 284 2029; x_wconf 86' lang='lat' dir='ltr'><strong>adhuc</strong></span> <span class='ocrx_word' id='word_1_142' title='bbox 311 1991 374 2031; x_wconf 92' lang='lat' dir='ltr'><strong>ea</strong></span> <span class='ocrx_word' id='word_1_143' title='bbox 401 1975 470 2030; x_wconf 92' lang='lat' dir='ltr'><strong>de</strong></span> <span class='ocrx_word' id='word_1_144' title='bbox 498 1990 556 2030; x_wconf 90' lang='lat' dir='ltr'><strong>re</strong></span> <span class='ocrx_word' id='word_1_145' title='bbox 581 1975 718 2030; x_wconf 86' lang='lat' dir='ltr'><strong>certi</strong></span> <span class='ocrx_word' id='word_1_146' title='bbox 747 1974 948 2046; x_wconf 88' lang='lat' dir='ltr'><strong>aliquid</strong></span> <span class='ocrx_word' id='word_1_147' title='bbox 974 1974 1139 2029; x_wconf 85' lang='lat' dir='ltr'><strong>statui</strong></span> <span class='ocrx_word' id='word_1_148' title='bbox 1168 1989 1330 2044; x_wconf 88' lang='lat' dir='ltr'><strong>posse</strong></span> <span class='ocrx_word' id='word_1_149' title='bbox 1358 1975 1703 2030; x_wconf 84' lang='lat' dir='ltr'><strong>arbitramur.</strong></span> 
     </span>
    </p>
   </div>
   <div class='ocr_carea' id='block_1_21' title="bbox 109 2067 1709 2141">
    <p class='ocr_par' dir='ltr' id='par_1_21' title="bbox 109 2067 1709 2141">
     <span class='ocr_line' id='line_1_21' title="bbox 109 2067 1709 2141; baseline 0 -18"><span class='ocrx_word' id='word_1_150' title='bbox 109 2069 374 2141; x_wconf 83' lang='lat' dir='ltr'><strong>Quidquid</strong></span> <span class='ocrx_word' id='word_1_151' title='bbox 415 2068 504 2133; x_wconf 87' lang='lat' dir='ltr'><strong>sit,</strong></span> <span class='ocrx_word' id='word_1_152' title='bbox 547 2069 691 2141; x_wconf 86' lang='lat' dir='ltr'><strong>quis,</strong></span> <span class='ocrx_word' id='word_1_153' title='bbox 736 2068 987 2134; x_wconf 90' lang='lat' dir='ltr'><strong>obsecro,</strong></span> <span class='ocrx_word' id='word_1_154' title='bbox 1033 2068 1316 2140; x_wconf 88' lang='lat' dir='ltr'><strong>ingenuus,</strong></span> <span class='ocrx_word' id='word_1_155' title='bbox 1358 2067 1709 2139; x_wconf 83' lang='lat' dir='ltr'><strong>liberalisque</strong></span> 
     </span>
    </p>
   </div>
   <div class='ocr_carea' id='block_1_22' title="bbox 111 2159 1540 2234">
    <p class='ocr_par' dir='ltr' id='par_1_22' title="bbox 111 2159 1540 2234">
     <span class='ocr_line' id='line_1_22' title="bbox 111 2159 1540 2234; baseline -0.003 -17"><span class='ocrx_word' id='word_1_156' title='bbox 111 2164 275 2218; x_wconf 88' lang='lat' dir='ltr'><strong>homo</strong></span> <span class='ocrx_word' id='word_1_157' title='bbox 305 2161 527 2234; x_wconf 84' lang='lat' dir='ltr'><strong>hujusce</strong></span> <span class='ocrx_word' id='word_1_158' title='bbox 550 2161 638 2217; x_wconf 86' lang='lat' dir='ltr'><strong>dei</strong></span> <span class='ocrx_word' id='word_1_159' title='bbox 661 2175 859 2217; x_wconf 91' lang='lat' dir='ltr'><strong>munus</strong></span> <span class='ocrx_word' id='word_1_160' title='bbox 882 2160 1034 2216; x_wconf 89' lang='lat' dir='ltr'><strong>obire</strong></span> <span class='ocrx_word' id='word_1_161' title='bbox 1061 2175 1312 2232; x_wconf 87' lang='lat' dir='ltr'><strong>umquam</strong></span> <span class='ocrx_word' id='word_1_162' title='bbox 1341 2159 1540 2216; x_wconf 77' lang='lat' dir='ltr'><strong>vellet?</strong></span> 
     </span>
    </p>
   </div>
   <div class='ocr_carea' id='block_1_23' title="bbox 181 2250 1711 2327">
    <p class='ocr_par' dir='ltr' id='par_1_23' title="bbox 181 2250 1711 2327">
     <span class='ocr_line' id='line_1_23' title="bbox 181 2250 1711 2327; baseline -0.002 -17"><span class='ocrx_word' id='word_1_163' title='bbox 181 2255 368 2327; x_wconf 83' lang='lat' dir='ltr'><strong>Neque</strong></span> <span class='ocrx_word' id='word_1_164' title='bbox 403 2254 566 2310; x_wconf 88' lang='lat' dir='ltr'><strong>etiam</strong></span> <span class='ocrx_word' id='word_1_165' title='bbox 608 2253 848 2310; x_wconf 86' lang='lat' dir='ltr'><strong>Aruobio</strong></span> <span class='ocrx_word' id='word_1_166' title='bbox 893 2252 1206 2308; x_wconf 88' lang='lat' dir='ltr'><strong>credibilius</strong></span> <span class='ocrx_word' id='word_1_167' title='bbox 1245 2251 1482 2317; x_wconf 82' lang='lat' dir='ltr'><strong>videtur,</strong></span> <span class='ocrx_word' id='word_1_168' title='bbox 1519 2269 1540 2304; x_wconf 75' lang='grc' dir='ltr'>ι</span> <span class='ocrx_word' id='word_1_169' title='bbox 1577 2250 1711 2307; x_wconf 89' lang='lat' dir='ltr'><strong>deos</strong></span> 
     </span>
    </p>
   </div>
   <div class='ocr_carea' id='block_1_24' title="bbox 108 2344 1712 2416">
    <p class='ocr_par' dir='ltr' id='par_1_24' title="bbox 108 2344 1712 2416">
     <span class='ocr_line' id='line_1_24' title="bbox 108 2344 1712 2416; baseline -0.002 -12"><span class='ocrx_word' id='word_1_170' title='bbox 108 2347 337 2404; x_wconf 87' lang='lat' dir='ltr'><strong>Lucrios</strong></span> <span class='ocrx_word' id='word_1_171' title='bbox 380 2347 653 2402; x_wconf 86' lang='lat' dir='ltr'><strong>lucrorum</strong></span> <span class='ocrx_word' id='word_1_172' title='bbox 706 2345 1179 2403; x_wconf 85' lang='lat' dir='ltr'><strong>consecutionibus</strong></span> <span class='ocrx_word' id='word_1_173' title='bbox 1218 2344 1544 2416; x_wconf 74' lang='lat' dir='ltr'><strong>prtesidere;</strong></span> <span class='ocrx_word' id='word_1_174' title='bbox 1587 2359 1712 2400; x_wconf 91' lang='lat' dir='ltr'><strong>cum</strong></span> 
     </span>
    </p>
   </div>
   <div class='ocr_carea' id='block_1_25' title="bbox 109 2436 1712 2511">
    <p class='ocr_par' dir='ltr' id='par_1_25' title="bbox 109 2436 1712 2511">
     <span class='ocr_line' id='line_1_25' title="bbox 109 2436 1712 2511; baseline -0.002 -15"><span class='ocrx_word' id='word_1_175' title='bbox 109 2456 179 2496; x_wconf 87' lang='lat' dir='ltr'><strong>ex</strong></span> <span class='ocrx_word' id='word_1_176' title='bbox 206 2439 452 2511; x_wconf 87' lang='lat' dir='ltr'><strong>turpibus</strong></span> <span class='ocrx_word' id='word_1_177' title='bbox 477 2439 655 2494; x_wconf 87' lang='lat' dir='ltr'><strong>causis</strong></span> <span class='ocrx_word' id='word_1_178' title='bbox 679 2437 1116 2510; x_wconf 80' lang='lat' dir='ltr'><strong>frequentissime</strong></span> <span class='ocrx_word' id='word_1_179' title='bbox 1139 2437 1376 2505; x_wconf 85' lang='lat' dir='ltr'><strong>veniant,</strong></span> <span class='ocrx_word' id='word_1_180' title='bbox 1406 2447 1462 2492; x_wconf 91' lang='lat' dir='ltr'><strong>et</strong></span> <span class='ocrx_word' id='word_1_181' title='bbox 1485 2436 1712 2492; x_wconf 88' lang='lat' dir='ltr'><strong>aliorum</strong></span> 
     </span>
    </p>
   </div>
   <div class='ocr_carea' id='block_1_26' title="bbox 109 2529 1716 2604">
    <p class='ocr_par' dir='ltr' id='par_1_26' title="bbox 109 2529 1716 2604">
     <span class='ocr_line' id='line_1_26' title="bbox 109 2529 1716 2604; baseline -0.001 -16"><span class='ocrx_word' id='word_1_182' title='bbox 109 2547 330 2604; x_wconf 83' lang='lat' dir='ltr'><strong>semper</strong></span> <span class='ocrx_word' id='word_1_183' title='bbox 366 2529 664 2602; x_wconf 85' lang='lat' dir='ltr'><strong>dispendiis</strong></span> <span class='ocrx_word' id='word_1_184' title='bbox 699 2540 968 2587; x_wconf 88' lang='lat' dir='ltr'><strong>constent.</strong></span> <span class='ocrx_word' id='word_1_185' title='bbox 999 2551 1018 2584; x_wconf 74' lang='grc' dir='ltr'><strong><em>ι</em></strong></span> <span class='ocrx_word' id='word_1_186' title='bbox 1048 2531 1147 2600; x_wconf 84' lang='lat' dir='ltr'><strong>Qui</strong></span> <span class='ocrx_word' id='word_1_187' title='bbox 1179 2540 1363 2588; x_wconf 87' lang='lat' dir='ltr'><strong>autem</strong></span> <span class='ocrx_word' id='word_1_188' title='bbox 1406 2531 1606 2587; x_wconf 81' lang='lat' dir='ltr'><strong>fuerint</strong></span> <span class='ocrx_word' id='word_1_189' title='bbox 1636 2531 1716 2586; x_wconf 93' lang='lat' dir='ltr'><strong>illi</strong></span> 
     </span>
    </p>
   </div>
   <div class='ocr_carea' id='block_1_27' title="bbox 111 2622 1715 2695">
    <p class='ocr_par' dir='ltr' id='par_1_27' title="bbox 111 2622 1715 2695">
     <span class='ocr_line' id='line_1_27' title="bbox 111 2622 1715 2695; baseline -0.004 -13"><span class='ocrx_word' id='word_1_190' title='bbox 111 2627 213 2691; x_wconf 85' lang='lat' dir='ltr'><strong>dii,</strong></span> <span class='ocrx_word' id='word_1_191' title='bbox 244 2626 289 2681; x_wconf 90' lang='lat' dir='ltr'><strong>si</strong></span> <span class='ocrx_word' id='word_1_192' title='bbox 321 2624 460 2681; x_wconf 88' lang='lat' dir='ltr'><strong>scire</strong></span> <span class='ocrx_word' id='word_1_193' title='bbox 487 2639 671 2690; x_wconf 86' lang='lat' dir='ltr'><strong>aveas,</strong></span> <span class='ocrx_word' id='word_1_194' title='bbox 716 2624 784 2678; x_wconf 88' lang='lat' dir='ltr'><strong>ah</strong></span> <span class='ocrx_word' id='word_1_195' title='bbox 825 2625 988 2680; x_wconf 90' lang='lat' dir='ltr'><strong>Suida</strong></span> <span class='ocrx_word' id='word_1_196' title='bbox 1031 2624 1277 2695; x_wconf 87' lang='lat' dir='ltr'><strong>accipere</strong></span> <span class='ocrx_word' id='word_1_197' title='bbox 1316 2623 1540 2694; x_wconf 88' lang='lat' dir='ltr'><strong>poteris.</strong></span> <span class='ocrx_word' id='word_1_198' title='bbox 1581 2622 1715 2677; x_wconf 87' lang='lat' dir='ltr'><strong>Nam</strong></span> 
     </span>
    </p>
   </div>
   <div class='ocr_carea' id='block_1_28' title="bbox 109 2713 1717 2796">
    <p class='ocr_par' dir='ltr' id='par_1_28' title="bbox 109 2713 1717 2796">
     <span class='ocr_line' id='line_1_28' title="bbox 109 2713 1717 2796; baseline -0.003 -21"><span class='ocrx_word' id='word_1_199' title='bbox 109 2718 363 2796; x_wconf 79' lang='grc' dir='ltr'><strong>κερδῶος.</strong></span> <span class='ocrx_word' id='word_1_200' title='bbox 395 2717 567 2790; x_wconf 84' lang='lat' dir='ltr'><strong>inquit</strong></span> <span class='ocrx_word' id='word_1_201' title='bbox 594 2715 832 2788; x_wconf 85' lang='lat' dir='ltr'><strong>(Suidas,</strong></span> <span class='ocrx_word' id='word_1_202' title='bbox 879 2716 948 2769; x_wconf 83' lang='lat' dir='ltr'><strong>ad</strong></span> <span class='ocrx_word' id='word_1_203' title='bbox 993 2716 1197 2771; x_wconf 83' lang='lat' dir='ltr'><strong>uerbum</strong></span> <span class='ocrx_word' id='word_1_204' title='bbox 1238 2713 1512 2793; x_wconf 73' lang='grc' dir='ltr'><strong>κερδῶος),</strong></span> <span class='ocrx_word' id='word_1_205' title='bbox 1543 2717 1654 2776; x_wconf 82' lang='grc' dir='ltr'><strong>θεὸς</strong></span> <span class='ocrx_word' id='word_1_206' title='bbox 1690 2715 1717 2770; x_wconf 82' lang='grc' dir='ltr'>ὁ</span> 
     </span>
    </p>
   </div>
   <div class='ocr_carea' id='block_1_29' title="bbox 106 2807 1720 2889">
    <p class='ocr_par' dir='ltr' id='par_1_29' title="bbox 106 2807 1720 2889">
     <span class='ocr_line' id='line_1_29' title="bbox 106 2807 1720 2889; baseline -0.003 -21"><span class='ocrx_word' id='word_1_207' title='bbox 106 2811 301 2889; x_wconf 76' lang='grc' dir='ltr'><strong>Ἐρμῆς</strong></span> <span class='ocrx_word' id='word_1_208' title='bbox 356 2813 424 2872; x_wconf 76' lang='grc' dir='ltr'><strong>ὡς</strong></span> <span class='ocrx_word' id='word_1_209' title='bbox 476 2808 692 2886; x_wconf 77' lang='grc' dir='ltr'><strong>κέρδους</strong></span> <span class='ocrx_word' id='word_1_210' title='bbox 735 2811 998 2870; x_wconf 79' lang='grc' dir='ltr'><strong>ποιητικὸς</strong></span> <span class='ocrx_word' id='word_1_211' title='bbox 1056 2812 1146 2866; x_wconf 78' lang='grc' dir='ltr'><strong>καὶ</strong></span> <span class='ocrx_word' id='word_1_212' title='bbox 1203 2807 1411 2884; x_wconf 72' lang='grc' dir='ltr'><strong>ἄγγελον</strong></span> <span class='ocrx_word' id='word_1_213' title='bbox 1461 2809 1515 2864; x_wconf 78' lang='grc' dir='ltr'><strong>δὲ</strong></span> <span class='ocrx_word' id='word_1_214' title='bbox 1565 2811 1720 2864; x_wconf 79' lang='grc' dir='ltr'>αὐτὸν</span> 
     </span>
    </p>
   </div>
   <div class='ocr_carea' id='block_1_30' title="bbox 110 2899 1721 2981">
    <p class='ocr_par' dir='ltr' id='par_1_30' title="bbox 110 2899 1721 2981">
     <span class='ocr_line' id='line_1_30' title="bbox 110 2899 1721 2981; baseline -0.003 -20"><span class='ocrx_word' id='word_1_215' title='bbox 110 2905 350 2967; x_wconf 79' lang='grc' dir='ltr'><strong>καλοῦσι,</strong></span> <span class='ocrx_word' id='word_1_216' title='bbox 379 2906 459 2958; x_wconf 72' lang='grc' dir='ltr'><strong>καὶ</strong></span> <span class='ocrx_word' id='word_1_217' title='bbox 491 2902 672 2956; x_wconf 79' lang='grc' dir='ltr'>κλῶπα</span> <span class='ocrx_word' id='word_1_218' title='bbox 698 2917 723 2966; x_wconf 84' lang='grc'><strong>,“</strong></span> <span class='ocrx_word' id='word_1_219' title='bbox 740 2899 820 2958; x_wconf 84' lang='grc' dir='ltr'><strong>διὸ</strong></span> <span class='ocrx_word' id='word_1_220' title='bbox 851 2904 939 2956; x_wconf 74' lang='grc' dir='ltr'><strong>καὶ</strong></span> <span class='ocrx_word' id='word_1_221' title='bbox 963 2902 1282 2981; x_wconf 64' lang='grc' dir='ltr'><strong>μάρσυπποῢ</strong></span> <span class='ocrx_word' id='word_1_222' title='bbox 1308 2901 1466 2956; x_wconf 79' lang='grc' dir='ltr'><strong>αὐτὸν</strong></span> <span class='ocrx_word' id='word_1_223' title='bbox 1506 2906 1721 2956; x_wconf 81' lang='grc' dir='ltr'><strong>ποιοῦσι</strong></span> 
     </span>
    </p>
   </div>
   <div class='ocr_carea' id='block_1_31' title="bbox 114 2992 1720 3071">
    <p class='ocr_par' dir='ltr' id='par_1_31' title="bbox 114 2992 1720 3071">
     <span class='ocr_line' id='line_1_31' title="bbox 114 2992 1720 3071; baseline 0 -18"><span class='ocrx_word' id='word_1_224' title='bbox 114 2999 416 3062; x_wconf 74' lang='grc' dir='ltr'><strong>ϐαστάζειν,</strong></span> <span class='ocrx_word' id='word_1_225' title='bbox 448 2999 534 3050; x_wconf 77' lang='grc' dir='ltr'><strong>καὶ</strong></span> <span class='ocrx_word' id='word_1_226' title='bbox 568 2993 746 3071; x_wconf 67' lang='grc' dir='ltr'><strong>ἔφορον</strong></span> <span class='ocrx_word' id='word_1_227' title='bbox 776 2995 940 3052; x_wconf 70' lang='grc' dir='ltr'><strong>αὐτὸν</strong></span> <span class='ocrx_word' id='word_1_228' title='bbox 955 2999 1052 3064; x_wconf 60' lang='lat' dir='ltr'><strong>uti</strong></span> <span class='ocrx_word' id='word_1_229' title='bbox 1073 2992 1248 3070; x_wconf 66' lang='grc' dir='ltr'><strong>λόγου,</strong></span> <span class='ocrx_word' id='word_1_230' title='bbox 1283 2997 1487 3057; x_wconf 77' lang='grc' dir='ltr'><strong>καὶτῆς</strong></span> <span class='ocrx_word' id='word_1_231' title='bbox 1512 2994 1720 3060; x_wconf 79' lang='grc' dir='ltr'><strong>κλοπῆς,</strong></span> 
     </span>
    </p>
   </div>
   <div class='ocr_carea' id='block_1_32' title="bbox 112 3086 1724 3168">
    <p class='ocr_par' dir='ltr' id='par_1_32' title="bbox 112 3086 1724 3168">
     <span class='ocr_line' id='line_1_32' title="bbox 112 3086 1724 3168; baseline -0.004 -18"><span class='ocrx_word' id='word_1_232' title='bbox 112 3098 202 3150; x_wconf 69' lang='grc' dir='ltr'><strong>καὶ</strong></span> <span class='ocrx_word' id='word_1_233' title='bbox 229 3093 506 3166; x_wconf 75' lang='grc' dir='ltr'><strong>ἐμπολιὶων</strong></span> <span class='ocrx_word' id='word_1_234' title='bbox 531 3132 548 3158; x_wconf 87' lang='grc'><em>,</em></span> <span class='ocrx_word' id='word_1_235' title='bbox 571 3092 728 3165; x_wconf 69' lang='grc' dir='ltr'><strong>ἤγουν</strong></span> <span class='ocrx_word' id='word_1_236' title='bbox 757 3087 972 3168; x_wconf 67' lang='grc' dir='ltr'><strong>κέρδους</strong></span> <span class='ocrx_word' id='word_1_237' title='bbox 1001 3086 1204 3167; x_wconf 62' lang='grc' dir='ltr'><strong>ὄρρον.</strong></span> <span class='ocrx_word' id='word_1_238' title='bbox 1240 3087 1570 3156; x_wconf 69' lang='lat' dir='ltr'><strong>Qwstuosus</strong></span> <span class='ocrx_word' id='word_1_239' title='bbox 1599 3088 1724 3144; x_wconf 83' lang='lat' dir='ltr'><strong>deus</strong></span> 
     </span>
    </p>
   </div>
   <div class='ocr_carea' id='block_1_33' title="bbox 115 3178 1724 3252">
    <p class='ocr_par' dir='ltr' id='par_1_33' title="bbox 115 3178 1724 3252">
     <span class='ocr_line' id='line_1_33' title="bbox 115 3178 1724 3252; baseline -0.003 -12"><span class='ocrx_word' id='word_1_240' title='bbox 115 3185 430 3251; x_wconf 72' lang='lat' dir='ltr'><strong>Mercurius,</strong></span> <span class='ocrx_word' id='word_1_241' title='bbox 479 3191 535 3238; x_wconf 89' lang='lat' dir='ltr'><strong>ut</strong></span> <span class='ocrx_word' id='word_1_242' title='bbox 579 3182 712 3237; x_wconf 82' lang='lat' dir='ltr'><strong>lucri</strong></span> <span class='ocrx_word' id='word_1_243' title='bbox 739 3183 841 3238; x_wconf 81' lang='lat' dir='ltr'><strong>sive</strong></span> <span class='ocrx_word' id='word_1_244' title='bbox 870 3189 1094 3252; x_wconf 67' lang='lat' dir='ltr'><strong>quastus</strong></span> <span class='ocrx_word' id='word_1_245' title='bbox 1133 3178 1368 3248; x_wconf 67' lang='lat' dir='ltr'><strong>effector.</strong></span> <span class='ocrx_word' id='word_1_246' title='bbox 1401 3179 1540 3247; x_wconf 81' lang='lat' dir='ltr'><strong>Quin</strong></span> <span class='ocrx_word' id='word_1_247' title='bbox 1568 3181 1724 3235; x_wconf 86' lang='lat' dir='ltr'><strong>etiam</strong></span> 
     </span>
    </p>
   </div>
   <div class='ocr_carea' id='block_1_34' title="bbox 1792 577 3377 649">
    <p class='ocr_par' dir='ltr' id='par_1_34' title="bbox 1792 577 3377 649">
     <span class='ocr_line' id='line_1_34' title="bbox 1792 577 3377 649; baseline 0.006 -21"><span class='ocrx_word' id='word_1_248' title='bbox 1792 577 2070 630; x_wconf 67' lang='lat' dir='ltr'><strong>maximum</strong></span> <span class='ocrx_word' id='word_1_249' title='bbox 2100 593 2308 644; x_wconf 84' lang='lat' dir='ltr'><strong>numen,</strong></span> <span class='ocrx_word' id='word_1_250' title='bbox 2343 579 2414 633; x_wconf 85' lang='lat' dir='ltr'><strong>uti</strong></span> <span class='ocrx_word' id='word_1_251' title='bbox 2447 578 2685 649; x_wconf 87' lang='lat' dir='ltr'><strong>loquitur</strong></span> <span class='ocrx_word' id='word_1_252' title='bbox 2715 577 3007 646; x_wconf 75' lang='lat' dir='ltr'><strong>Arnobius,</strong></span> <span class='ocrx_word' id='word_1_253' title='bbox 3039 579 3377 636; x_wconf 85' lang='lat' dir='ltr'><strong>ethnicorum</strong></span> 
     </span>
    </p>
   </div>
   <div class='ocr_carea' id='block_1_35' title="bbox 1788 667 3382 743">
    <p class='ocr_par' dir='ltr' id='par_1_35' title="bbox 1788 667 3382 743">
     <span class='ocr_line' id='line_1_35' title="bbox 1788 667 3382 743; baseline 0.003 -22"><span class='ocrx_word' id='word_1_254' title='bbox 1788 668 2014 722; x_wconf 82' lang='lat' dir='ltr'><strong>indicant</strong></span> <span class='ocrx_word' id='word_1_255' title='bbox 2055 669 2237 724; x_wconf 70' lang='lat' dir='ltr'><strong>[illene</strong></span> <span class='ocrx_word' id='word_1_256' title='bbox 2262 667 2502 742; x_wconf 80' lang='lat' dir='ltr'><strong>(Arnob.,</strong></span> <span class='ocrx_word' id='word_1_257' title='bbox 2537 671 2626 726; x_wconf 87' lang='lat' dir='ltr'><strong>lib.</strong></span> <span class='ocrx_word' id='word_1_258' title='bbox 2658 686 2733 738; x_wconf 85' lang='lat' dir='ltr'><strong>tv,</strong></span> <span class='ocrx_word' id='word_1_259' title='bbox 2768 688 2886 741; x_wconf 87' lang='lat' dir='ltr'><strong>pag.</strong></span> <span class='ocrx_word' id='word_1_260' title='bbox 2920 671 3071 743; x_wconf 62' lang='lat' dir='ltr'><strong>I33).</strong></span> <span class='ocrx_word' id='word_1_261' title='bbox 3105 671 3382 743; x_wconf 85' lang='lat' dir='ltr'><strong>Frequens</strong></span> 
     </span>
    </p>
   </div>
   <div class='ocr_carea' id='block_1_36' title="bbox 1789 747 3379 835">
    <p class='ocr_par' dir='ltr' id='par_1_36' title="bbox 1789 747 3379 835">
     <span class='ocr_line' id='line_1_36' title="bbox 1789 747 3379 835; baseline 0.003 -20"><span class='ocrx_word' id='word_1_262' title='bbox 1789 771 1968 817; x_wconf 86' lang='lat' dir='ltr'><strong>autem</strong></span> <span class='ocrx_word' id='word_1_263' title='bbox 1995 763 2228 816; x_wconf 90' lang='lat' dir='ltr'><strong>occurrit</strong></span> <span class='ocrx_word' id='word_1_264' title='bbox 2259 763 2418 833; x_wconf 88' lang='lat' dir='ltr'><strong>hujus</strong></span> <span class='ocrx_word' id='word_1_265' title='bbox 2445 747 2560 818; x_wconf 69' lang='lat' dir='ltr'><strong>deae</strong></span> <span class='ocrx_word' id='word_1_266' title='bbox 2590 763 2731 834; x_wconf 91' lang='lat' dir='ltr'><strong>apud</strong></span> <span class='ocrx_word' id='word_1_267' title='bbox 2770 762 3125 835; x_wconf 80' lang='lat' dir='ltr'><strong>Augustinum</strong></span> <span class='ocrx_word' id='word_1_268' title='bbox 3154 764 3379 819; x_wconf 89' lang='lat' dir='ltr'><strong>mentio.</strong></span> 
     </span>
    </p>
   </div>
   <div class='ocr_carea' id='block_1_37' title="bbox 1791 851 3382 922">
    <p class='ocr_par' dir='ltr' id='par_1_37' title="bbox 1791 851 3382 922">
     <span class='ocr_line' id='line_1_37' title="bbox 1791 851 3382 922; baseline 0.001 -14"><span class='ocrx_word' id='word_1_269' title='bbox 1791 851 2064 908; x_wconf 87' lang='lat' dir='ltr'><strong>Certiores</strong></span> <span class='ocrx_word' id='word_1_270' title='bbox 2094 869 2223 909; x_wconf 88' lang='lat' dir='ltr'><strong>vero</strong></span> <span class='ocrx_word' id='word_1_271' title='bbox 2253 869 2352 909; x_wconf 91' lang='lat' dir='ltr'><strong>nos</strong></span> <span class='ocrx_word' id='word_1_272' title='bbox 2381 854 2510 910; x_wconf 84' lang='lat' dir='ltr'><strong>facit</strong></span> <span class='ocrx_word' id='word_1_273' title='bbox 2541 870 2661 911; x_wconf 91' lang='lat' dir='ltr'><strong>eam</strong></span> <span class='ocrx_word' id='word_1_274' title='bbox 2699 854 2768 911; x_wconf 91' lang='lat' dir='ltr'><strong>ab</strong></span> <span class='ocrx_word' id='word_1_275' title='bbox 2800 855 3032 911; x_wconf 89' lang='lat' dir='ltr'><strong>ethnicis</strong></span> <span class='ocrx_word' id='word_1_276' title='bbox 3058 855 3382 922; x_wconf 84' lang='lat' dir='ltr'><strong>invocatam,</strong></span> 
     </span>
    </p>
   </div>
   <div class='ocr_carea' id='block_1_38' title="bbox 1795 947 3385 1017">
    <p class='ocr_par' dir='ltr' id='par_1_38' title="bbox 1795 947 3385 1017">
     <span class='ocr_line' id='line_1_38' title="bbox 1795 947 3385 1017; baseline 0.004 -18"><span class='ocrx_word' id='word_1_277' title='bbox 1795 955 1851 1000; x_wconf 88' lang='lat' dir='ltr'><strong>ut</strong></span> <span class='ocrx_word' id='word_1_278' title='bbox 1880 954 2065 1002; x_wconf 91' lang='lat' dir='ltr'><strong>essent</strong></span> <span class='ocrx_word' id='word_1_279' title='bbox 2095 947 2397 1016; x_wconf 84' lang='lat' dir='ltr'><strong>pecuniosi,</strong></span> <span class='ocrx_word' id='word_1_280' title='bbox 2426 955 2479 1001; x_wconf 88' lang='lat' dir='ltr'><strong>et</strong></span> <span class='ocrx_word' id='word_1_281' title='bbox 2501 947 2646 1002; x_wconf 84' lang='lat' dir='ltr'><strong>illam</strong></span> <span class='ocrx_word' id='word_1_282' title='bbox 2673 963 2793 1016; x_wconf 64' lang='lat' dir='ltr'><strong>qua:</strong></span> <span class='ocrx_word' id='word_1_283' title='bbox 2815 947 2882 1004; x_wconf 92' lang='lat' dir='ltr'><strong>ab</strong></span> <span class='ocrx_word' id='word_1_284' title='bbox 2913 948 3024 1017; x_wconf 88' lang='lat' dir='ltr'><strong>ipsa</strong></span> <span class='ocrx_word' id='word_1_285' title='bbox 3051 947 3167 1004; x_wconf 91' lang='lat' dir='ltr'><strong>dari</strong></span> <span class='ocrx_word' id='word_1_286' title='bbox 3190 949 3385 1005; x_wconf 86' lang='lat' dir='ltr'><strong>frustra</strong></span> 
     </span>
    </p>
   </div>
   <div class='ocr_carea' id='block_1_39' title="bbox 1793 1038 3386 1114">
    <p class='ocr_par' dir='ltr' id='par_1_39' title="bbox 1793 1038 3386 1114">
     <span class='ocr_line' id='line_1_39' title="bbox 1793 1038 3386 1114; baseline 0.003 -20"><span class='ocrx_word' id='word_1_287' title='bbox 1793 1038 2206 1104; x_wconf 89' lang='lat' dir='ltr'><strong>ominabantur,</strong></span> <span class='ocrx_word' id='word_1_288' title='bbox 2238 1041 2518 1111; x_wconf 90' lang='lat' dir='ltr'><strong>pecuniam</strong></span> <span class='ocrx_word' id='word_1_289' title='bbox 2556 1041 2867 1098; x_wconf 88' lang='lat' dir='ltr'><strong>obtinerent</strong></span> <span class='ocrx_word' id='word_1_290' title='bbox 2908 1043 3144 1114; x_wconf 81' lang='lat' dir='ltr'><strong>(August.</strong></span> <span class='ocrx_word' id='word_1_291' title='bbox 3166 1084 3180 1105; x_wconf 90' lang='lat'><strong>,</strong></span> <span class='ocrx_word' id='word_1_292' title='bbox 3210 1043 3299 1098; x_wconf 85' lang='lat' dir='ltr'><strong>lib.</strong></span> <span class='ocrx_word' id='word_1_293' title='bbox 3333 1059 3386 1098; x_wconf 90' lang='lat' dir='ltr'><strong>tv</strong></span> 
     </span>
    </p>
   </div>
   <div class='ocr_carea' id='block_1_40' title="bbox 1796 1129 3383 1209">
    <p class='ocr_par' dir='ltr' id='par_1_40' title="bbox 1796 1129 3383 1209">
     <span class='ocr_line' id='line_1_40' title="bbox 1796 1129 3383 1209; baseline 0.006 -25"><span class='ocrx_word' id='word_1_294' title='bbox 1796 1131 1858 1184; x_wconf 86' lang='lat' dir='ltr'><strong>de</strong></span> <span class='ocrx_word' id='word_1_295' title='bbox 1911 1129 2045 1198; x_wconf 84' lang='lat' dir='ltr'><strong>Cio.,</strong></span> <span class='ocrx_word' id='word_1_296' title='bbox 2092 1149 2208 1203; x_wconf 87' lang='lat' dir='ltr'><strong>cap.</strong></span> <span class='ocrx_word' id='word_1_297' title='bbox 2240 1131 2346 1198; x_wconf 77' lang='lat'><strong>20,</strong></span> <span class='ocrx_word' id='word_1_298' title='bbox 2381 1152 2501 1206; x_wconf 91' lang='lat' dir='ltr'><strong>pag.</strong></span> <span class='ocrx_word' id='word_1_299' title='bbox 2551 1135 2674 1202; x_wconf 78' lang='grc'><strong>105,</strong></span> <span class='ocrx_word' id='word_1_300' title='bbox 2708 1144 2754 1188; x_wconf 89' lang='lat' dir='ltr'><strong>et</strong></span> <span class='ocrx_word' id='word_1_301' title='bbox 2796 1150 2913 1206; x_wconf 85' lang='lat' dir='ltr'><strong>cap.</strong></span> <span class='ocrx_word' id='word_1_302' title='bbox 2955 1134 3048 1202; x_wconf 69' lang='lat'><strong>24,</strong></span> <span class='ocrx_word' id='word_1_303' title='bbox 3088 1153 3207 1209; x_wconf 83' lang='lat' dir='ltr'><strong>pag.</strong></span> <span class='ocrx_word' id='word_1_304' title='bbox 3251 1136 3383 1204; x_wconf 72' lang='lat'><strong>106;</strong></span> 
     </span>
    </p>
   </div>
   <div class='ocr_carea' id='block_1_41' title="bbox 1794 1222 2576 1298">
    <p class='ocr_par' dir='ltr' id='par_1_41' title="bbox 1794 1222 2576 1298">
     <span class='ocr_line' id='line_1_41' title="bbox 1794 1222 2576 1298; baseline 0.001 -22"><span class='ocrx_word' id='word_1_305' title='bbox 1794 1222 1882 1276; x_wconf 80' lang='lat' dir='ltr'><strong>lib.</strong></span> <span class='ocrx_word' id='word_1_306' title='bbox 1914 1239 2008 1291; x_wconf 86' lang='lat' dir='ltr'><strong>vn,</strong></span> <span class='ocrx_word' id='word_1_307' title='bbox 2039 1241 2158 1294; x_wconf 86' lang='lat' dir='ltr'><strong>cap.</strong></span> <span class='ocrx_word' id='word_1_308' title='bbox 2189 1227 2242 1292; x_wconf 79' lang='lat'><strong>5,</strong></span> <span class='ocrx_word' id='word_1_309' title='bbox 2275 1242 2396 1298; x_wconf 87' lang='lat' dir='ltr'><strong>pag.</strong></span> <span class='ocrx_word' id='word_1_310' title='bbox 2424 1226 2576 1297; x_wconf 77' lang='grc'>165).</span> 
     </span>
    </p>
   </div>
   <div class='ocr_carea' id='block_1_42' title="bbox 1868 1315 3392 1388">
    <p class='ocr_par' dir='ltr' id='par_1_42' title="bbox 1868 1315 3392 1388">
     <span class='ocr_line' id='line_1_42' title="bbox 1868 1315 3392 1388; baseline 0.005 -17"><span class='ocrx_word' id='word_1_311' title='bbox 1868 1315 2081 1372; x_wconf 89' lang='lat' dir='ltr'><strong>Scimus</strong></span> <span class='ocrx_word' id='word_1_312' title='bbox 2123 1319 2341 1388; x_wconf 87' lang='lat' dir='ltr'><strong>quidem</strong></span> <span class='ocrx_word' id='word_1_313' title='bbox 2377 1335 2407 1374; x_wconf 91' lang='lat' dir='ltr'><strong>a</strong></span> <span class='ocrx_word' id='word_1_314' title='bbox 2441 1318 2705 1377; x_wconf 86' lang='lat' dir='ltr'><strong>Juvenale</strong></span> <span class='ocrx_word' id='word_1_315' title='bbox 2739 1321 3016 1378; x_wconf 89' lang='lat' dir='ltr'><strong>decantari</strong></span> <span class='ocrx_word' id='word_1_316' title='bbox 3055 1321 3264 1377; x_wconf 92' lang='lat' dir='ltr'><strong>nullum</strong></span> <span class='ocrx_word' id='word_1_317' title='bbox 3295 1337 3392 1379; x_wconf 90' lang='lat' dir='ltr'><strong>suo</strong></span> 
     </span>
    </p>
   </div>
   <div class='ocr_carea' id='block_1_43' title="bbox 1799 1413 3394 1487">
    <p class='ocr_par' dir='ltr' id='par_1_43' title="bbox 1799 1413 3394 1487">
     <span class='ocr_line' id='line_1_43' title="bbox 1799 1413 3394 1487; baseline 0.005 -23"><span class='ocrx_word' id='word_1_318' title='bbox 1799 1418 2040 1480; x_wconf 88' lang='lat' dir='ltr'><strong>tempore</strong></span> <span class='ocrx_word' id='word_1_319' title='bbox 2074 1423 2442 1468; x_wconf 87' lang='lat' dir='ltr'><strong>constructum</strong></span> <span class='ocrx_word' id='word_1_320' title='bbox 2485 1413 2736 1471; x_wconf 79' lang='lat' dir='ltr'><strong>Pecunia:</strong></span> <span class='ocrx_word' id='word_1_321' title='bbox 2783 1416 3067 1487; x_wconf 82' lang='lat' dir='ltr'><strong>templum,</strong></span> <span class='ocrx_word' id='word_1_322' title='bbox 3113 1416 3394 1486; x_wconf 85' lang='lat' dir='ltr'><strong>nullasque</strong></span> 
     </span>
    </p>
   </div>
   <div class='ocr_carea' id='block_1_44' title="bbox 1799 1505 3392 1575">
    <p class='ocr_par' dir='ltr' id='par_1_44' title="bbox 1799 1505 3392 1575">
     <span class='ocr_line' id='line_1_44' title="bbox 1799 1505 3392 1575; baseline 0.007 -19"><span class='ocrx_word' id='word_1_323' title='bbox 1799 1505 2033 1558; x_wconf 87' lang='lat' dir='ltr'><strong>nuunnis</strong></span> <span class='ocrx_word' id='word_1_324' title='bbox 2070 1520 2193 1560; x_wconf 90' lang='lat' dir='ltr'><strong>aras</strong></span> <span class='ocrx_word' id='word_1_325' title='bbox 2236 1507 2436 1575; x_wconf 89' lang='lat' dir='ltr'><strong>positas</strong></span> <span class='ocrx_word' id='word_1_326' title='bbox 2473 1506 2656 1566; x_wconf 84' lang='lat' dir='ltr'><strong>fuisse.</strong></span> <span class='ocrx_word' id='word_1_327' title='bbox 2698 1508 2944 1565; x_wconf 87' lang='lat' dir='ltr'><strong>Vidimus</strong></span> <span class='ocrx_word' id='word_1_328' title='bbox 2968 1510 3247 1566; x_wconf 84' lang='lat' dir='ltr'><strong>enimvero</strong></span> <span class='ocrx_word' id='word_1_329' title='bbox 3273 1509 3392 1567; x_wconf 75' lang='lat' dir='ltr'><strong>btcc</strong></span> 
     </span>
    </p>
   </div>
   <div class='ocr_carea' id='block_1_45' title="bbox 1802 1597 2252 1654">
    <p class='ocr_par' dir='ltr' id='par_1_45' title="bbox 1802 1597 2252 1654">
     <span class='ocr_line' id='line_1_45' title="bbox 1802 1597 2252 1654; baseline 0.004 -3"><span class='ocrx_word' id='word_1_330' title='bbox 1802 1597 1944 1653; x_wconf 89' lang='lat' dir='ltr'><strong>illius</strong></span> <span class='ocrx_word' id='word_1_331' title='bbox 1973 1600 2213 1654; x_wconf 86' lang='lat' dir='ltr'><strong>carmina</strong></span> <span class='ocrx_word' id='word_1_332' title='bbox 2240 1616 2252 1653; x_wconf 95' lang='lat'>:</span> 
     </span>
    </p>
   </div>
   <div class='ocr_carea' id='block_1_46' title="bbox 2202 1713 2979 1782">
    <p class='ocr_par' dir='ltr' id='par_1_46' title="bbox 2202 1713 2979 1782">
     <span class='ocr_line' id='line_1_46' title="bbox 2202 1713 2979 1782; baseline 0.009 -19"><span class='ocrx_word' id='word_1_333' title='bbox 2202 1713 2306 1782; x_wconf 69' lang='lat' dir='ltr'><strong>Etsi</strong></span> <span class='ocrx_word' id='word_1_334' title='bbox 2331 1713 2527 1782; x_wconf 80' lang='lat' dir='ltr'><strong>funesta</strong></span> <span class='ocrx_word' id='word_1_335' title='bbox 2549 1717 2770 1769; x_wconf 88' lang='lat' dir='ltr'><strong>Pecunia</strong></span> <span class='ocrx_word' id='word_1_336' title='bbox 2794 1718 2979 1782; x_wconf 85' lang='lat' dir='ltr'><strong>templo</strong></span> 
     </span>
    </p>
   </div>
   <div class='ocr_carea' id='block_1_47' title="bbox 1895 1774 3368 1838">
    <p class='ocr_par' dir='ltr' id='par_1_47' title="bbox 1895 1774 3368 1838">
     <span class='ocr_line' id='line_1_47' title="bbox 1895 1774 3368 1838; baseline 0.005 -11"><span class='ocrx_word' id='word_1_337' title='bbox 1895 1774 2118 1827; x_wconf 79' lang='lat' dir='ltr'><strong>Nondum</strong></span> <span class='ocrx_word' id='word_1_338' title='bbox 2142 1776 2348 1838; x_wconf 83' lang='lat' dir='ltr'><strong>habitas,</strong></span> <span class='ocrx_word' id='word_1_339' title='bbox 2375 1779 2534 1829; x_wconf 87' lang='lat' dir='ltr'><strong>nullas</strong></span> <span class='ocrx_word' id='word_1_340' title='bbox 2557 1794 2861 1831; x_wconf 88' lang='lat' dir='ltr'><strong>nummorum</strong></span> <span class='ocrx_word' id='word_1_341' title='bbox 2885 1774 3217 1833; x_wconf 79' lang='lat' dir='ltr'><strong>éxstruximus</strong></span> <span class='ocrx_word' id='word_1_342' title='bbox 3238 1795 3368 1834; x_wconf 87' lang='lat' dir='ltr'><strong>aras.</strong></span> 
     </span>
    </p>
   </div>
   <div class='ocr_carea' id='block_1_48' title="bbox 2328 1859 3306 1928">
    <p class='ocr_par' dir='ltr' id='par_1_48' title="bbox 2328 1859 3306 1928">
     <span class='ocr_line' id='line_1_48' title="bbox 2328 1859 3306 1928; baseline 0.004 -18"><span class='ocrx_word' id='word_1_343' title='bbox 2328 1859 2550 1923; x_wconf 66' lang='lat' dir='ltr'><strong>(Jovem,</strong></span> <span class='ocrx_word' id='word_1_344' title='bbox 2574 1868 2730 1928; x_wconf 81' lang='lat' dir='ltr'><strong>satyr.</strong></span> <span class='ocrx_word' id='word_1_345' title='bbox 2754 1863 2775 1913; x_wconf 85' lang='grc'><strong>1</strong></span> <span class='ocrx_word' id='word_1_346' title='bbox 2831 1875 2954 1914; x_wconf 78' lang='lat' dir='ltr'><strong>vers.</strong></span> <span class='ocrx_word' id='word_1_347' title='bbox 2975 1863 3062 1914; x_wconf 91' lang='grc'><strong>111</strong></span> <span class='ocrx_word' id='word_1_348' title='bbox 3083 1871 3128 1913; x_wconf 85' lang='lat' dir='ltr'><strong>et</strong></span> <span class='ocrx_word' id='word_1_349' title='bbox 3150 1863 3306 1928; x_wconf 81' lang='lat' dir='ltr'><strong>seqq.)</strong></span> 
     </span>
    </p>
   </div>
   <div class='ocr_carea' id='block_1_49' title="bbox 1809 1961 3404 2042">
    <p class='ocr_par' dir='ltr' id='par_1_49' title="bbox 1809 1961 3404 2042">
     <span class='ocr_line' id='line_1_49' title="bbox 1809 1961 3404 2042; baseline 0.005 -23"><span class='ocrx_word' id='word_1_350' title='bbox 1809 1961 1914 2020; x_wconf 84' lang='lat' dir='ltr'><strong>Sed</strong></span> <span class='ocrx_word' id='word_1_351' title='bbox 1945 1963 1996 2018; x_wconf 89' lang='lat' dir='ltr'><strong>id</strong></span> <span class='ocrx_word' id='word_1_352' title='bbox 2025 1979 2130 2021; x_wconf 90' lang='lat' dir='ltr'><strong>non</strong></span> <span class='ocrx_word' id='word_1_353' title='bbox 2156 1965 2454 2036; x_wconf 88' lang='lat' dir='ltr'><strong>prohibuit,</strong></span> <span class='ocrx_word' id='word_1_354' title='bbox 2483 1969 2612 2038; x_wconf 91' lang='lat' dir='ltr'><strong>quin</strong></span> <span class='ocrx_word' id='word_1_355' title='bbox 2647 1979 2772 2025; x_wconf 91' lang='lat' dir='ltr'><strong>ante</strong></span> <span class='ocrx_word' id='word_1_356' title='bbox 2808 1970 3030 2025; x_wconf 88' lang='lat' dir='ltr'><strong>Arnobii</strong></span> <span class='ocrx_word' id='word_1_357' title='bbox 3060 1979 3273 2042; x_wconf 88' lang='lat' dir='ltr'><strong>tempus</strong></span> <span class='ocrx_word' id='word_1_358' title='bbox 3300 1971 3404 2027; x_wconf 83' lang='lat' dir='ltr'><strong>Pe-</strong></span> 
     </span>
    </p>
   </div>
   <div class='ocr_carea' id='block_1_50' title="bbox 1809 2055 3403 2131">
    <p class='ocr_par' dir='ltr' id='par_1_50' title="bbox 1809 2055 3403 2131">
     <span class='ocr_line' id='line_1_50' title="bbox 1809 2055 3403 2131; baseline 0.006 -21"><span class='ocrx_word' id='word_1_359' title='bbox 1809 2055 1965 2110; x_wconf 90' lang='lat' dir='ltr'><strong>cunia</strong></span> <span class='ocrx_word' id='word_1_360' title='bbox 1995 2055 2065 2110; x_wconf 85' lang='lat' dir='ltr'><strong>ab</strong></span> <span class='ocrx_word' id='word_1_361' title='bbox 2093 2057 2326 2113; x_wconf 90' lang='lat' dir='ltr'><strong>ethnicis</strong></span> <span class='ocrx_word' id='word_1_362' title='bbox 2355 2059 2647 2115; x_wconf 88' lang='lat' dir='ltr'><strong>haberetur</strong></span> <span class='ocrx_word' id='word_1_363' title='bbox 2677 2060 2799 2126; x_wconf 90' lang='lat' dir='ltr'><strong>dea,</strong></span> <span class='ocrx_word' id='word_1_364' title='bbox 2833 2070 2994 2131; x_wconf 87' lang='lat' dir='ltr'><strong>atque</strong></span> <span class='ocrx_word' id='word_1_365' title='bbox 3022 2063 3091 2118; x_wconf 90' lang='lat' dir='ltr'><strong>ab</strong></span> <span class='ocrx_word' id='word_1_366' title='bbox 3119 2062 3253 2119; x_wconf 92' lang='lat' dir='ltr'><strong>lucri</strong></span> <span class='ocrx_word' id='word_1_367' title='bbox 3281 2064 3403 2119; x_wconf 86' lang='lat' dir='ltr'><strong>avi-</strong></span> 
     </span>
    </p>
   </div>
   <div class='ocr_carea' id='block_1_51' title="bbox 1809 2145 3407 2228">
    <p class='ocr_par' dir='ltr' id='par_1_51' title="bbox 1809 2145 3407 2228">
     <span class='ocr_line' id='line_1_51' title="bbox 1809 2145 3407 2228; baseline 0.007 -26"><span class='ocrx_word' id='word_1_368' title='bbox 1809 2145 1917 2213; x_wconf 87' lang='lat' dir='ltr'><strong>dis.</strong></span> <span class='ocrx_word' id='word_1_369' title='bbox 1945 2157 2001 2204; x_wconf 89' lang='lat' dir='ltr'><strong>et</strong></span> <span class='ocrx_word' id='word_1_370' title='bbox 2026 2151 2420 2220; x_wconf 86' lang='lat' dir='ltr'><strong>appetentibus,</strong></span> <span class='ocrx_word' id='word_1_371' title='bbox 2455 2152 2570 2209; x_wconf 83' lang='lat' dir='ltr'><strong>sive</strong></span> <span class='ocrx_word' id='word_1_372' title='bbox 2597 2155 2650 2208; x_wconf 92' lang='lat' dir='ltr'><strong>iu</strong></span> <span class='ocrx_word' id='word_1_373' title='bbox 2681 2153 2862 2225; x_wconf 90' lang='lat' dir='ltr'><strong>aliquo</strong></span> <span class='ocrx_word' id='word_1_374' title='bbox 2889 2154 3005 2225; x_wconf 86' lang='lat' dir='ltr'><strong>ejus</strong></span> <span class='ocrx_word' id='word_1_375' title='bbox 3037 2155 3260 2228; x_wconf 92' lang='lat' dir='ltr'><strong>templo,</strong></span> <span class='ocrx_word' id='word_1_376' title='bbox 3289 2155 3407 2214; x_wconf 85' lang='lat' dir='ltr'><strong>sive</strong></span> 
     </span>
    </p>
   </div>
   <div class='ocr_carea' id='block_1_52' title="bbox 1811 2240 3405 2320">
    <p class='ocr_par' dir='ltr' id='par_1_52' title="bbox 1811 2240 3405 2320">
     <span class='ocr_line' id='line_1_52' title="bbox 1811 2240 3405 2320; baseline 0.008 -26"><span class='ocrx_word' id='word_1_377' title='bbox 1811 2240 1937 2296; x_wconf 91' lang='lat' dir='ltr'><strong>alibi</strong></span> <span class='ocrx_word' id='word_1_378' title='bbox 1982 2242 2347 2301; x_wconf 90' lang='lat' dir='ltr'><strong>invocaretur.</strong></span> <span class='ocrx_word' id='word_1_379' title='bbox 2385 2243 2520 2302; x_wconf 84' lang='lat' dir='ltr'><strong>Vide</strong></span> <span class='ocrx_word' id='word_1_380' title='bbox 2563 2256 2740 2303; x_wconf 92' lang='lat' dir='ltr'><strong>autem</strong></span> <span class='ocrx_word' id='word_1_381' title='bbox 2781 2256 2957 2303; x_wconf 91' lang='lat' dir='ltr'><strong>utrum</strong></span> <span class='ocrx_word' id='word_1_382' title='bbox 2990 2249 3040 2304; x_wconf 93' lang='lat' dir='ltr'><strong>in</strong></span> <span class='ocrx_word' id='word_1_383' title='bbox 3083 2249 3244 2320; x_wconf 74' lang='lat' dir='ltr'><strong>IIIJJIIS</strong></span> <span class='ocrx_word' id='word_1_384' title='bbox 3275 2265 3405 2306; x_wconf 81' lang='lat' dir='ltr'><strong>sen-</strong></span> 
     </span>
    </p>
   </div>
   <div class='ocr_carea' id='block_1_53' title="bbox 1813 2334 3407 2416">
    <p class='ocr_par' dir='ltr' id='par_1_53' title="bbox 1813 2334 3407 2416">
     <span class='ocr_line' id='line_1_53' title="bbox 1813 2334 3407 2416; baseline 0.007 -28"><span class='ocrx_word' id='word_1_385' title='bbox 1813 2334 1994 2388; x_wconf 69' lang='lat' dir='ltr'><strong>tentias</strong></span> <span class='ocrx_word' id='word_1_386' title='bbox 2052 2336 2514 2393; x_wconf 80' lang='lat' dir='ltr'><strong>confirmationem</strong></span> <span class='ocrx_word' id='word_1_387' title='bbox 2559 2341 2787 2409; x_wconf 89' lang='lat' dir='ltr'><strong>proferri</strong></span> <span class='ocrx_word' id='word_1_388' title='bbox 2833 2341 3044 2412; x_wconf 87' lang='lat' dir='ltr'><strong>possint</strong></span> <span class='ocrx_word' id='word_1_389' title='bbox 3099 2341 3216 2399; x_wconf 66' lang='lat' dir='ltr'><strong>haec</strong></span> <span class='ocrx_word' id='word_1_390' title='bbox 3270 2343 3407 2416; x_wconf 85' lang='lat' dir='ltr'><strong>Epi-</strong></span> 
     </span>
    </p>
   </div>
   <div class='ocr_carea' id='block_1_54' title="bbox 1813 2425 2817 2488">
    <p class='ocr_par' dir='ltr' id='par_1_54' title="bbox 1813 2425 2817 2488">
     <span class='ocr_line' id='line_1_54' title="bbox 1813 2425 2817 2488; baseline 0.008 -8"><span class='ocrx_word' id='word_1_391' title='bbox 1813 2425 2020 2482; x_wconf 88' lang='lat' dir='ltr'><strong>charmi</strong></span> <span class='ocrx_word' id='word_1_392' title='bbox 2048 2428 2207 2484; x_wconf 90' lang='lat' dir='ltr'><strong>citata</strong></span> <span class='ocrx_word' id='word_1_393' title='bbox 2234 2445 2264 2484; x_wconf 88' lang='lat' dir='ltr'><strong>a</strong></span> <span class='ocrx_word' id='word_1_394' title='bbox 2295 2429 2512 2486; x_wconf 75' lang='lat' dir='ltr'><strong>Stobzeo</strong></span> <span class='ocrx_word' id='word_1_395' title='bbox 2539 2433 2776 2488; x_wconf 88' lang='lat' dir='ltr'><strong>carmina</strong></span> <span class='ocrx_word' id='word_1_396' title='bbox 2804 2451 2817 2487; x_wconf 92' lang='lat'>:</span> 
     </span>
    </p>
   </div>
   <div class='ocr_carea' id='block_1_55' title="bbox 2005 2544 2838 2610">
    <p class='ocr_par' dir='ltr' id='par_1_55' title="bbox 2005 2544 2838 2610">
     <span class='ocr_line' id='line_1_55' title="bbox 2005 2544 2838 2610; baseline 0.01 -18"><span class='ocrx_word' id='word_1_397' title='bbox 2005 2544 2084 2604; x_wconf 67' lang='grc' dir='ltr'><strong>ιξτὺ</strong></span> <span class='ocrx_word' id='word_1_398' title='bbox 2115 2550 2153 2592; x_wconf 77' lang='grc' dir='ltr'><strong>δ’</strong></span> <span class='ocrx_word' id='word_1_399' title='bbox 2174 2557 2354 2596; x_wconf 64' lang='grc' dir='ltr'><strong>ὑπέλαϐον</strong></span> <span class='ocrx_word' id='word_1_400' title='bbox 2375 2561 2569 2610; x_wconf 58' lang='grc' dir='ltr'><strong>χρησίμως</strong></span> <span class='ocrx_word' id='word_1_401' title='bbox 2591 2555 2682 2600; x_wconf 63' lang='lat' dir='ltr'><strong>sistat</strong></span> <span class='ocrx_word' id='word_1_402' title='bbox 2701 2561 2802 2606; x_wconf 65' lang='grc' dir='ltr'><strong>θεοὺς</strong></span> <span class='ocrx_word' id='word_1_403' title='bbox 2821 2577 2838 2607; x_wconf 68' lang='grc' dir='ltr'>τ</span> 
     </span>
    </p>
   </div>
   <div class='ocr_carea' id='block_1_56' title="bbox 2002 2612 2691 2673">
    <p class='ocr_par' dir='ltr' id='par_1_56' title="bbox 2002 2612 2691 2673">
     <span class='ocr_line' id='line_1_56' title="bbox 2002 2612 2691 2673; baseline 0.013 -21"><span class='ocrx_word' id='word_1_404' title='bbox 2002 2612 2036 2652; x_wconf 84' lang='grc' dir='ltr'><strong>Τ</strong></span> <span class='ocrx_word' id='word_1_405' title='bbox 2038 2617 2049 2632; x_wconf 87' lang='grc'><em>⁹</em></span> <span class='ocrx_word' id='word_1_406' title='bbox 2070 2617 2232 2669; x_wconf 65' lang='grc' dir='ltr'><strong>ἀργύριον</strong></span> <span class='ocrx_word' id='word_1_407' title='bbox 2253 2620 2369 2668; x_wconf 69' lang='grc' dir='ltr'><strong>ἡμῶν,</strong></span> <span class='ocrx_word' id='word_1_408' title='bbox 2389 2622 2451 2659; x_wconf 68' lang='lat' dir='ltr'><strong>ut</strong></span> <span class='ocrx_word' id='word_1_409' title='bbox 2470 2624 2514 2660; x_wconf 77' lang='grc' dir='ltr'><strong>τὸ</strong></span> <span class='ocrx_word' id='word_1_410' title='bbox 2532 2625 2691 2673; x_wconf 68' lang='grc' dir='ltr'><strong>χρυσίον.</strong></span> 
     </span>
    </p>
   </div>
   <div class='ocr_carea' id='block_1_57' title="bbox 2005 2707 3004 2780">
    <p class='ocr_par' dir='ltr' id='par_1_57' title="bbox 2005 2707 3004 2780">
     <span class='ocr_line' id='line_1_57' title="bbox 2005 2707 3004 2780; baseline 0.011 -21"><span class='ocrx_word' id='word_1_411' title='bbox 2005 2707 2112 2780; x_wconf 59' lang='lat' dir='ltr'><strong>[figo</strong></span> <span class='ocrx_word' id='word_1_412' title='bbox 2134 2718 2298 2762; x_wconf 90' lang='lat' dir='ltr'><strong>autem</strong></span> <span class='ocrx_word' id='word_1_413' title='bbox 2323 2712 2446 2764; x_wconf 88' lang='lat' dir='ltr'><strong>deos</strong></span> <span class='ocrx_word' id='word_1_414' title='bbox 2467 2715 2614 2766; x_wconf 88' lang='lat' dir='ltr'><strong>utiles</strong></span> <span class='ocrx_word' id='word_1_415' title='bbox 2637 2728 2750 2766; x_wconf 85' lang='lat' dir='ltr'><strong>esse</strong></span> <span class='ocrx_word' id='word_1_416' title='bbox 2776 2718 3004 2780; x_wconf 89' lang='lat' dir='ltr'><strong>arbitror,</strong></span> 
     </span>
    </p>
   </div>
   <div class='ocr_carea' id='block_1_58' title="bbox 2007 2773 2814 2834">
    <p class='ocr_par' dir='ltr' id='par_1_58' title="bbox 2007 2773 2814 2834">
     <span class='ocr_line' id='line_1_58' title="bbox 2007 2773 2814 2834; baseline 0.012 -14"><span class='ocrx_word' id='word_1_417' title='bbox 2007 2773 2281 2834; x_wconf 78' lang='lat' dir='ltr'><strong>Argentum</strong></span> <span class='ocrx_word' id='word_1_418' title='bbox 2307 2786 2524 2826; x_wconf 88' lang='lat' dir='ltr'><strong>nostrum</strong></span> <span class='ocrx_word' id='word_1_419' title='bbox 2551 2785 2602 2827; x_wconf 92' lang='lat' dir='ltr'><strong>et</strong></span> <span class='ocrx_word' id='word_1_420' title='bbox 2623 2791 2814 2830; x_wconf 89' lang='lat' dir='ltr'><strong>aurum.</strong></span> 
     </span>
    </p>
   </div>
   <div class='ocr_carea' id='block_1_59' title="bbox 2009 2834 3324 2911">
    <p class='ocr_par' dir='ltr' id='par_1_59' title="bbox 2009 2834 3324 2911">
     <span class='ocr_line' id='line_1_59' title="bbox 2009 2834 3324 2911; baseline 0.01 -27"><span class='ocrx_word' id='word_1_421' title='bbox 2009 2834 2294 2900; x_wconf 69' lang='lat' dir='ltr'><strong>(Strobwus,</strong></span> <span class='ocrx_word' id='word_1_422' title='bbox 2319 2850 2468 2889; x_wconf 76' lang='lat' dir='ltr'><strong>scrin.</strong></span> <span class='ocrx_word' id='word_1_423' title='bbox 2492 2839 2572 2900; x_wconf 88' lang='lat'><strong>89,</strong></span> <span class='ocrx_word' id='word_1_424' title='bbox 2600 2840 2664 2890; x_wconf 85' lang='lat' dir='ltr'><strong>de</strong></span> <span class='ocrx_word' id='word_1_425' title='bbox 2689 2841 2854 2894; x_wconf 70' lang='lat' dir='ltr'><strong>unde</strong></span> <span class='ocrx_word' id='word_1_426' title='bbox 2876 2839 3043 2905; x_wconf 82' lang='lat' dir='ltr'><strong>divit.,_</strong></span> <span class='ocrx_word' id='word_1_427' title='bbox 3057 2857 3169 2911; x_wconf 84' lang='lat' dir='ltr'><strong>pag.</strong></span> <span class='ocrx_word' id='word_1_428' title='bbox 3188 2847 3324 2908; x_wconf 74' lang='lat'><strong>533.)</strong></span> 
     </span>
    </p>
   </div>
   <div class='ocr_carea' id='block_1_60' title="bbox 1821 2937 3408 3020">
    <p class='ocr_par' dir='ltr' id='par_1_60' title="bbox 1821 2937 3408 3020">
     <span class='ocr_line' id='line_1_60' title="bbox 1821 2937 3408 3020; baseline 0.009 -28"><span class='ocrx_word' id='word_1_429' title='bbox 1821 2937 2085 3008; x_wconf 87' lang='lat' dir='ltr'><strong>Quidquid</strong></span> <span class='ocrx_word' id='word_1_430' title='bbox 2111 2951 2288 2998; x_wconf 89' lang='lat' dir='ltr'><strong>autem</strong></span> <span class='ocrx_word' id='word_1_431' title='bbox 2313 2942 2486 2998; x_wconf 92' lang='lat' dir='ltr'><strong>dehis</strong></span> <span class='ocrx_word' id='word_1_432' title='bbox 2515 2945 2759 3002; x_wconf 88' lang='lat' dir='ltr'><strong>versibus</strong></span> <span class='ocrx_word' id='word_1_433' title='bbox 2785 2949 3119 3017; x_wconf 90' lang='lat' dir='ltr'><strong>pronunties.</strong></span> <span class='ocrx_word' id='word_1_434' title='bbox 3145 2951 3265 3020; x_wconf 92' lang='lat' dir='ltr'><strong>quis</strong></span> <span class='ocrx_word' id='word_1_435' title='bbox 3283 2966 3408 3006; x_wconf 91' lang='lat' dir='ltr'><strong>cum</strong></span> 
     </span>
    </p>
   </div>
   <div class='ocr_carea' id='block_1_61' title="bbox 1823 3032 3416 3100">
    <p class='ocr_par' dir='ltr' id='par_1_61' title="bbox 1823 3032 3416 3100">
     <span class='ocr_line' id='line_1_61' title="bbox 1823 3032 3416 3100; baseline 0.009 -14"><span class='ocrx_word' id='word_1_436' title='bbox 1823 3032 2062 3088; x_wconf 81' lang='lat' dir='ltr'><strong>Arnobio</strong></span> <span class='ocrx_word' id='word_1_437' title='bbox 2113 3043 2297 3090; x_wconf 84' lang='lat' dir='ltr'><strong>nostro</strong></span> <span class='ocrx_word' id='word_1_438' title='bbox 2349 3052 2455 3090; x_wconf 92' lang='lat' dir='ltr'><strong>non</strong></span> <span class='ocrx_word' id='word_1_439' title='bbox 2505 3036 2760 3093; x_wconf 86' lang='lat' dir='ltr'><strong>fatebitur</strong></span> <span class='ocrx_word' id='word_1_440' title='bbox 2815 3051 3143 3098; x_wconf 90' lang='lat' dir='ltr'><strong>memoratos</strong></span> <span class='ocrx_word' id='word_1_441' title='bbox 3179 3059 3211 3098; x_wconf 91' lang='lat' dir='ltr'><strong>a</strong></span> <span class='ocrx_word' id='word_1_442' title='bbox 3259 3045 3416 3100; x_wconf 91' lang='lat' dir='ltr'><strong>nobis</strong></span> 
     </span>
    </p>
   </div>
   <div class='ocr_carea' id='block_1_62' title="bbox 1823 3122 3422 3206">
    <p class='ocr_par' dir='ltr' id='par_1_62' title="bbox 1823 3122 3422 3206">
     <span class='ocr_line' id='line_1_62' title="bbox 1823 3122 3422 3206; baseline 0.009 -28"><span class='ocrx_word' id='word_1_443' title='bbox 1823 3122 1957 3180; x_wconf 90' lang='lat' dir='ltr'><strong>deos</strong></span> <span class='ocrx_word' id='word_1_444' title='bbox 1995 3140 2061 3180; x_wconf 90' lang='lat' dir='ltr'><strong>eo</strong></span> <span class='ocrx_word' id='word_1_445' title='bbox 2105 3126 2222 3196; x_wconf 92' lang='lat' dir='ltr'><strong>ipso</strong></span> <span class='ocrx_word' id='word_1_446' title='bbox 2261 3127 2505 3196; x_wconf 85' lang='lat' dir='ltr'><strong>refutari,</strong></span> <span class='ocrx_word' id='word_1_447' title='bbox 2547 3144 2654 3200; x_wconf 93' lang='lat' dir='ltr'><strong>quo</strong></span> <span class='ocrx_word' id='word_1_448' title='bbox 2694 3129 2843 3200; x_wconf 88' lang='lat' dir='ltr'><strong>vilia,</strong></span> <span class='ocrx_word' id='word_1_449' title='bbox 2890 3140 2946 3191; x_wconf 86' lang='lat' dir='ltr'><strong>et</strong></span> <span class='ocrx_word' id='word_1_450' title='bbox 2988 3134 3161 3206; x_wconf 88' lang='lat' dir='ltr'><strong>turpia</strong></span> <span class='ocrx_word' id='word_1_451' title='bbox 3207 3134 3422 3193; x_wconf 91' lang='lat' dir='ltr'><strong>illorum</strong></span> 
     </span>
    </p>
   </div>
   <div class='ocr_carea' id='block_1_63' title="bbox 1825 3214 2430 3274">
    <p class='ocr_par' dir='ltr' id='par_1_63' title="bbox 1825 3214 2430 3274">
     <span class='ocr_line' id='line_1_63' title="bbox 1825 3214 2430 3274; baseline 0.005 -2"><span class='ocrx_word' id='word_1_452' title='bbox 1825 3214 2000 3272; x_wconf 82' lang='lat' dir='ltr'><strong>ofﬁcia</strong></span> <span class='ocrx_word' id='word_1_453' title='bbox 2041 3218 2386 3274; x_wconf 91' lang='lat' dir='ltr'><strong>nominantur</strong></span> <span class='ocrx_word' id='word_1_454' title='bbox 2406 3220 2430 3274; x_wconf 87' lang='lat'><strong>?</strong></span> 
     </span>
    </p>
   </div>
   <div class='ocr_carea' id='block_1_64' title="bbox 113 3275 1794 3352">
    <p class='ocr_par' dir='ltr' id='par_1_64' title="bbox 113 3275 1794 3352">
     <span class='ocr_line' id='line_1_64' title="bbox 113 3275 1794 3352; baseline -0.003 -17"><span class='ocrx_word' id='word_1_455' title='bbox 113 3282 292 3352; x_wconf 85' lang='lat' dir='ltr'><strong>ipsum</strong></span> <span class='ocrx_word' id='word_1_456' title='bbox 324 3279 524 3352; x_wconf 80' lang='lat' dir='ltr'><strong>faciunt</strong></span> <span class='ocrx_word' id='word_1_457' title='bbox 559 3285 760 3351; x_wconf 78' lang='lat' dir='ltr'><strong>gestare</strong></span> <span class='ocrx_word' id='word_1_458' title='bbox 792 3277 1136 3346; x_wconf 85' lang='lat' dir='ltr'><strong>marsupium,</strong></span> <span class='ocrx_word' id='word_1_459' title='bbox 1167 3285 1214 3328; x_wconf 90' lang='lat' dir='ltr'><strong>et</strong></span> <span class='ocrx_word' id='word_1_460' title='bbox 1248 3276 1418 3345; x_wconf 82' lang='lat' dir='ltr'><strong>ipsum</strong></span> <span class='ocrx_word' id='word_1_461' title='bbox 1447 3275 1714 3341; x_wconf 78' lang='lat' dir='ltr'><strong>orationis,</strong></span> <span class='ocrx_word' id='word_1_462' title='bbox 1748 3281 1794 3346; x_wconf 65' lang='grc' dir='ltr'><strong>(ζ</strong></span> 
     </span>
    </p>
   </div>
   <div class='ocr_carea' id='block_1_65' title="bbox 114 3365 1723 3444">
    <p class='ocr_par' dir='ltr' id='par_1_65' title="bbox 114 3365 1723 3444">
     <span class='ocr_line' id='line_1_65' title="bbox 114 3365 1723 3444; baseline -0.005 -17"><span class='ocrx_word' id='word_1_463' title='bbox 114 3372 272 3444; x_wconf 64' lang='lat' dir='ltr'><strong>furti,</strong></span> <span class='ocrx_word' id='word_1_464' title='bbox 304 3380 351 3426; x_wconf 83' lang='lat' dir='ltr'><strong>et</strong></span> <span class='ocrx_word' id='word_1_465' title='bbox 374 3379 694 3434; x_wconf 76' lang='lat' dir='ltr'><strong>mercatum,</strong></span> <span class='ocrx_word' id='word_1_466' title='bbox 725 3368 781 3422; x_wconf 86' lang='lat' dir='ltr'><strong>id</strong></span> <span class='ocrx_word' id='word_1_467' title='bbox 811 3377 906 3433; x_wconf 86' lang='lat' dir='ltr'><strong>est,</strong></span> <span class='ocrx_word' id='word_1_468' title='bbox 937 3376 1162 3438; x_wconf 66' lang='lat' dir='ltr'><strong>quastus</strong></span> <span class='ocrx_word' id='word_1_469' title='bbox 1193 3372 1549 3439; x_wconf 84' lang='lat' dir='ltr'><strong>inspectorem.</strong></span> <span class='ocrx_word' id='word_1_470' title='bbox 1581 3365 1723 3434; x_wconf 87' lang='lat' dir='ltr'><strong>Qua-</strong></span> 
     </span>
    </p>
   </div>
   <div class='ocr_carea' id='block_1_66' title="bbox 116 3460 1725 3538">
    <p class='ocr_par' dir='ltr' id='par_1_66' title="bbox 116 3460 1725 3538">
     <span class='ocr_line' id='line_1_66' title="bbox 116 3460 1725 3538; baseline -0.006 -16"><span class='ocrx_word' id='word_1_471' title='bbox 116 3472 344 3538; x_wconf 88' lang='lat' dir='ltr'><strong>propter</strong></span> <span class='ocrx_word' id='word_1_472' title='bbox 368 3464 662 3536; x_wconf 78' lang='lat' dir='ltr'><strong>Gregorius</strong></span> <span class='ocrx_word' id='word_1_473' title='bbox 689 3462 1060 3518; x_wconf 84' lang='lat' dir='ltr'><strong>Nazianzenus</strong></span> <span class='ocrx_word' id='word_1_474' title='bbox 1101 3461 1154 3516; x_wconf 91' lang='lat' dir='ltr'><strong>in</strong></span> <span class='ocrx_word' id='word_1_475' title='bbox 1197 3460 1467 3516; x_wconf 72' lang='lat' dir='ltr'><strong>lulianum</strong></span> <span class='ocrx_word' id='word_1_476' title='bbox 1493 3461 1725 3531; x_wconf 83' lang='lat' dir='ltr'><strong>Aposta-</strong></span> 
     </span>
    </p>
   </div>
   <div class='ocr_carea' id='block_1_67' title="bbox 116 3555 1722 3626">
    <p class='ocr_par' dir='ltr' id='par_1_67' title="bbox 116 3555 1722 3626">
     <span class='ocr_line' id='line_1_67' title="bbox 116 3555 1722 3626; baseline -0.004 -11"><span class='ocrx_word' id='word_1_477' title='bbox 116 3568 235 3615; x_wconf 90' lang='lat' dir='ltr'><strong>tam</strong></span> <span class='ocrx_word' id='word_1_478' title='bbox 261 3560 375 3614; x_wconf 69' lang='lat' dir='ltr'><strong>haec</strong></span> <span class='ocrx_word' id='word_1_479' title='bbox 394 3558 584 3614; x_wconf 91' lang='lat' dir='ltr'><strong>scribit</strong></span> <span class='ocrx_word' id='word_1_480' title='bbox 607 3573 620 3611; x_wconf 90' lang='lat'><strong>:</strong></span> <span class='ocrx_word' id='word_1_481' title='bbox 652 3576 671 3609; x_wconf 76' lang='grc' dir='ltr'>ι</span> <span class='ocrx_word' id='word_1_482' title='bbox 700 3557 920 3625; x_wconf 90' lang='lat' dir='ltr'><strong>Quoties</strong></span> <span class='ocrx_word' id='word_1_483' title='bbox 941 3556 1192 3612; x_wconf 88' lang='lat' dir='ltr'><strong>Lucrium</strong></span> <span class='ocrx_word' id='word_1_484' title='bbox 1213 3561 1388 3623; x_wconf 90' lang='lat' dir='ltr'><strong>tuum,</strong></span> <span class='ocrx_word' id='word_1_485' title='bbox 1406 3565 1461 3611; x_wconf 89' lang='lat' dir='ltr'><strong>et</strong></span> <span class='ocrx_word' id='word_1_486' title='bbox 1477 3555 1722 3626; x_wconf 86' lang='lat' dir='ltr'><strong>Logium,</strong></span> 
     </span>
    </p>
   </div>
   <div class='ocr_carea' id='block_1_68' title="bbox 119 3647 1729 3722">
    <p class='ocr_par' dir='ltr' id='par_1_68' title="bbox 119 3647 1729 3722">
     <span class='ocr_line' id='line_1_68' title="bbox 119 3647 1729 3722; baseline -0.004 -14"><span class='ocrx_word' id='word_1_487' title='bbox 119 3662 181 3709; x_wconf 88' lang='lat' dir='ltr'><strong>et</strong></span> <span class='ocrx_word' id='word_1_488' title='bbox 214 3651 566 3722; x_wconf 74' lang='lat' dir='ltr'><strong>Enregonium</strong></span> <span class='ocrx_word' id='word_1_489' title='bbox 597 3649 831 3707; x_wconf 89' lang='lat' dir='ltr'><strong>intueor.</strong></span> <span class='ocrx_word' id='word_1_490' title='bbox 865 3650 1051 3704; x_wconf 91' lang='lat' dir='ltr'><strong>ocuios</strong></span> <span class='ocrx_word' id='word_1_491' title='bbox 1081 3649 1296 3720; x_wconf 87' lang='lat' dir='ltr'><strong>obtego,</strong></span> <span class='ocrx_word' id='word_1_492' title='bbox 1331 3663 1394 3703; x_wconf 91' lang='lat' dir='ltr'><strong>ac</strong></span> <span class='ocrx_word' id='word_1_493' title='bbox 1436 3647 1729 3718; x_wconf 89' lang='lat' dir='ltr'><strong>spectaculi</strong></span> 
     </span>
    </p>
   </div>
   <div class='ocr_carea' id='block_1_69' title="bbox 113 3739 1724 3817">
    <p class='ocr_par' dir='ltr' id='par_1_69' title="bbox 113 3739 1724 3817">
     <span class='ocr_line' id='line_1_69' title="bbox 113 3739 1724 3817; baseline -0.004 -18"><span class='ocrx_word' id='word_1_494' title='bbox 113 3743 332 3817; x_wconf 88' lang='lat' dir='ltr'><strong>pudore</strong></span> <span class='ocrx_word' id='word_1_495' title='bbox 357 3743 515 3798; x_wconf 90' lang='lat' dir='ltr'><strong>deum</strong></span> <span class='ocrx_word' id='word_1_496' title='bbox 547 3751 694 3796; x_wconf 91' lang='lat' dir='ltr'><strong>tuum</strong></span> <span class='ocrx_word' id='word_1_497' title='bbox 715 3750 1004 3812; x_wconf 64' lang='lat' dir='ltr'><strong>praetereo.</strong></span> <span class='ocrx_word' id='word_1_498' title='bbox 1037 3759 1057 3795; x_wconf 71' lang='lat' dir='ltr'><strong>s</strong></span> <span class='ocrx_word' id='word_1_499' title='bbox 1087 3739 1266 3810; x_wconf 85' lang='lat' dir='ltr'><strong>(Greg.</strong></span> <span class='ocrx_word' id='word_1_500' title='bbox 1300 3739 1466 3810; x_wconf 83' lang='lat' dir='ltr'><strong>Naz.,</strong></span> <span class='ocrx_word' id='word_1_501' title='bbox 1490 3749 1626 3796; x_wconf 89' lang='lat' dir='ltr'><strong>orat.</strong></span> <span class='ocrx_word' id='word_1_502' title='bbox 1653 3757 1724 3806; x_wconf 86' lang='lat' dir='ltr'><strong>Iv,</strong></span> 
     </span>
    </p>
   </div>
   <div class='ocr_carea' id='block_1_70' title="bbox 115 3831 1731 3907">
    <p class='ocr_par' dir='ltr' id='par_1_70' title="bbox 115 3831 1731 3907">
     <span class='ocr_line' id='line_1_70' title="bbox 115 3831 1731 3907; baseline -0.002 -15"><span class='ocrx_word' id='word_1_503' title='bbox 115 3839 176 3892; x_wconf 84' lang='lat' dir='ltr'><strong>in</strong></span> <span class='ocrx_word' id='word_1_504' title='bbox 204 3835 436 3898; x_wconf 68' lang='lat' dir='ltr'><strong>Iuliam,</strong></span> <span class='ocrx_word' id='word_1_505' title='bbox 466 3851 584 3907; x_wconf 84' lang='lat' dir='ltr'><strong>pag.</strong></span> <span class='ocrx_word' id='word_1_506' title='bbox 630 3833 784 3904; x_wconf 81' lang='lat'><strong>509.)</strong></span> <span class='ocrx_word' id='word_1_507' title='bbox 825 3832 995 3900; x_wconf 88' lang='lat' dir='ltr'><strong>Quem</strong></span> <span class='ocrx_word' id='word_1_508' title='bbox 1041 3833 1096 3887; x_wconf 91' lang='lat' dir='ltr'><strong>in</strong></span> <span class='ocrx_word' id='word_1_509' title='bbox 1142 3833 1316 3888; x_wconf 90' lang='lat' dir='ltr'><strong>locum</strong></span> <span class='ocrx_word' id='word_1_510' title='bbox 1368 3831 1572 3888; x_wconf 81' lang='lat' dir='ltr'><strong>Nonius</strong></span> <span class='ocrx_word' id='word_1_511' title='bbox 1615 3833 1731 3889; x_wconf 62' lang='lat' dir='ltr'><strong>hac</strong></span> 
     </span>
    </p>
   </div>
   <div class='ocr_carea' id='block_1_71' title="bbox 119 3925 1735 3989">
    <p class='ocr_par' dir='ltr' id='par_1_71' title="bbox 119 3925 1735 3989">
     <span class='ocr_line' id='line_1_71' title="bbox 119 3925 1735 3989; baseline -0.006 0"><span class='ocrx_word' id='word_1_512' title='bbox 119 3930 478 3989; x_wconf 86' lang='lat' dir='ltr'><strong>observavit:</strong></span> <span class='ocrx_word' id='word_1_513' title='bbox 515 3947 532 3981; x_wconf 77' lang='grc' dir='ltr'>ι</span> <span class='ocrx_word' id='word_1_514' title='bbox 569 3927 824 3983; x_wconf 90' lang='lat' dir='ltr'><strong>Lucrium</strong></span> <span class='ocrx_word' id='word_1_515' title='bbox 865 3927 1024 3982; x_wconf 88' lang='lat' dir='ltr'><strong>deum</strong></span> <span class='ocrx_word' id='word_1_516' title='bbox 1063 3925 1384 3982; x_wconf 84' lang='lat' dir='ltr'><strong>Mercurium</strong></span> <span class='ocrx_word' id='word_1_517' title='bbox 1430 3925 1606 3982; x_wconf 69' lang='grc' dir='ltr'><strong>δι’ωοί</strong></span> <span class='ocrx_word' id='word_1_518' title='bbox 1639 3941 1735 3981; x_wconf 89' lang='lat' dir='ltr'><strong>vo-</strong></span> 
     </span>
    </p>
   </div>
   <div class='ocr_carea' id='block_1_72' title="bbox 119 4017 1736 4087">
    <p class='ocr_par' dir='ltr' id='par_1_72' title="bbox 119 4017 1736 4087">
     <span class='ocr_line' id='line_1_72' title="bbox 119 4017 1736 4087; baseline -0.004 -7"><span class='ocrx_word' id='word_1_519' title='bbox 119 4033 279 4087; x_wconf 88' lang='lat' dir='ltr'><strong>cant,</strong></span> <span class='ocrx_word' id='word_1_520' title='bbox 314 4030 372 4076; x_wconf 92' lang='lat' dir='ltr'><strong>ut</strong></span> <span class='ocrx_word' id='word_1_521' title='bbox 401 4021 536 4076; x_wconf 86' lang='lat' dir='ltr'><strong>iucri</strong></span> <span class='ocrx_word' id='word_1_522' title='bbox 560 4029 858 4075; x_wconf 88' lang='lat' dir='ltr'><strong>auctorem.</strong></span> <span class='ocrx_word' id='word_1_523' title='bbox 887 4017 1042 4074; x_wconf 89' lang='lat' dir='ltr'><strong>Unde</strong></span> <span class='ocrx_word' id='word_1_524' title='bbox 1071 4018 1231 4074; x_wconf 91' lang='lat' dir='ltr'><strong>etiam</strong></span> <span class='ocrx_word' id='word_1_525' title='bbox 1259 4019 1498 4074; x_wconf 91' lang='lat' dir='ltr'><strong>comicus</strong></span> <span class='ocrx_word' id='word_1_526' title='bbox 1528 4018 1736 4074; x_wconf 77' lang='lat' dir='ltr'><strong>Aristo-</strong></span> 
     </span>
    </p>
   </div>
   <div class='ocr_carea' id='block_1_73' title="bbox 120 4113 1736 4192">
    <p class='ocr_par' dir='ltr' id='par_1_73' title="bbox 120 4113 1736 4192">
     <span class='ocr_line' id='line_1_73' title="bbox 120 4113 1736 4192; baseline -0.004 -18"><span class='ocrx_word' id='word_1_527' title='bbox 120 4120 342 4192; x_wconf 88' lang='lat' dir='ltr'><strong>phanes</strong></span> <span class='ocrx_word' id='word_1_528' title='bbox 371 4117 424 4172; x_wconf 94' lang='lat' dir='ltr'><strong>in</strong></span> <span class='ocrx_word' id='word_1_529' title='bbox 455 4113 612 4172; x_wconf 84' lang='lat' dir='ltr'><strong>Pluto</strong></span> <span class='ocrx_word' id='word_1_530' title='bbox 645 4113 988 4179; x_wconf 87' lang='lat' dir='ltr'><strong>addubitans,</strong></span> <span class='ocrx_word' id='word_1_531' title='bbox 1031 4128 1139 4184; x_wconf 91' lang='lat' dir='ltr'><strong>quo</strong></span> <span class='ocrx_word' id='word_1_532' title='bbox 1179 4113 1400 4169; x_wconf 89' lang='lat' dir='ltr'><strong>nomine</strong></span> <span class='ocrx_word' id='word_1_533' title='bbox 1438 4113 1736 4169; x_wconf 87' lang='lat' dir='ltr'><strong>Mercurius</strong></span> 
     </span>
    </p>
   </div>
   <div class='ocr_carea' id='block_1_74' title="bbox 119 4205 1733 4284">
    <p class='ocr_par' dir='ltr' id='par_1_74' title="bbox 119 4205 1733 4284">
     <span class='ocr_line' id='line_1_74' title="bbox 119 4205 1733 4284; baseline -0.004 -16"><span class='ocrx_word' id='word_1_534' title='bbox 119 4209 485 4284; x_wconf 83' lang='lat' dir='ltr'><strong>appellandus</strong></span> <span class='ocrx_word' id='word_1_535' title='bbox 512 4209 600 4276; x_wconf 90' lang='lat' dir='ltr'><strong>sit,</strong></span> <span class='ocrx_word' id='word_1_536' title='bbox 631 4209 962 4274; x_wconf 90' lang='lat' dir='ltr'><strong>Statuamus,</strong></span> <span class='ocrx_word' id='word_1_537' title='bbox 993 4207 1188 4280; x_wconf 91' lang='lat' dir='ltr'><strong>inquit,</strong></span> <span class='ocrx_word' id='word_1_538' title='bbox 1219 4207 1514 4279; x_wconf 81' lang='grc' dir='ltr'><strong>ἐμπολαῖον.</strong></span> <span class='ocrx_word' id='word_1_539' title='bbox 1545 4205 1598 4262; x_wconf 92' lang='lat' dir='ltr'><strong>id</strong></span> <span class='ocrx_word' id='word_1_540' title='bbox 1629 4215 1733 4276; x_wconf 90' lang='lat' dir='ltr'><strong>est,</strong></span> 
     </span>
    </p>
   </div>
   <div class='ocr_carea' id='block_1_75' title="bbox 119 4300 1009 4380">
    <p class='ocr_par' dir='ltr' id='par_1_75' title="bbox 119 4300 1009 4380">
     <span class='ocr_line' id='line_1_75' title="bbox 119 4300 1009 4380; baseline -0.01 -17"><span class='ocrx_word' id='word_1_541' title='bbox 119 4315 375 4380; x_wconf 68' lang='lat' dir='ltr'><strong>qumstus</strong></span> <span class='ocrx_word' id='word_1_542' title='bbox 399 4315 455 4361; x_wconf 91' lang='lat' dir='ltr'><strong>et</strong></span> <span class='ocrx_word' id='word_1_543' title='bbox 486 4303 616 4359; x_wconf 88' lang='lat' dir='ltr'><strong>lucri</strong></span> <span class='ocrx_word' id='word_1_544' title='bbox 645 4300 952 4373; x_wconf 65' lang='lat' dir='ltr'><strong>praesidem.</strong></span> <span class='ocrx_word' id='word_1_545' title='bbox 989 4319 1009 4354; x_wconf 73' lang='grc' dir='ltr'><strong><em>ι</em></strong></span> 
     </span>
    </p>
   </div>
   <div class='ocr_carea' id='block_1_76' title="bbox 204 4394 1736 4457">
    <p class='ocr_par' dir='ltr' id='par_1_76' title="bbox 204 4394 1736 4457">
     <span class='ocr_line' id='line_1_76' title="bbox 204 4394 1736 4457; baseline -0.003 -1"><span class='ocrx_word' id='word_1_546' title='bbox 204 4401 326 4457; x_wconf 85' lang='grc' dir='ltr'><strong>Νοη</strong></span> <span class='ocrx_word' id='word_1_547' title='bbox 358 4399 532 4456; x_wconf 91' lang='lat' dir='ltr'><strong>solum</strong></span> <span class='ocrx_word' id='word_1_548' title='bbox 563 4405 745 4454; x_wconf 88' lang='lat' dir='ltr'><strong>autem</strong></span> <span class='ocrx_word' id='word_1_549' title='bbox 776 4395 1100 4453; x_wconf 86' lang='lat' dir='ltr'><strong>Mercurium</strong></span> <span class='ocrx_word' id='word_1_550' title='bbox 1131 4394 1290 4452; x_wconf 87' lang='lat' dir='ltr'><strong>deum</strong></span> <span class='ocrx_word' id='word_1_551' title='bbox 1319 4395 1572 4452; x_wconf 86' lang='lat' dir='ltr'><strong>Lucrium</strong></span> <span class='ocrx_word' id='word_1_552' title='bbox 1600 4394 1736 4452; x_wconf 87' lang='lat' dir='ltr'><strong>Gre-</strong></span> 
     </span>
    </p>
   </div>
   <div class='ocr_carea' id='block_1_77' title="bbox 121 4489 1738 4568">
    <p class='ocr_par' dir='ltr' id='par_1_77' title="bbox 121 4489 1738 4568">
     <span class='ocr_line' id='line_1_77' title="bbox 121 4489 1738 4568; baseline -0.006 -16"><span class='ocrx_word' id='word_1_553' title='bbox 121 4497 322 4568; x_wconf 84' lang='lat' dir='ltr'><strong>gorius</strong></span> <span class='ocrx_word' id='word_1_554' title='bbox 352 4509 550 4550; x_wconf 86' lang='lat' dir='ltr'><strong>vocare</strong></span> <span class='ocrx_word' id='word_1_555' title='bbox 578 4491 817 4559; x_wconf 87' lang='lat' dir='ltr'><strong>videtur,</strong></span> <span class='ocrx_word' id='word_1_556' title='bbox 856 4489 951 4547; x_wconf 92' lang='lat' dir='ltr'><strong>sed</strong></span> <span class='ocrx_word' id='word_1_557' title='bbox 992 4491 1153 4546; x_wconf 90' lang='lat' dir='ltr'><strong>etiam</strong></span> <span class='ocrx_word' id='word_1_558' title='bbox 1195 4489 1525 4561; x_wconf 88' lang='lat' dir='ltr'><strong>Apollinem.</strong></span> <span class='ocrx_word' id='word_1_559' title='bbox 1562 4490 1738 4560; x_wconf 82' lang='lat' dir='ltr'><strong>Supe-</strong></span> 
     </span>
    </p>
   </div>
   <div class='ocr_carea' id='block_1_78' title="bbox 125 4584 1741 4654">
    <p class='ocr_par' dir='ltr' id='par_1_78' title="bbox 125 4584 1741 4654">
     <span class='ocr_line' id='line_1_78' title="bbox 125 4584 1741 4654; baseline -0.006 -5"><span class='ocrx_word' id='word_1_560' title='bbox 125 4591 272 4649; x_wconf 88' lang='lat' dir='ltr'><strong>riori</strong></span> <span class='ocrx_word' id='word_1_561' title='bbox 303 4589 501 4646; x_wconf 90' lang='lat' dir='ltr'><strong>etenim</strong></span> <span class='ocrx_word' id='word_1_562' title='bbox 535 4588 587 4643; x_wconf 91' lang='lat' dir='ltr'><strong>in</strong></span> <span class='ocrx_word' id='word_1_563' title='bbox 615 4586 859 4643; x_wconf 89' lang='lat' dir='ltr'><strong>oratione</strong></span> <span class='ocrx_word' id='word_1_564' title='bbox 884 4584 974 4642; x_wconf 91' lang='lat' dir='ltr'><strong>ille</strong></span> <span class='ocrx_word' id='word_1_565' title='bbox 995 4585 1206 4641; x_wconf 82' lang='lat' dir='ltr'><strong>dixerat</strong></span> <span class='ocrx_word' id='word_1_566' title='bbox 1232 4603 1245 4639; x_wconf 91' lang='lat'><strong>:</strong></span> <span class='ocrx_word' id='word_1_567' title='bbox 1277 4604 1296 4637; x_wconf 74' lang='grc' dir='ltr'>ι</span> <span class='ocrx_word' id='word_1_568' title='bbox 1325 4585 1606 4654; x_wconf 85' lang='lat' dir='ltr'><strong>Quomodo</strong></span> <span class='ocrx_word' id='word_1_569' title='bbox 1635 4584 1741 4640; x_wconf 86' lang='lat' dir='ltr'><strong>Lu-</strong></span> 
     </span>
    </p>
   </div>
   <div class='ocr_carea' id='block_1_79' title="bbox 125 4677 1742 4754">
    <p class='ocr_par' dir='ltr' id='par_1_79' title="bbox 125 4677 1742 4754">
     <span class='ocr_line' id='line_1_79' title="bbox 125 4677 1742 4754; baseline -0.004 -13"><span class='ocrx_word' id='word_1_570' title='bbox 125 4684 287 4742; x_wconf 88' lang='lat' dir='ltr'><strong>crius</strong></span> <span class='ocrx_word' id='word_1_571' title='bbox 333 4681 466 4754; x_wconf 85' lang='lat' dir='ltr'><strong>ipsis</strong></span> <span class='ocrx_word' id='word_1_572' title='bbox 512 4680 892 4743; x_wconf 89' lang='lat' dir='ltr'><strong>constituetur,</strong></span> <span class='ocrx_word' id='word_1_573' title='bbox 933 4686 988 4734; x_wconf 91' lang='lat' dir='ltr'><strong>et</strong></span> <span class='ocrx_word' id='word_1_574' title='bbox 1027 4677 1277 4734; x_wconf 89' lang='lat' dir='ltr'><strong>sacculus</strong></span> <span class='ocrx_word' id='word_1_575' title='bbox 1321 4677 1644 4746; x_wconf 88' lang='lat' dir='ltr'><strong>proferetur,</strong></span> <span class='ocrx_word' id='word_1_576' title='bbox 1686 4685 1742 4734; x_wconf 90' lang='lat' dir='ltr'><strong>et</strong></span> 
     </span>
    </p>
   </div>
   <div class='ocr_carea' id='block_1_80' title="bbox 125 4771 1746 4844">
    <p class='ocr_par' dir='ltr' id='par_1_80' title="bbox 125 4771 1746 4844">
     <span class='ocr_line' id='line_1_80' title="bbox 125 4771 1746 4844; baseline -0.004 -11"><span class='ocrx_word' id='word_1_577' title='bbox 125 4778 297 4834; x_wconf 81' lang='lat' dir='ltr'><strong>furax</strong></span> <span class='ocrx_word' id='word_1_578' title='bbox 343 4774 430 4832; x_wconf 89' lang='lat' dir='ltr'><strong>dei</strong></span> <span class='ocrx_word' id='word_1_579' title='bbox 479 4773 559 4828; x_wconf 89' lang='lat' dir='ltr'><strong>vis</strong></span> <span class='ocrx_word' id='word_1_580' title='bbox 603 4783 764 4844; x_wconf 90' lang='lat' dir='ltr'><strong>atque</strong></span> <span class='ocrx_word' id='word_1_581' title='bbox 809 4772 1034 4827; x_wconf 89' lang='lat' dir='ltr'><strong>facultas</strong></span> <span class='ocrx_word' id='word_1_582' title='bbox 1080 4771 1462 4836; x_wconf 88' lang='lat' dir='ltr'><strong>honorabitur;</strong></span> <span class='ocrx_word' id='word_1_583' title='bbox 1508 4771 1746 4842; x_wconf 89' lang='lat' dir='ltr'><strong>illudque</strong></span> 
     </span>
    </p>
   </div>
   <div class='ocr_carea' id='block_1_81' title="bbox 123 4864 1746 4932">
    <p class='ocr_par' dir='ltr' id='par_1_81' title="bbox 123 4864 1746 4932">
     <span class='ocr_line' id='line_1_81' title="bbox 123 4864 1746 4932; baseline -0.003 -5"><span class='ocrx_word' id='word_1_584' title='bbox 123 4871 305 4927; x_wconf 87' lang='lat' dir='ltr'><strong>etiam</strong></span> <span class='ocrx_word' id='word_1_585' title='bbox 346 4908 359 4923; x_wconf 96' lang='lat'><strong>.</strong></span> <span class='ocrx_word' id='word_1_586' title='bbox 397 4868 526 4926; x_wconf 88' lang='lat' dir='ltr'><strong>Sine</strong></span> <span class='ocrx_word' id='word_1_587' title='bbox 570 4883 678 4924; x_wconf 80' lang='lat' dir='ltr'><strong>:ere</strong></span> <span class='ocrx_word' id='word_1_588' title='bbox 723 4866 980 4923; x_wconf 71' lang='lat' dir='ltr'><strong>Phoebum</strong></span> <span class='ocrx_word' id='word_1_589' title='bbox 1030 4865 1251 4920; x_wconf 90' lang='lat' dir='ltr'><strong>minime</strong></span> <span class='ocrx_word' id='word_1_590' title='bbox 1293 4864 1594 4932; x_wconf 87' lang='lat' dir='ltr'><strong>vaticinari,</strong></span> <span class='ocrx_word' id='word_1_591' title='bbox 1643 4881 1746 4923; x_wconf 91' lang='lat' dir='ltr'><strong>nec</strong></span> 
     </span>
    </p>
   </div>
   <div class='ocr_carea' id='block_1_82' title="bbox 123 4957 1746 5034">
    <p class='ocr_par' dir='ltr' id='par_1_82' title="bbox 123 4957 1746 5034">
     <span class='ocr_line' id='line_1_82' title="bbox 123 4957 1746 5034; baseline -0.004 -13"><span class='ocrx_word' id='word_1_592' title='bbox 123 4962 305 5021; x_wconf 90' lang='lat' dir='ltr'><strong>obolo</strong></span> <span class='ocrx_word' id='word_1_593' title='bbox 342 4959 632 5034; x_wconf 89' lang='lat' dir='ltr'><strong>quidquam</strong></span> <span class='ocrx_word' id='word_1_594' title='bbox 672 4974 795 5016; x_wconf 86' lang='lat' dir='ltr'><strong>esse</strong></span> <span class='ocrx_word' id='word_1_595' title='bbox 834 4957 1212 5032; x_wconf 76' lang='lat' dir='ltr'><strong>prmstautius?</strong></span> <span class='ocrx_word' id='word_1_596' title='bbox 1245 4958 1336 5014; x_wconf 69' lang='lat' dir='ltr'><strong>Ha:</strong></span> <span class='ocrx_word' id='word_1_597' title='bbox 1373 4959 1515 5014; x_wconf 90' lang='lat' dir='ltr'><strong>enim</strong></span> <span class='ocrx_word' id='word_1_598' title='bbox 1555 4975 1746 5030; x_wconf 77' lang='lat' dir='ltr'><strong>graves</strong></span> 
     </span>
    </p>
   </div>
   <div class='ocr_carea' id='block_1_83' title="bbox 123 5049 1742 5122">
    <p class='ocr_par' dir='ltr' id='par_1_83' title="bbox 123 5049 1742 5122">
     <span class='ocr_line' id='line_1_83' title="bbox 123 5049 1742 5122; baseline -0.006 -7"><span class='ocrx_word' id='word_1_599' title='bbox 123 5070 329 5114; x_wconf 88' lang='lat' dir='ltr'><strong>eorum</strong></span> <span class='ocrx_word' id='word_1_600' title='bbox 364 5069 429 5110; x_wconf 90' lang='lat' dir='ltr'><strong>ac</strong></span> <span class='ocrx_word' id='word_1_601' title='bbox 467 5052 790 5110; x_wconf 69' lang='lat' dir='ltr'><strong>venerandae</strong></span> <span class='ocrx_word' id='word_1_602' title='bbox 816 5061 942 5108; x_wconf 89' lang='lat' dir='ltr'><strong>sunt</strong></span> <span class='ocrx_word' id='word_1_603' title='bbox 968 5050 1273 5107; x_wconf 64' lang='lat' dir='ltr'><strong>sententiae.</strong></span> <span class='ocrx_word' id='word_1_604' title='bbox 1308 5069 1327 5103; x_wconf 71' lang='grc' dir='ltr'><strong>ι</strong></span> <span class='ocrx_word' id='word_1_605' title='bbox 1359 5049 1540 5122; x_wconf 79' lang='lat' dir='ltr'><strong>(Greg.</strong></span> <span class='ocrx_word' id='word_1_606' title='bbox 1578 5050 1742 5113; x_wconf 71' lang='lat' dir='ltr'><strong>Nm...</strong></span> 
     </span>
    </p>
   </div>
   <div class='ocr_carea' id='block_1_84' title="bbox 124 5143 1743 5218">
    <p class='ocr_par' dir='ltr' id='par_1_84' title="bbox 124 5143 1743 5218">
     <span class='ocr_line' id='line_1_84' title="bbox 124 5143 1743 5218; baseline -0.004 -12"><span class='ocrx_word' id='word_1_607' title='bbox 124 5157 274 5206; x_wconf 85' lang='lat' dir='ltr'><strong>orat.</strong></span> <span class='ocrx_word' id='word_1_608' title='bbox 307 5149 362 5209; x_wconf 81' lang='lat'><strong>5.</strong></span> <span class='ocrx_word' id='word_1_609' title='bbox 390 5147 440 5202; x_wconf 85' lang='lat' dir='ltr'><strong>in</strong></span> <span class='ocrx_word' id='word_1_610' title='bbox 470 5145 698 5212; x_wconf 68' lang='lat' dir='ltr'><strong>Iuliam,</strong></span> <span class='ocrx_word' id='word_1_611' title='bbox 725 5163 846 5218; x_wconf 86' lang='lat' dir='ltr'><strong>pag.</strong></span> <span class='ocrx_word' id='word_1_612' title='bbox 875 5143 1028 5216; x_wconf 75' lang='lat'><strong>262.)</strong></span> <span class='ocrx_word' id='word_1_613' title='bbox 1061 5143 1190 5201; x_wconf 85' lang='lat' dir='ltr'><strong>Inde</strong></span> <span class='ocrx_word' id='word_1_614' title='bbox 1220 5143 1380 5200; x_wconf 90' lang='lat' dir='ltr'><strong>etiam</strong></span> <span class='ocrx_word' id='word_1_615' title='bbox 1408 5143 1588 5200; x_wconf 90' lang='lat' dir='ltr'><strong>tritum</strong></span> <span class='ocrx_word' id='word_1_616' title='bbox 1610 5143 1743 5200; x_wconf 90' lang='lat' dir='ltr'><strong>illud</strong></span> 
     </span>
    </p>
   </div>
   <div class='ocr_carea' id='block_1_85' title="bbox 125 5237 1143 5316">
    <p class='ocr_par' dir='ltr' id='par_1_85' title="bbox 125 5237 1143 5316">
     <span class='ocr_line' id='line_1_85' title="bbox 125 5237 1143 5316; baseline -0.006 -16"><span class='ocrx_word' id='word_1_617' title='bbox 125 5241 284 5316; x_wconf 87' lang='lat' dir='ltr'><strong>apud</strong></span> <span class='ocrx_word' id='word_1_618' title='bbox 315 5239 534 5297; x_wconf 68' lang='lat' dir='ltr'><strong>Graecos</strong></span> <span class='ocrx_word' id='word_1_619' title='bbox 563 5237 850 5294; x_wconf 87' lang='lat' dir='ltr'><strong>iambicum</strong></span> <span class='ocrx_word' id='word_1_620' title='bbox 881 5252 1098 5294; x_wconf 89' lang='lat' dir='ltr'><strong>carmen</strong></span> <span class='ocrx_word' id='word_1_621' title='bbox 1129 5256 1143 5294; x_wconf 90' lang='lat'>:</span> 
     </span>
    </p>
   </div>
   <div class='ocr_carea' id='block_1_86' title="bbox 331 5352 1094 5416">
    <p class='ocr_par' dir='ltr' id='par_1_86' title="bbox 331 5352 1094 5416">
     <span class='ocr_line' id='line_1_86' title="bbox 331 5352 1094 5416; baseline -0.004 -12"><span class='ocrx_word' id='word_1_622' title='bbox 331 5352 464 5404; x_wconf 68' lang='grc' dir='ltr'><strong>Ᾰνιυοι</strong></span> <span class='ocrx_word' id='word_1_623' title='bbox 485 5364 620 5416; x_wconf 55' lang='grc' dir='ltr'><strong>πολιοῦ</strong></span> <span class='ocrx_word' id='word_1_624' title='bbox 641 5363 776 5410; x_wconf 70' lang='grc' dir='ltr'><strong>Φοῖϐος</strong></span> <span class='ocrx_word' id='word_1_625' title='bbox 799 5365 840 5402; x_wconf 75' lang='grc' dir='ltr'><strong>σὺ</strong></span> <span class='ocrx_word' id='word_1_626' title='bbox 861 5363 1094 5412; x_wconf 54' lang='lat' dir='ltr'><strong>pandam.</strong></span> 
     </span>
    </p>
   </div>
   <div class='ocr_carea' id='block_1_87' title="bbox 235 5433 1285 5501">
    <p class='ocr_par' dir='ltr' id='par_1_87' title="bbox 235 5433 1285 5501">
     <span class='ocr_line' id='line_1_87' title="bbox 235 5433 1285 5501; baseline -0.004 -13"><span class='ocrx_word' id='word_1_627' title='bbox 235 5439 440 5501; x_wconf 84' lang='lat' dir='ltr'><strong>Absque</strong></span> <span class='ocrx_word' id='word_1_628' title='bbox 462 5449 562 5486; x_wconf 73' lang='lat' dir='ltr'><strong>aere</strong></span> <span class='ocrx_word' id='word_1_629' title='bbox 585 5435 755 5486; x_wconf 75' lang='lat' dir='ltr'><strong>Phoebi</strong></span> <span class='ocrx_word' id='word_1_630' title='bbox 780 5444 913 5487; x_wconf 91' lang='lat' dir='ltr'><strong>muta</strong></span> <span class='ocrx_word' id='word_1_631' title='bbox 936 5443 1051 5486; x_wconf 90' lang='lat' dir='ltr'><strong>sunt</strong></span> <span class='ocrx_word' id='word_1_632' title='bbox 1073 5433 1285 5486; x_wconf 88' lang='lat' dir='ltr'><strong>oracula.</strong></span> 
     </span>
    </p>
   </div>
   <div class='ocr_carea' id='block_1_88' title="bbox 129 5538 1746 5610">
    <p class='ocr_par' dir='ltr' id='par_1_88' title="bbox 129 5538 1746 5610">
     <span class='ocr_line' id='line_1_88' title="bbox 129 5538 1746 5610; baseline -0.007 -8"><span class='ocrx_word' id='word_1_633' title='bbox 129 5547 321 5606; x_wconf 85' lang='lat' dir='ltr'><strong>Porro</strong></span> <span class='ocrx_word' id='word_1_634' title='bbox 350 5548 527 5596; x_wconf 79' lang='lat' dir='ltr'><strong>autent</strong></span> <span class='ocrx_word' id='word_1_635' title='bbox 564 5550 748 5597; x_wconf 90' lang='lat' dir='ltr'><strong>monet</strong></span> <span class='ocrx_word' id='word_1_636' title='bbox 780 5555 879 5596; x_wconf 84' lang='lat' dir='ltr'><strong>nos</strong></span> <span class='ocrx_word' id='word_1_637' title='bbox 903 5539 1159 5598; x_wconf 86' lang='lat' dir='ltr'><strong>Giraldus</strong></span> <span class='ocrx_word' id='word_1_638' title='bbox 1185 5538 1492 5610; x_wconf 85' lang='lat' dir='ltr'><strong>Apollinem</strong></span> <span class='ocrx_word' id='word_1_639' title='bbox 1527 5550 1631 5590; x_wconf 92' lang='lat' dir='ltr'><strong>non</strong></span> <span class='ocrx_word' id='word_1_640' title='bbox 1662 5549 1746 5591; x_wconf 86' lang='lat' dir='ltr'><strong>se-</strong></span> 
     </span>
    </p>
   </div>
   <div class='ocr_carea' id='block_1_89' title="bbox 129 5629 1750 5710">
    <p class='ocr_par' dir='ltr' id='par_1_89' title="bbox 129 5629 1750 5710">
     <span class='ocr_line' id='line_1_89' title="bbox 129 5629 1750 5710; baseline -0.009 -14"><span class='ocrx_word' id='word_1_641' title='bbox 129 5652 244 5696; x_wconf 89' lang='lat' dir='ltr'><strong>cus</strong></span> <span class='ocrx_word' id='word_1_642' title='bbox 281 5649 344 5689; x_wconf 92' lang='lat' dir='ltr'><strong>ac</strong></span> <span class='ocrx_word' id='word_1_643' title='bbox 375 5631 694 5689; x_wconf 86' lang='lat' dir='ltr'><strong>Mercurium</strong></span> <span class='ocrx_word' id='word_1_644' title='bbox 727 5632 973 5710; x_wconf 72' lang='grc' dir='ltr'><strong>Κερδῶον.</strong></span> <span class='ocrx_word' id='word_1_645' title='bbox 1004 5632 1260 5689; x_wconf 88' lang='lat' dir='ltr'><strong>Lucrium</strong></span> <span class='ocrx_word' id='word_1_646' title='bbox 1289 5647 1384 5688; x_wconf 87' lang='lat' dir='ltr'><strong>seu</strong></span> <span class='ocrx_word' id='word_1_647' title='bbox 1425 5629 1750 5686; x_wconf 90' lang='lat' dir='ltr'><strong>Lucrionem</strong></span> 
     </span>
    </p>
   </div>
   <div class='ocr_carea' id='block_1_90' title="bbox 130 5723 1753 5799">
    <p class='ocr_par' dir='ltr' id='par_1_90' title="bbox 130 5723 1753 5799">
     <span class='ocr_line' id='line_1_90' title="bbox 130 5723 1753 5799; baseline -0.007 -11"><span class='ocrx_word' id='word_1_648' title='bbox 130 5732 212 5788; x_wconf 85' lang='lat' dir='ltr'><strong>ab</strong></span> <span class='ocrx_word' id='word_1_649' title='bbox 271 5727 503 5784; x_wconf 91' lang='lat' dir='ltr'><strong>ethnicis</strong></span> <span class='ocrx_word' id='word_1_650' title='bbox 557 5727 928 5799; x_wconf 77' lang='lat' dir='ltr'><strong>cognominari</strong></span> <span class='ocrx_word' id='word_1_651' title='bbox 973 5725 1226 5798; x_wconf 84' lang='lat' dir='ltr'><strong>(Girald.,</strong></span> <span class='ocrx_word' id='word_1_652' title='bbox 1255 5724 1396 5782; x_wconf 81' lang='lat' dir='ltr'><strong>Hist.</strong></span> <span class='ocrx_word' id='word_1_653' title='bbox 1441 5723 1582 5780; x_wconf 79' lang='lat' dir='ltr'><strong>deor.</strong></span> <span class='ocrx_word' id='word_1_654' title='bbox 1628 5740 1753 5795; x_wconf 82' lang='lat' dir='ltr'><strong>syn-</strong></span> 
     </span>
    </p>
   </div>
   <div class='ocr_carea' id='block_1_91' title="bbox 132 5818 737 5895">
    <p class='ocr_par' dir='ltr' id='par_1_91' title="bbox 132 5818 737 5895">
     <span class='ocr_line' id='line_1_91' title="bbox 132 5818 737 5895; baseline -0.007 -15"><span class='ocrx_word' id='word_1_655' title='bbox 132 5834 312 5895; x_wconf 83' lang='lat' dir='ltr'><strong>lagm.</strong></span> <span class='ocrx_word' id='word_1_656' title='bbox 345 5822 402 5886; x_wconf 87' lang='lat'><strong>7,</strong></span> <span class='ocrx_word' id='word_1_657' title='bbox 431 5837 556 5892; x_wconf 86' lang='lat' dir='ltr'><strong>pag.</strong></span> <span class='ocrx_word' id='word_1_658' title='bbox 585 5818 737 5888; x_wconf 69' lang='grc'>218).</span> 
     </span>
    </p>
   </div>
   <div class='ocr_carea' id='block_1_92' title="bbox 135 5912 1755 5988">
    <p class='ocr_par' dir='ltr' id='par_1_92' title="bbox 135 5912 1755 5988">
     <span class='ocr_line' id='line_1_92' title="bbox 135 5912 1755 5988; baseline -0.001 -14"><span class='ocrx_word' id='word_1_659' title='bbox 135 5937 150 5974; x_wconf 84' lang='lat' dir='ltr'><strong>i</strong></span> <span class='ocrx_word' id='word_1_660' title='bbox 226 5915 416 5986; x_wconf 75' lang='lat' dir='ltr'><strong>Longe</strong></span> <span class='ocrx_word' id='word_1_661' title='bbox 439 5930 568 5976; x_wconf 87' lang='lat' dir='ltr'><strong>vero</strong></span> <span class='ocrx_word' id='word_1_662' title='bbox 596 5913 871 5974; x_wconf 83' lang='lat' dir='ltr'><strong>difﬁcilius</strong></span> <span class='ocrx_word' id='word_1_663' title='bbox 899 5912 1123 5974; x_wconf 74' lang='lat' dir='ltr'><strong>cordato</strong></span> <span class='ocrx_word' id='word_1_664' title='bbox 1146 5913 1372 5974; x_wconf 84' lang='lat' dir='ltr'><strong>cuilibet</strong></span> <span class='ocrx_word' id='word_1_665' title='bbox 1398 5912 1601 5972; x_wconf 87' lang='lat' dir='ltr'><strong>homini</strong></span> <span class='ocrx_word' id='word_1_666' title='bbox 1628 5927 1755 5988; x_wconf 86' lang='lat' dir='ltr'><strong>per-</strong></span> 
     </span>
    </p>
   </div>
   <div class='ocr_carea' id='block_1_93' title="bbox 2411 3349 2840 3404">
    <p class='ocr_par' dir='ltr' id='par_1_93' title="bbox 2411 3349 2840 3404">
     <span class='ocr_line' id='line_1_93' title="bbox 2411 3349 2840 3404; baseline 0.007 -17"><span class='ocrx_word' id='word_1_667' title='bbox 2411 3363 2418 3404; x_wconf 61' lang='grc' dir='ltr'>ε</span> <span class='ocrx_word' id='word_1_668' title='bbox 2437 3349 2730 3391; x_wconf 72' lang='grc' dir='ltr'><strong>Αιιτιρυιυε</strong></span> <span class='ocrx_word' id='word_1_669' title='bbox 2766 3352 2840 3392; x_wconf 85' lang='lat' dir='ltr'><strong>vt.</strong></span> 
     </span>
    </p>
   </div>
   <div class='ocr_carea' id='block_1_94' title="bbox 1824 3438 3432 3520">
    <p class='ocr_par' dir='ltr' id='par_1_94' title="bbox 1824 3438 3432 3520">
     <span class='ocr_line' id='line_1_94' title="bbox 1824 3438 3432 3520; baseline 0.012 -28"><span class='ocrx_word' id='word_1_670' title='bbox 1824 3438 1904 3491; x_wconf 90' lang='lat' dir='ltr'><strong>De</strong></span> <span class='ocrx_word' id='word_1_671' title='bbox 1927 3444 2037 3494; x_wconf 87' lang='lat' dir='ltr'><strong>aliis</strong></span> <span class='ocrx_word' id='word_1_672' title='bbox 2055 3445 2151 3495; x_wconf 90' lang='lat' dir='ltr'><strong>diis</strong></span> <span class='ocrx_word' id='word_1_673' title='bbox 2170 3457 2226 3520; x_wconf 68' lang='lat' dir='ltr'><strong>ac</strong></span> <span class='ocrx_word' id='word_1_674' title='bbox 2248 3445 2454 3520; x_wconf 75' lang='lat' dir='ltr'><strong>deabus,</strong></span> <span class='ocrx_word' id='word_1_675' title='bbox 2478 3463 2602 3520; x_wconf 81' lang='lat' dir='ltr'><strong>quos</strong></span> <span class='ocrx_word' id='word_1_676' title='bbox 2623 3452 3035 3520; x_wconf 82' lang='lat' dir='ltr'><strong>hominum_vitiis</strong></span> <span class='ocrx_word' id='word_1_677' title='bbox 3058 3464 3112 3509; x_wconf 89' lang='lat' dir='ltr'><strong>et</strong></span> <span class='ocrx_word' id='word_1_678' title='bbox 3143 3458 3254 3520; x_wconf 83' lang='lat' dir='ltr'><strong>aliis</strong></span> <span class='ocrx_word' id='word_1_679' title='bbox 3277 3461 3432 3511; x_wconf 77' lang='lat' dir='ltr'><strong>rebus</strong></span> 
     </span>
    </p>
   </div>
   <div class='ocr_carea' id='block_1_95' title="bbox 1893 3509 3430 3580">
    <p class='ocr_par' dir='ltr' id='par_1_95' title="bbox 1893 3509 3430 3580">
     <span class='ocr_line' id='line_1_95' title="bbox 1893 3509 3430 3580; baseline 0.012 -25"><span class='ocrx_word' id='word_1_680' title='bbox 1893 3520 2114 3580; x_wconf 75' lang='lat' dir='ltr'><strong>prteesse</strong></span> <span class='ocrx_word' id='word_1_681' title='bbox 2140 3509 2322 3580; x_wconf 64' lang='lat' dir='ltr'><strong>ethnici</strong></span> <span class='ocrx_word' id='word_1_682' title='bbox 2343 3509 2654 3580; x_wconf 67' lang='lat' dir='ltr'><strong>asserebant,</strong></span> <span class='ocrx_word' id='word_1_683' title='bbox 2680 3515 2763 3563; x_wconf 90' lang='lat' dir='ltr'><strong>ubi</strong></span> <span class='ocrx_word' id='word_1_684' title='bbox 2784 3517 2848 3580; x_wconf 78' lang='lat' dir='ltr'><strong>de</strong></span> <span class='ocrx_word' id='word_1_685' title='bbox 2868 3515 3094 3580; x_wconf 82' lang='lat' dir='ltr'><strong>Laverna</strong></span> <span class='ocrx_word' id='word_1_686' title='bbox 3136 3519 3293 3571; x_wconf 88' lang='lat' dir='ltr'><strong>furum</strong></span> <span class='ocrx_word' id='word_1_687' title='bbox 3315 3509 3430 3580; x_wconf 74' lang='lat' dir='ltr'><strong>dea,</strong></span> 
     </span>
    </p>
   </div>
   <div class='ocr_carea' id='block_1_96' title="bbox 1897 3570 3434 3646">
    <p class='ocr_par' dir='ltr' id='par_1_96' title="bbox 1897 3570 3434 3646">
     <span class='ocr_line' id='line_1_96' title="bbox 1897 3570 3434 3646; baseline 0.014 -30"><span class='ocrx_word' id='word_1_688' title='bbox 1897 3570 2456 3646; x_wconf 41' lang='lat' dir='ltr'><strong>etsegnlum‘Murc‘ida,</strong></span> <span class='ocrx_word' id='word_1_689' title='bbox 2479 3575 2547 3646; x_wconf 78' lang='lat' dir='ltr'><strong>de</strong></span> <span class='ocrx_word' id='word_1_690' title='bbox 2569 3570 2770 3646; x_wconf 55' lang='lat' dir='ltr'><strong>Vgpere</strong></span> <span class='ocrx_word' id='word_1_691' title='bbox 2795 3570 3434 3646; x_wconf 43' lang='lat' dir='ltr'><strong>MilitariﬂturpissimiSM;</strong></span> 
     </span>
    </p>
   </div>
   <div class='ocr_carea' id='block_1_97' title="bbox 1897 3634 3435 3699">
    <p class='ocr_par' dir='ltr' id='par_1_97' title="bbox 1897 3634 3435 3699">
     <span class='ocr_line' id='line_1_97' title="bbox 1897 3634 3435 3699; baseline 0.012 -20"><span class='ocrx_word' id='word_1_692' title='bbox 1897 3634 2064 3699; x_wconf 70' lang='lat' dir='ltr'><strong>giliis;</strong></span> <span class='ocrx_word' id='word_1_693' title='bbox 2087 3634 2272 3699; x_wconf 66' lang='lat' dir='ltr'><strong>Portica</strong></span> <span class='ocrx_word' id='word_1_694' title='bbox 2287 3635 2597 3699; x_wconf 80' lang='lat' dir='ltr'><strong>,_Pertuuda,</strong></span> <span class='ocrx_word' id='word_1_695' title='bbox 2619 3639 2798 3689; x_wconf 88' lang='lat' dir='ltr'><strong>&#39;l‘ulino</strong></span> <span class='ocrx_word' id='word_1_696' title='bbox 2817 3677 2830 3699; x_wconf 93' lang='lat'><strong>,</strong></span> <span class='ocrx_word' id='word_1_697' title='bbox 2857 3645 2962 3691; x_wconf 87' lang='lat' dir='ltr'><strong>sive</strong></span> <span class='ocrx_word' id='word_1_698' title='bbox 2988 3634 3172 3694; x_wconf 76' lang='lat' dir='ltr'><strong>Mutino</strong></span> <span class='ocrx_word' id='word_1_699' title='bbox 3194 3634 3435 3698; x_wconf 46' lang='lat' dir='ltr'><strong>obscaenis</strong></span> 
     </span>
    </p>
   </div>
   <div class='ocr_carea' id='block_1_98' title="bbox 1892 3694 3435 3770">
    <p class='ocr_par' dir='ltr' id='par_1_98' title="bbox 1892 3694 3435 3770">
     <span class='ocr_line' id='line_1_98' title="bbox 1892 3694 3435 3770; baseline 0.014 -29"><span class='ocrx_word' id='word_1_700' title='bbox 1892 3694 2259 3770; x_wconf 45' lang='lat' dir='ltr'><strong>v‘ohtptatibus‘,</strong></span> <span class='ocrx_word' id='word_1_701' title='bbox 2297 3695 2554 3770; x_wconf 77' lang='lat' dir='ltr'><strong>Libentina</strong></span> <span class='ocrx_word' id='word_1_702' title='bbox 2595 3709 2647 3770; x_wconf 87' lang='lat' dir='ltr'><strong>e_t</strong></span> <span class='ocrx_word' id='word_1_703' title='bbox 2685 3694 2902 3770; x_wconf 73' lang='lat' dir='ltr'><strong>Liburno</strong></span> <span class='ocrx_word' id='word_1_704' title='bbox 2939 3704 3192 3770; x_wconf 77' lang='lat' dir='ltr'><strong>libidinum</strong></span> <span class='ocrx_word' id='word_1_705' title='bbox 3229 3694 3435 3770; x_wconf 60' lang='lat' dir='ltr'><strong>ioiéii‘s&quot;,</strong></span> 
     </span>
    </p>
   </div>
   <div class='ocr_carea' id='block_1_99' title="bbox 1896 3754 3438 3826">
    <p class='ocr_par' dir='ltr' id='par_1_99' title="bbox 1896 3754 3438 3826">
     <span class='ocr_line' id='line_1_99' title="bbox 1896 3754 3438 3826; baseline 0.012 -22"><span class='ocrx_word' id='word_1_706' title='bbox 1896 3754 2107 3826; x_wconf 38' lang='lat' dir='ltr'><strong>Orbona-</strong></span> <span class='ocrx_word' id='word_1_707' title='bbox 2133 3767 2186 3809; x_wconf 88' lang='lat' dir='ltr'><strong>et</strong></span> <span class='ocrx_word' id='word_1_708' title='bbox 2217 3754 2397 3826; x_wconf 64' lang='lat' dir='ltr'><strong>Narnia</strong></span> <span class='ocrx_word' id='word_1_709' title='bbox 2423 3765 2727 3826; x_wconf 76' lang='lat' dir='ltr'><strong>extremitati</strong></span> <span class='ocrx_word' id='word_1_710' title='bbox 2767 3766 2880 3816; x_wconf 70' lang='lat' dir='ltr'><strong>vita:</strong></span> <span class='ocrx_word' id='word_1_711' title='bbox 2899 3802 2914 3826; x_wconf 94' lang='lat'><strong>,</strong></span> <span class='ocrx_word' id='word_1_712' title='bbox 2938 3780 2995 3816; x_wconf 87' lang='lat' dir='ltr'><strong>ac</strong></span> <span class='ocrx_word' id='word_1_713' title='bbox 3034 3754 3195 3820; x_wconf 84' lang='lat' dir='ltr'><strong>funeri</strong></span> <span class='ocrx_word' id='word_1_714' title='bbox 3218 3754 3438 3823; x_wconf 69' lang='lat' dir='ltr'><strong>ridiculis</strong></span> 
     </span>
    </p>
   </div>
   <div class='ocr_carea' id='block_1_100' title="bbox 1897 3819 3435 3890">
    <p class='ocr_par' dir='ltr' id='par_1_100' title="bbox 1897 3819 3435 3890">
     <span class='ocr_line' id='line_1_100' title="bbox 1897 3819 3435 3890; baseline 0.014 -26"><span class='ocrx_word' id='word_1_715' title='bbox 1897 3819 2205 3890; x_wconf 54' lang='lat' dir='ltr'><strong>praesidibus,</strong></span> <span class='ocrx_word' id='word_1_716' title='bbox 2231 3821 2313 3890; x_wconf 70' lang='lat' dir='ltr'><strong>ubi</strong></span> <span class='ocrx_word' id='word_1_717' title='bbox 2332 3823 2480 3871; x_wconf 85' lang='lat' dir='ltr'><strong>etiam</strong></span> <span class='ocrx_word' id='word_1_718' title='bbox 2499 3822 2564 3873; x_wconf 89' lang='lat' dir='ltr'><strong>de</strong></span> <span class='ocrx_word' id='word_1_719' title='bbox 2587 3827 2762 3875; x_wconf 83' lang='lat' dir='ltr'><strong>scortis</strong></span> <span class='ocrx_word' id='word_1_720' title='bbox 2774 3819 3059 3890; x_wconf 74' lang='lat' dir='ltr'><strong>meritoriis,</strong></span> <span class='ocrx_word' id='word_1_721' title='bbox 3076 3819 3203 3881; x_wconf 83' lang='lat' dir='ltr'><strong>Acca</strong></span> <span class='ocrx_word' id='word_1_722' title='bbox 3214 3819 3435 3884; x_wconf 55' lang='lat' dir='ltr'><strong>uaeas:</strong></span> 
     </span>
    </p>
   </div>
   <div class='ocr_carea' id='block_1_101' title="bbox 1895 3879 2476 3942">
    <p class='ocr_par' dir='ltr' id='par_1_101' title="bbox 1895 3879 2476 3942">
     <span class='ocr_line' id='line_1_101' title="bbox 1895 3879 2476 3942; baseline 0.009 -14"><span class='ocrx_word' id='word_1_723' title='bbox 1895 3879 1980 3942; x_wconf 79' lang='lat' dir='ltr'><strong>tia,</strong></span> <span class='ocrx_word' id='word_1_724' title='bbox 2011 3879 2177 3942; x_wconf 80' lang='lat' dir='ltr'><strong>Flora,</strong></span> <span class='ocrx_word' id='word_1_725' title='bbox 2204 3890 2257 3932; x_wconf 91' lang='lat' dir='ltr'><strong>et</strong></span> <span class='ocrx_word' id='word_1_726' title='bbox 2280 3881 2476 3933; x_wconf 61' lang='lat' dir='ltr'><strong>Leana.</strong></span> 
     </span>
    </p>
   </div>
   <div class='ocr_carea' id='block_1_102' title="bbox 1906 3985 3438 4069">
    <p class='ocr_par' dir='ltr' id='par_1_102' title="bbox 1906 3985 3438 4069">
     <span class='ocr_line' id='line_1_102' title="bbox 1906 3985 3438 4069; baseline 0.012 -29"><span class='ocrx_word' id='word_1_727' title='bbox 1906 3985 2117 4042; x_wconf 85' lang='lat' dir='ltr'><strong>Nemini</strong></span> <span class='ocrx_word' id='word_1_728' title='bbox 2145 4002 2276 4042; x_wconf 91' lang='lat' dir='ltr'><strong>sane</strong></span> <span class='ocrx_word' id='word_1_729' title='bbox 2297 3992 2640 4060; x_wconf 86' lang='lat' dir='ltr'><strong>quantumvis</strong></span> <span class='ocrx_word' id='word_1_730' title='bbox 2671 4009 2858 4063; x_wconf 90' lang='lat' dir='ltr'><strong>parum</strong></span> <span class='ocrx_word' id='word_1_731' title='bbox 2883 4011 3040 4069; x_wconf 77' lang='lat' dir='ltr'><strong>teque</strong></span> <span class='ocrx_word' id='word_1_732' title='bbox 3066 4014 3247 4056; x_wconf 90' lang='lat' dir='ltr'><strong>rerum</strong></span> <span class='ocrx_word' id='word_1_733' title='bbox 3275 4001 3438 4058; x_wconf 71' lang='lat' dir='ltr'><strong>testi-</strong></span> 
     </span>
    </p>
   </div>
   <div class='ocr_carea' id='block_1_103' title="bbox 1835 4079 3438 4153">
    <p class='ocr_par' dir='ltr' id='par_1_103' title="bbox 1835 4079 3438 4153">
     <span class='ocr_line' id='line_1_103' title="bbox 1835 4079 3438 4153; baseline 0.012 -21"><span class='ocrx_word' id='word_1_734' title='bbox 1835 4079 2050 4147; x_wconf 90' lang='lat' dir='ltr'><strong>matori,</strong></span> <span class='ocrx_word' id='word_1_735' title='bbox 2082 4081 2127 4136; x_wconf 89' lang='lat' dir='ltr'><strong>si</strong></span> <span class='ocrx_word' id='word_1_736' title='bbox 2164 4097 2285 4153; x_wconf 75' lang='lat' dir='ltr'><strong>qua:</strong></span> <span class='ocrx_word' id='word_1_737' title='bbox 2326 4091 2504 4139; x_wconf 89' lang='lat' dir='ltr'><strong>tamen</strong></span> <span class='ocrx_word' id='word_1_738' title='bbox 2542 4095 2706 4141; x_wconf 67' lang='lat' dir='ltr'><strong>rectae</strong></span> <span class='ocrx_word' id='word_1_739' title='bbox 2741 4088 2966 4144; x_wconf 90' lang='lat' dir='ltr'><strong>rationis</strong></span> <span class='ocrx_word' id='word_1_740' title='bbox 3002 4092 3233 4148; x_wconf 89' lang='lat' dir='ltr'><strong>scintilla</strong></span> <span class='ocrx_word' id='word_1_741' title='bbox 3264 4096 3313 4149; x_wconf 90' lang='lat' dir='ltr'><strong>ei</strong></span> <span class='ocrx_word' id='word_1_742' title='bbox 3342 4112 3438 4151; x_wconf 88' lang='lat' dir='ltr'><strong>su-</strong></span> 
     </span>
    </p>
   </div>
   <div class='ocr_carea' id='block_1_104' title="bbox 1836 4171 3435 4256">
    <p class='ocr_par' dir='ltr' id='par_1_104' title="bbox 1836 4171 3435 4256">
     <span class='ocr_line' id='line_1_104' title="bbox 1836 4171 3435 4256; baseline 0.009 -30"><span class='ocrx_word' id='word_1_743' title='bbox 1836 4171 2024 4242; x_wconf 88' lang='lat' dir='ltr'><strong>persit,</strong></span> <span class='ocrx_word' id='word_1_744' title='bbox 2064 4172 2355 4246; x_wconf 85' lang='lat' dir='ltr'><strong>quidquam</strong></span> <span class='ocrx_word' id='word_1_745' title='bbox 2387 4191 2611 4247; x_wconf 89' lang='lat' dir='ltr'><strong>prorsus</strong></span> <span class='ocrx_word' id='word_1_746' title='bbox 2638 4179 2908 4237; x_wconf 89' lang='lat' dir='ltr'><strong>videbitur</strong></span> <span class='ocrx_word' id='word_1_747' title='bbox 2936 4199 2966 4238; x_wconf 91' lang='lat' dir='ltr'><strong>a</strong></span> <span class='ocrx_word' id='word_1_748' title='bbox 3000 4184 3178 4241; x_wconf 84' lang='lat' dir='ltr'><strong>divina</strong></span> <span class='ocrx_word' id='word_1_749' title='bbox 3219 4196 3435 4256; x_wconf 85' lang='lat' dir='ltr'><strong>natura,</strong></span> 
     </span>
    </p>
   </div>
   <div class='ocr_carea' id='block_1_105' title="bbox 1832 4263 3442 4345">
    <p class='ocr_par' dir='ltr' id='par_1_105' title="bbox 1832 4263 3442 4345">
     <span class='ocr_line' id='line_1_105' title="bbox 1832 4263 3442 4345; baseline 0.011 -27"><span class='ocrx_word' id='word_1_750' title='bbox 1832 4263 2063 4336; x_wconf 86' lang='lat' dir='ltr'><strong>justitia,</strong></span> <span class='ocrx_word' id='word_1_751' title='bbox 2095 4275 2150 4322; x_wconf 91' lang='lat' dir='ltr'><strong>et</strong></span> <span class='ocrx_word' id='word_1_752' title='bbox 2179 4268 2464 4325; x_wconf 87' lang='lat' dir='ltr'><strong>sanctitate</strong></span> <span class='ocrx_word' id='word_1_753' title='bbox 2499 4271 2670 4340; x_wconf 81' lang='lat' dir='ltr'><strong>magis</strong></span> <span class='ocrx_word' id='word_1_754' title='bbox 2697 4271 2954 4340; x_wconf 90' lang='lat' dir='ltr'><strong>alienum,</strong></span> <span class='ocrx_word' id='word_1_755' title='bbox 2987 4291 3149 4345; x_wconf 90' lang='lat' dir='ltr'><strong>quam</strong></span> <span class='ocrx_word' id='word_1_756' title='bbox 3177 4277 3312 4334; x_wconf 89' lang='lat' dir='ltr'><strong>deos</strong></span> <span class='ocrx_word' id='word_1_757' title='bbox 3340 4280 3442 4336; x_wconf 83' lang='lat' dir='ltr'><strong>tin-</strong></span> 
     </span>
    </p>
   </div>
   <div class='ocr_carea' id='block_1_106' title="bbox 1836 4359 3439 4434">
    <p class='ocr_par' dir='ltr' id='par_1_106' title="bbox 1836 4359 3439 4434">
     <span class='ocr_line' id='line_1_106' title="bbox 1836 4359 3439 4434; baseline 0.008 -19"><span class='ocrx_word' id='word_1_758' title='bbox 1836 4373 1966 4432; x_wconf 90' lang='lat' dir='ltr'><strong>gere</strong></span> <span class='ocrx_word' id='word_1_759' title='bbox 2002 4359 2276 4416; x_wconf 87' lang='lat' dir='ltr'><strong>hominum</strong></span> <span class='ocrx_word' id='word_1_760' title='bbox 2310 4362 2453 4418; x_wconf 90' lang='lat' dir='ltr'><strong>vitiis</strong></span> <span class='ocrx_word' id='word_1_761' title='bbox 2493 4378 2600 4419; x_wconf 92' lang='lat' dir='ltr'><strong>non</strong></span> <span class='ocrx_word' id='word_1_762' title='bbox 2645 4365 2808 4421; x_wconf 92' lang='lat' dir='ltr'><strong>modo</strong></span> <span class='ocrx_word' id='word_1_763' title='bbox 2847 4366 3112 4434; x_wconf 89' lang='lat' dir='ltr'><strong>faventes,</strong></span> <span class='ocrx_word' id='word_1_764' title='bbox 3151 4369 3246 4425; x_wconf 88' lang='lat' dir='ltr'><strong>sed</strong></span> <span class='ocrx_word' id='word_1_765' title='bbox 3276 4373 3439 4430; x_wconf 89' lang='lat' dir='ltr'><strong>etiam</strong></span> 
     </span>
    </p>
   </div>
   <div class='ocr_carea' id='block_1_107' title="bbox 1838 4454 3442 4536">
    <p class='ocr_par' dir='ltr' id='par_1_107' title="bbox 1838 4454 3442 4536">
     <span class='ocr_line' id='line_1_107' title="bbox 1838 4454 3442 4536; baseline 0.007 -27"><span class='ocrx_word' id='word_1_766' title='bbox 1838 4454 2146 4525; x_wconf 71' lang='lat' dir='ltr'><strong>praefectos.</strong></span> <span class='ocrx_word' id='word_1_767' title='bbox 2180 4455 2341 4512; x_wconf 89' lang='lat' dir='ltr'><strong>Tales</strong></span> <span class='ocrx_word' id='word_1_768' title='bbox 2371 4457 2725 4514; x_wconf 91' lang='lat' dir='ltr'><strong>nihilominus</strong></span> <span class='ocrx_word' id='word_1_769' title='bbox 2762 4459 2916 4525; x_wconf 91' lang='lat' dir='ltr'><strong>deos,</strong></span> <span class='ocrx_word' id='word_1_770' title='bbox 2947 4476 3050 4517; x_wconf 90' lang='lat' dir='ltr'><strong>nec</strong></span> <span class='ocrx_word' id='word_1_771' title='bbox 3080 4477 3279 4532; x_wconf 90' lang='lat' dir='ltr'><strong>paucos</strong></span> <span class='ocrx_word' id='word_1_772' title='bbox 3321 4467 3442 4536; x_wconf 88' lang='lat' dir='ltr'><strong>qui-</strong></span> 
     </span>
    </p>
   </div>
   <div class='ocr_carea' id='block_1_108' title="bbox 1839 4547 3440 4621">
    <p class='ocr_par' dir='ltr' id='par_1_108' title="bbox 1839 4547 3440 4621">
     <span class='ocr_line' id='line_1_108' title="bbox 1839 4547 3440 4621; baseline 0.007 -19"><span class='ocrx_word' id='word_1_773' title='bbox 1839 4547 1963 4604; x_wconf 90' lang='lat' dir='ltr'><strong>dem</strong></span> <span class='ocrx_word' id='word_1_774' title='bbox 1989 4547 2190 4604; x_wconf 90' lang='lat' dir='ltr'><strong>ethnici</strong></span> <span class='ocrx_word' id='word_1_775' title='bbox 2222 4549 2356 4604; x_wconf 89' lang='lat' dir='ltr'><strong>mira</strong></span> <span class='ocrx_word' id='word_1_776' title='bbox 2380 4550 2538 4620; x_wconf 89' lang='lat' dir='ltr'><strong>plane</strong></span> <span class='ocrx_word' id='word_1_777' title='bbox 2569 4565 2668 4606; x_wconf 91' lang='lat' dir='ltr'><strong>nec</strong></span> <span class='ocrx_word' id='word_1_778' title='bbox 2695 4551 2828 4605; x_wconf 89' lang='lat' dir='ltr'><strong>satis</strong></span> <span class='ocrx_word' id='word_1_779' title='bbox 2858 4566 3108 4621; x_wconf 84' lang='lat' dir='ltr'><strong>umquam</strong></span> <span class='ocrx_word' id='word_1_780' title='bbox 3136 4553 3440 4614; x_wconf 85' lang='lat' dir='ltr'><strong>damnanda</strong></span> 
     </span>
    </p>
   </div>
   <div class='ocr_carea' id='block_1_109' title="bbox 1765 4641 3443 4731">
    <p class='ocr_par' dir='ltr' id='par_1_109' title="bbox 1765 4641 3443 4731">
     <span class='ocr_line' id='line_1_109' title="bbox 1765 4641 3443 4731; baseline 0.004 -33"><span class='ocrx_word' id='word_1_781' title='bbox 1765 4670 1819 4731; x_wconf 69' lang='grc' dir='ltr'><strong><em>Β</em></strong></span> <span class='ocrx_word' id='word_1_782' title='bbox 1842 4641 2117 4714; x_wconf 85' lang='lat' dir='ltr'><strong>impietate</strong></span> <span class='ocrx_word' id='word_1_783' title='bbox 2145 4643 2436 4699; x_wconf 91' lang='lat' dir='ltr'><strong>commenti</strong></span> <span class='ocrx_word' id='word_1_784' title='bbox 2466 4653 2612 4699; x_wconf 90' lang='lat' dir='ltr'><strong>sunt.</strong></span> <span class='ocrx_word' id='word_1_785' title='bbox 2637 4643 2997 4712; x_wconf 87' lang='lat' dir='ltr'><strong>Quamobrem</strong></span> <span class='ocrx_word' id='word_1_786' title='bbox 3021 4645 3314 4718; x_wconf 85' lang='lat' dir='ltr'><strong>Gregorius</strong></span> <span class='ocrx_word' id='word_1_787' title='bbox 3335 4649 3443 4706; x_wconf 84' lang='lat' dir='ltr'><strong>Na-</strong></span> 
     </span>
    </p>
   </div>
   <div class='ocr_carea' id='block_1_110' title="bbox 1842 4741 3438 4820">
    <p class='ocr_par' dir='ltr' id='par_1_110' title="bbox 1842 4741 3438 4820">
     <span class='ocr_line' id='line_1_110' title="bbox 1842 4741 3438 4820; baseline 0.005 -25"><span class='ocrx_word' id='word_1_788' title='bbox 1842 4741 2132 4798; x_wconf 86' lang='lat' dir='ltr'><strong>zianzenus</strong></span> <span class='ocrx_word' id='word_1_789' title='bbox 2175 4741 2294 4797; x_wconf 91' lang='lat' dir='ltr'><strong>illos</strong></span> <span class='ocrx_word' id='word_1_790' title='bbox 2331 4741 2413 4797; x_wconf 89' lang='lat' dir='ltr'><strong>his</strong></span> <span class='ocrx_word' id='word_1_791' title='bbox 2451 4743 2741 4812; x_wconf 88' lang='lat' dir='ltr'><strong>compellat</strong></span> <span class='ocrx_word' id='word_1_792' title='bbox 2781 4743 3030 4802; x_wconf 86' lang='lat' dir='ltr'><strong>versibus</strong></span> <span class='ocrx_word' id='word_1_793' title='bbox 3059 4745 3240 4820; x_wconf 82' lang='lat' dir='ltr'><strong>(Greg.</strong></span> <span class='ocrx_word' id='word_1_794' title='bbox 3276 4745 3438 4816; x_wconf 80' lang='lat' dir='ltr'><strong>Naz.,</strong></span> 
     </span>
    </p>
   </div>
   <div class='ocr_carea' id='block_1_111' title="bbox 1847 4834 2730 4908">
    <p class='ocr_par' dir='ltr' id='par_1_111' title="bbox 1847 4834 2730 4908">
     <span class='ocr_line' id='line_1_111' title="bbox 1847 4834 2730 4908; baseline 0.002 -18"><span class='ocrx_word' id='word_1_795' title='bbox 1847 4844 1969 4892; x_wconf 86' lang='lat' dir='ltr'><strong>tom.</strong></span> <span class='ocrx_word' id='word_1_796' title='bbox 2000 4852 2060 4903; x_wconf 86' lang='lat' dir='ltr'><strong>tt,</strong></span> <span class='ocrx_word' id='word_1_797' title='bbox 2092 4852 2253 4890; x_wconf 84' lang='lat' dir='ltr'><strong>carm.</strong></span> <span class='ocrx_word' id='word_1_798' title='bbox 2285 4835 2374 4900; x_wconf 87' lang='grc'><strong>61,</strong></span> <span class='ocrx_word' id='word_1_799' title='bbox 2407 4853 2526 4908; x_wconf 85' lang='lat' dir='ltr'><strong>pag.</strong></span> <span class='ocrx_word' id='word_1_800' title='bbox 2563 4834 2688 4908; x_wconf 70' lang='grc'>142)</span> <span class='ocrx_word' id='word_1_801' title='bbox 2716 4855 2730 4892; x_wconf 90' lang='lat'><strong>:</strong></span> 
     </span>
    </p>
   </div>
   <div class='ocr_carea' id='block_1_112' title="bbox 2001 4950 3039 5018">
    <p class='ocr_par' dir='ltr' id='par_1_112' title="bbox 2001 4950 3039 5018">
     <span class='ocr_line' id='line_1_112' title="bbox 2001 4950 3039 5018; baseline 0.006 -20"><span class='ocrx_word' id='word_1_802' title='bbox 2001 4950 2142 5018; x_wconf 59' lang='grc' dir='ltr'><strong>ᾇλλους</strong></span> <span class='ocrx_word' id='word_1_803' title='bbox 2162 4957 2200 4999; x_wconf 73' lang='grc' dir='ltr'><strong>δ’</strong></span> <span class='ocrx_word' id='word_1_804' title='bbox 2219 4954 2302 5000; x_wconf 67' lang='grc' dir='ltr'><strong>εἴη*</strong></span> <span class='ocrx_word' id='word_1_805' title='bbox 2322 4957 2469 5001; x_wconf 59' lang='lat' dir='ltr'><strong>Natat</strong></span> <span class='ocrx_word' id='word_1_806' title='bbox 2488 4966 2611 5009; x_wconf 72' lang='grc' dir='ltr'><strong>ιαοϊς</strong></span> <span class='ocrx_word' id='word_1_807' title='bbox 2632 4963 2692 5002; x_wconf 67' lang='lat' dir='ltr'><strong>isi.</strong></span> <span class='ocrx_word' id='word_1_808' title='bbox 2710 4964 2841 5018; x_wconf 68' lang='grc' dir='ltr'><strong>κάρτος</strong></span> <span class='ocrx_word' id='word_1_809' title='bbox 2861 4964 3007 5017; x_wconf 55' lang='lat' dir='ltr'><strong>iiuna;</strong></span> <span class='ocrx_word' id='word_1_810' title='bbox 3027 4996 3039 5013; x_wconf 88' lang='lat'><strong>,</strong></span> 
     </span>
    </p>
   </div>
   <div class='ocr_carea' id='block_1_113' title="bbox 2000 5013 3044 5087">
    <p class='ocr_par' dir='ltr' id='par_1_113' title="bbox 2000 5013 3044 5087">
     <span class='ocr_line' id='line_1_113' title="bbox 2000 5013 3044 5087; baseline -0.004 -24"><span class='ocrx_word' id='word_1_811' title='bbox 2000 5013 2051 5087; x_wconf 60' lang='grc' dir='ltr'><strong>ᾴς</strong></span> <span class='ocrx_word' id='word_1_812' title='bbox 2071 5026 2119 5073; x_wconf 76' lang='grc' dir='ltr'><strong>μὴ</strong></span> <span class='ocrx_word' id='word_1_813' title='bbox 2142 5028 2274 5072; x_wconf 72' lang='grc' dir='ltr'><strong>μοῦνον</strong></span> <span class='ocrx_word' id='word_1_814' title='bbox 2296 5019 2422 5063; x_wconf 70' lang='grc' dir='ltr'><strong>ἄτη-αν</strong></span> <span class='ocrx_word' id='word_1_815' title='bbox 2444 5023 2541 5063; x_wconf 66' lang='grc' dir='ltr'><strong>ἅπαν</strong></span> <span class='ocrx_word' id='word_1_816' title='bbox 2562 5027 2690 5072; x_wconf 58' lang='lat' dir='ltr'><strong>suae,</strong></span> <span class='ocrx_word' id='word_1_817' title='bbox 2711 5013 2807 5066; x_wconf 54' lang='lat' dir='ltr'><strong>alii</strong></span> <span class='ocrx_word' id='word_1_818' title='bbox 2915 5029 3044 5068; x_wconf 67' lang='grc' dir='ltr'><strong>ισολδν</strong></span> 
     </span>
    </p>
   </div>
   <div class='ocr_carea' id='block_1_114' title="bbox 2003 5085 2980 5140">
    <p class='ocr_par' dir='ltr' id='par_1_114' title="bbox 2003 5085 2980 5140">
     <span class='ocr_line' id='line_1_114' title="bbox 2003 5085 2980 5140; baseline 0.005 -17"><span class='ocrx_word' id='word_1_819' title='bbox 2003 5085 2176 5136; x_wconf 54' lang='lat' dir='ltr'><strong>timum,</strong></span> <span class='ocrx_word' id='word_1_820' title='bbox 2188 5089 2234 5132; x_wconf 70' lang='grc' dir='ltr'><strong>ὥς</strong></span> <span class='ocrx_word' id='word_1_821' title='bbox 2256 5087 2303 5137; x_wconf 74' lang='grc' dir='ltr'>ῥᾷ</span> <span class='ocrx_word' id='word_1_822' title='bbox 2321 5091 2400 5137; x_wconf 61' lang='grc' dir='ltr'><strong>Θεῷ</strong></span> <span class='ocrx_word' id='word_1_823' title='bbox 2415 5091 2686 5140; x_wconf 71' lang='grc' dir='ltr'><strong>ιικιρισμίνον,</strong></span> <span class='ocrx_word' id='word_1_824' title='bbox 2707 5090 2747 5136; x_wconf 81' lang='grc' dir='ltr'><strong>ὃς</strong></span> <span class='ocrx_word' id='word_1_825' title='bbox 2768 5085 2850 5129; x_wconf 74' lang='grc' dir='ltr'><strong>τόδ’</strong></span> <span class='ocrx_word' id='word_1_826' title='bbox 2869 5090 2980 5130; x_wconf 66' lang='lat' dir='ltr'><strong>Istat.</strong></span> 
     </span>
    </p>
   </div>
   <div class='ocr_carea' id='block_1_115' title="bbox 1938 5154 3102 5223">
    <p class='ocr_par' dir='ltr' id='par_1_115' title="bbox 1938 5154 3102 5223">
     <span class='ocr_line' id='line_1_115' title="bbox 1938 5154 3102 5223; baseline 0.007 -19"><span class='ocrx_word' id='word_1_827' title='bbox 1938 5154 2048 5223; x_wconf 81' lang='lat' dir='ltr'><strong>Ipsa</strong></span> <span class='ocrx_word' id='word_1_828' title='bbox 2071 5169 2269 5223; x_wconf 61' lang='lat' dir='ltr'><strong>quoque</strong></span> <span class='ocrx_word' id='word_1_829' title='bbox 2288 5155 2483 5223; x_wconf 76' lang='lat' dir='ltr'><strong>infanda</strong></span> <span class='ocrx_word' id='word_1_830' title='bbox 2506 5161 2710 5210; x_wconf 79' lang='lat' dir='ltr'><strong>sacratis</strong></span> <span class='ocrx_word' id='word_1_831' title='bbox 2740 5162 2933 5211; x_wconf 81' lang='lat' dir='ltr'><strong>numina</strong></span> <span class='ocrx_word' id='word_1_832' title='bbox 2957 5175 3102 5223; x_wconf 85' lang='lat' dir='ltr'><strong>noxa,</strong></span> 
     </span>
    </p>
   </div>
   <div class='ocr_carea' id='block_1_116' title="bbox 1943 5216 3134 5328">
    <p class='ocr_par' dir='ltr' id='par_1_116' title="bbox 1943 5216 3134 5328">
     <span class='ocr_line' id='line_1_116' title="bbox 1943 5216 3134 5328; baseline 0.006 -62"><span class='ocrx_word' id='word_1_833' title='bbox 1943 5216 2106 5328; x_wconf 66' lang='lat' dir='ltr'><strong>Atque</strong></span> <span class='ocrx_word' id='word_1_834' title='bbox 2131 5216 2240 5268; x_wconf 82' lang='lat' dir='ltr'><strong>aliis</strong></span> <span class='ocrx_word' id='word_1_835' title='bbox 2257 5217 2403 5267; x_wconf 87' lang='lat' dir='ltr'><strong>alium</strong></span> <span class='ocrx_word' id='word_1_836' title='bbox 2433 5220 2563 5270; x_wconf 85' lang='lat' dir='ltr'><strong>vitiis</strong></span> <span class='ocrx_word' id='word_1_837' title='bbox 2585 5224 2666 5282; x_wconf 92' lang='lat' dir='ltr'><strong>qui</strong></span> <span class='ocrx_word' id='word_1_838' title='bbox 2694 5224 2878 5285; x_wconf 66' lang='lat' dir='ltr'><strong>prmsit,</strong></span> <span class='ocrx_word' id='word_1_839' title='bbox 2903 5216 3100 5275; x_wconf 76' lang='lat' dir='ltr'><strong>habetis</strong></span> <span class='ocrx_word' id='word_1_840' title='bbox 3121 5239 3134 5272; x_wconf 89' lang='lat'><strong><em>:</em></strong></span> 
     </span>
     <span class='ocr_line' id='line_1_117' title="bbox 1943 5279 3134 5328; baseline 0 0"><span class='ocrx_word' id='word_1_841' title='bbox 1943 5279 2018 5328; x_wconf 88' lang='lat' dir='ltr'><strong>Sci</strong></span> <span class='ocrx_word' id='word_1_842' title='bbox 2043 5282 2137 5328; x_wconf 90' lang='lat' dir='ltr'><strong>icet</strong></span> <span class='ocrx_word' id='word_1_843' title='bbox 2160 5288 2214 5328; x_wconf 92' lang='lat' dir='ltr'><strong>ut</strong></span> <span class='ocrx_word' id='word_1_844' title='bbox 2232 5279 2419 5328; x_wconf 85' lang='lat' dir='ltr'><strong>crimen</strong></span> <span class='ocrx_word' id='word_1_845' title='bbox 2441 5294 2537 5328; x_wconf 89' lang='lat' dir='ltr'><strong>non</strong></span> <span class='ocrx_word' id='word_1_846' title='bbox 2563 5288 2749 5328; x_wconf 84' lang='lat' dir='ltr'><strong>tantum</strong></span> <span class='ocrx_word' id='word_1_847' title='bbox 2775 5285 2967 5328; x_wconf 75' lang='lat' dir='ltr'><strong>vindice</strong></span> <span class='ocrx_word' id='word_1_848' title='bbox 2991 5299 3134 5328; x_wconf 77' lang='lat' dir='ltr'><strong>omna</strong></span> 
     </span>
    </p>
   </div>
   <div class='ocr_carea' id='block_1_117' title="bbox 1939 5279 3137 5350">
    <p class='ocr_par' dir='ltr' id='par_1_117' title="bbox 1939 5279 3137 5350">
     <span class='ocr_line' id='line_1_118' title="bbox 1939 5279 3137 5350; baseline 0.007 -23"><span class='ocrx_word' id='word_1_849' title='bbox 1939 5279 2137 5350; x_wconf 8' lang='lat' dir='ltr'><strong>§c7ilicet</strong></span> <span class='ocrx_word' id='word_1_850' title='bbox 2160 5288 2214 5329; x_wconf 93' lang='lat' dir='ltr'><strong>ut</strong></span> <span class='ocrx_word' id='word_1_851' title='bbox 2232 5279 2419 5350; x_wconf 79' lang='lat' dir='ltr'><strong>crimen</strong></span> <span class='ocrx_word' id='word_1_852' title='bbox 2441 5294 2537 5350; x_wconf 81' lang='lat' dir='ltr'><strong>non</strong></span> <span class='ocrx_word' id='word_1_853' title='bbox 2563 5279 2749 5350; x_wconf 73' lang='lat' dir='ltr'><strong>tantum</strong></span> <span class='ocrx_word' id='word_1_854' title='bbox 2775 5279 2967 5350; x_wconf 78' lang='lat' dir='ltr'><strong>vindice</strong></span> <span class='ocrx_word' id='word_1_855' title='bbox 2991 5299 3137 5350; x_wconf 63' lang='lat' dir='ltr'><strong>poena</strong></span> 
     </span>
    </p>
   </div>
   <div class='ocr_carea' id='block_1_118' title="bbox 1941 5343 3314 5414">
    <p class='ocr_par' dir='ltr' id='par_1_118' title="bbox 1941 5343 3314 5414">
     <span class='ocr_line' id='line_1_119' title="bbox 1941 5343 3314 5414; baseline 0.008 -23"><span class='ocrx_word' id='word_1_856' title='bbox 1941 5344 2018 5414; x_wconf 73' lang='lat' dir='ltr'><strong>§it</strong></span> <span class='ocrx_word' id='word_1_857' title='bbox 2039 5355 2262 5414; x_wconf 82' lang='lat' dir='ltr'><strong>vacuum,</strong></span> <span class='ocrx_word' id='word_1_858' title='bbox 2285 5343 2374 5392; x_wconf 86' lang='lat' dir='ltr'><strong>sed</strong></span> <span class='ocrx_word' id='word_1_859' title='bbox 2401 5350 2452 5393; x_wconf 93' lang='lat' dir='ltr'><strong>et</strong></span> <span class='ocrx_word' id='word_1_860' title='bbox 2474 5345 2695 5414; x_wconf 68' lang='lat' dir='ltr'><strong>obtineat</strong></span> <span class='ocrx_word' id='word_1_861' title='bbox 2730 5343 3022 5414; x_wconf 76' lang='lat' dir='ltr'><strong>laudemque</strong></span> <span class='ocrx_word' id='word_1_862' title='bbox 3043 5350 3314 5414; x_wconf 80' lang='lat' dir='ltr'><strong>decusque,</strong></span> 
     </span>
    </p>
   </div>
   <div class='ocr_carea' id='block_1_119' title="bbox 1938 5404 3352 5473">
    <p class='ocr_par' dir='ltr' id='par_1_119' title="bbox 1938 5404 3352 5473">
     <span class='ocr_line' id='line_1_120' title="bbox 1938 5404 3352 5473; baseline 0.008 -19"><span class='ocrx_word' id='word_1_863' title='bbox 1938 5404 2002 5455; x_wconf 83' lang='lat' dir='ltr'><strong>Et</strong></span> <span class='ocrx_word' id='word_1_864' title='bbox 2023 5412 2215 5468; x_wconf 84' lang='lat' dir='ltr'><strong>gratum</strong></span> <span class='ocrx_word' id='word_1_865' title='bbox 2235 5414 2590 5470; x_wconf 86' lang='lat' dir='ltr'><strong>acceptumque</strong></span> <span class='ocrx_word' id='word_1_866' title='bbox 2611 5407 2738 5469; x_wconf 88' lang='lat' dir='ltr'><strong>Deo,</strong></span> <span class='ocrx_word' id='word_1_867' title='bbox 2763 5404 3048 5473; x_wconf 77' lang='lat' dir='ltr'><strong>cultumque</strong></span> <span class='ocrx_word' id='word_1_868' title='bbox 3072 5413 3136 5461; x_wconf 88' lang='lat' dir='ltr'><strong>ab</strong></span> <span class='ocrx_word' id='word_1_869' title='bbox 3157 5404 3352 5465; x_wconf 67' lang='lat' dir='ltr'><strong>eodem.</strong></span> 
     </span>
    </p>
   </div>
   <div class='ocr_carea' id='block_1_120' title="bbox 1849 5529 3440 5611">
    <p class='ocr_par' dir='ltr' id='par_1_120' title="bbox 1849 5529 3440 5611">
     <span class='ocr_line' id='line_1_121' title="bbox 1849 5529 3440 5611; baseline 0.007 -24"><span class='ocrx_word' id='word_1_870' title='bbox 1849 5529 1957 5587; x_wconf 89' lang='lat' dir='ltr'><strong>Sed</strong></span> <span class='ocrx_word' id='word_1_871' title='bbox 1991 5529 2270 5587; x_wconf 88' lang='lat' dir='ltr'><strong>audiamus</strong></span> <span class='ocrx_word' id='word_1_872' title='bbox 2298 5530 2594 5588; x_wconf 84' lang='lat' dir='ltr'><strong>Arnobium</strong></span> <span class='ocrx_word' id='word_1_873' title='bbox 2629 5541 2871 5588; x_wconf 88' lang='lat' dir='ltr'><strong>nostrum</strong></span> <span class='ocrx_word' id='word_1_874' title='bbox 2900 5533 3001 5590; x_wconf 89' lang='lat' dir='ltr'><strong>hos</strong></span> <span class='ocrx_word' id='word_1_875' title='bbox 3027 5535 3258 5594; x_wconf 87' lang='lat' dir='ltr'><strong>infames</strong></span> <span class='ocrx_word' id='word_1_876' title='bbox 3285 5539 3440 5611; x_wconf 88' lang='lat' dir='ltr'><strong>deos,</strong></span> 
     </span>
    </p>
   </div>
   <div class='ocr_carea' id='block_1_121' title="bbox 1850 5623 3447 5694">
    <p class='ocr_par' dir='ltr' id='par_1_121' title="bbox 1850 5623 3447 5694">
     <span class='ocr_line' id='line_1_122' title="bbox 1850 5623 3447 5694; baseline 0.007 -15"><span class='ocrx_word' id='word_1_877' title='bbox 1850 5631 1909 5679; x_wconf 91' lang='lat' dir='ltr'><strong>et</strong></span> <span class='ocrx_word' id='word_1_878' title='bbox 1931 5623 2269 5694; x_wconf 86' lang='lat' dir='ltr'><strong>turpissimas</strong></span> <span class='ocrx_word' id='word_1_879' title='bbox 2311 5638 2496 5678; x_wconf 88' lang='lat' dir='ltr'><strong>eorum</strong></span> <span class='ocrx_word' id='word_1_880' title='bbox 2542 5623 2892 5693; x_wconf 65' lang='lat' dir='ltr'><strong>praefecturas</strong></span> <span class='ocrx_word' id='word_1_881' title='bbox 2935 5637 3296 5687; x_wconf 85' lang='lat' dir='ltr'><strong>enarrantem.</strong></span> <span class='ocrx_word' id='word_1_882' title='bbox 3341 5633 3447 5691; x_wconf 83' lang='lat' dir='ltr'><strong>Re-</strong></span> 
     </span>
    </p>
   </div>
   <div class='ocr_carea' id='block_1_122' title="bbox 1855 5715 3454 5806">
    <p class='ocr_par' dir='ltr' id='par_1_122' title="bbox 1855 5715 3454 5806">
     <span class='ocr_line' id='line_1_123' title="bbox 1855 5715 3454 5806; baseline 0.007 -35"><span class='ocrx_word' id='word_1_883' title='bbox 1855 5716 2391 5787; x_wconf 88' lang='lat' dir='ltr'><strong>nuntiarunt,inquit,</strong></span> <span class='ocrx_word' id='word_1_884' title='bbox 2420 5733 2440 5766; x_wconf 72' lang='grc' dir='ltr'><em>α</em></span> <span class='ocrx_word' id='word_1_885' title='bbox 2471 5715 2767 5771; x_wconf 87' lang='lat' dir='ltr'><strong>Lavernam</strong></span> <span class='ocrx_word' id='word_1_886' title='bbox 2791 5716 2946 5774; x_wconf 90' lang='lat' dir='ltr'><strong>deam</strong></span> <span class='ocrx_word' id='word_1_887' title='bbox 2976 5730 3027 5776; x_wconf 91' lang='lat' dir='ltr'><strong>et</strong></span> <span class='ocrx_word' id='word_1_888' title='bbox 3057 5723 3341 5793; x_wconf 63' lang='lat' dir='ltr'><strong>praesidem</strong></span> <span class='ocrx_word' id='word_1_889' title='bbox 3363 5724 3454 5806; x_wconf 43' lang='lat' dir='ltr'><strong>fu-.</strong></span> 
     </span>
    </p>
   </div>
   <div class='ocr_carea' id='block_1_123' title="bbox 1855 5807 3447 5885">
    <p class='ocr_par' dir='ltr' id='par_1_123' title="bbox 1855 5807 3447 5885">
     <span class='ocr_line' id='line_1_124' title="bbox 1855 5807 3447 5885; baseline 0 -22"><span class='ocrx_word' id='word_1_890' title='bbox 1855 5823 1974 5864; x_wconf 90' lang='lat' dir='ltr'><strong>rum</strong></span> <span class='ocrx_word' id='word_1_891' title='bbox 2033 5828 2052 5860; x_wconf 82' lang='grc'><strong>›</strong></span> <span class='ocrx_word' id='word_1_892' title='bbox 2086 5807 2329 5880; x_wconf 69' lang='grc' dir='ltr'><strong>(Ανηοὸη</strong></span> <span class='ocrx_word' id='word_1_893' title='bbox 2357 5809 2446 5863; x_wconf 79' lang='lat' dir='ltr'><strong>lib.</strong></span> <span class='ocrx_word' id='word_1_894' title='bbox 2472 5823 2550 5874; x_wconf 85' lang='lat' dir='ltr'><strong>Ill,</strong></span> <span class='ocrx_word' id='word_1_895' title='bbox 2595 5825 2716 5882; x_wconf 87' lang='lat' dir='ltr'><strong>pag.</strong></span> <span class='ocrx_word' id='word_1_896' title='bbox 2759 5810 2887 5885; x_wconf 79' lang='grc'>115)</span> <span class='ocrx_word' id='word_1_897' title='bbox 2931 5827 2995 5871; x_wconf 87' lang='lat' dir='ltr'><strong>ac</strong></span> <span class='ocrx_word' id='word_1_898' title='bbox 3038 5813 3327 5885; x_wconf 89' lang='lat' dir='ltr'><strong>latronum,</strong></span> <span class='ocrx_word' id='word_1_899' title='bbox 3360 5829 3447 5875; x_wconf 87' lang='lat' dir='ltr'><strong>at-</strong></span> 
     </span>
    </p>
   </div>
   <div class='ocr_carea' id='block_1_124' title="bbox 1856 5899 3444 5975">
    <p class='ocr_par' dir='ltr' id='par_1_124' title="bbox 1856 5899 3444 5975">
     <span class='ocr_line' id='line_1_125' title="bbox 1856 5899 3444 5975; baseline 0.009 -15"><span class='ocrx_word' id='word_1_900' title='bbox 1856 5918 1964 5975; x_wconf 88' lang='lat' dir='ltr'><strong>que</strong></span> <span class='ocrx_word' id='word_1_901' title='bbox 1983 5917 2174 5963; x_wconf 84' lang='lat' dir='ltr'><strong>eorum</strong></span> <span class='ocrx_word' id='word_1_902' title='bbox 2202 5899 2454 5970; x_wconf 79' lang='lat' dir='ltr'><strong>maxime,</strong></span> <span class='ocrx_word' id='word_1_903' title='bbox 2477 5902 2931 5971; x_wconf 82' lang='lat' dir='ltr'><strong>quemadmodum</strong></span> <span class='ocrx_word' id='word_1_904' title='bbox 2959 5906 3028 5967; x_wconf 85' lang='lat' dir='ltr'><strong>ab</strong></span> <span class='ocrx_word' id='word_1_905' title='bbox 3050 5908 3170 5971; x_wconf 75' lang='lat' dir='ltr'><strong>aliis</strong></span> <span class='ocrx_word' id='word_1_906' title='bbox 3195 5911 3444 5975; x_wconf 62' lang='lat' dir='ltr'><strong>observas</strong></span> 
     </span>
    </p>
   </div>
  </div>
