3980 6292
557 350 657 407 551

1823 347 2281 410 ιιιδεειιτΑτιο
2316 351 2600 410 PIUEVIA

3753 363 3852 419 552

559 474 770 533 cantur,
811 464 877 522 de
901 465 1006 522 illis
1038 464 1178 522 infra
1217 464 1432 522 dicendi
1469 465 1620 524 locus
1648 465 1861 524 dabitur
1899 471 2137 543 (Arnob.,
2169 469 2221 535 Α
2317 474 2396 528 Ex
2422 471 2662 543 ejusdem
2691 469 2987 529 Clementis
3013 473 3361 531 Alexandrini
3405 475 3565 534 fonte
3590 477 3644 534 id
3681 479 3852 540 adhuc

561 562 651 618 lib.
675 578 752 627 ιιι,
783 579 900 633 pag.
931 560 1078 634 115).

1143 677 1370 737 CAPUT
1396 680 1534 737 XIV.

563 767 839 824 Excutitur
864 769 1010 825 aliud
1039 771 1249 827 Arnobii
1269 784 1449 828 contra
1469 775 1730 846 gentilium
1751 777 1872 830 deos
1892 791 2156 845 argumen-

684 874 811 932 tum,
846 883 908 920 ea:
934 883 1106 921 eorum
1124 869 1377 935 servitute,
1406 870 1636 936 vinculis,
1661 870 1976 940 vulneribus,
2003 879 2161 925 morte

645 975 707 1013 uc
722 959 969 1032 sepulcris
995 958 1336 1032 desumptum.

1088 1089 1385 1131 ARTICULUS
1422 1092 1634 1132 Ριιιιιυε.

564 1189 719 1249 Quam
743 1187 900 1254 valida
921 1189 987 1238 sit
1009 1186 1209 1238 Arnobii
1233 1189 1293 1237 ad
1316 1190 1663 1240 destruendam
1698 1191 1958 1254 gentilium
1982 1192 2047 1240 de
2069 1191 2162 1240 diis

625 1254 729 1326 suis
744 1253 1025 1326 opinionem
1050 1254 1433 1326 argumentatio,
1453 1256 1608 1326 petita
1630 1267 1692 1302 ex
1711 1256 1950 1326 servitute
1976 1253 2164 1326 Hercu-

627 1315 707 1373 lis,
735 1313 990 1378 Apollinis,
1015 1321 1067 1364 et
1083 1313 1314 1378 Neptuni.
1340 1313 1468 1364 foedo
1491 1316 1724 1366 Minerva:
1749 1317 2038 1375 ministerio,
2062 1315 2164 1364 Mu-

625 1391 790 1426 sarum
835 1377 1098 1441 famulatu,
1144 1377 1314 1426 Martis
1353 1391 1406 1441 ac
1439 1379 1635 1427 Saturni
1674 1379 1906 1438 vinculis,
1951 1387 2102 1441 atque
2136 1390 2165 1424 a

627 1453 786 1502 regno
803 1453 893 1502 suo
911 1439 1202 1502 expulsione
1223 1486 1235 1500 ,
1264 1453 1320 1489 ac
1344 1438 1564 1500 ejusdem
1591 1441 1772 1498 Martis,
1797 1438 2030 1499 Veneris,
2053 1440 2167 1490 Plu-

635 1501 782 1562 tonis,
805 1501 1029 1563 Junonis,
1056 1501 1307 1562 Minervae,
1334 1511 1387 1552 et
1406 1501 1635 1553 Herculis
1656 1504 1958 1554 vulneribus.

666 1632 805 1688 Deos
829 1645 979 1700 suos,
1008 1645 1234 1704 quorum
1275 1633 1551 1701 majestate
1599 1630 1730 1686 nihil
1769 1630 2048 1687 sublimius
2076 1645 2169 1686 ex-

569 1726 958 1797 cellentiusque
997 1725 1298 1796 exeogitari
1347 1725 1612 1790 debebat,
1644 1739 1712 1781 eo
1749 1741 1917 1795 usque
1965 1724 2168 1780 ethnici

570 1822 973 1894 deprimebant,
1006 1830 1065 1876 ut
1091 1837 1278 1876 eorum
1303 1821 1639 1888 servitutem,
1662 1820 1896 1887 vincula,
1919 1821 2165 1885 vulnera,

476 1925 478 1927 ’
570 1932 636 1972 ac
666 1927 897 1971 mortem
937 1915 1133 1985 ubique
1161 1915 1405 1984 miraque
1436 1914 1764 1984 impudentia
1811 1911 2171 1984 praedicarent

575 2025 640 2065 ac
668 2009 1028 2065 venditarent.
1054 2007 1138 2062 Ab
1177 2008 1244 2062 iis
1274 2009 1497 2073 etenim,
1525 2008 1601 2061 ait
1632 2007 1923 2073 Arnobius,
1961 2021 2170 2061 memo-

577 2102 672 2157 ria:
698 2101 968 2172 proditum
999 2100 1171 2155 iuerat
1215 2117 1229 2154 :
1277 2119 1296 2152 ι
1334 2100 1720 2156 Mercenariam
1761 2100 1894 2154 deos
1944 2100 2171 2154 servitu-

579 2204 687 2251 tem
709 2195 962 2261 servisse,
995 2204 1054 2249 ut
1079 2194 1363 2249 Herculem
1389 2193 1670 2260 Sardibus,
1700 2192 1900 2248 amoris
1929 2201 1985 2248 et
2015 2202 2172 2261 petu-

577 2288 756 2344 lantia:
782 2304 979 2354 causa;
1004 2297 1065 2342 ut
1092 2286 1322 2342 Admeto
1345 2287 1648 2358 Apollinem
1686 2287 1931 2352 Delium;
1967 2296 2025 2340 ut
2046 2285 2182 2341 Lao-

578 2381 821 2438 medonti
851 2381 1046 2437 Troico
1075 2379 1226 2436 Jovis
1270 2379 1529 2446 lratrem;
1581 2391 1637 2434 ut
1682 2379 1878 2446 eidem,
1918 2380 2012 2434 sed
2054 2396 2174 2435 cuin

581 2486 772 2546 patruo
816 2474 1102 2546 Pythium;
1145 2484 1201 2529 ut
1226 2473 1528 2545 conjugalia
1568 2483 1776 2528 secreta
1825 2472 2178 2528 miscentibus

581 2567 871 2623 Minervam
902 2568 1037 2622 lucis
1067 2567 1391 2633 ministram,
1437 2577 1492 2621 et
1529 2567 1874 2621 lucernarum
1923 2566 2178 2621 modera-

584 2661 796 2718 tricem.
819 2679 838 2713 ι
862 2660 1105 2733 (Arnob.,
1136 2660 1225 2716 lib.
1257 2677 1334 2726 tv,
1363 2678 1483 2732 pag.
1505 2657 1658 2732 144.}
1680 2659 1752 2716 At
1779 2660 1894 2715 haec
1921 2660 2011 2715 ille
2030 2674 2181 2716 more

581 2756 744 2811 solito
784 2755 1058 2828 decerpsit
1102 2771 1173 2810 ex
1204 2753 1487 2811 Clemente
1521 2754 1890 2811 Alexandrino
1924 2755 2183 2826 (Clemens

581 2849 889 2916 Alexandr.,
922 2849 1186 2904 Admonit.
1225 2848 1295 2902 ad
1327 2859 1488 2920 gent.,
1538 2866 1658 2920 pag.
1701 2848 1819 2920 ΞΩ),
1859 2849 1948 2919 qui
1991 2848 2181 2906 eodem

585 2953 908 3013 argumento
935 2951 1123 2998 contra
1145 2941 1392 2998 ethnicos
1411 2942 1650 3006 dimicat,
1671 2957 1844 3011 eaque
1871 2942 2050 2996 omnia
2078 2957 2184 2996 non

585 3034 780 3089 clarius
809 3033 1183 3089 tantummodo
1200 3043 1257 3088 et
1281 3035 1542 3104 apertius,
1573 3033 1668 3087 sed
1691 3033 1795 3088 alia
1822 3032 1985 3088 etiam
2011 3033 2184 3102 plura,

587 3143 707 3198 qua:
745 3128 1015 3182 Arnobius
1053 3126 1304 3182 consulto
1343 3125 1719 3196 praetermisit,
1770 3125 1914 3181 hunc
1952 3134 2106 3195 urget
2132 3125 2186 3179 in

586 3219 803 3274 modum
831 3237 844 3272 :
876 3220 1095 3282 Εἰκότως
1119 3216 1223 3292 ἄρα
1259 3219 1306 3273 οἱ
1352 3217 1536 3276 τοιοίδε
1571 3219 1713 3290 ὑμῶν
1739 3220 1859 3278 θεοί,
1884 3216 2052 3272 δοῦλοι
2080 3239 2185 3272 πα·
2213 3252 2260 3316 C

585 3315 678 3366 θῶν
703 3313 981 3387 γεγονότες,
1011 3312 1138 3368 ἀλλὰ
1161 3315 1250 3367 καὶ
1278 3313 1407 3386 πρὸς
1457 3319 1558 3367 τῶν
1594 3312 1822 3366 Εἱλώτων
1867 3311 2187 3382 καλουμένων

586 3415 685 3462 τῶν
734 3414 881 3480 παρά
928 3404 1366 3479 Λακεδαιμονίοις·
1407 3404 1629 3462 δούλειον
1675 3405 1972 3465 ὑπεισῆλθεν
2041 3406 2189 3478 ζυγὸν

584 3493 827 3556 Ἀπόλλων
851 3497 1082 3572 Ἀδμήτῳ
1118 3500 1170 3553 ἐν
1212 3506 1413 3574 Φεραῖς,
1441 3497 1686 3574 Ἡρακλῆς
1724 3499 1774 3551 έν
1811 3495 2050 3568 Σάρδεσιν
2070 3496 2190 3568 Ὀμ-

588 3595 734 3669 φάλῃ·
765 3591 1080 3666 Λαομέδοντι
1124 3591 1178 3647 δέ
1219 3593 1421 3651 ἐθήτευε
1476 3590 1746 3657 Ποσειδῶν,
1795 3591 2144 3647 καί’Λπὸλλων
2171 3630 2189 3657 ,

590 3689 822 3765 καθάπερ
844 3689 1061 3762 ἀχρεῖος
1089 3687 1316 3751 οἰκέτης,
1353 3684 1480 3757 μηδὲ
1518 3685 1802 3763 ἐλευθερίας
1830 3683 2074 3744 δήπουθεν
2101 3684 2190 3740 δυ-

589 3781 750 3839 νηθείς
782 3786 968 3850 τυχεῖν
992 3781 1140 3855 παρᾲ
1163 3783 1258 3834 τοῦ
1279 3779 1532 3854 προτέρου
1561 3776 1836 3833 δεσπότου’
1867 3778 1979 3832 τότε
2015 3781 2102 3832 καὶ
2127 3781 2194 3834 τά

588 3873 733 3929 Ἰλίου
767 3877 922 3946 τείχη
946 3873 1406 3947 ἁνῳκοδομησάτην
1431 3883 1505 3947 τῷ
1530 3877 1707 3951 Φρυγί.
1737 3871 1964 3950 Ὅμηρος
2005 3873 2060 3929 δὲ
2103 3880 2192 3939 τήν

595 3964 794 4026 Ἀθηνᾶν
823 3969 915 4021 οὐκ
955 3969 1268 4040 αἰσχύνεται
1294 3971 1628 4044 παραφαίνιιν
1652 3969 1806 4043 λέγων
1834 3967 2190 4043 τῷὈδυσσεῐ,

595 4065 824 4135 χρύσεον
851 4059 1043 4132 λύχνον
1080 4058 1314 4132 ἔχουσαν
1339 4063 1391 4115 έν
1420 4069 1630 4136 χερσῖν.
1647 4061 1784 4116 Sunt
1809 4077 1930 4132 ergo
1943 4064 2066 4134 jure
2087 4079 2195 4117 ves-

596 4153 663 4205 tri
683 4152 755 4205 dii
775 4150 924 4216 tales,
953 4153 1042 4223 qui
1069 4153 1197 4206 servi
1227 4152 1369 4223 {uere
1389 4154 1650 4219 vitiorum,
1673 4153 1798 4224 quin
1818 4155 1969 4208 etiam
1994 4171 2188 4220 eorum,

593 4249 680 4319 qui
701 4246 895 4303 Eilotes
922 4258 1165 4304 vocantur
1193 4265 1226 4302 a
1251 4247 1674 4313 Lacedaemoniis,
1698 4249 1880 4319 iugum
1908 4250 2088 4304 servile
2107 4267 2194 4304 su-

595 4337 685 4394 biit
703 4339 888 4412 Apollo
910 4340 1124 4396 Admeto
1153 4328 1362 4406 Pheris,
1387 4338 1630 4395 Hercules
1645 4339 1898 4396 Sardibus
1919 4341 2191 4414 Omphale,

595 4426 934 4488 Laomedonti
951 4443 1120 4488 autem
1145 4435 1245 4507 fuit
1257 4431 1601 4488 mercenarius
1617 4431 1892 4505 Neptunus
1918 4446 1964 4490 et
1981 4434 2192 4504 Apollo,

591 4527 723 4581 sicut
747 4542 921 4582 servus
943 4527 1161 4592 inutilis,
1190 4527 1279 4596 qui
1305 4543 1396 4582 nec
1417 4525 1696 4580 libertatem
1721 4529 1955 4596 consequi
1979 4529 2142 4600 potuit
2163 4546 2196 4582 a

2254 567 2432 622 hausit
2479 566 2783 634 Arnobius,
2835 566 2978 637 quod
3025 567 3093 622 de
3143 567 3310 624 Musis
3357 569 3566 626 ibidem
3619 573 3852 645 adjecit:

2260 677 2279 710 ι
2312 658 2578 728 Numquid
2600 675 2667 714 ex
2693 659 2849 715 nobis
2869 659 3140 732 Myrtillus
3173 670 3256 716 est
3285 673 3512 726 auctor,
3551 665 3646 736 qui
3671 665 3853 724 Macari

2257 751 2414 817 ﬁlias,
2447 750 2773 821 Megaclonis
2799 751 3084 808 ancillulas
3114 752 3396 822 proﬁtetur
3422 753 3598 811 fuisse
3618 756 3809 814 Musas.
3831 778 3851 812 ι

2259 844 2503 913 (Αιιιοὺ.,
2529 843 2620 897 lib.
2655 859 2725 908 tv,
2747 861 2866 916 pag.
2894 844 3045 916 145.)
3069 845 3150 900 Ex
3171 847 3361 903 eodem
3385 849 3592 922 quippe
3611 850 3852 923 Myrtillo,

2260 953 2356 992 seu
2403 938 2644 1010 Myrsillo
2693 938 2919 1004 Lesbio,
2975 950 3161 996 narrat
3213 941 3469 999 Clemens
3517 943 3698 1001 Musas
3744 964 3852 1004 cum

2261 1046 2434 1088 servae
2463 1043 2670 1100 essent,
2703 1051 2731 1088 a
2765 1034 3074 1104 Megaclone
3115 1035 3339 1092 Macaris
3365 1038 3691 1096 Lesbiorum
3728 1044 3856 1114 regis

2263 1125 2370 1180 ﬁlia
2421 1135 2650 1197 emptas,
2697 1143 2816 1197 quae
2861 1128 2967 1184 illis
3013 1139 3198 1200 postea
3239 1132 3527 1189 columnas
3567 1135 3857 1208 templaque

2265 1223 2583 1278 construxit.
2617 1221 2726 1278 Sed
2757 1222 2825 1278 de
2852 1223 2917 1279 iis
2943 1222 3141 1295 aliquid
3169 1225 3221 1280 in
3252 1227 3539 1297 superiore
3571 1229 3857 1301 Apparatus

2267 1314 2434 1369 nostri
2467 1323 2612 1368 torno
2656 1316 3072 1385 perstrinximus
3112 1315 3367 1390 (Clemens
3399 1321 3705 1389 Alexandr.,
3756 1325 3855 1378 Ad-

2265 1410 2446 1463 monit.
2471 1411 2540 1463 ad
2557 1420 2717 1481 gent.,
2767 1427 2888 1482 pag.
2915 1411 3013 1477 i9;
3048 1421 3171 1466 tom.
3200 1428 3216 1467 ι
3256 1412 3538 1484 Apparat.,
3571 1433 3691 1488 pag.
3718 1415 3855 1487 820).

2274 1520 2282 1572 λ
2323 1500 2595 1556 Servitute
2622 1501 2835 1557 duriora
2867 1502 3052 1573 procul
3077 1502 3244 1559 dubio
3270 1515 3401 1560 sunt
3421 1507 3660 1576 vincula,
3681 1509 3857 1579 quibus
3931 1509 3937 1524 '

2267 1593 2496 1664 gentiles
2547 1593 2680 1649 deos
2722 1609 2850 1650 suos
2905 1595 3277 1666 indignissime
3332 1599 3662 1656 constrictos
3707 1601 3858 1659 fuisse

2269 1686 2649 1756 cpinaliantur.
2683 1687 2822 1755 Quid
2868 1690 3014 1744 enim
3064 1705 3094 1744 a
3135 1689 3418 1747 divinitate
3448 1691 3661 1766 longius
3698 1695 3855 1762 abest,

2272 1794 2432 1849 quam
2464 1781 2606 1850 quod
2630 1780 2951 1848 iactitabant
2979 1800 2992 1838 :
3023 1801 3041 1835 ι
3073 1783 3350 1840 Parricidii
3378 1801 3566 1854 causa,
3604 1806 3623 1840 ι
3655 1788 3858 1844 Arnobii

2200 1868 2248 1928 B
2276 1871 2435 1926 verba
2463 1880 2592 1927 sunt
2619 1869 2836 1944 (Arnob.
2870 1873 2960 1928 lib.
2992 1889 3065 1940 tv,
3098 1891 3219 1948 pag.
3246 1874 3401 1948 M3),
3435 1896 3454 1931 ι
3492 1879 3726 1934 vinctum
3753 1895 3860 1936 esse

2273 1963 2596 2031 Saturnum,
2649 1973 2708 2020 et
2757 1964 2902 2020 ablui
2951 1965 3144 2022 diebus
3188 1970 3340 2024 statis
3395 1989 3416 2023 ι
3468 1971 3708 2042 (quidam
3747 1971 3860 2028 editi

2273 2056 2505 2123 codices,
2550 2058 2675 2121 suis.
2701 2057 2826 2113 cod.
2856 2073 2969 2130 reg.
3019 2060 3194 2134 tantis)
3227 2079 3248 2114 ι
3285 2062 3626 2121 vinculorum
3653 2082 3856 2137 compe-

2273 2147 2432 2203 dibus
2459 2159 2511 2204 et
2537 2149 2721 2214 levari,
2750 2171 2770 2204 ι
2804 2150 2944 2207 idem
2999 2154 3171 2211 codex
3206 2158 3410 2228 regius,
3445 2159 3652 2216 elevari.
3681 2160 3862 2216 Alludit

2281 2241 2520 2311 profecto
2562 2243 2832 2298 Arnobius
2858 2245 2924 2300 ad
2951 2261 3012 2301 ea
3039 2289 3053 2311 ,
3087 2263 3206 2319 qua:
3231 2248 3544 2308 Macrobius
3569 2270 3634 2309 ex
3660 2254 3862 2324 Apollo-

2277 2334 2411 2390 doro
2440 2336 2638 2391 clarius
2683 2337 2926 2408 exponit.
2956 2339 3038 2394 Ex
3067 2356 3132 2396 eo
3160 2342 3428 2413 siquidem
3453 2344 3620 2402 refert
3648 2365 3668 2400 ι
3699 2347 3862 2402 Satur-

2276 2443 2407 2484 num
2435 2430 2640 2500 alligari
2672 2446 2768 2502 per
2807 2447 3006 2489 annum
3050 2433 3195 2490 lineo
3241 2437 3495 2500 vinculo.
3547 2449 3602 2495 et
3637 2441 3763 2495 solvi
3801 2441 3856 2494 ad

2279 2521 2422 2578 diem
2466 2524 2567 2581 sibi
2607 2525 2837 2594 festum,
2885 2527 2934 2583 id
2963 2538 3080 2596 est,
3109 2546 3298 2588 mense
3330 2533 3630 2590 decembri.
3675 2553 3694 2587 ι
3729 2533 3858 2608 (Ma-

2281 2618 2443 2683 crob.,
2489 2617 2575 2673 lib.
2619 2635 2635 2674 ι
2677 2619 2974 2690 Saturnal.,
3006 2639 3124 2694 cap.
3157 2626 3224 2691 8,
3271 2644 3395 2701 pag.
3433 2629 3587 2701 209.)
3637 2634 3703 2685 At
3753 2627 3860 2684 inde

2282 2709 2441 2767 facile
2464 2712 2737 2784 colligitur
2766 2715 2818 2769 in
2867 2713 3094 2773 Arnobii
3139 2727 3310 2786 textu,
3354 2722 3457 2777 nisi
3504 2722 3775 2794 legendum
3800 2721 3860 2776 sit

2284 2805 2457 2860 diebus
2485 2806 2627 2876 festis
2653 2817 2871 2875 tantum,
2906 2809 2956 2864 id
2982 2810 3088 2866 alio
3117 2813 3302 2880 verbo,
3337 2813 3480 2872 idem
3525 2815 3858 2887 signiﬁcante,

2286 2900 2561 2955 traditum.
2595 2898 2705 2956 Cur
2749 2915 2930 2957 autem
2979 2903 3194 2975 Lipsius
3239 2908 3438 2979 corrigi
3488 2909 3731 2975 voluerit,
3770 2908 3860 2963 suis

2286 2992 2462 3048 diebus
2485 3004 2701 3060 tantunt,
2735 3011 2842 3050 non
2889 2996 3021 3051 satis
3060 2998 3432 3068 intelligimus.
3468 3000 3546 3058 De
3578 3000 3859 3056 memoratis

2287 3087 2518 3143 subinde
2556 3090 2624 3144 ab
2652 3101 2874 3146 auctore
2913 3099 3102 3147 nostro
3147 3092 3335 3150 Martis
3367 3095 3630 3162 vinculis,
3659 3096 3788 3167 lege,
3822 3091 3859 3148 si

2291 3180 2459 3247 lubet,
2491 3182 2806 3250 Homerum,
2831 3193 2886 3239 et
2910 3199 3030 3255 qua:
3060 3201 3089 3239 a
3117 3186 3271 3242 nobis
3300 3187 3354 3242 in
3386 3190 3488 3246 hac
3514 3188 3860 3246 dissertatione

2291 3283 2346 3330 et
2387 3275 2514 3331 alibi
2555 3286 2810 3335 annotata
2854 3277 3074 3334 luerunt
3116 3279 3320 3353 (Lips.,
3355 3281 3443 3338 lib.
3490 3283 3741 3354 nt,epist.
3771 3280 3857 3343 15,

2293 3378 2414 3423 tant.
2440 3385 2479 3435 ι,
2508 3387 2630 3442 pag.
2665 3371 2789 3438 180;
2831 3369 3072 3439 Homer.,
3107 3372 3295 3443 Iliad.,
3329 3393 3384 3443 v,
3430 3393 3556 3432 vers.
3599 3376 3732 3442 585,
3757 3391 3856 3443 sup.

2298 3476 2446 3532 cap.;
2471 3461 2690 3519 Dissert.
2717 3466 2771 3519 in
2801 3464 3024 3534 Μίνωα,
3054 3484 3172 3539 cap.
3206 3468 3295 3538 15,
3325 3482 3428 3527 art.
3456 3470 3534 3544 2).

2363 3557 2418 3613 Si
2449 3557 2524 3613 dii
2572 3558 2624 3613 in
2668 3561 2986 3617 servitutem
3030 3563 3236 3620 redacti
3283 3576 3433 3634 sunt,
3483 3576 3536 3623 et
3565 3565 3778 3637 conjecti
3814 3561 3859 3617 in

2292 3651 2529 3715 vincula,
2549 3652 2676 3723 quid
2699 3653 2874 3710 adhuc
2901 3668 3204 3727 supererat,
3226 3659 3421 3727 nisiut,
3446 3659 3676 3730 acceptis
3693 3657 3857 3728 plagis.

2295 3745 2462 3800 saucii
2511 3747 2886 3820 vulneratique
2925 3751 3281 3808 dicerentur?
3310 3757 3383 3811 At
3418 3766 3568 3812 certe
3606 3755 3656 3811 id
3685 3748 3860 3808 ethnici

2295 3839 2537 3909 repetitis
2565 3839 2764 3912 ubique
2793 3844 3140 3900 sermonibus
3181 3845 3601 3920 divulgaverunt
3629 3862 3642 3902 :
3675 3865 3692 3898 ι
3727 3843 3854 3900 Non-

2296 3951 2385 4000 ne,
2423 3956 2441 3988 ι
2479 3935 2622 3991 enim
2647 3977 2662 4001 ,
2685 3947 2741 3993 et
2761 3939 2832 3994 ita
2854 3939 3072 4011 quidem
3119 3940 3367 4000 ethnicos
3395 3945 3589 4001 affatur
3622 3937 3858 4000 Arnobius

2295 4025 2537 4100 (Arnob.,
2567 4029 2658 4086 lib.
2690 4047 2763 4093 tv.
2809 4051 2929 4106 pag.
2979 4035 3132 4106 144),
3169 4054 3188 4088 ι
3226 4036 3316 4093 ille
3355 4048 3536 4095 vester
3563 4045 3642 4094 est
3687 4034 3858 4095 Vates.

2295 4122 2385 4191 qui
2425 4121 2646 4178 Martem
2701 4123 2828 4180 fecit
2882 4137 2938 4182 et
2978 4127 3245 4186 Venerem
3293 4132 3600 4189 mortalium
3645 4125 3859 4186 manibus

2294 4215 2647 4272 vulneratos?
2673 4216 2792 4274 Non
2819 4235 2886 4275 ex
2918 4220 3068 4278 vobis
3095 4221 3383 4296 Panyassis
3411 4241 3549 4282 unus
3573 4231 3673 4289 est,
3700 4218 3779 4292 qui
3805 4213 3862 4270 ab

2294 4305 2526 4364 Hercule
2555 4309 2727 4367 Ditem
2759 4322 2966 4382 patrem
3015 4324 3069 4370 et
3109 4316 3347 4387 reginam
3393 4324 3656 4374 memorat
3680 4308 3861 4370 saucia-

2297 4409 2411 4455 tum
2448 4416 2569 4458 esse
2590 4401 2876 4459 Junonen?
2900 4404 3016 4462 Non
3045 4408 3340 4480 viraginem
3364 4411 3433 4468 ab
3453 4411 3653 4482 Ornyte
3667 4414 3857 4462 caesam,

2297 4503 2663 4565 cruentatam,
2723 4507 3013 4568 vexatam,
3067 4501 3379 4560 Polemonis
3427 4502 3594 4561 vestri
3654 4497 3860 4554 indicant

596 4622 756 4690 priori
787 4620 1015 4676 domino.
1051 4587 1215 4676 Tunc.
1235 4623 1387 4676 etiam
1422 4636 1595 4675 muros
1629 4619 1801 4692 Trojte
1838 4587 2038 4692 P'hry'gi
2078 4637 2190 4677 res-
2219 4644 2273 4706 D
2298 4589 3423 4706 ῗξξξξ-ῗῗῃΝθξῖξ).ξ-ίὲνίξίξίξθξξξίειίδθνίδ
3453 4600 3620 4706 ipf“?

597 4722 888 4769 taurarunt.
911 4713 1032 4770 Non
1055 4714 1208 4786 pudet
1223 4725 1392 4770 autem
1412 4713 1692 4770 Homerum
1715 4715 1884 4770 dicere
1906 4714 2194 4771 Minervam

602 4804 776 4878 Ulyssi
803 4806 1121 4874 prwluxisse,
1147 4823 1357 4863 aureum
1389 4807 1636 4880 lychnum
1659 4818 1907 4864 tenentem
1937 4809 1989 4864 in
2025 4811 2194 4864 mani-

599 4896 712 4952 bus.
743 4897 825 4954 Ab
843 4897 1126 4956 Clemente
1150 4911 1353 4964 autem,
1373 4901 1512 4958 sicut
1537 4911 1593 4958 et
1616 4903 1685 4959 ab
1709 4902 1951 4960 Arnobio
1978 4903 2096 4960 haec
2119 4903 2197 4959 ci-

598 5001 780 5048 tantur
823 4991 1041 5049 Homeri
1091 4995 1330 5051 carmina
1357 4993 1627 5068 (ﬂamen,
1676 4996 1890 5068 θάνοι,
1937 4998 2028 5055 lib.
2078 5015 2194 5070 xrx,

598 5105 729 5147 vers.
768 5087 838 5145 55
861 5098 908 5144 et
929 5087 1095 5161 seqq.)
1121 5107 1135 5145 :

791 5247 806 5258 .
872 5242 889 5256 .
957 5243 971 5258 .
1040 5242 1054 5258 .
1124 5244 1138 5259 .
1173 5220 1332 5274 παροιιι
1352 5216 1395 5261 δι
1415 5221 1563 5270 nam,
1585 5209 1704 5275 Δινςνη

787 5283 950 5334 Χρύσιον
971 5283 1100 5336 λυχνὸν
1122 5282 1258 5336 llo-Jan
1278 5287 1366 5337 φάος
1388 5287 1595 5337 neunt;
1621 5291 1744 5328 ικοὶιι.

1187 5355 1318 5406 Ante
1337 5361 1502 5405 autem
1529 5356 1686 5408 Pallas
1708 5358 1926 5410 Minerva

2298 4679 2583 4738 Herculem
2632 4685 2930 4741 cruciatum
2981 4688 3235 4746 retulisse
3283 4691 3624 4760 pronuntiat,
3667 4694 3717 4741 et
3746 4676 3857 4736 illa“

2296 4773 2531 4830 vulneris
2554 4783 2607 4830 et
2632 4774 2873 4832 doloris?
2907 4798 2926 4831 ι
2962 4775 3032 4835 Et
3061 4781 3178 4837 haec
3204 4798 3392 4839 rursus
3415 4782 3642 4839 delibata
3669 4782 3780 4832 sunt
3801 4783 3855 4825 ex

2297 4869 2380 4923 his
2409 4868 2702 4926 Clementis
2722 4871 3072 4930 Alexandrini
3093 4876 3270 4932 verbis
3297 4874 3548 4949 (Clemens
3577 4865 3852 4927 Alexandra

2298 4963 2548 5018 admonit.
2585 4963 2673 5018 ad.
2719 4975 2882 5036 gent.,
2916 4983 3038 5038 pag.
3067 4966 3200 5038 2'5):
3231 4977 3499 5047 Tempta;
3518 4965 3730 5040 ὀμηρος
3753 4954 3856 5047 μελαί

2301 5056 2526 5132 ἀκριϐῶς
2550 5053 2840 5134 ’Λφροδίτην
2864 5059 2951 5114 ἐπὶ
2971 5066 3046 5134 τῷ
3065 5063 3328 5137 τραύματι
3350 5061 3667 5136 παρεισάγων
3692 5052 3768 5114 ὀξύ
3787 5045 3855 5137 καί

2299 5153 2434 5226 μέγα
2462 5152 2742 5223 ἰάχουσανο
2772 5151 2919 5207 αὐτόν
2967 5173 3022 5207 τε
3076 5155 3163 5209 τὸν
3206 5155 3606 5228 πολεμικώτατον
3630 5145 3745 5220 "Apri
3771 5137 3852 5192 ὑπο

2299 5251 2392 5298 τοῦ
2423 5243 2704 5319 Διομήδους
2730 5247 2864 5301 κατὰ
2891 5252 2983 5301 τοῦ
3011 5255 3247 5310 κινεῶνος
3276 5247 3580 5320 οὐτασμένον
3618 5233 3852 5310 διηγοὺμν

2301 5355 2404 5396 νος.
2438 5335 2664 5408 Πολέμων
2685 5335 2739 5392 δὲ
2780 5341 2867 5394 καί
2892 5339 2975 5394 τὸν
3001 5337 3202 5398 Ἀθηνᾶν
3242 5341 3343 5396 ύπό
3371 5339 3602 5415 Ὀρνύτου
3639 5326 3852 5404 τρωθῆναί

693 5415 908 5470 Auream
924 5416 1172 5470 lucernam
1194 5425 1390 5477 tenens,
1411 5417 1580 5469 lumen
1601 5420 1945 5483 perpulchrum
1968 5423 2198 5479 faciebat.

909 5505 1155 5567 (Homer.,
1181 5502 1380 5568 Odyss,
1407 5500 1493 5560 lib.
1514 5517 1619 5566 xix,
1641 5516 1767 5556 vers.
1790 5506 1852 5556 35
1875 5512 1920 5556 et
1941 5509 2104 5575 seqq.)

677 5608 752 5664 De
779 5607 878 5665 hac
908 5625 1070 5681 porro
1098 5610 1329 5666 absurda
1378 5618 1433 5665 et
1460 5609 1684 5665 ridicula
1726 5609 1938 5667 illorum
1971 5614 2194 5670 deorum

601 5701 880 5769 servitute,
908 5705 1042 5759 satis
1062 5719 1090 5757 a
1129 5703 1285 5760 nobis
1311 5702 1438 5758 alibi
1470 5702 1802 5774 disputatum
1833 5713 1918 5761 est
1956 5704 2198 5768 (Dissert.

603 5792 658 5845 in
687 5792 906 5862 Minue,
933 5812 1050 5866 cap.
1105 5795 1194 5861 15,
1235 5804 1336 5850 art.
1368 5795 1425 5864 ’5,
1466 5804 1512 5849 et
1543 5795 1794 5866 Apparet.
1843 5805 1964 5853 tom.
2011 5815 2047 5867 ι,
2080 5817 2198 5873 pag.

613 5883 801 5957 1090).

2300 5427 2452 5502 λέγει,
2471 5433 2555 5486 ναὶ
2575 5436 2672 5503 μὴν
2696 5436 2784 5487 καί
2809 5439 2898 5492 τήν
2915 5431 3147 5490 Ἀιδωνέα
3170 5435 3272 5491 ὑπὸ
3290 5433 3581 5512 Ἡρακλέους
3601 5419 3852 5487 τοξευθῆναί

2299 5517 2523 5602 Ὀμηρος
2543 5524 2796 5597 λέγει,καὶ
2821 5522 2906 5581 τὸν
2933 5523 3124 5583 Ἕλειον
3150 5531 3342 5601 Αὐγέαν
3367 5527 3650 5582 Πανύασσις
3666 5516 3849 5608 ἱστορείξ

2299 5613 2397 5675 ἤδη
2426 5614 2481 5670 δὲ
2518 5621 2604 5672 καὶ
2628 5624 2718 5678 τήν
2745 5617 2902 5696 Ἥραν
2939 5626 3027 5680 τήν
3057 5623 3233 5695 ζυγίαν
3261 5619 3456 5698 ἷστορεῐ
3477 5617 3572 5672 ύπό
3600 5616 3681 5666 τοῦ
3722 5605 3850 5659 αὐτον

2304 5705 2605 5784 Ἡρακλέους
2634 5712 2660 5766 ὁ
2691 5713 2840 5774 αὐτὸς
2866 5710 3018 5774 οὗτος
3042 5717 3341 5776 Πανύασσις
3369 5715 3418 5768 ἓν
3439 5709 3574 5780 Πύλῳ
3602 5695 3846 5784 ἠμαθόδῗτὺ

2308 5801 2552 5862 Σωσίϐιος
2579 5800 2632 5857 δέ
2658 5808 2744 5858 καὶ
2789 5806 2870 5860 τὸν
2900 5803 3146 5881 Ἠρακλέα
3184 5810 3312 5886 πρὸς
3348 5812 3444 5861 τῶν
3469 5780 3850 5886 Ἱπποκοωντίδᾱίῖ

2312 5896 2444 5952 κατά
2488 5903 2580 5955 τῆς
2621 5897 2798 5972 χειρὸς
2835 5874 3139 5960 ούτασθῆναι
3179 5874 3328 5976 λέγει.
3359 5894 3596 5951 Homerus
3625 5874 3851 5949 manifesti
