3980 6290
164 347 220 402 55
1276 348 1283 369 ’
1333 341 1398 397 ΙΝ
1436 338 1810 409 ARNOBIUM,
1841 340 2003 399 CAP.
2047 339 2183 397 XIV.

3294 356 3398 412 554

127 463 233 516 satis
258 460 443 515 indicat
497 458 736 514 Venerem
781 466 991 529 propter
1021 458 1210 514 vulnus
1244 467 1403 512 acuta
1433 468 1489 512 et
1517 473 1702 526 magna
1728 458 1781 518 Α
1806 457 2128 528 interfectum
2153 470 2305 509 suum
2333 454 2501 524 ﬁlium
2533 438 2848 525 epulandum
2881 460 2929 513 ei
2954 473 3236 533 apponeret
3260 508 3275 531 ,
3317 469 3400 521 cui

128 572 227 609 voce
236 555 551 611 clamantem.
570 560 841 624 narretque
854 552 1294 607 bellicosissimam
1314 552 1365 606 Μ
1373 563 1530 607 artem
1546 554 1702 624 fuisse

125 662 151 697 α
178 643 405 698 Diomede
450 644 504 696 in
544 652 716 697 uentre
763 643 1072 696 sauciatam.
1106 639 1320 700 Polemo
1365 652 1535 695 autem
1573 640 1697 695 dicit

124 736 253 790 etiam
289 734 575 790 Minervam
620 735 781 803 fuisse
832 733 1149 789 vulneratam
1202 733 1264 786 ab
1297 731 1511 805 Ornyte.
1564 732 1699 799 Quin

125 831 250 885 etiam
276 827 547 883 Plutonem
563 828 725 901 fuisse
749 827 1065 882 vulneratum
1082 828 1145 880 ab
1174 825 1397 880 Hercule
1415 829 1568 898 refert
1593 824 1698 879 Ho-

125 939 281 986 merus,
307 923 437 977 sicut
476 921 537 974 de
570 919 698 975 Eleo
729 920 903 990 Augea
938 924 1095 993 refert
1135 917 1460 990 Pangassis;
1485 920 1570 992 qui
1600 918 1697 972 Ju-

123 1033 275 1071 nanetn
298 1032 498 1087 quoque
520 1014 841 1087 conjngalem
875 1012 1036 1084 fuisse
1062 1012 1383 1067 vulneratam
1423 1012 1485 1065 ab
1522 1010 1695 1066 eodem

126 1109 317 1164 Hercule
359 1109 414 1162 in
447 1106 585 1179 Pylo
628 1123 841 1162 arenosa
890 1109 1065 1175 refert.
1098 1104 1334 1161 Sozibius
1375 1090 1542 1158 autem
1572 1103 1696 1156 dicit

127 1204 254 1257 etiam
298 1200 573 1256 Herculem
599 1200 757 1271 fuisse
785 1199 839 1253 in
869 1216 1023 1253 manu
1057 1199 1338 1254 sauciatam
1385 1198 1447 1251 ab
1485 1194 1691 1266 Hippo-

125 1292 361 1350 countidis.
399 1291 566 1347 Vides
603 1306 733 1346 sane
770 1289 1043 1359 quomodo
1082 1290 1354 1343 Arnobius
1397 1285 1691 1341 Clementis

122 1384 437 1445 Alexandrini
494 1384 753 1452 fontibus,
804 1392 864 1439 ut
911 1384 1210 1450 Ciceronis,
1255 1383 1323 1438 de
1362 1382 1595 1450 Epicuro
1637 1389 1692 1435 et

124 1481 390 1537 Democrito
437 1478 727 1545 loquentis,
763 1477 941 1534 verbis
983 1487 1217 1544 utantur,
1275 1475 1521 1532 hortulos
1562 1488 1690 1528 suos

122 1577 388 1647 irrigaverit
415 1570 633 1647 (Cicer.,
669 1574 760 1627 tib.
790 1588 808 1627 t
845 1573 910 1627 de
954 1570 1146 1626 Natur.
1192 1570 1362 1637 deor.,
1405 1587 1524 1642 pag.
1556 1568 1685 1636 2l2,

128 1672 198 1725 lin.
223 1669 327 1742 M).
357 1668 701 1724 Manifestum
734 1668 827 1723 tibi
861 1684 1078 1740 quoque
1112 1682 1234 1723 esse
1259 1666 1420 1723 debet
1441 1667 1510 1721 ab
1539 1676 1687 1720 utro-

121 1782 201 1838 que
225 1766 316 1822 hac
337 1764 811 1837 argumentatione
856 1763 1047 1834 hisque
1086 1762 1349 1833 exemplis
1388 1761 1685 1816 evidentis-

1805 547 2046 620 Nyctimo
2078 565 2281 602 nomen.
2318 546 2521 602 anesis
2540 549 2810 613 Ovidium,
2842 551 3131 623 Hyginum,
3156 566 3213 610 et
3238 562 3272 610 Α
3287 559 3402 629 pol-

1802 644 2047 698 lodorum
2075 643 2141 697 de
2173 641 2276 697 hoc
2306 650 2361 697 et
2386 642 2509 713 aligs
2532 645 2799 713 exemplis
2832 646 3090 702 hactenus
3118 652 3402 708 recensitis

1800 733 2001 803 (0vid.,
2034 735 2124 787 lib.
2156 750 2175 789 ι
2206 733 2503 800 Metaurum,
2538 735 2643 804 fab.
2679 736 2732 802 7,
2764 754 2888 808 pag.
2922 736 2989 791 12
3017 749 3063 792 et
3090 739 3273 811 seqq)

1868 828 2005 895 Quid
2041 827 2255 882 tandem
2286 827 2429 882 aliud
2460 837 2743 897 supererat
2772 830 2835 882 ad
2874 831 3202 899 probandam
3236 844 3389 889 mor-

1800 922 1957 976 talem
1996 920 2145 976 Jovis
2184 921 2520 991 aliorumque
2564 921 2818 975 falsorum
2855 920 3077 978 deormn
3124 938 3397 989 naturam.

1799 1014 1898 1068 nisi
1928 1015 2149 1069 cuilibet.
2177 1014 2483 1084 patefacere
2509 1013 2710 1067 obitam
2758 1014 2825 1068 ab
2864 1015 2943 1069 eis
2975 1015 3209 1071 luunano
3249 1035 3399 1076 more

1798 1116 2053 1171 mortem,
2078 1121 2140 1161 ac
2164 1121 2352 1161 eorum
2386 1106 2581 1160 deinde
2613 1107 2976 1174 sepulturam,
3030 1111 3172 1165 unde
3208 1112 3392 1168 nullos

1795 1200 1862 1254 ad
1888 1201 2047 1254 vitam
2074 1209 2357 1255 revocatus
2387 1198 2688 1270 est?Atqni
2715 1241 2729 1263 ,
2778 1219 2797 1252 ι
2829 1201 2981 1268 Apud
3003 1201 3231 1256 insulam
3256 1201 3395 1259 Cre-

1797 1302 1925 1356 tam.
1962 1316 1980 1345 ›
2030 1294 2204 1365 inquit
2245 1294 2549 1359 Arnobius,
2611 1312 2630 1345 ι
2668 1295 2961 1361 sepultura;
3007 1313 3127 1351 esse
3173 1298 3397 1352 matula-

1792 1397 1905 1442 tum
1946 1388 2135 1443 Jovem
2184 1389 2335 1442 nobis
2374 1389 2576 1443 editum
2627 1388 2855 1442 traditur
2906 1392 3146 1454 (Arnob.
3189 1391 3282 1446 lib.
3306 1408 3390 1459 tv,

1792 1499 1911 1553 pag.
1935 1479 2085 1552 144).
2116 1500 2135 1533 ι
2182 1484 2226 1537 Α
2255 1498 2363 1554 quo
2394 1493 2573 1557 autem
2602 1482 2654 1537 id
2687 1483 2941 1538 traditum
2973 1487 3078 1554 sit,
3120 1487 3297 1545 disces
3325 1507 3395 1549 ex

1790 1573 2069 1631 Clemente
2092 1575 2481 1643 Alexandrino,
2514 1576 2668 1646 cujus
2691 1578 2916 1647 vestigia
2946 1577 3040 1634 ille
3063 1596 3247 1637 rursus
3276 1600 3397 1652 pro-

1787 1667 2051 1739 sequitur.
2102 1666 2237 1722 Nam
2287 1670 2403 1723 haec
2448 1668 2559 1735 ipsa
2588 1679 2711 1722 Sunt
2756 1685 2930 1739 grmca
2977 1672 3220 1739 ejusdem
3265 1671 3391 1731 Cle-

1789 1762 1984 1816 mentis
2032 1759 2195 1816 verba
2220 1758 2473 1829 (Clemens
2503 1759 2817 1825 Alexandra,
2844 1762 3108 1819 Admonit.
3128 1767 3196 1818 ad
3220 1777 3389 1855 gent.,

120 1859 230 1915 sime
269 1858 463 1916 coulici
517 1858 638 1914 illos
684 1872 783 1914 nec
828 1857 962 1912 deos
1005 1871 1148 1923 esse,
1177 1871 1277 1911 nec
1323 1855 1674 1920 immortales,

1797 1871 1902 1926 oag.
1930 1853 2061 1924 242)
2107 1871 2119 1907 :
2167 1859 2313 1914 Ζὴτει
2362 1876 2456 1910 σου
2502 1855 2585 1910 τὸν
2624 1856 2713 1908 Δία
2735 1895 2750 1920 ,
2781 1858 2850 1925 μή
2880 1855 2963 1910 τόν
2992 1844 3240 1932 οὐρανὸνξ
3269 1859 3395 1916 ἀλλά

119 1970 312 2025 quorum
342 1954 569 2011 vulnera
600 1968 699 2008 nec
720 1952 837 2008 sine
861 1952 1145 2024 sanguine,
1175 1962 1231 2007 et
1257 1950 1401 2022 quod
1429 1966 1495 2005 eo
1527 1950 1680 2019 pejus

117 2057 200 2115 est,
225 2048 364 2104 sanie
390 2057 447 2103 et
474 2047 826 2117 corruptione
852 2047 941 2102 vix
976 2060 1228 2115 umquam
1256 2059 1378 2101 esse
1407 2051 1678 2114 poterant,

121 2156 197 2196 nec
220 2139 328 2196 sine
366 2139 780 2197 medicamentis
824 2140 1023 2194 sanari.
1083 2138 1191 2194 Nos
1238 2149 1419 2194 autem
1468 2137 1537 2192 de
1586 2138 1681 2191 Inoo

119 2248 267 2291 rutnce
290 2234 514 2290 deorum
545 2232 859 2288 vulneribus
889 2232 1016 2287 alibi
1039 2231 1416 2313 disseruimus,
1450 2230 1519 2286 de
1543 2230 1680 2285 Mir-

118 2324 186 2391 tis,
223 2326 416 2382 scilicet
465 2334 524 2381 et
555 2324 780 2381 Veneris
812 2325 979 2396 plagis
1031 2326 1083 2379 in
1115 2326 1381 2395 superiori
1426 2324 1681 2380 disserta-

120 2419 234 2474 tione
253 2438 265 2471 :
284 2419 347 2475 de
372 2419 611 2476 Minerva
641 2436 767 2474 vero
803 2428 859 2473 et
892 2419 1120 2475 llercule
1142 2419 1399 2475 saueialis
1426 2421 1476 2475 in
1506 2421 1680 2487 primo

119 2510 381 2582 Apparatus
409 2513 583 2568 nostri
615 2523 761 2568 tomo
816 2512 1056 2584 (Dissert.
1082 2530 1281 2583 super.,
1309 2531 1425 2585 cap.
1459 2514 1549 2581 15,
1573 2523 1674 2569 art.

119 2604 167 2669 5,
191 2614 344 2661 tom.t
389 2606 679 2677 Apparat.,
712 2623 832 2678 pag.
879 2605 985 2661 762
1013 2617 1060 2660 et
1091 2604 1242 2677 816).
1286 2606 1461 2662 Citata
1498 2617 1677 2663 autem

1782 1953 1870 2006 τήν
1914 1958 2004 2021 γῆν
2055 1947 2497 2024 πολυπραγμόνει’
2528 1946 2553 2001 ὁ
2576 1950 2709 2022 κρῆς
2735 1967 2818 2001 σοι
2843 1944 3170 2021 διηγήσεται,
3198 1950 3323 2027 παρ’

1782 2045 1867 2097 καὶ
1894 2043 2161 2109 τέθαπται,
2193 2041 2521 2113 Καλλίμαχος
2548 2042 2597 2095 ἐν
2632 2039 2832 2111 ὕμνοις·

1972 2240 1984 2251 .
2059 2244 2067 2253 .
2138 2239 2149 2250 .
2219 2240 2229 2250 .
2268 2217 2340 2254 Καὶ
2373 2217 2439 2268 γὰρ
2460 2217 2589 2267 τάξον,
2609 2212 2637 2253 ἐ»
2661 2212 2746 2262 ἄνα,
2770 2221 2848 2255 σεῖο

1971 2284 2107 2327 κοῆτις
2148 2279 2397 2327 ἰτιιιτήναντο.

1782 2398 1913 2465 Qum
1940 2397 2161 2452 Latinus
2198 2398 2469 2467 interpres
2511 2398 2589 2451 sic
2632 2397 2907 2455 reddidit:
2956 2419 2973 2451 ι
3009 2399 3200 2466 Quaere
3229 2407 3380 2455 tuum

1779 2489 2004 2555 Jovem,
2061 2507 2128 2545 ne
2158 2490 2419 2544 scrutcris
2446 2500 2643 2545 emtum
2666 2533 2680 2554 ,
2735 2488 2833 2545 sed
2870 2499 3093 2545 terram.
3134 2491 3392 2547 Narrabit

1783 2584 1878 2638 tibi
1911 2583 2190 2639 Cretensis
2246 2583 2387 2650 apud
2417 2599 2575 2654 quem
2610 2592 2695 2639 est
2727 2583 2993 2654 sepultus,
3025 2581 3391 2641 Callimachus

119 2663 306 2754 llomeri
344 2698 412 2755 de
438 2663 678 2754 'J'unone'
712 2663 803 2753 vet“
828 2698 1056 2753 Plutone
1104 2663 1345 2754 carmina
1391 2699 1445 2754 in
1495 2699 1681 2765 quiiuta
1724 2740 1739 2755 .
1783 2663 1835 2730 i"
1862 2676 2116 2747 Ιηήιηίδε

119 2787 230 2846 illius
246 2792 404 2849 Iliade
425 2795 673 2849 invenies
700 2791 964 2865 (ﬂamen,
992 2790 1153 2847 Iliad.
1187 2808 1240 2859 v,
1270 2809 1398 2847 vers.
1425 2791 1582 2864 357).

172 2886 234 2941 Ex
267 2886 453 2943 eodem
496 2887 778 2943 Clemente
824 2886 1195 2942 Alexandrino
1247 2902 1309 2943 ea
1354 2886 1535 2942 adhuc
1579 2901 1677 2943 ex-

126 2991 274 3051 cerpta
297 2994 420 3038 sunt
446 2999 572 3054 quae
598 2983 866 3039 Arnobius
896 2983 963 3040 de
991 2983 1231 3039 Vulcano
1250 2982 1444 3039 claudo
1468 2990 1524 3037 et
1549 2981 1679 3037 Ais-

121 3075 292 3147 eulapio
337 3077 581 3134 fulminis
639 3079 742 3134 ictu
792 3093 1051 3148 percusso
1084 3078 1287 3133 retulit.
1338 3078 1413 3132 De
1454 3087 1680 3146 utroque

126 3177 270 3226 autem
314 3171 439 3227 alibi
494 3181 678 3226 actum
730 3185 759 3225 a
813 3171 969 3227 nobis
1021 3170 1121 3225 fuit
1158 3170 1376 3236 (Arnob.
1404 3213 1419 3234 ,
1466 3169 1557 3224 lib.
1599 3184 1670 3237 tv,

124 3279 215 3334 pag.
249 3265 372 3332 MS;
410 3276 539 3321 tom.
573 3282 590 3322 ι
620 3266 910 3336 Apparat.,
943 3283 1063 3337 pag.
1099 3266 1236 3335 755,
1284 3274 1332 3319 et
1377 3264 1582 3320 dissert.
1626 3263 1681 3318 in

124 3356 303 3429 ilium,
336 3377 452 3431 cap.
491 3360 582 3427 15,
615 3368 715 3415 art.
747 3358 850 3415 Set
873 3359 970 3432 5).

686 3538 977 3578 Αιιτιοιῐιυε
1015 3539 1077 3579 ll.

126 3658 334 3718 Quomodo
355 3662 487 3714 idem
515 3662 753 3728 probetur
777 3660 1022 3724 exemplis
1055 3660 1192 3728 lovis
1209 3701 1223 3723 ,
1251 3665 1333 3726 qui
1372 3663 1566 3713 nescius
1597 3661 1687 3728 hu-

171 3736 313 3775 manas
332 3723 761 3782 carnes'comedit.
785 3723 939 3786 atque
961 3738 1024 3772 ex
1051 3723 1183 3774 illius
1207 3723 1385 3785 morte,
1424 3731 1478 3774 et
1516 3725 1685 3786 sepul-

173 3794 277 3851 tura,
305 3790 500 3851 fratrum
525 3787 809 3851 Castoriset
835 3786 1063 3851 Pollucis.
1084 3786 1278 3851 Saturni
1299 3822 1314 3843 .
1336 3801 1392 3837 ac
1412 3786 1542 3851 Tyrii
1564 3787 1687 3837 Her-

172 3849 274 3900 culis
291 3850 551 3914 sepulcris,
576 3859 725 3913 atque
747 3849 984 3899 Thebano
1002 3848 1219 3900 Hercule
1241 3850 1357 3913 igne
1380 3848 1685 3915 consumpto.

182 3994 449 4069 Corporeis
490 3997 807 4054 vulneribus
837 3997 991 4068 pejor
1019 3996 1372 4067 proculdubio
1412 3998 1686 4054 censenda

130 4098 192 4144 est
224 4095 405 4150 mentis
432 4094 815 4160 imbecillitas,
845 4102 898 4147 et
931 4094 1254 4163 ignorantia.
1287 4093 1449 4163 Atqui
1475 4094 1527 4147 in
1553 4092 1687 4150 Jove

132 4188 249 4238 tanta
298 4202 476 4242 rerum
521 4184 788 4257 ignoratio
816 4193 1073 4255 tantaque
1102 4182 1169 4238 ad
1211 4200 1334 4239 eum
1377 4184 1686 4241 circumve-

133 4273 347 4333 niendum
384 4278 485 4334 fuit
510 4276 779 4344 facilius;
826 4285 881 4332 ut
904 4320 918 4345 ,
951 4276 1404 4347 quemadmodum
1434 4278 1689 4335 observat

135 4364 386 4439 Arnobius,
413 4371 708 4427 «invitatus
733 4369 800 4425 ad
824 4371 912 4439 jus
928 4385 1149 4434 mensaa,
1175 4385 1270 4439 pro
1284 4370 1460 4426 suillis
1477 4372 1690 4427 visceri-

134 4458 213 4517 bus
227 4465 419 4533 prolem
441 4464 659 4521 nescius
682 4463 1018 4537 Lycaonyam
1051 4465 1433 4534 pransitaverit
1449 4465 1688 4535 (Arnob.,

116 4551 204 4609 lib.
221 4573 285 4623 tv,
303 4576 420 4631 pag.
445 4557 595 4630 143).
631 4578 650 4610 ι
679 4557 784 4614 Sed
812 4558 925 4612 haec
942 4556 1033 4613 ille
1056 4573 1207 4614 more
1218 4574 1316 4612 suo
1330 4574 1393 4613 ex
1411 4556 1688 4616 Clemente

138 4645 463 4707 Alemndrino
487 4658 731 4721 accepta.
760 4649 975 4705 brevius
1004 4651 1207 4705 retulit.
1236 4651 1292 4705 In
1311 4651 1488 4721 hujus,
1516 4652 1683 4707 enim~

139 4752 238 4796 vero
256 4745 315 4801 ad
337 4755 527 4818 gentes
557 4745 940 4801 Admonitione
961 4744 1150 4800 isthmc
1166 4746 1363 4802 litteris
1382 4748 1693 4818 consignata

140 4830 330 4903 legionis
344 4838 600 4911 (Clemens
613 4838 925 4903 Alexandr.,
946 4838 1213 4894 Admonit.
1232 4839 1302 4893 ad
1323 4850 1483 4911 gent.,
1503 4858 1555 4911 p.
1575 4840 1690 4910 23):

141 4931 351 4989 Μιτέλαϐε
387 4933 441 4990 δὲ
488 4938 573 4989 καὶ
602 4936 860 5008 τραπέζης
889 4936 1202 5010 ἀνθρωπίνης
1226 4938 1372 5010 παρὰ
1399 4943 1506 4999 τοῖς
1534 4939 1691 4991 Αἰθίο-

142 5018 223 5090 tiri.
249 5029 581 5108 ἀπανθρώπου
612 5026 667 5083 δὲ
696 5030 780 5084 καὶ
807 5029 1054 5101 ἀθέσμου,
1104 5028 1258 5089 αὐτὸς
1298 5027 1324 5082 ὁ
1376 5031 1519 5091 Ζεὺς.
1548 5031 1694 5101 παρά

144 5119 327 5173 Λυκάονι
366 5128 440 5194 τῷ
460 5116 666 5195 Ἀρκάδι
692 5120 1015 5193 ἑστιώμενος,
1069 5119 1385 5195 ἀνθρωπείων
1432 5125 1552 5191 γοῦν
1600 5120 1698 5174 ἕνε-

145 5215 306 5278 φορεῑτο
334 5218 560 5288 σαρκῶν,
608 5213 715 5283 οὐχ
744 5210 888 5266 ἑκών·
924 5217 1088 5286 ἠγνοεί
1108 5212 1207 5285 ’γὰρ
1250 5210 1276 5266 ὁ
1313 5212 1439 5271 θεὸς.
1481 5213 1549 5273 ὡς·
1594 5207 1698 5288 ἄρα

148 5303 322 5356 Λυκάων
348 5303 374 5359 ὁ
399 5302 602 5381 Ἀρκὰς.
632 5303 658 5359 ὁ
705 5304 957 5380 ἑστιάτωρ
1002 5306 1185 5365 αὐτοῦ,
1221 5306 1305 5359 τὸν
1342 5301 1505 5359 παῖδα
1551 5327 1708 5361 κατα-

149 5391 309 5463 σφάξας
327 5398 409 5453 τὸν
435 5399 616 5461 αὐτοῦ,
646 5398 900 5471 Νύκτιμος
927 5392 1085 5470 ὄνομα
1110 5398 1556 5473 αὐτοῦ,παραθείη
1583 5395 1707 5471 ὄψον

150 5488 207 5553 τῷ
227 5488 308 5541 Διὶ.
358 5486 475 5542 Fuit
505 5500 673 5543 autent
713 5489 953 5543 humanae
980 5506 1176 5560 quoque
1217 5505 1405 5545 mensa:
1448 5491 1705 5563 particeps

151 5576 264 5640 apud
290 5576 557 5650 Etltiopes
574 5624 589 5648 ,
633 5590 739 5634 tum
763 5579 1060 5635 inhumana:
1084 5590 1129 5635 et
1156 5584 1371 5653 nefaria:
1394 5624 1409 5647 ,
1441 5599 1556 5637 cum
1582 5600 1707 5638 con-

154 5662 257 5720 vivio
281 5685 310 5722 a
334 5669 562 5743 Lgcaone
598 5673 799 5728 Arcade
836 5674 1153 5743 exciperetur
1185 5675 1295 5746 ipse
1329 5672 1567 5745 Jupiter;
1604 5678 1705 5729 Itu-

2347 2852 2369 2879 tt
2392 2834 2662 2886 Cretenses
2685 2846 2897 2896 namque
2916 2832 3194 2898 sepulcrum

1879 2896 2219 2979 Construxere
2244 2904 2397 2947 tuum.
2423 2913 2445 2941 ιο

1856 3041 1965 3098 Sed
1999 3057 2027 3094 a
2059 3041 2214 3097 nobis
2242 3042 2352 3112 jam
2383 3042 2729 3097 observatum
2757 3051 3023 3113 estquam
3054 3042 3389 3114 meritojure

1781 3135 2051 3191 Arnobius
2088 3144 2293 3201 noster,
2318 3152 2382 3191 ac
2405 3151 2506 3205 qua
2545 3136 2771 3190 aliorum
2811 3136 3025 3191 testium
3068 3138 3389 3193 auctoritate

1708 3229 1754 3293 C
1787 3228 1916 3284 illud
1978 3227 2212 3284 ethnicis
2267 3228 2676 3298 exprobraverit
2727 3227 2985 3298 (Disserl.
3037 3230 3091 3283 in
3140 3228 3337 3285 Minue.
3366 3272 3382 3298 ,

1787 3337 1905 3392 cap.
1941 3321 2029 3385 14,
2061 3330 2161 3375 art.
2194 3320 2275 3393 5).

1860 3413 2012 3469 Fecit
2045 3412 2222 3469 adhuc
2264 3413 2355 3469 ille
2394 3415 2685 3469 verborum
2717 3414 2957 3485 ejusdem
2997 3414 3294 3471 Clementis
3319 3416 3390 3473 de

1788 3507 1911 3563 aliis
1935 3507 2042 3562 diis
2072 3507 2454 3578 compendium
2484 3549 2498 3570 ,
2531 3508 2619 3563 ubi
2647 3510 2728 3563 vel
2763 3511 3021 3566 memoria
3046 3511 3226 3581 lapsus
3250 3552 3265 3575 ,
3297 3520 3392 3566 aut

1788 3612 1968 3658 textus
1993 3603 2109 3674 ejus
2148 3602 2475 3674 depravatus
2509 3604 2744 3658 videtur.
2789 3604 2914 3659 Huic
2951 3605 3095 3659 enim
3138 3604 3229 3660 ille
3252 3606 3389 3660 scri-

1787 3697 1865 3753 bit
1894 3696 2132 3768 (Aruob.,
2164 3697 2253 3751 lib.
2281 3713 2357 3762 tv,
2382 3714 2499 3769 pag.
2535 3697 2683 3769 ΜΔ).
2745 3718 2762 3748 ι
2798 3699 2854 3753 In
2903 3699 3170 3768 Spartanis
3207 3708 3261 3755 et
3309 3699 3390 3753 la-

1786 3790 2136 3847 cedaemoniis
2185 3790 2418 3857 ﬁnibus,
2458 3792 2715 3862 usupple
2774 3793 3069 3860 mnnquid,
3128 3813 3147 3845 ι
3187 3809 3285 3848 nos
3307 3792 3393 3848 di-

1787 3883 1958 3938 eimus
1981 3882 2247 3947 conditos,
2275 3881 2328 3936 in
2357 3881 2510 3937 cunis
2539 3883 2762 3937 coalitos
2796 3883 3022 3946 fratres,
3057 3904 3075 3935 ι
3113 3883 3392 3939 Castorem

1788 3976 1995 4033 scilicet
2031 3992 2095 4034 ac
2134 3974 2455 4031 Pollucem?
2500 3994 2518 4026 ι
2547 3976 2743 4031 Noster
2801 3976 2888 4033 ille
2924 3990 3006 4033 est
3043 3988 3268 4042 auctor,
3302 3979 3395 4048 qui

1788 4073 2066 4128 Patrocles
2122 4072 2357 4127 Thurios
2406 4073 2730 4142 scriptorum
2776 4073 2829 4126 in
2880 4073 3047 4127 titulis
3093 4072 3393 4140 indicatur,

1788 4166 1881 4238 qui
1937 4166 2174 4222 tumulos
2215 4176 2511 4231 memorat,
2574 4166 2939 4236 reliquiasque
2967 4166 3246 4223 Saturnios
3292 4165 3394 4221 tel-

1788 4259 1907 4315 lure
1956 4260 2009 4314 in
2077 4258 2253 4315 Sicula
2313 4258 2630 4314 contineri?
2693 4258 3025 4313 Cba-roneus
3081 4262 3207 4329 (ms.
3276 4256 3395 4312 cod.

1788 4368 1896 4422 reg.
1944 4350 2330 4422 Hieronymus)
2380 4348 2703 4404 Plutarchus
2752 4358 3056 4403 nostrarum
3100 4364 3221 4404 esse
3275 4363 3399 4417 par-

1791 4446 1920 4501 tium
1960 4446 2365 4517 comprobatur,
2404 4444 2494 4515 qui
2548 4445 2600 4498 in
2632 4442 2821 4499 {Euris
2854 4441 3146 4497 verticibus
3198 4441 3399 4498 Hercu-

1793 4538 1897 4593 lem
1948 4550 2066 4607 post
2096 4537 2408 4597 morborum
2459 4535 2810 4590 comitialimn
2855 4537 3036 4588 ruinas
3078 4533 3396 4588 dissolutum

1796 4629 1848 4685 in
1870 4630 2107 4686 cinerem
2153 4626 2423 4699 prodidit?
2452 4646 2470 4677 ι
2516 4626 2767 4681 Clemens
2814 4640 2944 4681 vero
2999 4623 3399 4681 Alexandrinus

1798 4722 2069 4794 (Clemens
2099 4719 2379 4775 Alexandr.
2408 4761 2423 4784 ,
2481 4718 2742 4773 Admonit.
2799 4718 2865 4771 ad
2919 4727 3077 4790 gent.,
3113 4733 3231 4787 pag.
3266 4713 3398 4785 18):

1793 4817 2067 4892 Φιλόχορος
2115 4812 2261 4869 δὶα..
2333 4812 2514 4886 Κρόνον
2582 4802 2862 4868 ἐπικεῖσθαι
2927 4811 2977 4866 ἐν
3033 4810 3223 4885 Σικελίᾳ
3250 4850 3264 4874 ,
3314 4810 3405 4864 καὶ

1796 4910 2011 4963 ἐνθαῦτα
2055 4907 2205 4961 αὐτὸν
2246 4906 2504 4977 τετὰφθαι.
2534 4904 2826 4980 Πατροκλῆς
2872 4923 2927 4959 τε
2968 4901 2993 4957 ὁ
3037 4903 3283 4977 Θούριος.
3318 4901 3407 4955 καὶ

1798 5001 2040 5077 Σοφοκλῆς
2087 4997 2112 5055 ὁ
2160 5001 2401 5073 νεώτερος
2448 4999 2503 5055 ἐν
2548 5000 2689 5073 τρισὶ
2750 4995 3059 5073 τραγωδίαις
3128 4995 3407 5069 ἱστόρειτον

1800 5103 1905 5151 τοῖν
1931 5095 2259 5166 Διοσκούροιν
2324 5095 2458 5159 (ms.
2513 5106 2620 5161 reg.
2671 5089 2949 5163 ἱστόρειτον
2992 5091 3064 5144 τώ
3113 5085 3406 5157 Διοσκούρώ

1801 5190 1965 5263 πςρί)·
1996 5185 2260 5263 ’Λνθρὼπω
2298 5187 2399 5241 τινὶ
2430 5185 2597 5240 τούτω
2642 5185 2713 5238 τὼ
2750 5182 3039 5254 Διοσκούρω
3060 5178 3291 5252 γενέσθην
3320 5214 3334 5240 ,
3364 5170 3415 5229 εἴ

1808 5302 1884 5352 τῳ
1906 5279 2073 5339 ἱκανὸς
2110 5278 2479 5334 πιστώσασθαι
2521 5272 2749 5349 Ὀμηρος
2774 5272 2832 5327 τὸ
2860 5270 3148 5344 λελεγμένον
3177 5283 3191 5320 :

1999 5453 2011 5464 .
2081 5450 2092 5462 .
2161 5445 2175 5460 ι
2248 5449 2260 5460 .
2296 5424 2389 5469 τοὺς
2411 5419 2448 5462 δ’
2468 5418 2541 5471 ἤδη
2568 5422 2716 5470 κάτιχιν
2737 5414 2909 5467 φυσίζοος
2931 5408 3022 5457 αἶα.

1996 5479 2045 5528 ἐν
2066 5483 2308 5537 Auximum".
2328 5480 2425 5533 αὖθι,
2448 5485 2531 5537 plin
2554 5485 2603 5521 ινι
2625 5475 2795 5531 aspidm,
2818 5479 2915 5528 τιὶῃ.

2633 5551 2799 5613 (Hom.
2827 5544 2964 5597 Iliad.
2986 5542 3129 5607 iit,’v.
3151 5540 3289 5605 245.)

1810 5667 2153 5725 Philochorus
2183 5676 2350 5721 autent
2393 5662 2653 5716 dicit......
2699 5655 2987 5711 Saturnum
3011 5652 3163 5707 situm
3209 5665 3317 5705 esse
3360 5648 3419 5703 in

1808 5762 2014 5830 Sicilia,
2051 5771 2098 5816 et
2128 5777 2241 5815 eum
2261 5758 2365 5812 illic
2379 5754 2539 5827 fuisse
2557 5749 2831 5822 sepultum.
2861 5743 3126 5799 Patrocles
3153 5741 3386 5798 Titurius
3404 5782 3423 5806 .

1808 5868 1853 5913 et
1875 5858 2047 5927 iunior
2069 5851 2346 5925 Sophocles
2372 5846 2598 5903 scribunt
2640 5844 2703 5901 de
2728 5841 2937 5899 Castore
2962 5847 3009 5893 et
3068 5835 3286 5894 Polluce
3339 5847 3426 5890 eos

2853 5932 2930 5998 18

151 5761 291 5814 manis
322 5764 503 5835 quippe
537 5765 777 5821 carnibus
818 5775 962 5820 satur
996 5765 1204 5821 inritus.
1262 5765 1529 5823 Nesciebat
1570 5767 1705 5822 enim

154 5845 279 5920 deus,
303 5855 431 5922 quod
453 5856 656 5930 Lycaon
685 5857 867 5920 Arcas.
899 5856 988 5925 qui
1007 5858 1237 5913 convivio
1261 5858 1543 5930 excipiebat
1563 5875 1699 5929 eum,

750 5947 1026 6014 ΡΑτιιοι.
1075 5951 1132 6012 V
