3980 6304
527 372 635 431 555

1781 341 2235 410 DISSERTATIO
2273 336 2558 399 PREV‘H

3718 326 3828 388 556

529 483 758 539 homines
803 480 960 550 fuisse
992 475 1141 531 morti
1189 473 1407 544 fatisque
1444 468 1710 525 obnoxios.
1761 466 1909 533 Quod
1957 469 2001 518 si
2026 462 2140 521 cui.

2252 458 2296 511 ἂν
2316 456 2469 511 αὐτὸν
2496 457 2631 526 σφᾶς
2647 451 2915 531 Ἡρακλέα,
2940 447 2993 505 ὃν
3008 448 3095 506 καὶ
3115 448 3316 526 Τύριοι,
3340 447 3584 504 σέϐεσθαι
3602 444 3828 521 ὕστερον

532 579 688 648 possit
734 573 886 644 ﬁdem
920 574 1088 643 facere
1132 566 1390 622 Homerus
1427 563 1670 618 audiatur
1704 560 1838 631 quod
1877 558 2124 627 scriptum

531 679 603 726 εει
630 686 649 723 .'

682 759 784 809 Hos
808 764 971 808 autem
986 762 1085 820 jam
1104 749 1630 820 tenebat_arnia_tellns

682 823 739 871 In
765 814 1118 871 Lacedaemone
1144 818 1243 867 illic
1263 815 1443 867 dilecta
1466 815 1516 864 in
1542 814 1694 881 patria
1718 819 1869 860 terra.

532 929 669 985 Tum
693 928 891 984 deinde
917 935 1278 995 narratquem
1310 922 1669 991 Hieronymus
1693 912 2048 988 philosophus
2069 919 2125 967 et

438 1002 446 1018 ’
531 1020 875 1077 Dicaearchus
910 1019 1148 1074 dixerint
1180 1016 1347 1071 fuisse
1372 1014 1618 1082 corporis
1640 1012 1857 1079 orisque
1876 1006 2123 1062 Herculis

525 1116 789 1180 habitum,
812 1126 877 1166 ac
902 1113 1243 1167 continenter
1268 1106 1453 1176 adjicit
1476 1104 1685 1178 (Clem,
1731 1101 1884 1170 ibid.)
1918 1118 1930 1153 :
1961 1097 2123 1158 Οὗτος

528 1204 613 1264 οὖν
643 1208 669 1262 ὁ
695 1206 961 1283 Ἡρακλῆς,
988 1204 1081 1260 δύο
1106 1205 1233 1279 πρὸς
1257 1210 1363 1262 τοῖς
1392 1204 1706 1258 πεντήκοντα
1736 1195 1822 1254 ἔτη
1865 1195 2125 1267 βεϐιωκὼς

525 1299 842 1377 κατέστρεψε
889 1300 972 1353 τὸν
1029 1298 1157 1369 βίον,
1201 1294 1286 1351 διὰ
1313 1304 1404 1355 τῆς
1432 1296 1483 1347 ἐν
1512 1291 1636 1363 Οἴτῃ
1663 1295 1836 1364 πυρᾶς
1885 1285 2125 1345 κεκηδευ-

525 1397 694 1468 μένος.
761 1390 862 1446 Hic
904 1406 1022 1462 ergo
1066 1388 1313 1443 Hercules
1350 1404 1464 1441 cum
1502 1384 1631 1438 duos
1676 1393 1723 1436 et
1755 1381 2126 1452 quinquaginta

524 1506 688 1544 annos
709 1489 940 1553 vixisset,
970 1505 998 1540 ε
1021 1488 1125 1540 vita
1156 1485 1365 1540 excessit
1396 1500 1484 1551 per
1503 1498 1635 1543 eam,
1661 1494 1775 1550 qua:
1796 1478 1892 1549 {uit
1918 1477 1971 1531 iu
1997 1475 2126 1529 Oeta

525 1598 707 1653 pyram
724 1581 882 1651 justis
910 1579 989 1633 illi
1014 1579 1163 1649 factis
1193 1577 1414 1645 exequiis
1466 1574 1572 1630 Sed
1603 1582 1767 1627 testes
1789 1585 1918 1625 suos
1948 1568 2020 1624 ibi
2046 1569 2126 1623 ci—

437 1751 442 1759 .
526 1679 690 1733 tando
717 1678 1029 1747 discrepare
1052 1678 1120 1732 ab
1143 1676 1386 1732 Arnobio
1413 1685 1604 1729 nostro
1628 1689 1734 1728 non
1761 1686 1949 1742 parum
1972 1668 2123 1721 vide-

526 1784 634 1827 tur.
678 1771 969 1827 Saturnum
997 1771 1140 1826 enim
1191 1771 1243 1824 in
1273 1762 1455 1824 Sicilia
1496 1767 1783 1837 sepultura:
1813 1762 2124 1819 mandatum

2224 548 2279 604 δὲ
2306 547 2402 608 ἤδη
2428 548 2701 606 τελοῦντας
2731 546 2782 605 ἐς
2802 542 3062 605 Ἕλληνας.
3107 545 3318 614 νομίσαι
3344 543 3431 596 καὶ
3457 538 3692 615 Ἠρακλεῖ
3734 544 3830 594 τοῦ

2224 637 2593 715 Ἀμφιτρύωνος
2628 639 2793 709 νέμειν
2813 630 2988 707 τιμάς.
3024 632 3252 689 Narrant
3274 642 3454 689 autem
3482 631 3608 687 dum
3636 629 3834 699 Tyrio-

2228 747 2346 787 rum
2378 728 2634 785 seeundae
2664 742 3049 799 prospereque
3078 740 3168 782 res
3190 735 3406 790 essent,
3436 724 3713 779 coloniam
3742 722 3833 777 cui

2228 822 2513 878 Herculem
2535 819 2757 891 Tyrium
2788 818 3163 888 praefecerant,
3196 817 3415 871 missam
3441 815 3513 870 ab
3537 814 3643 869 illis
3660 814 3834 868 fuisse

2227 917 2280 970 in
2311 914 2645 983 Hispaniam,
2680 910 2770 967 ubi
2802 912 3017 966 tandem
3044 910 3162 979 ipse
3190 908 3449 964 Hercules
3470 917 3716 961 mortuus
3747 921 3835 961 se-

2228 1008 2515 1079 pultusque
2542 1006 2663 1060 l‘uit.
2695 1003 2893 1060 Scribit
2916 1018 3047 1057 vero
3071 1002 3206 1057 Mela
3231 1003 3288 1057 in
3310 1000 3574 1057 Gaditana
3604 997 3791 1054 insula
3816 1016 3831 1051 :

2234 1123 2251 1156 ι
2287 1104 2570 1173 Templum
2620 1099 2857 1172 Egyptii
2914 1098 3198 1165 Herculis,
3251 1094 3661 1160 conditoribus,
3707 1092 3838 1148 reli-

2226 1196 2387 1267 gione
2411 1236 2426 1262 ,
2478 1202 2751 1248 vetustate
2771 1230 2787 1257 ,
2824 1190 3018 1259 opibus
3049 1189 3257 1244 illustre
3279 1230 3296 1255 ,
3327 1187 3475 1259 Tyrii
3505 1184 3829 1242 condidere.

2228 1291 2335 1344 Cur
2363 1298 2608 1343 sanctum
2640 1286 2710 1341 sit
2734 1326 2749 1352 ,
2782 1298 2911 1339 ossa
2939 1283 3055 1352 ejus
3084 1282 3158 1338 ibi
3190 1282 3296 1337 sita
3317 1322 3334 1351 ,
3361 1280 3603 1336 efﬁciunt
3642 1278 3834 1353 (Mela,

2228 1380 2318 1436 lib.
2343 1395 2421 1446 ιιι,
2451 1396 2566 1445 cap.
2596 1378 2677 1448 6).
2704 1396 2723 1428 ι
2778 1375 2887 1430 Sed
2933 1375 3005 1430 ibi
3052 1374 3186 1429 Mela
3232 1372 3302 1428 ab
3328 1361 3556 1427 Arriano
3577 1413 3594 1438 ,
3633 1382 3689 1426 et
3714 1370 3841 1425 aliis

2229 1474 2432 1528 idcirco
2461 1471 2756 1541 castigatur
2776 1507 2792 1535 ,
2819 1466 2962 1539 quod
2991 1466 3280 1521 Herculem
3308 1464 3621 1536 Egyptium
3650 1472 3708 1519 et
3732 1462 3839 1535 Ty-

2228 1570 2409 1633 rium,
2458 1582 2595 1636 quos
2637 1563 2830 1619 Cicero
2868 1561 3069 1632 aliique
3097 1560 3469 1630 distinguunt,
3502 1565 3842 1629 praepostere

2227 1658 2533 1714 confuderit
2555 1655 2815 1727 (Arrium,
2847 1655 2937 1716 lib,
2963 1669 3001 1708 ιι
3027 1652 3091 1707 de
3109 1650 3315 1723 Emped.
3339 1649 3514 1716 Alea,
3539 1665 3658 1722 pag.
3680 1646 3841 1718 125).

2231 1753 2308 1807 De
2334 1752 2497 1823 Tyrio
2525 1758 2747 1816 autem,
2785 1747 2877 1818 qui
2919 1746 2973 1802 in
3022 1745 3277 1817 Hispania
3328 1745 3643 1811 colebatur,
3691 1758 3843 1813 pra:-

524 1866 689 1921 t'uissc
718 1866 910 1935 probat
954 1863 1218 1917 Patroclis
1242 1863 1460 1926 Thurii,
1501 1836 1755 1916 Clemens
1786 1873 1914 1913 vero
1944 1856 2125 1912 Philo-

2252 1861 2310 1900 er
2335 1845 2446 1915 jam
2494 1842 2744 1898 laudatos
2795 1840 3123 1896 Pausaniam
3163 1847 3220 1895 et
3260 1838 3547 1893 Arrianum
3571 1878 3587 1904 ,
3632 1836 3846 1907 poteris

525 1957 677 2012 chori
731 1956 1059 2011 testimonio.
1111 1955 1382 2010 Arnobius
1425 1963 1685 2023 praeterea
1728 1951 1950 2015 nullius,
1995 1950 2122 2003 Cle-

526 2064 682 2104 mens
708 2058 885 2102 autem
916 2049 1075 2103 trium
1106 2048 1369 2103 Patroclis
1396 2048 1620 2113 Thurii,
1649 2046 1885 2117 junioris
1911 2042 2124 2114 Sopho-

526 2142 665 2208 clis,
714 2150 768 2197 et
813 2141 1033 2196 Homeri
1085 2144 1413 2197 auctoritate
1454 2139 1691 2195 ostendit
1739 2137 2020 2193 Castorem
2064 2153 2127 2193 ac

528 2237 802 2292 Pollucem
842 2238 1108 2291 obnoxios
1162 2237 1323 2290 morti
1365 2236 1531 2289 fuisse
1574 2234 1842 2301 homines,
1883 2241 1937 2289 et
1961 2232 2129 2287 Lace-

526 2329 772 2384 daemone
814 2330 1073 2398 sepultos.
1128 2330 1367 2399 Denique
1415 2328 1669 2386 Clemens
1706 2328 1927 2382 formam
1981 2326 2131 2381 habi-

530 2429 749 2492 tumque
788 2421 1036 2476 Herculis
1064 2463 1079 2486 ,
1135 2430 1296 2491 atque
1344 2423 1417 2475 uti
1446 2421 1678 2484 videtur,
1711 2420 1900 2473 mortis
1920 2433 2125 2488 genus,

526 2515 976 2585 quen'iadmodum
1008 2514 1372 2585 Hieronymus
1398 2511 1754 2584 philOSOpilUS
1774 2552 1788 2577 ,
1815 2518 1869 2566 et
1900 2511 2132 2565 Dicaear-

526 2610 663 2662 chus
684 2609 940 2673 retulere,
974 2608 1245 2662 Arnobius
1275 2622 1405 2659 vero
1430 2649 1445 2673 ,
1479 2607 1617 2659 sicut
1642 2604 1979 2668 waroncus,
2018 2604 2133 2658 sive

528 2701 603 2754 uti
654 2702 707 2755 in
742 2700 928 2756 codice
955 2701 1107 2770 regio
1148 2700 1408 2770 scriptum
1474 2700 1728 2764 diximus,
1790 2696 2133 2768 Hieronymus

528 2792 864 2848 Plutarchus.

598 2885 801 2943 Verum
835 2905 940 2943 non
971 2898 1117 2943 tanta
1152 2890 1295 2943 inter
1322 2887 1458 2941 duos
1485 2896 1701 2940 nostros
1730 2886 2027 2957 scriptores
2049 2892 2137 2938 est

528 2984 829 3049 dissensio,
880 2984 924 3037 si
956 2984 1227 3039 Arnobius
1256 2983 1459 3036 nullum
1492 2981 1783 3052 sepulturae
1813 2978 2052 3034 Castoris
2081 2986 2137 3033 et

528 3074 769 3131 Pollucis
802 3083 1022 3140 testem,
1067 3075 1254 3145 plures
1282 3089 1414 3129 vero
1450 3073 1706 3129 Clemens
1746 3082 1907 3143 atque
1944 3073 1995 3126 in
2029 3072 2136 3141 pri—

528 3169 632 3223 mis
661 3167 951 3224 Homerum
993 3168 1257 3223 citaverit.
1311 3166 1417 3222 Sed
1461 3167 1655 3221 mirum
1704 3167 1933 3219 fortasse
1976 3163 2136 3218 alicui

2225 1940 2289 2007 Q.
2317 1938 2559 1995 Curtium
2590 1953 2654 1993 ac
2686 1937 2935 1991 Vossiuni
2961 1935 3250 1991 consulere
3279 1933 3511 2004 (Arrian.
3534 1973 3549 1997 ,
3574 1932 3673 1985 loc.
3705 1931 3800 1984 cit.
3822 1945 3847 1994 ;

2230 2035 2294 2100 ρ.
2325 2031 2497 2099 Cum,
2527 2032 2616 2086 lib.
2646 2045 2754 2093 vn;
2789 2028 2957 2095 νοω..
2986 2028 3077 2084 lib.
3107 2044 3120 2081 I
3154 2027 3218 2081 de
3240 2024 3388 2097 Orig.
3414 2034 3462 2080 et
3495 2022 3657 2093 Prog.
3680 2023 3847 2093 idol.,

2227 2143 2345 2197 cap.
2374 2125 2467 2191 54,
2496 2140 2619 2194 pag.
2644 2123 2743 2177 lSi
2771 2130 2819 2175 et
2842 2118 3030 2191 seqq.).

2300 2218 2592 2273 Thebanus
2622 2231 2783 2286 porro
2807 2214 3088 2277 Hercules,
3116 2214 3216 2269 etsi
3237 2212 3386 2269 Jovis
3408 2222 3470 2268 et
3499 2211 3847 2277 Alcumenae,

2232 2318 2292 2364 ut
2317 2325 2346 2363 ο
2376 2309 2534 2365 nobis
2561 2318 2715 2363 antea
2742 2307 3087 2362 observatum
3116 2314 3201 2361 est
3241 2303 3485 2375 (Dium.
3524 2305 3581 2358 in
3608 2302 3847 2370 Ninum,

2239 2421 2356 2473 cap.
2383 2403 2472 2468 lii,
2493 2411 2594 2455 art.
2621 2402 2699 2469 ὅ),
2718 2400 2984 2456 adulterio
3000 2406 3179 2464 natus,
3201 2396 3608 2468 Amphitryonis
3631 2405 3847 2461 tamen,

2236 2496 2516 2559 Thebani,
2565 2500 2623 2548 et
2650 2493 2891 2562 ejusdem
2922 2491 3237 2546 Alcumeme
3266 2488 3470 2555 mariti,
3504 2489 3645 2543 illius
3675 2487 3854 2543 babe-

2234 2590 2423 2655 batur,
2464 2598 2627 2658 atque
2655 2585 2858 2640 idcirco
2885 2585 3191 2654 appellatur
3219 2582 3530 2639 Thebanus.
3571 2580 3682 2635 Cur
3712 2594 3855 2636 vero

2235 2698 2298 2736 ac
2324 2679 2593 2751 quomodo
2620 2679 2691 2734 in‘
2714 2676 2884 2733 Oeteo
2913 2688 3097 2732 monte
3125 2679 3279 2732 vivus
3307 2675 3623 2731 combustus
3654 2670 3854 2738 fuerit,

2235 2775 2363 2829 alibi
2394 2774 2556 2829 etiam
2586 2771 2998 2841 explicavimus.
3047 2769 3121 2825 At
3141 2768 3269 2823 inde
3292 2768 3639 2837 eXplanatum
3665 2764 3859 2820 adhuc

2238 2866 2488 2932 habebis,
2517 2864 2662 2936 quod
2692 2878 2879 2919 rursus
2904 2872 3092 2918 auctor
3121 2872 3306 2917 noster
3328 2860 3488 2930 paulo
3524 2868 3645 2928 post
3670 2857 3805 2911 dixit
3836 2874 3857 2911 :

2245 2980 2262 3012 ι
2303 2958 2491 3014 Proles
2536 2958 2723 3024 Jovis,
2795 2954 3083 3025 Sophoclis
3122 2952 3177 3008 in
3203 2951 3539 3019 Trachiniis,
3584 2950 3861 3007 Hercules

2230 3051 2478 3122 pestiferi
2525 3049 2774 3121 tegminis
2833 3047 3238 3104 circumretitus
3284 3046 3577 3116 indagine,
3620 3044 3863 3100 misera-

2240 3146 2377 3200 biles
2428 3144 2595 3200 edere
2648 3140 2921 3196 inducitur
2987 3139 3268 3210 ejulatus,
3332 3137 3589 3193 violentia
3639 3136 3865 3192 doloris

528 3263 797 3319 videbitur
823 3279 921 3318 cur
958 3263 1162 3319 nullam
1203 3264 1532 3317 mentionem
1577 3262 1767 3316 fecerit
1798 3260 1956 3330 hujus
1996 3274 2136 3330 grtc-
2163 3243 2209 3305 (ἶ
2241 3236 2413 3307 ira"?
2437 3277 2452 3304 ι
2494 3247 2657 3305 atque
2693 3236 2747 3289 ί¹¹
2787 3235 3030 3288 “nimam
3062 3232 3238 3288 tabem
3266 3230 3632 3330 ἀίωυξεηιίωυ
3664 3229 3864 3285 Visce"

530 3372 717 3411 eorum
761 3366 1044 3428 poetarum
1085 3349 1345 3425 principis
1375 3396 1389 3418 ,
1433 3355 1522 3422 qui
1581 3369 1685 3407 non
1718 3353 1894 3406 solum
1941 3366 1970 3406 a
2010 3352 2135 3405 Cle-

530 3458 738 3512 mente,
764 3448 859 3503 sed
888 3449 1051 3503 etiam
1076 3462 1105 3500 a
1132 3445 1398 3501 Cicerone
1424 3445 1672 3499 laudatur
1697 3445 1782 3500 his
1806 3444 2140 3514 tmidemquc

530 3543 751 3598 verbis:
789 3561 807 3593 ι
838 3541 1005 3607 Quos,
1035 3557 1053 3591 ι
1084 3538 1363 3593 Castorem
1391 3547 1447 3593 et
1469 3538 1766 3602 Pollucem,
1800 3557 1819 3589 ι
1848 3536 2135 3601 Homerus,

535 3639 625 3710 qui
647 3651 840 3692 recens
868 3636 937 3690 ab
981 3634 1196 3689 illorum
1229 3643 1387 3687 aetate
1417 3632 1536 3693 fuit,
1580 3632 1823 3701 sepultus
1850 3645 1972 3685 esse
2014 3630 2143 3684 dicit

532 3733 928 3792 Lacedaemone
958 3729 1086 3803 (Cic.
1109 3772 1123 3795 ,
1156 3727 1249 3782 lib.
1278 3743 1332 3781 ιιι
1356 3726 1417 3780 de
1443 3724 1635 3780 Natur.
1657 3725 1801 3780 deor.
1827 3768 1840 3791 ,
1863 3742 1982 3795 pag.
2012 3724 2140 3805 241,

540 3830 635 3884 lin.
667 3827 780 3899 50).
809 3846 827 3879 ι
862 3825 1075 3895 δινρὶιιξ
1100 3824 1243 3879 enim
1278 3822 1553 3877 Arnobius
1594 3821 1787 3876 horum
1821 3821 2140 3891 scriptorum

538 3922 768 3991 vestigia
799 3919 1016 3990 premit.

618 4014 820 4070 Verum
868 4014 920 4067 in
962 4012 1063 4066 hoc
1093 4012 1264 4081 magis
1305 4026 1333 4064 a
1366 4008 1644 4065 Clemente
1679 4006 1962 4074 dissentit,
2004 4005 2144 4075 quod

539 4108 759 4164 Saturni
803 4104 1131 4175 sepultorum
1186 4102 1481 4164 Patroclis,
1537 4100 1793 4155 Clemens
1836 4098 2145 4153 Philochori

546 4201 858 4258 testimonio
902 4198 1210 4253 conﬁrmat.
1290 4196 1541 4251 Diversos
1591 4196 1871 4250 enimvero
1895 4195 2057 4250 vades
2103 4196 2147 4250 si

544 4295 675 4350 dare
702 4295 1025 4358 noluerunt,
1068 4290 1210 4355 vide,
1245 4304 1449 4359 quaeso,
1500 4298 1675 4342 utrum
1717 4287 1990 4343 Arnobius
2029 4304 2147 4342 me-

546 4388 715 4443 moria
746 4386 928 4456 lapsus
957 4386 1048 4450 sit,
1080 4392 1171 4437 aut
1194 4398 1349 4438 error
1379 4382 1429 4436 in
1466 4382 1669 4435 librarii
1702 4381 2042 4436 oscitantiam
2068 4382 2150 4436 vel

546 4472 882 4536 inscientiam
932 4477 1085 4549 rejici
1138 4471 1352 4532 debeat.
1407 4476 1474 4529 At
1513 4483 1661 4530 certe
1706 4473 1823 4529 haec
1870 4477 2151 4530 oscitantia

547 4574 719 4645 magis
763 4580 912 4643 patet
956 4572 1007 4625 in
1038 4570 1322 4640 descriptis
1360 4568 1671 4623 nominibus
1710 4566 2018 4623 Cltwroneus
2065 4570 2181 4637 vel

2177 4626 2231 4692 Β
2256 4658 2400 4707 rum,
2434 4641 2556 4697 hinc
2585 4642 2860 4697 concludit
2900 4643 3088 4697 abillo
3126 4653 3289 4699 totam
3330 4646 3540 4714 penitus
3587 4646 3704 4700 tolli
3733 4649 3874 4705 reli-

551 4666 896 4738 Hieronymus
925 4664 1250 4718 Plut/carens.
1284 4663 1341 4717 Si
1370 4662 1511 4717 enim
1544 4662 1815 4717 Arnobius
1837 4662 1931 4722 ibi.
1963 4679 2148 4732 quem-

551 4760 838 4815 admddum
887 4758 1015 4813 alibi
1073 4758 1405 4813 Clementem
1472 4756 1755 4826 sequitur,
1803 4756 2147 4811 scribendum

555 4860 673 4907 erat
700 4849 1055 4922 Hieronymus
1078 4851 1431 4920 philosophus,
1463 4850 1550 4918 qui
1582 4847 1865 4905 Herculem
1891 4850 1946 4904 in
1971 4857 2154 4905 monte

558 4941 688 4999 Oeta
717 4958 775 4997 se
804 4943 982 4996 vivum
1010 4941 1376 4997 eombussisse
1406 4941 1662 5012 prodidit.

626 5038 893 5094 Caeterum
948 5035 1019 5092 de
1072 5038 1228 5106 hujus
1294 5046 1351 5093 et
1418 5040 1644 5093 alterius
1678 5036 1937 5093 Herculis
1984 5047 2159 5096 morte

477 5187 483 5197 κ
560 5143 745 5188 auctor
776 5140 956 5186 noster
981 5131 1152 5200 primo
1177 5146 1275 5185 suo
1302 5133 1354 5183 in
1386 5130 1521 5185 libro
1544 5132 1787 5186 dixerat:
1827 5151 1845 5183 ι
1867 5130 2158 5188 Thebanus

561 5234 655 5279 aut
682 5222 877 5294 Tyrius
902 5218 1161 5277 Hercules
1182 5264 1195 5285 ,
1243 5222 1331 5277 hic
1380 5224 1430 5278 in
1474 5224 1667 5280 finibus
1694 5224 1933 5294 sepultus
1960 5225 2155 5295 Hispa-

563 5320 687 5382 niae,
712 5317 941 5372 llammis
963 5316 1099 5371 alter
1116 5317 1684 5374 concrematusOeteis
1708 5338 1725 5369 ι
1754 5318 1992 5391 (Arnob.,
2012 5318 2095 5373 lib.
2117 5336 2152 5386 ι,

566 5430 683 5485 pag.
726 5412 839 5481 20).
900 5411 1055 5466 Prior
1095 5420 1272 5466 autem
1328 5413 1416 5466 ille
1454 5413 1710 5467 Hercules
1755 5412 1882 5476 luit,
1936 5413 2005 5468 de
2049 5429 2157 5483 quo

567 5503 858 5557 Pausanias
898 5504 1012 5558 hzcc
1052 5503 1245 5558 litteris
1275 5505 1610 5573 consignavit
1651 5503 1944 5577 (Pansam,
1985 5505 2072 5558 lib.
2098 5521 2152 5570 ν,

573 5614 690 5667 pag.
726 5592 850 5666 175)
885 5616 898 5651 :
944 5598 1005 5650 Et
1033 5594 1193 5651 Tltasi
1219 5598 1417 5666 quidem
1449 5599 1618 5651 audivi
1645 5596 1859 5667 Tyrium
1882 5615 1988 5651 esse
2018 5598 2152 5651 Her~

572 5690 728 5743 cutem
752 5732 765 5755 ,
793 5707 937 5758 quem
966 5690 1147 5745 Thasii
1177 5691 1239 5743 ab
1266 5692 1412 5744 initio
1433 5700 1596 5745 essent
1627 5692 1848 5743 uenerati
1872 5709 1884 5744 :
1915 5692 2003 5744 sed
2024 5693 2157 5744 enim

578 5800 690 5835 cum
726 5801 777 5837 sc
809 5786 887 5838 illi
916 5783 1107 5838 Cra‘cis
1133 5783 1486 5852 adjunxissent
1508 5826 1522 5851 ,
1552 5794 1741 5851 caeptos
1766 5784 1828 5836 ab
1860 5785 1923 5838 iis
1950 5783 2161 5853 Amphi-

584 5875 773 5943 tryonis
802 5876 947 5928 ctiam
977 5877 1083 5944 ﬁlio
1111 5877 1323 5929 honores
1356 5879 1546 5930 haberi.
1596 5873 1826 5933 ’Ἤκουσα
1850 5876 1903 5933 δὲ
1932 5880 1981 5933 ἐν
2008 5880 2165 5951 Θάσῳ

2239 3348 2356 3386 rum
2389 3330 2751 3384 maceratione
2777 3328 3022 3382 consumi
3048 3347 3068 3379 ›
3102 3326 3341 3398 (Arnob.,
3376 3324 3562 3394 lib.tv,
3588 3342 3711 3396 pag.
3743 3325 3855 3384 151

2239 3435 2285 3476 et
2313 3420 2499 3493 seqq.).
2546 3422 2701 3475 Prius
2746 3436 2876 3475 vero
2904 3420 3125 3485 Cicero,
3188 3431 3243 3474 et
3287 3421 3484 3475 clarius
3529 3438 3543 3473 :
3597 3438 3616 3471 ι
3653 3418 3864 3475 Videa-

2242 3531 2363 3569 mus
2386 3557 2401 3581 ,
2438 3533 2456 3566 ι
2512 3515 2726 3584 inquit,
2777 3532 2795 3565 ‹
2829 3513 3110 3568 Herculem
3134 3514 3307 3584 ipsum
3337 3554 3353 3581 ,
3401 3514 3491 3586 qui
3524 3525 3636 3568 tum
3663 3513 3865 3570 dolore

2243 3608 2612 3678 frangebatur,
2641 3623 2762 3662 eum
2792 3607 3250 3661 immortalitatem
3284 3608 3395 3679 ipsa
3428 3614 3606 3661 morte
3636 3622 3865 3675 quaere-

2242 3702 2352 3757 bat.
2405 3701 2550 3769 Quas
2599 3701 2685 3756 hic
2723 3716 2886 3756 voces
2930 3701 3073 3769 apud
3102 3698 3425 3770 Sophoclem
3459 3700 3513 3754 in
3542 3698 3865 3756 Trachiniis

2246 3797 2394 3852 edit?
2434 3795 2678 3850 Cuicum
2733 3795 2979 3865 Dejanira
3005 3794 3284 3865 isanguiue
3328 3792 3582 3848 Centauri
3625 3793 3864 3850 tinctam

2249 3889 2483 3944 tunicam
2512 3890 2813 3954 induisset,
2859 3889 3267 3958 inlnnsissetque
3297 3903 3359 3941 ea
3394 3887 3693 3944 visceribus
3719 3930 3736 3953 ,
3780 3890 3867 3944 ait

2246 3982 2344 4038 ille
2371 3984 2448 4037 :0
2471 3982 2664 4050 multa,
2688 3991 2793 4037 etc.
2824 4000 2842 4032 ι
2877 3979 3091 4054 (Cicer.,
3119 3981 3209 4035 lib.
3242 3997 3282 4035 ιι
3308 3979 3545 4048 Tuscul.,
3571 3998 3692 4052 pag.
3726 3981 3864 4051 158,

2248 4079 2340 4132 lin.
2384 4077 2499 4150 4%).
2549 4078 2879 4149 Transcripti
2917 4093 3045 4134 vero
3086 4077 3372 4148 Sophoclis
3419 4092 3609 4133 versus
3644 4079 3706 4133 in
3752 4094 3821 4135 ea
3845 4125 3864 4150 ,

2247 4188 2406 4242 quam
2437 4173 2556 4239 ille,
2588 4174 2717 4228 citat
2745 4172 3005 4242 tragtndia
3058 4188 3116 4226 re
3164 4173 3277 4242 ipsa
3328 4173 3675 4228 inveniuntur
3715 4173 3864 4248 (So-

2253 4266 2448 4335 phocl.,
2469 4267 2521 4319 iu
2542 4264 2815 4332 Tracliin.,
2838 4282 2969 4320 vers.
3005 4266 3139 4321 1057
3168 4277 3214 4321 et
3232 4269 3417 4338 seqq.).

2321 4359 2494 4424 Quam
2510 4358 2740 4413 Validum
2770 4373 2932 4428 porro
2952 4361 3022 4414 sit
3044 4360 3185 4415 istud
3207 4360 3431 4415 Arnobii
3449 4372 3870 4433 argumentum,

2255 4454 2341 4509 rel
2367 4470 2433 4508 ex
2477 4454 2593 4523 ipso
2639 4452 2902 4509 Cicerone
2930 4455 3189 4525 colliges,
3229 4456 3319 4525 qui
3364 4471 3487 4511 cum
3533 4456 3763 4514 dixisset
3790 4458 3874 4516 ab

2256 4548 2594 4603 Evehemero
2625 4560 2678 4603 et
2705 4559 2907 4604 mortes
2931 4558 2986 4604 et
3008 4550 3315 4621 sepulturas
3343 4549 3704 4607 demonstrari
3726 4554 3876 4610 deo-

2248 4737 2462 4805 gionem
2487 4776 2505 4800 ,
2554 4736 2647 4790 sed
2693 4751 2799 4789 non
2830 4736 2991 4791 aliam
3022 4740 3264 4807 profecto
3293 4777 3308 4805 ,
3360 4738 3465 4792 nisi
3509 4738 3875 4799 ethnicorum

2251 4827 2465 4902 (Cicer.,
2492 4829 2547 4882 in
2570 4829 2664 4897 ﬁn.
2694 4828 2788 4883 lib.
2812 4846 2827 4883 ι
2856 4829 2921 4883 de
2951 4829 3144 4883 Natur.
3169 4829 3336 4897 deor.,
3371 4846 3494 4903 pag.
3518 4831 3670 4901 212).

2860 4921 3091 4983 CAPUT
3128 4924 3249 4983 XV.

2265 5020 2530 5088 Quomodo
2561 5019 2819 5083 Arnobius
2864 5018 3153 5089 probaverit
3187 5020 3360 5072 omnia
3384 5035 3501 5088 quia
3535 5021 3598 5074 de
3636 5020 3740 5076 diis
3779 5040 3879 5079 me

2332 5123 2528 5165 morata
2576 5121 2713 5179 sunt,
2773 5111 2909 5164 ntale
2936 5113 2991 5164 in
3036 5119 3211 5181 poetas
3245 5110 3307 5163 ab
3330 5111 3546 5167 ethnicis
3572 5114 3754 5183 rejici,
3798 5132 3877 5171 ac

2330 5206 2450 5258 deos
2480 5203 2615 5258 ludis
2640 5244 2655 5267 ,
2700 5204 2754 5257 in
2791 5220 2964 5257 eorum
3006 5203 3247 5258 honorem
3274 5205 3520 5260 institutis
3542 5247 3555 5273 ,
3576 5208 3875 5280 infamari,

2331 5311 2377 5352 et
2405 5298 2652 5352 attributa
2670 5298 2889 5368 spoliari
2918 5298 3200 5352 divinitate.

2789 5406 3081 5446 ARTIGULUS
3113 5406 3328 5447 minus.

2258 5482 2542 5533 Ostenditur
2566 5496 2627 5532 ea
2647 5484 2826 5544 omnia,
2855 5496 2965 5545 qua:
2988 5483 3052 5530 de
3074 5483 3169 5533 diis
3189 5484 3316 5533 dicta
3340 5490 3468 5542 sunt,
3492 5486 3622 5535 male
3652 5489 3884 5542 tetendi

2322 5549 2369 5612 in
2394 5554 2583 5612 poetas,
2608 5554 2757 5608 atque
2785 5546 3006 5595 ethnicos
3026 5548 3260 5612 debuisse
3278 5547 3341 5595 in
3373 5547 3508 5608 illos,
3536 5552 3883 5612 quemadmo-

2318 5607 2432 5655 dum
2457 5607 2691 5658 adversus
2708 5621 2913 5670 regnum
2935 5610 3202 5670 potentium
3214 5607 3589 5669 murmurantes,
3605 5622 3657 5661 et
3672 5615 3884 5665 calum-

2322 5672 2563 5740 niatores,
2601 5674 2894 5740 sententiam
2943 5673 3129 5740 t’erre,_
3171 5686 3225 5721 ac
3265 5686 3373 5740 cum
3406 5675 3492 5740 eis
3542 5677 3880 5740 proseriberc

2324 5733 2815 5844 bjstiioses,tnsiimos,
2841 5748 2898 5783 ac
2922 5735 3259 5797 pantomimos,
3283 5737 3365 5784 ubi
3393 5736 3460 5788 de
3480 5733 3764 5799 quindecim
3783 5744 3883 5790 νι-

2371 5808 2396 5843 s
2458 5808 2483 5843 a
2521 5809 2642 5844 real
2676 5832 2687 5842 .

2326 5807 2396 5843 l‘lS
2420 5806 2687 5845 Laurentis.

2341 5878 2496 5934 Tanti
2536 5879 2787 5950 ponderis
2832 5884 3175 5952 argumenta,
3221 5898 3249 5937 a
3290 5883 3445 5940 nobis
3472 5887 3753 5957 exposita,
3793 5902 3871 5947 ut
