3980 6334
106 419 197 475 557

1251 413 1317 471 IN
1356 404 1728 476 ARNOBIUM,
1768 403 1921 461 CAP.
1963 404 2079 460 XV.

3254 408 3359 464 558

106 531 277 587 ethnici
314 532 590 588 infirmare
615 574 631 600 ,
672 539 765 587 aut
804 538 953 587 certe
980 529 1203 588 eludere
1251 545 1466 603 quoquo
1510 528 1669 584 modo

1801 518 1954 574 uistis
1980 517 2213 588 injuriis.
2247 535 2267 570 ι
2303 515 2557 589 (Arnob.,
2590 517 2683 571 lib.
2711 531 2787 582 tv,
2822 532 2943 589 pag.
2981 516 3132 589 151.)
3160 516 3216 574 Si
3243 519 3364 589 quis

107 633 336 694 possent,
385 624 785 696 respondebant
815 640 877 680 ea
909 624 1086 679 omnia
1111 625 1334 679 deorum
1367 624 1673 694 turpissima

105 715 253 783 facta,
304 726 506 772 mortes
538 725 593 773 et
618 718 920 788 sepulturas
949 716 1199 787 figmenta
1226 730 1347 772 esse
1372 726 1635 786 poetarum
1656 759 1670 783 ,

106 809 164 865 ab
199 809 256 864 iis
300 825 405 864 non
435 810 583 865 sane
617 810 816 865 mentis
866 806 1169 865 hominibus
1208 807 1275 864 ad
1302 807 1582 865 libidinem
1610 820 1675 865 ac

105 902 408 971 voluptatem
440 903 760 972 composita,
801 902 996 973 quibus
1022 901 1329 971 imperitum
1361 899 1550 971 vulgus
1575 901 1673 957 de-

104 1002 355 1065 cepernnt.
404 994 601 1049 Verum
644 994 729 1049 cui
779 993 1039 1050 credibile
1071 995 1197 1061 fiet,
1248 994 1322 1048 ait
1369 994 1670 1061 Arnobius,

104 1100 270 1159 poetas
307 1088 596 1145 vetustatis
640 1089 1018 1145 remotiSsimte
1046 1104 1112 1143 eo
1140 1087 1486 1158 impudentia:
1514 1084 1677 1142 deve-

106 1182 250 1248 uisse,
273 1192 331 1237 ut
350 1182 579 1239 infames
606 1190 764 1254 atque
786 1181 1225 1239 obscoenissimas
1249 1181 1317 1237 dc
1345 1180 1448 1237 diis
1473 1182 1677 1237 fabulas

104 1290 232 1330 crcco
262 1273 445 1331 furore
487 1276 961 1333 dissetniuaverint
983 1318 997 1342 ,
1050 1276 1364 1346 nullamque
1387 1275 1679 1330 metuerint

104 1376 184 1421 aut
228 1366 385 1423 adiis
424 1368 599 1439 ipsis,
655 1379 749 1423 aut
805 1366 1113 1425 hominibus
1166 1383 1382 1440 poenam
1429 1362 1674 1439 (Arnob.,

104 1458 181 1512 lib.
211 1474 282 1526 tv,
311 1476 434 1533 pag.
469 1460 575 1517 148
601 1468 651 1516 et
676 1459 867 1534 scqq.).

172 1551 364 1607 Deinde
392 1564 524 1608 vero
551 1595 565 1619 ,
615 1561 734 1609 esto
758 1595 773 1620 ,
824 1563 1012 1609 contra
1042 1553 1130 1623 jus
1154 1567 1314 1609 omne
1336 1562 1389 1608 et
1418 1552 1519 1616 fas,
1561 1550 1680 1607 haec

101 1644 532 1713 commenti‘sint,
565 1661 662 1701 cur
687 1660 821 1718 ergo
848 1644 925 1701 illi
946 1648 1123 1718 legum
1153 1646 1441 1702 severitate
1469 1645 1680 1700 debitas

100 1746 237 1793 tanto
262 1736 453 1794 sceleri
486 1750 675 1810 plenas
705 1755 811 1795 non
839 1738 1148 1795 dederunt?
1194 1737 1387 1795 Nonne
1422 1737 1679 1810 gravissi-

101 1846 236 1887 mum
259 1832 461 1888 crimen
492 1842 575 1887 est
602 1832 796 1889 faniam
828 1832 1053 1905 alicujus
1079 1874 1093 1898 ,
1138 1832 1309 1887 multo
1338 1833 1509 1903 magis
1544 1828 1676 1897 Dei,

1774 607 1903 664 velit
1946 610 1999 663 id
2027 609 2126 663 sibi
2173 608 2399 678 alicujus
2442 609 3044 681 auctoritatezprobari,
3089 612 3161 683 is;
3182 612 3367 680 audiat

1776 704 2094 759 Ciceronem
2123 720 2139 757 :
2178 722 2196 755 ι
2234 702 2524 759 Duodecim
2553 703 2749 758 tabulae
2770 747 2784 771 ,
2817 723 2835 757 ι
2872 705 2947 759 ait
2985 716 3186 773 orator,
3222 725 3239 758 ι
3271 705 3368 761 de-

1777 795 1984 852 clarant
2022 795 2180 852 condi
2219 795 2333 866 jam
2365 804 2480 850 tum
2521 796 2735 851 solitum
2783 811 2901 851 esse
2929 810 3146 852 carnem
3182 797 3370 867 :quod

1778 902 1846 944 ne
1863 889 2051 944 liceret
2064 889 2182 944 ﬁeri
2202 889 2270 944 ad
2292 888 2516 943 alterius
2535 889 2805 959 injuriam,
2830 888 2978 959 leges
3000 900 3317 946 sanxerunt.
3341 911 3363 945 ι

1780 982 2005 1056 ((Ξὶςεν.³
2050 984 2142 1039 lib.
2185 998 2239 1039 tv
2287 983 2532 1051 Tuscul.,
2587 1000 2706 1056 pag.
2761 984 3008 1051 £63,1in.
3038 983 3155 1056 Q3.)
3188 986 3369 1057 Augu-

1776 1078 1950 1131 stinus
1976 1091 2107 1131 vero
2151 1085 2380 1132 testatur
2425 1092 2485 1132 se
2536 1091 2602 1132 ex
2631 1090 2776 1132 nunc
2804 1076 3086 1147 deperdita
3123 1077 3372 1147 ejusdem
3420 1071 3425 1076 ’

1774 1166 2054 1224 Ciceronis
2093 1174 2287 1240 quarto
2326 1168 2394 1224 de
2443 1168 2739 1240 Republica
2783 1169 2926 1243 libro
2966 1169 3081 1225 haec
3106 1169 3175 1226 de
3204 1172 3373 1227 verbo

1779 1263 1848 1317 ad
1877 1263 2101 1318 verbum
2134 1263 2509 1333 descripsisse.
2540 1280 2559 1314 ι
2592 1262 2806 1318 Nostrae
2850 1261 3135 1319 duodecim
3176 1265 3375 1320 tabulae

1779 1373 1900 1412 cum
1956 1372 2251 1428 perpaucas
2302 1373 2390 1413 res
2434 1359 2612 1428 capite
2657 1358 2999 1423 sanxissent,
3041 1361 3093 1413 in
3126 1361 3210 1414 his
3235 1359 3377 1415 hanc

1778 1464 1994 1521 quoque
2014 1449 2360 1507 sanciendam
2378 1459 2734 1521 putaverunt;
2759 1450 2803 1506 si
2819 1454 2939 1522 quis
2956 1453 3372 1521 occentavisset,

1780 1547 1901 1603 sive
1951 1562 2168 1603 carnem
2223 1545 2587 1615 condidisset,
2644 1546 2787 1617 quod
2843 1545 3119 1602 infamiam
3171 1547 3377 1603 faceret

1781 1641 2108 1713 flagitiumve
2135 1642 2311 1698 alteri.
2342 1642 2627 1699 Praeclare.
2656 1641 2881 1699 Judiciis
2907 1644 3050 1699 enim
3092 1646 3377 1715 magistra-

1783 1743 1929 1789 tuum
1948 1778 1964 1802 ,
1992 1734 2475 1807 disceptationibus
2522 1735 2776 1807 legitimis
2803 1737 3138 1806 propositam
3166 1736 3335 1791 vitam
3356 1778 3374 1804 ,

1783 1843 1891 1883 non
1921 1839 2202 1899 poetarum
2231 1830 2460 1901 ingeniis
2495 1820 2697 1886 habere
2749 1829 3007 1887 debemus
3028 1874 3043 1897 ,
3093 1848 3197 1888 nec
3245 1848 3379 1904 pro-

102 1922 325 1980 lazdere?
373 1923 565 1979 Nonne
602 1925 777 1996 majus
824 1933 910 1981 est
950 1924 1255 1981 convicium
1281 1965 1297 1992 ,
1352 1924 1399 1978 si
1444 1922 1677 1994 aliquem
1706 1916 1755 1977 B
1781 1921 1938 1978 brum
1970 1924 2191 1991 audire;
2227 1925 2329 1980 nisi
2358 1938 2421 1981 ea
2465 1923 2586 1995 lege
2630 1934 2689 1979 ut
2734 1925 3066 1995 respondere
3094 1925 3291 1994 liceat,
3325 1936 3382 1982 et

100 2015 209 2071 falsi
236 2016 474 2071 criminis
505 2031 719 2087 arguas,
748 2022 908 2088 quam
934 2017 980 2072 si
1009 2032 1131 2073 eum
1160 2018 1209 2072 ei
1236 2016 1512 2086 obiectes?
1542 2015 1682 2085 Quid

100 2122 251 2176 vero,
291 2110 434 2180 quod
464 2110 680 2165 Ethnici
712 2110 803 2181 qui
841 2125 874 2164 a
904 2111 1079 2165 doctis
1106 2118 1215 2164 tam
1253 2111 1428 2179 turpia
1457 2110 1683 2163 deorum

103 2204 321 2258 facinora
351 2202 610 2258 venditari
636 2203 859 2271 impune
882 2203 1225 2273 patiebantur
1248 2245 1262 2268 ,
1289 2216 1399 2257 non
1428 2202 1680 2269 minoris,

102 2306 251 2363 quam
276 2294 376 2361 illi,
410 2295 490 2350 rei
518 2294 737 2349 fuerunt
761 2294 1021 2350 sceleris?

163 2388 292 2455 Qua
316 2395 520 2454 autem,
552 2392 609 2443 et
632 2394 831 2458 quanta
861 2387 1089 2442 deorum
1108 2386 1337 2456 ﬂagitia,
1362 2385 1686 2457 sacrilegia,

100 2478 345 2544 vincula,
388 2479 648 2545 vulnera,
696 2487 753 2534 et
799 2479 1055 2533 interitus
1110 2478 1415 2532 cecinerim
1458 2491 1522 2531 ex
1575 2477 1688 2547 jam

100 2572 288 2638 dictis,
339 2580 395 2627 et
442 2571 701 2641 deinceps
749 2570 995 2626 dicendis
1040 2570 1201 2625 facile
1248 2566 1585 2641 intelligitur.
1619 2570 1690 2624 At

98 2664 221 2720 illud
248 2664 520 2720 Arnobius
548 2664 600 2718 in
633 2663 821 2734 primis
834 2662 941 2717 hoc
964 2663 1017 2717 in
1045 2662 1165 2718 loco
1184 2673 1371 2732 urget,
1399 2661 1543 2732 quod
1567 2660 1687 2716 ,Ιονὶ

98 2759 430 2830 adscriptum
475 2758 577 2813 nm
596 2778 613 2813 :
642 2775 662 2808 ι
691 2756 812 2827 Ipse
840 2757 930 2812 ille
954 2755 1186 2826 Jupiter,
1211 2756 1396 2825 cujus,
1433 2772 1453 2806 ι
1478 2755 1685 2824 inquit,

105 2871 124 2905 ‹
156 2867 256 2908 vos
283 2866 483 2906 nomen
512 2848 666 2905 eﬂ'ari
697 2864 806 2905 non
831 2850 953 2904 eine
992 2858 1146 2903 metu
1190 2847 1406 2913 decuit,
1434 2854 1493 2901 et
1522 2846 1690 2902 totius

98 2948 342 3018 corporis
357 2945 738 3009 concussione,
757 2942 968 3000 amasio
990 2942 1258 3013 (sinesine
1282 2952 1380 2995 ms.
1404 2956 1515 3012 reg.
1540 2939 1687 3010 eod.)

94 3046 284 3110 captus
305 3036 377 3093 ab
402 3048 605 3104 uxore,
648 3034 983 3092 describitur
1010 3033 1257 3090 confiteri
1301 3032 1491 3102 culpas
1525 3038 1650 3086 suas
1671 3072 1686 3097 ,

92 3144 151 3189 et
176 3135 323 3189 velut
340 3134 603 3199 demens,
636 3146 701 3188 ae
728 3133 945 3189 nescius
962 3174 976 3198 ,
1006 3142 1140 3201 quas
1162 3129 1427 3184 amiculas
1451 3127 1687 3199 coniugi,

96 3243 243 3298 quas
267 3229 422 3283 uxori
467 3228 837 3298 anteposuerit
864 3225 1087 3296 pollices
1104 3267 1119 3290 ,
1149 3224 1448 3280 obduratus
1476 3223 1693 3278 invere-

1778 2014 1981 2085 judicio
2008 2016 2300 2073 defendere
2332 2036 2351 2070 ι
2402 2015 2644 2091 (August.
2670 2059 2686 2086 ,
2716 2017 2805 2072 lib.
2839 2034 2878 2073 ιι
2904 2018 2967 2073 de
2992 2017 3140 2073 Civil.
3161 2061 3176 2087 ,
3199 2020 3380 2090 σαμε),

1785 2123 1905 2178 pag.
1938 2106 2068 2181 58).
2101 2108 2256 2176 Quod
2306 2109 2523 2180 quidem
2565 2107 2897 2180 Augustinus
2943 2110 3166 2167 Seneca:
3208 2111 3384 2166 adhuc

1785 2202 2097 2265 testimonio
2147 2202 2380 2258 firmavit
2408 2201 2623 2276 (fdem,
2651 2203 2777 2258 ibid.
2800 2244 2815 2271 ,
2847 2221 2963 2276 cap.
2998 2203 3087 2272 12,
3117 2222 3235 2278 pag.
3265 2205 3381 2279 «10).

1787 2294 2027 2366 Denique
2056 2294 2252 2351 cecinit
2292 2295 2548 2365 Horatius
2580 2314 2593 2350 :

2705 2390 2848 2450 .Quin
2872 2393 3022 2442 etiam
3044 2390 3129 2442 lex

1878 2450 2131 2564 33:21::
2154 2451 2269 2515 tota,
2295 2451 2421 2504 malo
2442 2465 2554 2516 quae
2577 2452 2733 2504 nollet
2751 2456 2969 2506 carmine
2996 2468 3292 2519 quemquam

1929 2527 2128 2565 escam.
2154 2577 2354 2639 (Horat.
2380 2574 2463 2627 lib.
2488 2590 2540 2641 ιι,
2568 2577 2710 2642 epist
2736 2579 2782 2640 ί»
2804 2590 2929 2629 ver"
2954 2577 3045 2629 ίδὲ
3067 2586 3114 2631 θ’
3135 2579 3292 2647 πηῷ)

1789 2681 1965 2754 Atque
1992 2680 2084 2739 ille
2128 2681 2289 2754 paulo
2331 2693 2457 2737 ante
2502 2683 2822 2751 tabularum,
2858 2700 2888 2738 a
2918 2683 3206 2743 duodecim
3255 2688 3387 2744 viris

1790 2776 2150 2840 sancitarnm,
2210 2774 2535 2829 mentionem
2606 2774 2828 2831 fecerat.
2875 2774 3056 2843 Hunc,
3104 2778 3148 2833 si
3195 2777 3385 2847 lubet,

1791 2866 2050 2932 consule,
2084 2864 2481 2921 ctGothofredi
2521 2867 2575 2921 in
2626 2866 2767 2921 titul.
2814 2866 2880 2922 de
2924 2868 3145 2923 famosis
3193 2870 3389 2925 libellis

1790 2956 2172 3012 annotationes
2218 2956 2404 3031 (Tom.
2462 2975 2521 3013 ιιι
2550 2959 2673 3013 cod.
2730 2957 2965 3027 Tlteod.,
3017 2979 3135 3034 pag.
3180 2962 3310 3029 257,
3342 2974 3391 3019 ει

1792 3048 1969 3120 seqq.)
1999 3049 2209 3118 Quanta
2255 3050 2419 3121 igitur
2459 3050 2745 3122 iniquitate
2784 3060 2841 3107 et
2872 3053 3130 3125 injustitia
3184 3056 3391 3112 ethnici

1793 3149 1905 3195 tam
1948 3141 2153 3196 severis
2183 3140 2390 3211 legibus
2421 3140 2700 3197 hominum
2730 3143 2957 3213 injurias
2986 3154 3147 3217 atque
3177 3147 3390 3202 calum-

1794 3233 1912 3287 nias
1961 3232 2346 3300 vindicabant,
2397 3244 2451 3289 et
2502 3235 2768 3304 patienter
2819 3235 3158 3306 tolerabant,
3221 3240 3391 3295 immo

96 3322 292 3377 cundia
344 3320 626 3391 publicare
662 3339 685 3373 ο
722 3320 977 3392 (Amata,
1022 3319 1113 3372 lib.
1157 3332 1237 3385 IV,
1286 3333 1408 3389 pag.
1438 3313 1588 3388 1350)-
1624 3315 1694 3369 Αι
1718 3306 1766 3367 C
1797 3341 1927 3381 vero
1949 3326 2175 3382 summis
2196 3326 2444 3381 laudibus
2466 3327 2829 3392 extollebant,
2868 3338 3077 3399 poetas,
3124 3345 3153 3384 a
3194 3331 3391 3402 quibus

97 3414 168 3468 ibi
196 3413 267 3468 ad
298 3415 401 3467 hos
428 3411 571 3481 haud
600 3413 763 3468 dubie
784 3412 974 3467 alludit
1002 3411 1221 3465 Homeri
1245 3424 1434 3465 versus
1458 3450 1473 3475 ,
1501 3407 1694 3479 quibus

94 3505 307 3576 Jupiter
331 3520 393 3560 se
422 3504 641 3560 Isionize
672 3506 887 3573 uxoris,
929 3506 1044 3559 sive
1072 3503 1217 3570 Diae,
1257 3512 1313 3557 et
1354 3501 1564 3556 Danaes
1584 3544 1597 3567 ,
1631 3515 1696 3555 ac

96 3599 369 3657 Phaenicis
419 3597 566 3664 filim,
627 3598 899 3664 Semeles,
954 3593 1592 3663 Alomenes,Cecreris,
1642 3602 1696 3649 et

95 3705 320 3761 Latonae
356 3714 550 3757 amore
588 3712 649 3753 se
690 3706 912 3768 captum
954 3693 1124 3749 fuisse
1164 3692 1368 3749 iunoni
1418 3692 1693 3756 declarat,

92 3812 149 3857 et
203 3798 501 3857 cmtﬁtetur
550 3788 808 3866 (Hamer.
837 3832 853 3859 ,
882 3789 1078 3857 lliad.,
1121 3802 1236 3854 xw,
1284 3803 1412 3843 vers.
1455 3785 1598 3853 5M,
1645 3792 1700 3841 et

94 3910 308 3953 $000.).

346 3982 566 4041 eﬁrenis
592 3995 723 4051 ergo
749 3977 914 4048 hujus
943 3975 1284 4046 aliorumque
1322 3978 1602 4044 poetarum
1632 3970 1700 4026 li-

93 4081 318 4147 centia,
368 4080 544 4149 pergit
573 4072 844 4130 Arnobius
874 4067 1097 4141 (Arnob.
1123 4110 1137 4133 ,
1162 4066 1256 4121 'lib.
1288 4080 1363 4133 tv,
1394 4068 1513 4137 pag.
1547 4060 1699 4134 150),

96 4175 351 4247 legibus,
384 4176 449 4226 ac
488 4167 787 4242 plebiscitis
822 4170 941 4220 non
983 4162 1180 4218 minori
1229 4162 1519 4217 severitate
1549 4173 1703 4213 coer-

96 4268 212 4326 ceri
242 4263 322 4323 ab
346 4263 595 4321 Ethnicis
620 4260 838 4324 debuit,
879 4273 1042 4329 quam
1085 4266 1309 4322 eorum,
1362 4255 1453 4325 qui
1505 4252 1573 4307 de
1617 4262 1705 4308 re—

96 4362 259 4433 gibus
310 4363 812 4417 MurmuraVerant,
856 4358 1024 4421 atque
1066 4349 1273 4405 idcirco
1296 4345 1599 4418 majestatis
1624 4345 1706 4401 rei

98 4452 434 4526 agebantur.
464 4447 676 4516 Quibus
701 4456 834 4501 sane
860 4443 1045 4499 verbis
1071 4442 1163 4497 ille
1184 4441 1409 4510 respicit
1436 4437 1505 4493 ad
1530 4438 1707 4509 legem

97 4550 304 4605 ltitiam
338 4542 639 4614 majestatis
661 4580 675 4607 ,
707 4552 868 4610 quam
898 4536 1239 4592 Theodosius
1266 4533 1488 4601 Magnus
1514 4541 1706 4602 postea

100 4639 400 4714 mitigavit.
427 4634 636 4690 Videsis
664 4634 716 4687 in
750 4630 1105 4687 Just-iniaan
1132 4638 1188 4684 et
1206 4624 1589 4683 Theodosiano
1617 4636 1709 4679 co-

1794 3420 2011 3490 ipsimet
2054 3419 2129 3476 dii
2158 3420 2457 3477 innumeris
2483 3421 2740 3478 conviciis
2778 3432 2833 3479 et
2859 3423 3204 3481 contumeliis
3228 3440 3392 3481 vexa-

1754 3546 1762 3552 -
1794 3510 2027 3568 bantur?

1870 3603 2056 3676 Neque
2088 3616 2265 3661 tamen
2295 3606 2425 3662 solis
2454 3608 2660 3677 poetis,
2695 3607 2789 3663 sed
2816 3609 2975 3664 etiam
3010 3610 3391 3680 pantomimis,

1798 3698 2015 3765 mimis,
2049 3699 2435 3767 histrionibus,
2483 3702 2778 3767 comoedis,
2810 3718 2875 3758 ac
2921 3704 3179 3775 tragmdis
3203 3704 3397 3761 eadem

1796 3795 2015 3850 licentia
2065 3794 2188 3850 data
2238 3804 2355 3850 erat
2403 3796 2644 3865 (Arnob.,
2693 3795 2783 3850 lib.
2821 3811 2899 3861 1v,
2929 3815 3048 3868 pag.
3084 3797 3232 3870 151).
3261 3796 3399 3854 Nam

1800 3888 1855 3942 hi
1891 3902 2080 3943 omnes
2106 3889 2159 3943 in
2190 3886 2415 3943 theatris
2454 3887 2641 3944 eadem
2694 3889 2808 3959 ipsa
2861 3884 3087 3945 deorum
3136 3889 3396 3959 Veneris,

1796 3980 2064 4053 Cybeles,
2120 3978 2394 4048 Herculis,
2452 3991 2507 4035 et
2553 3980 2781 4037 aliorum
2829 3981 3065 4054 ﬂagitia,
3116 3982 3401 4055 turpiaque

1798 4084 1856 4129 et
1883 4071 2125 4129 crudelia
2164 4068 2406 4126 facinora
2457 4072 2663 4142 majore
2705 4068 2882 4129 adhuc
2925 4074 3257 4145 impudentia
3299 4091 3401 4134 nec

1803 4167 2013 4222 minore
2057 4164 2374 4236 impunitate
2434 4166 2916 4235 repraesentabant.
2981 4167 3223 4224 Gentiles
3271 4184 3402 4223 vero

1802 4274 1913 4314 non
1954 4257 2151 4314 molles
2177 4264 2386 4312 tantum
2418 4266 2468 4313 et
2501 4256 2826 4323 effeminati,
2853 4256 2949 4314 sed
2977 4259 3171 4326 etiam,
3227 4261 3402 4315 omnis

1806 4351 2068 4423 populus,
2137 4360 2451 4415 senatores,
2517 4348 2859 4405 sacerdotum
2902 4359 2957 4406 et
2983 4351 3404 4420 magistratuum

1807 4446 2027 4517 collegia
2055 4488 2070 4512 ,
2104 4443 2395 4501 Pontifices
2435 4443 2689 4510 maximi,
2712 4440 2977 4498 Curiones
2998 4484 3012 4510 ,
3046 4442 3253 4509 Diales,
3278 4444 3405 4498 Fla-

1807 4536 2011 4605 mines,
2071 4538 2348 4608 Augures,
2414 4546 2468 4591 et
2511 4533 2827 4604 Quindecim
2870 4533 2972 4587 viri
3016 4532 3245 4590 laureati
3305 4535 3404 4591 hos

1811 4645 2006 4700 magno
2073 4628 2331 4698 applausu
2396 4639 2695 4697 magnaque
2760 4624 3038 4693 voluptate
3089 4623 3402 4681 audiebant.

427 4688 495 4784 de
514 4688 816 4782 maledictis
857 4725 910 4778 in
942 4723 1238 4792 principem
1259 4763 1274 4787 ,
1305 4729 1361 4775 et
1386 4733 1507 4789 quas
1536 4720 1592 4773 in
1616 4732 1710 4772 eas
1732 4688 1786 4751 Β
1812 4688 2158 4789 Quindecim'
2185 4730 2364 4774 autem
2414 4688 2514 4772 ξιιῖ
2550 4688 2649 4771 viri
2673 4721 2685 4737 ‘
2704 4688 3089 4788 Sibyllinorum
3144 4715 3406 4773 librorum
3458 4708 3462 4713 “

96 4823 486 4884 Gothofredus
520 4816 904 4874 animadvertit
928 4813 1077 4888 (Cod.
1108 4811 1273 4877 luta,
1300 4813 1395 4866 lib.
1424 4827 1464 4875 ι,
1499 4812 1577 4864 ut.
1602 4810 1634 4863 7
1657 4816 1713 4865 et

96 4923 155 4988 8;
186 4938 254 4976 ac
285 4930 418 4976 (om.
447 4916 670 4982 tumea.
704 4911 980 4977 Necdum,
1030 4924 1150 4980 pag.
1194 4906 1284 4973 42,
1321 4917 1370 4961 et
1408 4922 1546 4977 seqq.
1572 4909 1612 4977 ).
1640 4905 1713 4959 Iis

100 5027 296 5074 autem
341 5012 474 5070 illud
513 5010 890 5074 mntirmmur,
916 5003 1063 5075 quod
1115 5001 1393 5071 subjungit
1442 4999 1714 5054 Arnobius

98 5112 371 5168 decretas
396 5108 452 5162 in
472 5114 599 5161 eum
616 5114 826 5174 pinnas,
845 5100 934 5171 qui
952 5101 1014 5153 in
1028 5096 1277 5153 ordinem
1307 5093 1715 5164 magistratuum

100 5216 439 5263 senatorum
467 5199 696 5270 redigit,
736 5204 830 5252 aut
859 5194 1006 5251 illum
1056 5190 1305 5247 convicio
1351 5189 1714 5259 persequitur.

101 5300 342 5368 Quanto
370 5310 504 5366 ergo
542 5290 785 5347 severius
825 5289 878 5342 in
909 5287 1108 5343 divinae
1138 5283 1438 5354 majestatis
1464 5295 1589 5336 reos
1618 5293 1720 5335 ste-

101 5392 386 5447 viendum
410 5384 566 5442 erat?
590 5383 701 5439 Cur
731 5394 862 5451 ergo
882 5379 1059 5451 poetis
1080 5378 1292 5434 veniam
1316 5375 1519 5431 dabant
1543 5382 1599 5430 et
1622 5373 1723 5428 im-

103 5487 428 5557 punitatem
446 5481 470 5534 ?

187 5578 309 5635 Sed
346 5585 636 5647 pergamus
660 5572 706 5626 si
738 5570 918 5642 placet
944 5585 961 5624 :
1001 5587 1019 5620 ε
1047 5566 1276 5622 Carmen
1304 5565 1503 5620 malum
1535 5583 1554 5616 ι
1581 5561 1732 5618 addit

100 5681 324 5731 mter
357 5679 565 5735 noster,
594 5684 614 5718 ι
643 5663 1020 5726 conscribere,
1040 5677 1153 5732 quo
1170 5662 1314 5715 fama
1336 5660 1556 5715 alterius
1580 5658 1731 5713 coin-

106 5767 415 5837 quineutr,
445 5770 501 5816 et
530 5759 639 5813 vita
657 5799 674 5825 ,
701 5754 1148 5812 decemviralibus
1189 5752 1342 5808 scitis
1368 5752 1602 5807 evadere
1629 5762 1732 5804 no-

112 5860 318 5916 luiﬁis
349 5858 569 5926 impone
592 5869 607 5905 :
630 5866 694 5906 ac
716 5864 789 5906 ne
816 5857 1024 5905 vestras
1064 5860 1223 5903 aures
1258 5846 1504 5901 convicio
1536 5843 1737 5913 aliquis

118 5950 515 6025 petulantiore
540 5946 782 6019 pulsaret
801 5986 816 6010 ,
842 5943 909 5999 de
928 5941 1209 5998 atrocibus
1236 5936 1499 5995 formulas
1542 5937 1741 5994 consti-

1814 4822 1969 4870 erant
1995 4812 2250 4870 custodes
2267 4855 2281 4880 ,
2307 4824 2444 4881 quos
2468 4810 2689 4864 Servius
2708 4852 2723 4877 ,
2756 4808 2987 4879 primum
3012 4808 3151 4863 duos
3169 4850 3183 4871 ,
3212 4807 3410 4866 deinde

1817 4909 2001 4964 decem
2023 4948 2038 4973 ,
2076 4916 2266 4975 postea
2295 4902 2605 4973 quindecim
2638 4900 2806 4956 fuisse
2832 4902 3102 4956 observat.
3135 4900 3297 4957 Plura
3341 4902 3412 4959 de

1819 5002 1904 5057 his
1949 5000 1996 5055 si
2041 5000 2180 5054 scire
2226 5011 2461 5061 avenas,
2510 4994 2731 5049 consule
2761 4994 3109 5059 Ciceronem,
3141 4994 3413 5050 Valerium

1821 5095 2108 5152 Maximum
2129 5133 2143 5157 ,
2176 5093 2240 5145 A.
2268 5090 2535 5154 Gellium,
2570 5087 2804 5143 Plinium
2827 5129 2842 5154 ,
2875 5088 3188 5145 Suetonium
3213 5130 3230 5154 ,
3264 5089 3416 5144 Τίτθ-

1820 5190 2056 5260 quellum
2079 5228 2094 5254 ,
2126 5195 2182 5241 et
2208 5185 2546 5241 Lactantium
2579 5198 2607 5237 a
2638 5182 2792 5238 nobis
2815 5182 2942 5236 alibi
2962 5183 3179 5237 citatum
3202 5182 3223 5254 (
3241 5181 3414 5250 Serm,

1820 5284 1875 5337 in
2022 5294 2074 5335 vt
2106 5277 2345 5345 ιΕηεὶάη
2376 5293 2504 5332 vers.
2557 5275 2655 5344 7‘5;
2698 5275 2888 5341 Cicer.,
2945 5273 3034 5328 lib.
3064 5289 3083 5327 ι
3124 5273 3187 5328 de
3215 5270 3421 5328 Natura

1826 5376 1995 5439 deor.,
2028 5390 2149 5444 pag.
2181 5371 2317 5438 29.5;
2359 5371 2472 5426 Val.
2502 5368 2675 5433 Alam,
2704 5366 2790 5422 lib.
2834 5382 2876 5433 ι,
2922 5382 3039 5435 cap.
3076 5366 3127 5431 1;
3157 5367 3221 5420 .4.
3246 5364 3379 5421 Gell.
3401 5408 3421 5435 ,

1830 5469 1919 5524 lib.
1947 5465 2142 5521 tNoct.
2167 5465 2490 5532 Altt'c.,‘cap.
2512 5462 2598 5526 19,
2622 5477 2743 5533 pag.
2768 5461 2869 5523 86;
2919 5457 3083 5524 Plin,
3120 5456 3205 5511 lib.
3250 5474 3426 5516 xxvm

1837 5559 1975 5615 Hist.
2026 5568 2222 5623 natum,
2254 5572 2371 5625 cap.
2397 5555 2454 5622 ‘2,
2486 5569 2606 5624 pag.
2663 5549 2788 5615 557;
2843 5547 3016 5619 Tiraq.
3063 5548 3117 5601 in
3160 5550 3305 5606 Alex.
3363 5553 3427 5607 ab

1834 5655 2005 5721 Alcm,
2039 5654 2124 5708 lib.
2174 5666 2231 5705 ιιι
2282 5648 2591 5711 Gamelion,
2636 5660 2755 5713 cap.
2774 5641 2863 5709 16,
2914 5656 3035 5712 pag.
3073 5641 3216 5708 269;
3248 5652 3432 5712 tam“!

1838 5748 2111 5821 Apparat.,
2143 5762 2264 5817 pag.
2288 5742 2445 5816 254).

1912 5845 2142 5898 Tantum
2173 5852 2335 5911 porro
2354 5838 2527 5900 abest,
2548 5842 2610 5889 ut
2627 5831 2833 5888 ethnici
2860 5830 3076 5899 mimos,
3105 5832 3400 5891 histriones
3418 5877 3437 5904 ,
3500 5874 3503 5875 ν

1844 5938 2087 6005 auom“
2143 5930 2387 6002 ejusdem
2445 5927 2635 5983 farinae
2696 5922 2950 5981 homines
2982 5967 2996 5993 ,
3056 5935 3166 5982 tam
3221 5928 3441 5989 infamia
