4000 6286
577 344 682 402 559

1818 330 2268 393 DISSERTATIO
2306 330 2585 388 PBASVIA

3772 320 3877 380 560

578 458 1554 524 deorumt'actareprrcsentantes.pro
1570 448 1763 505 merito
1778 449 2160 521 castigavcrint
2188 452 2239 513 Α
2263 464 2382 520 pag.
2413 444 2518 500 258
2546 447 2585 515 ),
2638 454 2822 497 sacros
2860 454 3015 507 esse,
3059 438 3276 508 illisque
3330 444 3604 508 tamquam
3665 434 3879 492 solem-

579 554 706 624 qnin
726 552 898 621 potius
913 548 1018 602 illis
1036 544 1425 611 concesserint,
1441 553 1657 598 utrectc
1674 545 1747 596 ait
1763 554 1951 597 auctor
1966 551 2171 622 noster,

585 667 605 698 α
628 646 765 700 dona
788 653 843 699 et
866 656 1106 705 munera,
1131 640 1200 694 ab
1222 637 1416 693 ofﬁciis
1442 638 1607 692 otium
1634 636 1859 705 publicis
1879 677 1892 699 ,
1925 636 2175 690 immuni-

581 748 745 794 tatem
764 778 781 801 ,
808 736 1141 790 vacationem
1160 746 1283 787 cum
1303 731 1521 786 coronis
1548 747 1567 781 ι
1602 728 1753 801 (Arn.
1781 728 1868 781 lib.
1890 743 1962 794 IV,
1984 744 2036 796 p.
2058 724 2169 797 52).

573 832 709 887 Nam
757 828 1133 885 Theodoretus
1176 833 1362 893 aperte
1406 822 1541 877 dixit
1571 837 1584 873 ε
1614 819 1913 897 Τραγῳδίας
1959 821 2049 891 μὲν
2088 822 2174 872 καὶ

577 923 845 999 κωμῳδίας
873 923 1151 997 ὑποκριταὶ
1176 918 1390 990 ἔχουσιν
1412 920 1481 977 εἰς
1512 913 1825 989 δβλέποντες
1855 920 1944 973 τήν
1987 916 2174 985 τέχνην

578 1023 805 1091 μετίωσι,
820 1019 977 1086 καὶ-τῇ
998 1022 1096 1069 τῶν
1115 1012 1370 1084 στεφάνων
1391 1007 1553 1064 ἐλπίδι
1577 1016 1675 1063 τῶν
1694 1008 1855 1061 πόνων
1878 1008 2173 1077 ἀνέχονται.

581 1112 969 1185 Tragtediarum
991 1119 1037 1164 et
1059 1107 1426 1163 comoediarum
1450 1104 1593 1156 mimi
1615 1103 1802 1156 habent
1824 1101 1877 1153 id
1895 1101 2044 1170 cujus
2060 1115 2173 1152 res-

581 1219 729 1280 pectu
751 1217 908 1261 artem
922 1214 1174 1267 exercent,
1191 1212 1238 1257 et
1251 1215 1555 1256 coronarunt
1576 1214 1664 1269 spe
1687 1197 1911 1251 laborem
1923 1194 2176 1248 sustinent

579 1301 901 1375 (Theodon,
937 1307 1047 1353 orat
1062 1343 1065 1346 .
1083 1296 1140 1364 9,
1162 1296 1227 1350 de
1249 1292 1491 1357 Provid.,
1507 1308 1628 1361 pag.
1652 1288 1759 1344 429
1776 1298 1824 1343 et
1842 1285 1969 1357 454)
1994 1284 2179 1340 .Addit

579 1411 711 1452 vero
731 1392 1112 1465 tragmdiarum
1140 1387 1338 1452 mimis,
1361 1383 1817 1456 quemadmodum
1835 1378 2176 1435 exercituum

582 1489 845 1553 ducibus,
878 1483 1129 1548 athletis,
1180 1480 1450 1552 pugilibus
1471 1519 1487 1545 ,
1535 1486 1589 1531 et
1609 1473 1809 1545 aurigis
1837 1481 2076 1537 statuas,
2109 1483 2176 1525 eo

584 1599 690 1655 quo
719 1582 991 1645 vicerant,
1024 1575 1208 1631 habitu
1238 1573 1485 1630 decretas
1531 1570 1696 1625 fuisse
1723 1578 1778 1623 et
1802 1566 2118 1622 collocatas.

657 1677 884 1729 'l‘antam
916 1671 1079 1742 igitur
1120 1667 1458 1737 iniquitatem
1501 1663 1625 1733 jure
1669 1659 1864 1715 merito
1906 1655 2176 1711 Arnobius

585 1768 936 1826 condemnat.
969 1763 1103 1818 Cum
1133 1758 1462 1815 Tertulliani)
1489 1754 1755 1825 siquidem
1801 1761 1856 1807 et
1880 1748 2177 1819 Augustino

2276 539 2433 593 nibus
2464 535 2779 604 religionum
2807 533 3001 588 ciliciis
3021 572 3038 594 ,
3070 529 3352 596 honorari,
3397 530 3639 601 placari,
3684 544 3752 585 ac
3785 545 3881 599 po-

2275 633 2375 686 sita
2430 631 2738 695 simultate,
2808 626 3143 683 reconciliari
3209 624 3590 695 opinabantur.
3648 622 3879 679 Litteris

2275 736 2453 781 autem
2485 725 2698 790 Livius,
2745 737 2809 778 ac
2838 722 3032 777 deinde
3067 721 3306 776 Valerius
3350 719 3647 783 Maximus,
3681 727 3743 773 et
3769 721 3881 772 Au-

2275 819 2522 887 gustinus
2572 816 2896 870 mandarunt
2947 814 3010 868 T.
3065 812 3303 884 Sulpicio
3351 813 3556 878 Petico,
3604 820 3664 866 et
3692 810 3756 865 C.
3791 808 3880 865 Li—

2276 911 2418 965 cinio
2469 910 2689 965 Stolone
2733 906 3098 972 Consulibus,
3157 921 3278 962 cum
3339 906 3505 977 pestis
3549 904 3878 974 gravissima

2276 1002 2605 1058 lectisternio
2631 1002 2816 1056 sedata
2846 1017 2951 1055 non
2981 999 3187 1067 fuisset,
3208 1000 3274 1055 ad
3304 999 3618 1071 placandam
3645 999 3877 1054 deorum

2277 1097 2410 1152 iram
2464 1097 2735 1151 institutos
2784 1096 2951 1150 fuisse
2975 1095 3129 1149 ludos
3173 1095 3419 1150 scenicos
3448 1092 3625 1165 (Liv.,
3659 1093 3756 1147 lib.
3782 1109 3876 1158 vn,

2276 1192 2429 1253 init.;
2472 1189 2592 1244 Val.
2620 1190 2790 1257 Manu,
2823 1189 2912 1245 lib.
2964 1205 3022 1258 tt,
3053 1206 3169 1259 cap.
3199 1189 3255 1254 4,
3291 1188 3319 1261 ς
3349 1190 3415 1257 4;
3453 1189 3699 1261 August.,
3741 1188 3832 1243 lib.
3862 1205 3879 1244 ι

2278 1285 2342 1338 de
2369 1283 2543 1362 Civit.,
2571 1299 2688 1353 cap.
2722 1283 2810 1349 52,
2864 1300 2986 1356 pag.
3014 1282 3142 1353 29).
3195 1281 3330 1336 Tum
3359 1282 3560 1337 dehinc
3589 1282 3660 1337 iis
3690 1283 3877 1337 inser-

2279 1384 2360 1430 tas
2405 1384 2592 1445 turpes
2640 1374 2872 1439 lahulas,
2906 1385 2961 1429 et
3010 1373 3310 1444 impudicos
3343 1374 3666 1429 histrionum
3695 1384 3876 1430 actus.

2280 1466 2454 1534 Audi,
2479 1481 2685 1537 qttzeso,
2735 1467 3019 1537 Augustini
3047 1464 3190 1537 (Lib.
3222 1482 3258 1521 ιι
3318 1465 3381 1520 de
3422 1464 3596 1530 Civit.,
3627 1483 3752 1537 cap.
3792 1468 3877 1537 17,

2280 1576 2400 1630 pag.
2436 1560 2527 1624 75;
2551 1560 2640 1615 lib.
2660 1574 2734 1627 tv,
2761 1575 2879 1631 cap.
2899 1559 2990 1626 26,
3016 1577 3135 1631 pag.
3169 1558 3291 1625 l06,
3315 1568 3364 1613 et
3390 1559 3481 1613 lib.
3503 1574 3618 1625 vnt,
3638 1575 3763 1631 cap.
3791 1561 3875 1625 15,

2281 1672 2399 1727 pag.
2428 1652 2750 1727 201),verba
2778 1674 2792 1709 :
2830 1673 2848 1706 ‹
2878 1654 3015 1710 Ludi
3040 1655 3273 1721 scenici,
3302 1656 3608 1725 spectacula
3641 1658 3878 1726 turpitu-

2280 1749 2489 1816 diuum,
2505 1760 2559 1804 et
2580 1748 2792 1805 licentia
2827 1748 3142 1813 vanitatunt,
3160 1765 3265 1802 non
3291 1748 3570 1803 hominum
3590 1748 3762 1813 vitiis,
3786 1750 3881 1806 sed

586 1858 990 1917 cvidentissime
1056 1852 1292 1909 ostendit
1345 1863 1637 1919 numquam
1689 1845 1958 1909 atrocius,
2015 1857 2174 1912 quam
2206 1841 2254 1902 Β
2281 1844 2505 1899 deorum
2530 1854 2834 1899 vestrorum
2872 1843 3039 1912 jussis
3070 1842 3254 1898 Romae
3279 1843 3509 1897 instituti
3540 1852 3693 1897 sunt.
3724 1843 3883 1899 Tole-

587 1955 738 2009 hisce
763 1948 1045 2006 commdiis
1072 1957 1128 2001 et
1154 1943 1427 2014 tragtniliis
1460 1956 1616 2011 posse
1647 1939 1884 1994 divinam
1921 1932 2187 2005 nfajestaa

590 2058 698 2102 tem
754 2042 983 2106 aliendi,
1033 2039 1153 2095 licdi
1217 2046 1271 2092 et
1299 2035 1487 2090 violari
1528 2031 1903 2105 (Tertullion.,
1931 2028 2176 2098 Apolog.,

589 2157 707 2209 cap.
739 2138 830 2201 '55;
864 2136 1081 2205 August.
1105 2175 1119 2197 ,
1163 2131 1252 2184 lib.
1287 2145 1327 2184 ιι
1356 2129 1418 2182 de
1456 2124 1608 2181 Civit.
1632 2166 1647 2191 ,
1672 2141 1788 2195 cap.
1819 2123 1875 2189 8,
1908 2131 1955 2175 et
1987 2120 2173 2190 seqq.).

589 2231 950 2302 Quamobrem
979 2236 1125 2282 recte
1153 2225 1375 2279 omnino
1411 2229 1467 2276 et
1513 2235 1630 2275 eam
1676 2219 1729 2272 in
1776 2231 1890 2272 rem
1935 2215 2180 2285 apposite

589 2324 805 2394 scripsit
832 2320 1145 2377 Lactantius
1177 2337 1190 2372 :
1224 2336 1242 2367 ι
1277 2316 1412 2370 Num
1449 2313 1629 2383 pejus,
1659 2326 1817 2382 quam
1847 2309 2005 2364 iidem
2039 2309 2176 2378 ipsi,

587 2416 712 2489 qui,
741 2432 863 2471 cum
894 2413 1026 2469 deos
1056 2411 1237 2466 colere
1271 2424 1332 2464 se
1378 2407 1596 2471 dicant,
1631 2414 1808 2459 tamen
1838 2416 1933 2456 cos
1964 2400 2179 2471 publice

590 2510 924 2578 turpiterque
953 2505 1235 2568 derident,
1283 2502 1350 2557 de
1397 2499 1592 2572 quibus
1637 2498 1798 2553 etiam
1831 2496 2025 2551 mimos
2054 2509 2176 2550 cum

590 2604 698 2658 risu
728 2610 781 2655 et
811 2600 1083 2669 voluptate
1129 2595 1433 2667 patiuntur?
1462 2592 1644 2659 Qualis
1678 2591 1791 2645 haec
1834 2588 2024 2660 religio
2045 2629 2059 2654 ,
2087 2595 2181 2643 aut

588 2702 785 2767 quanta
819 2691 1073 2758 majestas
1103 2688 1338 2760 putanda
1369 2694 1454 2741 est
1474 2726 1488 2751 ,
1519 2669 1925 2755 qum‘adoratur
1955 2682 2008 2736 in
2038 2692 2177 2736 tem-

589 2788 724 2858 plis,
754 2785 991 2841 illuditnr
1021 2784 1074 2838 in
1109 2780 1367 2836 theatris?
1396 2780 1461 2834 Et
1503 2780 1594 2849 qui
1645 2779 1759 2833 haec
1807 2777 2031 2831 fecerint
2071 2790 2178 2831 non

586 2895 777 2949 poenas
811 2878 995 2932 violati
1030 2874 1265 2930 numinis
1293 2873 1561 2944 pendunt,
1593 2872 1687 2926 sed
1719 2870 1964 2926 honorati
1989 2870 2175 2938 etiam,

583 2971 894 3040 laudatique
941 2967 1225 3023 discedunt
1260 2986 1279 3018 ι
1337 2964 1619 3037 (Lactant.,
1666 2960 1755 3016 lib.
1809 2978 1866 3016 ιιι
1919 2961 2174 3026 Institut.,

584 3083 701 3135 cap.
748 3065 839 3126 20,
880 3079 999 3135 pag.
1020 3062 1171 3132 5‘26).
1201 3060 1311 3115 Nec
1342 3060 1521 3114 minus
1548 3058 1746 3113 acriter
1789 3056 1901 3126 jam
1932 3056 2179 3110 laudatus

583 3158 915 3231 Augustinus
963 3156 1339 3217 ethnicorum.
1387 3154 1477 3224 qui
1532 3154 1704 3222 turpia
1765 3151 1988 3206 deorum
2040 3152 2175 3204 facta

2281 1938 2502 1993 rabilius
2522 1938 2734 1993 divinos
2757 1941 2991 1992 honores
3014 1935 3299 1993 deierretis
3327 1935 3403 1989 illi
3436 1935 3704 2005 Scipioni,
3720 1952 3882 2007 quam

2280 2029 2413 2085 deos
2461 2030 2727 2099 ejusmodi
2771 2031 3044 2086 coleretis.
3075 2049 3095 2083 ι
3146 2029 3511 2097 Quamobrem
3559 2041 3753 2100 postea
3795 2030 3884 2084 ille

2283 2122 2425 2178 haud
2465 2122 2778 2179 dubitanter
2806 2124 3118 2193 pronuntiat
3152 2123 3238 2178 his
3288 2122 3429 2178 ludis
3482 2123 3753 2194 majorem
3798 2123 3882 2177 in-

2281 2227 2493 2270 vectum
2520 2214 2689 2271 fuisse
2727 2232 2956 2284 morum,
3000 2233 3160 2287 quam
3206 2231 3494 2286 corporum
3523 2226 3773 2287 pestem;
3809 2230 3883 2272 ta-

2281 2310 2438 2365 metsi
2460 2308 2619 2381 hujus
2647 2311 2902 2366 sanandae
2929 2325 3091 2367 causa
3120 2312 3394 2368 constituti
3424 2311 3765 2367 dicerentur.

2352 2400 2507 2456 Prius
2524 2415 2701 2459 autem
2718 2403 3027 2460 Lactantius
3052 2421 3064 2457 :
3088 2421 3109 2457 ι
3132 2404 3403 2459 Ludorum
3419 2404 3845 2473 celebrationes,
3859 2425 3877 2459 ι

2280 2492 2481 2564 inquit,
2518 2513 2537 2547 ι
2567 2494 2789 2550 deorum
2842 2498 2974 2552 lesta
3025 2506 3188 2561 sunt;
3240 2496 3506 2567 siquidem
3551 2497 3625 2551 ob
3671 2499 3882 2553 natales

2280 2600 2488 2651 eorum,
2521 2586 2605 2642 vel
2634 2588 2954 2658 templorum
2992 2604 3257 2643 novorum
3312 2589 3707 2644 :edilicationes
3760 2600 3887 2646 sunt

2279 2681 2576 2733 constituti.
2631 2680 2700 2736 Et
2732 2682 2978 2751 primitus
3006 2683 3221 2753 quidem
3250 2684 3566 2738 venationes
3586 2723 3603 2749 ,
3634 2700 3762 2754 qua:
3792 2700 3885 2739 vo-

2280 2782 2472 2826 cantur
2503 2788 2748 2840 munera,
2778 2774 3013 2831 Saturno
3042 2777 3316 2832 attributa:
3363 2786 3489 2830 sunt
3518 2794 3532 2829 :
3562 2776 3677 2831 ludi
3702 2790 3883 2833 autem

2279 2864 2479 2919 scenici
2510 2865 2729 2934 Libero,
2762 2867 3037 2924 circenses
3071 2867 3343 2939 Neptuno.
3375 2867 3642 2923 Paulatim
3669 2885 3807 2925 vero
3834 2880 3889 2926 et

2278 2957 2490 3011 caneris
2518 2957 2620 3013 diis
2646 2959 2788 3014 idem
2820 2959 2994 3015 honos
3022 2962 3185 3016 tribui
3213 2963 3400 3031 ctepit,
3430 2961 3744 3034 singuliqne
3775 2964 3889 3019 ludi

2277 3051 2588 3105 numinibus
2635 3067 2825 3107 eorum
2868 3054 3167 3109 consecrati
3222 3064 3369 3122 sunt,
3426 3056 3568 3111 sicut
3594 3056 3888 3114 Sisinnins

2277 3139 2470 3211 Capito
2499 3142 2731 3198 inlibris
2761 3144 3203 3214 Spectaculorum
3246 3147 3429 3202 docet.
3453 3146 3510 3201 Si
3554 3149 3678 3216 quis
3717 3151 3884 3220 igitur

581 3269 612 3307 η
670 3229 845 3322 (metis
891 3249 1014 3304 ﬁcta
1071 3264 1198 3305 esse
1258 3246 1605 3318 garriebanl,
1658 3244 2016 3299 insulsitatem
2083 3258 2168 3297 ca.
2206 3229 2250 3291 C
2280 3236 2601 3304 spectaculis
2627 3237 2890 3303 intereSt,
2933 3239 2998 3294 ad
3030 3255 3149 3309 qua:
3176 3240 3449 3310 religionis
3473 3241 3647 3312 gratia
3672 3256 3885 3297 conve-

582 3347 743 3417 stigat
765 3355 820 3399 et
846 3346 1139 3399 insectatur
1169 3359 1183 3394 :
1218 3360 1237 3393 ι
1270 3339 1406 3406 Quid
1438 3347 1596 3403 sunt,
1635 3356 1654 3387 ι
1692 3338 1894 3404 inquit,
1934 3354 1952 3386 ι
1986 3334 2052 3390 ad
2077 3334 2179 3390 hoc

579 3442 783 3497 malum
833 3438 1083 3494 Mercurii
1110 3437 1269 3505 _l'urta
1292 3475 1308 3501 ,
1342 3432 1570 3489 Veneris
1619 3431 1868 3492 lascivia,
1902 3440 2085 3500 stupra
2113 3446 2199 3499 ac.

580 3532 942 3603 turpitudines
969 3543 1291 3585 cancrorum
1318 3569 1332 3593 ,
1363 3541 1485 3596 quae
1515 3524 1879 3594 proferremus
1903 3524 1970 3578 de
2002 3524 2171 3589 libris,

577 3625 683 3680 nisi
712 3621 953 3691 quotidie
988 3628 1340 3675 cantarentur
1366 3629 1420 3672 et
1446 3617 1773 3671 saltarentur
1817 3616 1869 3670 in
1914 3614 2175 3671 theatris?

580 3719 686 3775 Sed
714 3718 829 3772 haec
855 3716 982 3787 quid
1016 3724 1139 3769 sunt
1166 3713 1233 3769 ad
1264 3700 1469 3767 tantum
1502 3711 1738 3778 malum,
1768 3711 1920 3781 cujus
1965 3711 2172 3782 magni-

576 3810 709 3865 tudo
739 3824 947 3879 magna:
982 3807 1137 3862 Matri
1188 3803 1556 3861 tantummodo
1605 3806 1982 3874 competebat;
2036 3821 2171 3874 prte-

575 3902 761 3959 sertim
791 3900 932 3972 quod
984 3900 1073 3954 illa
1122 3898 1374 3954 dicuntur
1423 3914 1452 3951 a
1503 3898 1674 3968 poetis
1730 3913 1853 3953 esse
1902 3897 2163 3964 conﬁcta,

576 3995 719 4069 quod
749 3997 858 4049 sint
885 3994 990 4049 diis
1017 4004 1167 4065 grata
1194 4002 1250 4049 et
1278 3993 1530 4063 accepta?
1561 3992 1628 4048 Ut
1662 4007 1793 4062 ergo
1818 4002 2161 4059 canerentur,

576 4097 632 4144 et
657 4087 1045 4149 scriberentur,
1079 4083 1304 4139 audacia
1338 4083 1445 4148 sit,
1494 4083 1579 4139 vel
1627 4084 1925 4154 petulantia
1979 4095 2167 4155 poeta-

573 4195 690 4235 rum
723 4196 736 4233 :
766 4189 824 4234 ut
854 4194 984 4235 vero
1021 4178 1217 4233 divinis
1267 4178 1428 4234 rebus
1466 4188 1523 4233 et
1570 4178 1899 4244 honoribus,
1955 4178 2161 4233 eisdem

568 4272 992 4343 imperantibus,
1044 4281 1098 4326 et
1150 4271 1595 4342 extorquentibus
1646 4272 1954 4326 numinibus
1993 4271 2159 4325 adde-

569 4376 778 4433 rentur,
810 4366 938 4436 quid
978 4376 1060 4420 est
1108 4366 1210 4420 nisi
1266 4348 1469 4420 crimen
1517 4365 1776 4430 deorum,
1825 4364 1990 4417 immo
2031 4378 2159 4418 vero

566 4460 839 4516 confessio
881 4459 1304 4525 daemoniorum,
1355 4470 1409 4516 et
1457 4459 1702 4529 deceptio
1732 4458 2097 4513 miserorum?
2131 4478 2151 4511 ι

565 4555 806 4627 (August.
836 4596 851 4618 ,
904 4555 968 4607 de
1013 4551 1160 4608 Civil.
1206 4554 1293 4607 lib.
1326 4569 1422 4619 vn,
1454 4569 1569 4620 cap.
1602 4550 1694 4618 26,
1750 4568 1869 4622 pag.
1921 4550 2058 4616 182;
2111 4560 2157 4605 et

2279 3331 2445 3395 nitur,
2474 3331 2721 3387 discessit
2752 3348 2782 3387 a
2815 3332 2905 3388 Dei
2933 3335 3101 3399 cultu,
3133 3343 3189 3389 et
3220 3334 3287 3389 ad
3318 3334 3450 3390 de0s
3502 3350 3563 3390 se
3610 3337 3880 3402 contulit,

2277 3439 2506 3492 quorum
2530 3426 2736 3480 natales
2752 3435 2807 3480 et
2823 3425 2959 3481 festa
2977 3427 3270 3482 celebravit
3292 3448 3312 3480 ι
3354 3426 3643 3498 (Laetam,
3674 3428 3770 3483 lib.
3823 3444 3880 3485 γι

2276 3514 2340 3568 de
2366 3530 2481 3569 vero
2513 3514 2688 3584 Cultu,
2717 3535 2832 3587 cap.
2865 3518 2959 3584 20,
2992 3537 3113 3591 pag.
3138 3518 3288 3591 62l).

2344 3608 2707 3665 Tertttliiattus
2728 3627 2857 3667 vero
2886 3613 3001 3667 haec
3029 3613 3364 3685 longulusius
3388 3616 3599 3688 integro
3614 3617 3686 3675 de
3703 3619 3877 3691 Spec-

2274 3703 2465 3758 taculis
2522 3704 2662 3760 libro
2723 3708 3069 3777 prosequimr
3128 3707 3393 3775 (Tertull.,
3439 3712 3533 3765 lib.
3576 3712 3642 3766 de
3667 3713 3877 3785 Spect.,

2272 3813 2394 3868 pag.
2426 3797 2518 3862 89,
2545 3807 2592 3852 et
2622 3798 2809 3871 seqq.).
2835 3800 2894 3854 in
2922 3817 2989 3856 eo
3017 3802 3159 3857 enim
3192 3803 3503 3873 planissime
3530 3805 3875 3865 demonstrat

2270 3887 2392 3945 illos
2422 3906 2612 3947 omnes
2639 3892 2914 3948 solemnes
2958 3894 3241 3965 gentilium
3287 3895 3444 3952 ludos
3486 3898 3703 3968 origine
3732 3915 3831 3956 sua
3854 3943 3869 3969 ,

2268 3982 2458 4049 titulis,
2493 3994 2550 4039 et
2573 3996 2834 4056 apparatu
2861 3987 2936 4041 ita
2973 3987 3040 4043 ad
3091 3989 3449 4045 idololatriam
3481 3994 3783 4062 pertinere,
3817 4004 3873 4050 ut

2265 4076 2398 4131 nulli
2425 4076 2724 4134 christiano
2753 4079 2820 4134 iis
2841 4079 3053 4143 adesse.
3078 4081 3316 4153 illosque
3340 4095 3590 4157 spectare
3614 4103 3870 4161 umquam

2262 4167 2493 4225 licuerit.
2527 4173 2887 4239 Quamobrem
2922 4174 3193 4231 Arnobius
3217 4177 3353 4231 dixit
3379 4192 3476 4233 eos
3499 4179 3569 4233 ab
3593 4181 3832 4237 ethnicis
3850 4221 3868 4246 ,

2262 4266 2568 4335 religionum
2615 4268 2746 4321 inter
2789 4268 2964 4337 ofﬁcia
3011 4269 3279 4341 deputari,
3328 4273 3521 4343 quibus
3565 4274 3702 4331 deos
3740 4290 3870 4332 suos

2262 4357 2515 4414 honorari
2559 4361 2956 4417 arbitrabantur
3009 4364 3257 4435 (Arnob,
3309 4367 3399 4422 lib.
3430 4382 3522 4435 vu,
3554 4385 3679 4440 pag.
3711 4369 3868 4442 258).

2258 4454 2363 4509 Sed
2389 4458 2680 4526 quomodo,
2707 4475 2803 4514 oro
2827 4470 2895 4527 te,
2923 4461 2998 4515 dii
3029 4461 3168 4517 ludis
3195 4462 3447 4517 honorari
3475 4471 3749 4533 poterant,
3775 4465 3873 4537 qui

2258 4550 2562 4618 turpissima
2590 4554 2883 4625 agebantur
2909 4556 3296 4613 obsctenitate?

554 4613 653 4701 ‘l‘ib.
676 4613 760 4714 iv,
789 4665 905 4717 cap.
932 4649 1018 4709 10.
1053 4646 1324 4720 pag.‘96.)
1352 4647 1489 4713 Quin
1523 4644 1683 4701 etiam
1714 4613 1828 4698 haec
1856 4644 2081 4699 deorum
2102 4653 2157 4699 et
2182 4613 2234 4673 Β
2332 4644 2474 4699 Duos
2513 4613 2692 4701 autem
2738 4656 2943 4703 tantum
2988 4659 3177 4705 auctor
3206 4660 3390 4707 noster
3416 4632 3743 4710 nominatim
3768 4670 3865 4728 ap-

560 4741 790 4795 crimina
840 4751 1024 4796 essent
1071 4741 1443 4806 incredibilia,
1490 4738 1592 4792 nisi
1623 4738 1676 4791 in
1701 4737 1922 4792 theatris
1944 4780 1958 4804 ,
1988 4736 2039 4791 in
2070 4753 2158 4793 eo-

558 4848 680 4890 rum
708 4835 969 4890 honorem
999 4833 1257 4890 institutis
1278 4875 1294 4899 ,
1328 4831 1691 4889 libentissime
1719 4842 2113 4901 spectarentur.
2162 4812 2171 4827 ’

1171 4985 1468 5027 Αιιτιςυιυε
1507 4986 1563 5023 ll.

555 5084 663 5144 Quo
681 5091 821 5146 pacto
840 5085 1087 5135 Arnobius
1103 5082 1246 5133 falsos
1267 5098 1378 5133 esse
1404 5083 1660 5146 gentilium
1685 5082 1805 5133 deos
1826 5084 2147 5146 demonstret,

616 5161 677 5196 ex
722 5148 845 5196 ludis
881 5145 1183 5196 solemnibus
1221 5147 1269 5194 in
1311 5155 1480 5195 eorum
1522 5145 1757 5195 honorem
1802 5148 2051 5207 exhibitis,
2092 5145 2149 5199 ac

612 5211 884 5273 prmsertim
910 5208 1195 5273 Floralibus,
1219 5208 1674 5273 acMegalensibus,
1691 5210 1815 5260 etde
1831 5213 2148 5273 quorumdam

610 5271 989 5329 instauratione;
1015 5270 1078 5333 de
1103 5271 1367 5333 comoediis,
1410 5272 1659 5332 tragmdiis
1679 5310 1692 5333 ,
1722 5281 1773 5323 et
1812 5270 2052 5323 Atellanis
2077 5274 2146 5321 l‘a-

610 5333 758 5398 bulis,
785 5345 894 5395 quae
915 5334 964 5398 in
989 5332 1163 5381 iisdem
1185 5331 1310 5398 ludis
1327 5331 1629 5397 agebantur;
1657 5331 1721 5385 de
1746 5338 2045 5398 stuliidnrum
2065 5349 2146 5385 ca-

609 5397 790 5460 pitibus
828 5396 969 5454 rasis,
1009 5402 1160 5458 atque
1198 5395 1511 5460 salepiiarutu
1546 5402 1725 5459 sonitu,
1766 5395 2145 5450 et‘fasciuorum

2254 4736 2456 4806 pellat,
2489 4738 2730 4796 Florales
2759 4753 2814 4797 et
2841 4741 3172 4814 Megalenses
3192 4784 3207 4808 ,
3249 4744 3371 4814 quia
3403 4745 3644 4816 singulos
3673 4763 3867 4805 recen-

2252 4842 2376 4884 sere
2420 4830 2629 4901 longius
2682 4833 2909 4901 luisset,
2954 4847 3115 4906 atque
3142 4836 3332 4890 horum
3358 4838 3609 4907 exemplo
3632 4840 3770 4910 quid
3796 4840 3866 4896 de

2252 4921 2372 4977 aliis
2394 4923 2741 4993 judicandum
2766 4970 2782 4995 ,
2815 4943 3008 4984 omnes
3036 4910 3609 5000 facile'intelligebant.

2327 5015 2571 5075 Florales
2601 5036 2749 5083 vero.
2782 5024 2895 5076 sive
2925 5020 3193 5089 Floralia,
3241 5022 3699 5093 quemadmodum
3751 5026 3854 5083 οι).

2255 5115 2487 5166 servavit
2517 5113 2815 5169 Macrobius
2837 5154 2852 5177 ,
2887 5115 2994 5176 ludi
3024 5125 3079 5169 et
3105 5115 3238 5171 festa
3284 5127 3474 5184 erant,
3505 5134 3628 5188 qua:
3657 5135 3865 5177 nomen

2255 5217 2308 5260 et
2334 5208 2595 5276 originem
2614 5208 2883 5262 duxerunt
2928 5225 2958 5263 a
2982 5209 3184 5263 famosa
3206 5212 3514 5278 meretrice,
3537 5228 3661 5282 quae
3685 5215 3862 5283 prius,

2253 5296 2389 5351 sicut
2414 5298 2540 5352 alibi
2570 5301 2966 5363 annotavimus.
2991 5302 3201 5359 Chloris
3222 5314 3548 5373 nuncupata.
3579 5306 3680 5360 hos
3701 5307 3864 5362 ludos

2250 5405 2315 5446 ex
2363 5395 2621 5461 pecunia,
2674 5395 2815 5465 turpi
2860 5399 3102 5466 corporis
3151 5408 3356 5468 quaestu
3406 5410 3611 5467 coacta,
3645 5401 3862 5456 institui

607 5459 808 5507 whom
2246 5488 2415 5541 voluit
2441 5487 2460 5560 (
2485 5487 2743 5556 Macrob,
2776 5489 2863 5544 lib.
2905 5507 2921 5545 ι
2972 5459 3242 5548 Saturnal.
3262 5534 3279 5561 ,
3309 5510 3427 5563 cap.
3449 5499 3519 5557 4;
3553 5459 3779 5550 Dissert.
3806 5497 3862 5550 in

616 5582 766 5638 Ficta
792 5583 859 5638 ab
888 5583 1118 5640 ethnicis
1147 5586 1370 5643 deorum
1399 5603 1616 5644 suorum
1641 5598 1828 5643 natura
1851 5631 1865 5654 ,
1889 5589 2140 5658 majestas
2245 5582 2469 5649 Μίνωα,
2501 5601 2615 5653 cap.
2652 5587 2737 5648 18,
2768 5595 2869 5639 art.
2898 5584 2987 5657 5).
3019 5588 3126 5643 Sed
3155 5601 3210 5642 ut
3233 5588 3444 5643 infamis
3463 5588 3861 5659 adeo'originis

539 5678 796 5740 mentita,
828 5688 882 5733 et
910 5681 1318 5749 superstitiosus
1367 5683 1583 5737 illormn
1633 5682 1806 5736 cultus
1850 5682 2143 5738 evidentis-

2276 5676 2501 5731 iemoria
2547 5677 2825 5734 obliterari
2854 5680 3060 5735 facilius
3102 5692 3304 5751 posset,
3334 5697 3477 5747 eam,
3511 5693 3719 5738 mutato
3751 5698 3853 5739 no-

540 5770 677 5824 sime
706 5770 881 5827 adhuc
911 5754 1417 5830 demonstrabantur
1443 5774 1670 5845 publicis
1704 5774 1771 5827 iis
1800 5774 1939 5829 ludis
1959 5815 1974 5840 ,
2004 5791 2139 5844 quos
2240 5769 2405 5835 mine.
2426 5768 2664 5838 Florum,
2694 5772 3123 5843 appellaverunt,
3153 5773 3530 5845 ﬁnxeruntque
3557 5790 3679 5830 eam
3710 5790 3855 5845 pra:-

541 5861 700 5933 jidcm
759 5865 979 5934 ethnici,
1040 5866 1209 5938 inquit
1253 5868 1523 5924 Arnobius
1587 5865 1819 5935 (Arnob.
1845 5911 1860 5938 ,
1893 5869 1979 5924 lib.
2042 5886 2130 5938 vn,
2237 5866 2414 5925 sidere
2440 5868 2684 5927 ﬂoribus.
2719 5869 3103 5929 Verumtamen
3147 5871 3366 5928 missam
3414 5870 3627 5941 penitus
3657 5871 3856 5929 nolue-
