4000 6276
122 354 139 369 ’
180 356 280 413 561

1384 361 1452 419 ΙΝ
1487 359 1839 418 ARNOBIUM
1864 403 1879 428 ,
1919 361 2071 418 CAP.
2113 362 2229 419 XV.

3358 360 3465 419 562

176 490 305 539 runt
335 489 442 538 tam
484 492 689 555 gratam
730 483 831 539 sibi
875 481 1150 554 ﬂagitiosm
1190 481 1425 538 auctoris
1471 480 1762 535 lasciviam.
1797 481 1850 542 Α
1875 480 2027 536 ludos
2053 496 2145 537 eos
2169 497 2393 553 quorum
2426 480 2614 551 religio
2644 488 2786 534 tanta
2813 488 2912 545 est,
2946 489 3005 535 ut
3033 495 3103 537 ex
3129 480 3331 534 ultimis
3356 489 3467 535 ter-

178 573 348 631 Nobis
374 577 419 632 si
448 576 606 632 iidem
641 576 937 631 habendam
968 575 1205 638 dubites,
1236 576 1380 629 illam
1412 574 1603 629 Ovidio
1628 572 1772 628 haud

175 668 343 724 dubie
375 686 482 724 non
511 669 819 739 deuegabis,
854 669 1007 737 cujus
1037 667 1152 722 haec
1176 677 1301 722 sunt
1323 666 1390 721 de
1424 666 1612 721 horum
1642 664 1771 721 Flo-

173 762 370 818 ralium
404 763 738 818 institutione
763 762 1001 816 carmina
1034 778 1048 815 :

300 877 592 931 Convenere
617 878 804 934 Patres.
834 885 885 927 et
907 879 945 927 si
972 879 1103 926 bene
1127 877 1302 926 ﬂoreat
1329 888 1500 934 annus,

364 942 650 991 Numinibus
672 942 855 990 nostris
875 952 1032 989 annua
1052 939 1175 990 festa
1199 948 1396 989 vovent.

268 1004 542 1054 Annuimus
565 1006 690 1052 votis
707 1042 722 1063 ,
745 1003 913 1054 consul
937 1017 1047 1052 cum
1066 1003 1267 1054 consule
1292 1000 1432 1051 ludos

364 1065 646 1115 Posthumio
669 1065 839 1116 Lanius
863 1065 1147 1125 persolvere
1169 1065 1302 1114 mihi.

267 1133 506 1191 Quaerere
529 1130 739 1177 conabar
761 1140 915 1190 quare
942 1127 1134 1176 lascivia
1160 1128 1309 1191 major
1329 1126 1341 1149 ⁷

358 1190 447 1240 His
468 1190 594 1240 foret
618 1194 664 1240 in
689 1189 831 1248 ludis,
858 1191 1161 1252 liberiorque
1179 1189 1331 1249 iocus.

266 1253 366 1303 Sed
392 1254 505 1302 mihi
531 1255 785 1312 succurrit,
812 1265 987 1301 nomen
1016 1267 1108 1301 non
1132 1267 1241 1302 ρδειε
1266 1264 1516 1311 severum,

359 1314 585 1379 Aptaque
602 1314 795 1365 deliciis
813 1328 1016 1364 munera
1043 1316 1176 1365 t'erre
1199 1315 1361 1363 deam.

932 1379 1119 1463 (om,
1144 1396 1230 1448 lib.
1257 1414 1289 1448 ν
1312 1399 1525 1455 Fastor.,
1551 1396 1578 1457 δ
1600 1396 1673 1456 δ.)

169 1506 247 1565 lbi
278 1524 407 1565 vero
451 1508 542 1564 ille
590 1508 734 1563 varia
785 1509 838 1563 in
887 1508 1035 1564 hisce
1083 1507 1223 1562 ludis
1268 1507 1501 1563 admissa
1535 1507 1767 1562 lascivim

106 1591 125 1603 ’
166 1616 371 1672 genera
413 1600 706 1666 describit,
736 1616 855 1671 qua:
900 1602 944 1655 si
967 1610 1138 1663 vacat,
1170 1601 1349 1669 legere
1380 1600 1598 1671 poteris.
1626 1598 1767 1655 Con-

170 1695 324 1749 sules
376 1708 538 1764 porro
565 1693 634 1749 ab
664 1708 730 1749 eo
759 1702 1012 1749 notantur
1037 1694 1380 1748 Postbumius
1408 1693 1659 1760 Albinus,
1714 1701 1769 1747 et

166 1784 688 1856 M.PopiliusLaena,
722 1786 963 1857 aquibus
996 1787 1046 1841 bi
1070 1786 1181 1841 ludi
1213 1786 1439 1857 primum
1463 1785 1589 1841 editi
1617 1795 1762 1840 sunt.

171 1879 231 1934 Si
265 1891 519 1948 praeterea
544 1896 754 1951 quaeras
779 1896 894 1948 cur,
928 1880 1080 1951 cujus
1106 1882 1279 1950 jussu,
1310 1896 1415 1951 quo
1443 1881 1602 1936 Urbis
1628 1895 1759 1935 cou-
1790 1865 1838 1925 Β

169 1971 298 2027 dice
328 1988 469 2027 anno
519 1974 778 2040 instituti,
827 1989 889 2029 ac
936 1990 1041 2044 quo
1082 1974 1207 2029 anni
1233 1974 1319 2028 die
1348 1983 1654 2044 agerentur,
1683 1971 1765 2027 his

164 2065 344 2121 disces
376 2066 530 2122 Plinii
564 2067 743 2121 verbis
769 2084 783 2122 :
820 2085 838 2117 ι
877 2066 1103 2121 Floralia
1130 2075 1320 2137 quarto
1346 2064 1602 2120 kalendas
1623 2065 1765 2136 ejus-

164 2163 289 2219 dem
312 2206 328 2229 ,
366 2183 385 2216 ι
419 2163 576 2227 maii,
615 2182 634 2215 ι
669 2162 1054 2228 instituerunt,
1097 2160 1258 2218 Urbis
1309 2176 1450 2216 anno
1481 2159 1666 2223 DXIV,
1695 2175 1761 2215 ex

167 2257 403 2313 oraculis
428 2255 668 2328 Sibyllae,
696 2267 754 2310 ut
776 2256 955 2309 omnia
983 2256 1118 2309 bene
1139 2255 1581 2310 deﬂorescerent.
1610 2254 1761 2308 Hunc

169 2348 338 2403 Varro
367 2348 721 2413 determinat;
765 2346 883 2402 sole
913 2346 1075 2401 Tauri
1119 2357 1324 2418 partem
1370 2357 1618 2415 quartam
1662 2345 1758 2399 de-

163 2442 358 2495 cimam
391 2440 684 2496 obtinente.
720 2440 859 2511 Ergo
886 2441 929 2494 si
988 2441 1038 2494 in
1083 2440 1182 2493 hoc
1232 2437 1574 2510 quatriduum
1628 2438 1762 2493 inci-

164 2532 308 2587 derit
344 2532 689 2597 plenilunium
712 2573 727 2598 ,
762 2531 968 2602 fruges,
996 2543 1049 2586 et
1075 2532 1252 2586 omnia
1274 2575 1289 2599 ,
1318 2548 1436 2602 quae
1467 2530 1758 2597 ﬂorebunt,

163 2626 286 2683 l'wdi
327 2643 547 2682 necesse
576 2626 675 2681 erit
743 2644 762 2678 ι
796 2625 999 2698 (Plia.,
1035 2626 1121 2680 lib.
1169 2642 1296 2680 xvtn
1358 2624 1495 2679 Hist.
1545 2608 1756 2689 natum,

163 2735 281 2791 cap.
316 2719 403 2785 19,
431 2736 553 2791 pag.
588 2717 736 2789 527).
770 2718 825 2771 lu
877 2716 1025 2772 fastis
1076 2727 1253 2772 autem
1290 2716 1615 2772 kalendariis
1658 2730 1756 2769 no-

163 2822 351 2868 tantur
373 2829 448 2877 vt,
480 2812 781 2882 kal.jnnii,
834 2820 889 2866 et
930 2812 983 2865 in
1030 2809 1342 2865 kalendario
1394 2810 1613 2864 Rustico
1657 2808 1758 2863 sub

162 2907 291 2961 maii
334 2906 534 2960 mensis
575 2903 757 2960 linem.
801 2904 961 2959 Plura
1007 2907 1073 2958 de
1102 2904 1243 2959 ludis
1275 2904 1379 2958 illis
1407 2902 1633 2957 maxima
1664 2902 1759 2957 ob-

161 2998 449 3053 scoenitate
476 3007 531 3052 et
584 2997 799 3051 lascivia
856 2996 1139 3051 celebratis
1188 2995 1233 3050 si
1271 2995 1578 3060 desideres,
1608 2993 1758 3049 adire

161 3090 370 3162 peteris
403 3088 724 3157 Varronem,
756 3086 1072 3144 Ciceronem
1101 3132 1115 3148 .
1171 3089 1508 3156 Suetonium,
1545 3088 1755 3143 Martia-

163 3184 272 3239 lem
295 3225 310 3248 ,
344 3182 616 3238 Valerium
645 3182 931 3237 Maximum
955 3225 969 3242 .
1016 3192 1173 3253 atque
1220 3183 1273 3236 in
1304 3183 1491 3252 primis
1524 3180 1751 3236 Lactan-

1875 577 1951 633 ris
1977 578 2261 639 accersita,
2307 577 2357 630 in
2411 575 2508 629 hac
2538 574 2669 628 urbe
2698 573 3033 639 comederit;
3076 572 3166 642 qui
3198 571 3285 625 ιιιιί
3328 570 3461 640 ludi,

1875 687 1942 725 ne
1972 670 2136 726 verbo
2162 668 2375 741 quidem
2397 667 2735 737 appellantur
2762 666 2947 729 latino,
2977 674 3036 720 ut
3062 662 3323 719 vocabulo
3347 665 3464 731 ipso

1873 772 1928 818 et
1965 763 2201 832 appetita
2232 762 2420 831 religio
2445 770 2687 824 externa,
2718 768 2772 814 et
2793 758 2975 813 Matris
3018 772 3223 827 magnae
3247 754 3464 810 nomine

1869 864 2119 921 suscepta
2147 853 2453 907 declaretur
2485 870 2497 905 :
2534 853 2630 906 bos
2660 851 2817 905 ludos
2843 850 2985 905 servi
3024 849 3288 914 fecerunt,
3319 848 3459 902 servi

1871 956 2278 1018 spectaverunt;
2307 956 2414 1000 tota
2442 945 2698 1015 denique.
2726 944 2831 999 hoc
2855 943 3028 1005 aedile,
3054 956 3328 997 servorum
3358 940 3461 995 Me-

1869 1041 2067 1111 galesia
2108 1038 2321 1093 fuerunt
2355 1059 2374 1090 ι
2413 1035 2573 1111 (Liv.,
2604 1037 2694 1092 lib.
2752 1052 2899 1100 χχιιι,
2932 1052 3045 1105 cap.
3080 1036 3147 1100 7;
3180 1034 3285 1090 Cic.
3321 1043 3455 1087 orat.

1870 1134 1958 1200 50,
1984 1135 2047 1187 de
2072 1134 2282 1203 harusp.
2321 1132 2498 1199 Resp,
2533 1149 2651 1202 pag.
2680 1130 2804 1193 452,
2839 1130 2931 1183 lin.
2963 1129 3034 1184 56
3061 1138 3107 1182 et
3136 1123 3320 1198 seqq.).

1940 1227 2145 1296 Quanta
2175 1237 2350 1281 autem
2382 1222 2663 1294 religione,
2716 1222 2800 1277 vel
2841 1222 3013 1292 potius
3049 1218 3453 1290 superstitione,

1870 1322 1924 1376 hi
1951 1320 2149 1389 aliique
2179 1319 2450 1373 solemnes
2479 1318 2587 1372 ludi
2610 1317 2676 1370 ab
2704 1315 2936 1371 ethnicis
2963 1312 3174 1378 ﬁerent,
3215 1326 3321 1366 non
3367 1324 3457 1364 so-

1869 1414 1978 1468 lum
1998 1429 2062 1467 ex
2088 1412 2169 1467 his
2197 1411 2354 1481 liquet
2373 1410 2650 1466 Ciceronis
2667 1407 2863 1473 verbis,
2886 1406 2979 1462 sed
3004 1421 3068 1460 eo
3090 1404 3450 1477 potissimum,

1869 1504 2009 1576 quod
2032 1504 2074 1557 si
2114 1517 2221 1574 quo
2255 1502 2337 1557 vel
2361 1500 2584 1555 minimo
2614 1499 2810 1555 delicto
2857 1497 3038 1567 polluti
3078 1495 3448 1559 crederentur,

1869 1610 2052 1673 poslea
2083 1598 2272 1669 majori
2299 1613 2425 1652 cura
2455 1606 2509 1651 et
2548 1594 2908 1650 sollicitudine
2952 1589 3236 1645 instaurari
3284 1586 3450 1643 debe-

1867 1696 2015 1752 bant.
2040 1694 2377 1763 Quapropter
2409 1688 2672 1745 Arnobius
2704 1688 2819 1741 iure
2838 1685 3185 1756 adipsosmet
3208 1680 3451 1736 ethnicos

1868 1787 2032 1843 verba
2063 1785 2218 1841 fecit:
2242 1804 2258 1837 ι
2291 1783 2346 1837 ln
2369 1780 2677 1838 cerimoniis
2700 1780 2914 1843 vestris,
2941 1777 3209 1845 rebusque
3233 1772 3446 1836 divinis,

1868 1880 2256 1953 posmlionibus
2304 1876 2495 1931 vestris
2546 1873 2699 1928 locus
2741 1881 2843 1936 est,
2891 1878 2945 1925 et
2992 1867 3213 1938 piaculis
3256 1865 3450 1921 dicitur

1866 1982 2137 2028 contracta
2153 1985 2275 2027 esse
2294 1967 2624 2029 commissio,
2645 1966 2687 2019 si
2710 1980 2805 2035 per
2820 1960 3194 2032 imprudentia:
3216 1960 3445 2029 lapsum,

1866 2066 2036 2118 autin
2072 2063 2236 2118 verbo
2262 2060 2547 2132 quispiam,
2597 2066 2690 2111 aut
2732 2053 3012 2128 sympuvio
3066 2050 3347 2114 deerrarit,
3402 2047 3449 2102 si

1864 2172 2025 2212 cursu
2049 2156 2100 2208 in
2124 2152 2453 2208 solemnibus
2482 2148 2641 2214 ludis,
2667 2145 3053 2214 curriculisque
3081 2142 3275 2197 divinis
3298 2155 3449 2195 com-

1866 2250 2109 2309 missum,
2140 2260 2327 2301 omnes
2358 2243 2535 2297 statim
2566 2242 2617 2296 in
2648 2240 2937 2311 religiones
2973 2236 3216 2292 clamatis
3242 2247 3443 2294 sacras.

1863 2343 1906 2396 si
1936 2340 2139 2396 Ludius
2193 2341 2311 2411 (ms.
2345 2333 2565 2408 Lydius)
2592 2333 2848 2395 constitit,
2874 2340 2967 2385 aut
2989 2330 3200 2384 tibicem
3222 2337 3445 2398 repente

1862 2434 2153 2496 conticuit;
2201 2441 2294 2485 aut
2339 2431 2383 2485 si
2432 2428 2685 2498 patrimus
2729 2424 2840 2491 ille,
2876 2423 2967 2495 qui
2996 2423 3258 2477 vocitatur
3288 2434 3442 2490 puer,

1862 2528 2044 2583 omisit
2090 2541 2183 2595 per
2228 2521 2579 2594 ignorantiam
2629 2519 2825 2584 lorum,
2877 2524 2968 2569 aut
3016 2523 3214 2568 terram
3262 2520 3445 2565 tenere

1861 2636 1965 2674 non
1999 2619 2169 2688 potuit
2228 2636 2246 2667 ι
2284 2613 2522 2684 (Arnob,
2569 2612 2637 2667 lib
2686 2627 2759 2674 tv,
2794 2627 2914 2681 pag.
2956 2607 3105 2674 M9).
3140 2604 3290 2661 Unde
3316 2617 3445 2659 vero

1863 2714 1979 2767 ham
2005 2712 2093 2766 ille
2118 2708 2406 2778 acceperit,
2451 2707 2494 2760 si
2550 2705 2667 2776 quis
2707 2719 2773 2758 ex
2821 2700 2975 2755 nobis
3021 2699 3341 2779 sciscitetur,
3387 2695 3444 2750 in

1861 2815 2109 2877 promptu
2138 2800 2419 2870 rcSponsio
2448 2808 2550 2863 est,
2580 2798 2706 2852 illud
2734 2796 3021 2850 delibatum
3060 2808 3124 2848 ex
3147 2794 3257 2862 jam
3280 2791 3441 2845 citata

1859 2897 2136 2954 Ciceronis
2166 2890 2525 2950 orationeri
2556 2890 2752 2945 etenim
2774 2905 2788 2919 ο
2810 2906 2829 2938 ι
2863 2887 2918 2941 Si
2947 2884 3170 2949 Ludius,
3198 2902 3218 2935 ι
3249 2881 3440 2951 inquit,

1865 3012 1885 3046 ι
1913 2991 2173 3055 constitit,
2226 2997 2318 3043 aut
2358 2987 2572 3041 tibicem
2623 2990 2844 3052 repente
2871 2980 3146 3043 conticuit,
3193 2985 3283 3030 aut
3313 2989 3444 3044 puer

1859 3087 1950 3143 ille
1978 3086 2235 3158 patrimus
2262 3091 2316 3136 et
2345 3080 2645 3140 matrimus,
2678 3077 2722 3130 si
2773 3086 2966 3130 terram
2996 3088 3101 3127 non
3131 3070 3321 3135 tenuit,
3349 3076 3444 3121 aut

1861 3193 2091 3245 tensam,
2122 3186 2213 3231 aut
2240 3177 2410 3230 lorum
2438 3172 2635 3237 amisit,
2664 3178 2757 3224 aut
2780 3171 2822 3224 si
2851 3166 3024 3221 aedilis
3055 3163 3240 3223 verbo.
3273 3170 3365 3215 aut
3394 3161 3442 3214 si

160 3275 300 3330 tium
326 3319 340 3341 ,
369 3275 457 3345 qui
485 3275 685 3331 erroris
708 3284 891 3330 tamen
915 3275 1194 3343 cujusdam
1223 3290 1249 3327 a
1272 3272 1383 3329 Vos
1414 3275 1465 3327 io
1492 3274 1750 3343 arguitur,
1783 3245 1828 3307 Ο
1859 3284 1992 3330 nutu
2030 3269 2320 3346 aberravit,
2347 3265 2455 3320 ludi
2477 3271 2601 3318 sunt
2627 3277 2733 3317 non
2772 3261 2875 3315 rite
2896 3256 3040 3321 farti,
3068 3269 3237 3324 eaque
3263 3258 3442 3307 errata

157 3368 257 3424 sed
309 3380 485 3423 utrmn
528 3370 677 3439 jure,
730 3369 814 3424 vel
864 3370 1053 3437 injuria
1087 3384 1184 3421 suo
1213 3368 1331 3422 loco
1387 3367 1756 3437 expendemus

158 3462 183 3531 (
219 3458 401 3515 Varro.
426 3503 441 3523 ,
492 3460 580 3514 lib.
628 3477 681 3514 tv
726 3462 789 3514 de
832 3459 981 3531 Ling.
1018 3461 1191 3527 latin.,
1242 3476 1361 3530 pag.
1394 3460 1481 3522 18,
1507 3459 1595 3514 lib.
1629 3457 1748 3512 Her.

156 3564 293 3609 rust.
324 3570 438 3623 cap.
472 3555 527 3615 1;
552 3552 659 3608 Cic.
686 3595 699 3616 ,
726 3564 859 3607 orat.
906 3554 940 3608 4
977 3554 1028 3606 in
1067 3551 1210 3606 Verr.
1234 3594 1250 3618 ,
1300 3569 1417 3622 pag.
1447 3551 1569 3613 194;
1605 3550 1749 3606 Suet.

155 3646 216 3699 in
258 3641 361 3698 Vit.
385 3643 531 3699 Galb.
557 3686 572 3709 ,
600 3644 654 3708 6,
688 3642 715 3716 ᾗ
744 3645 797 3710 6;
831 3643 944 3697 Val.
973 3643 1142 3708 Μαῖα,
1173 3643 1259 3698 lib.
1289 3659 1346 3707 ιι,
1370 3660 1483 3713 cap.
1512 3642 1598 3708 10,
1633 3640 1660 3712 §
1689 3641 1753 3703 8;

159 3738 400 3793 Martial.
424 3780 438 3799 ,
496 3738 582 3792 lib.
627 3754 665 3801 ι,
710 3739 872 3809 cpigr.
903 3739 938 3791 5
962 3748 1007 3790 et
1036 3738 1137 3803 36;
1203 3738 1416 3809 August.
1445 3779 1461 3804 ,
1514 3727 1600 3791 lib.
1628 3751 1664 3790 ιι
1697 3737 1759 3790 de

160 3830 312 3885 Civit.
345 3846 460 3899 cap.
487 3830 577 3892 27,
611 3847 731 3901 pag.
761 3828 871 3899 57).

240 3923 569 3991 Megalenses
624 3938 751 3975 vero
803 3921 913 3976 ludi
968 3922 1018 3974 in
1067 3920 1246 3979 Matris
1271 3921 1430 3977 deum
1463 3920 1753 3987 honorem,

157 4020 422 4088 inSpectis
455 4019 605 4073 libris
644 4018 940 4092 Sibyllinis,
972 4018 1171 4073 decreti
1213 4018 1444 4073 fuerant.
1475 4019 1552 4073 Eo
1580 4029 1754 4074 autem

156 4114 384 4169 nomine
411 4113 704 4183 appellatos
736 4111 1041 4181 perhibent,
1073 4112 1191 4182 quia
1220 4112 1541 4167 Pessinunte
1569 4154 1583 4178 ,
1616 4112 1755 4166 unde

164 4209 271 4263 dea
321 4208 428 4269 illa,
480 4208 592 4261 sive
640 4206 756 4276 ejus
805 4203 1010 4276 efﬁgies
1043 4204 1266 4259 Romam
1314 4214 1584 4275 asportata
1641 4215 1751 4269 est,

159 4313 503 4362 exstructum
551 4302 649 4358 fuit
674 4302 1082 4358 celeberrimum
1112 4301 1254 4355 illius
1284 4303 1562 4372 templum,
1592 4301 1754 4371 quod,

161 4398 412 4454 Varrone
451 4390 1118 4465 attestante,’Megalesion
1149 4395 1569 4464 nnncupabatnr.
1600 4412 1619 4445 ‹
1647 4393 1755 4449 Me-

158 4493 398 4565 galesia,
442 4511 460 4542 ι
498 4490 669 4559 inquit
695 4488 785 4543 ille
808 4530 823 4552 ,
862 4507 880 4537 ι
915 4489 1057 4543 dicta
1088 4504 1118 4542 a
1144 4486 1367 4554 Graecis,
1399 4486 1541 4557 quod
1587 4502 1654 4542 ex
1694 4486 1757 4541 li-

161 4585 280 4642 bris
316 4582 581 4654 sibyllinis
634 4580 891 4636 accersita
938 4582 1005 4635 ab
1052 4580 1260 4647 Attalo,
1318 4596 1445 4651 rege
1473 4580 1751 4650 Pergami,

162 4690 335 4747 prope
380 4689 589 4728 murum
636 4672 994 4742 Megalesion,
1038 4672 1125 4726 ubi
1174 4672 1432 4741 templum
1460 4671 1576 4740 ejus
1604 4671 1751 4737 deae,

161 4768 309 4824 unde
334 4768 555 4821 advecta
597 4765 822 4820 Romam
853 4785 871 4817 ι
900 4761 1110 4835 (Vana,
1135 4763 1224 4817 lib.
1255 4780 1285 4816 v
1308 4763 1370 4816 de
1399 4762 1549 4833 Ling.
1579 4762 1749 4829 latim,

158 4882 284 4937 pag.
319 4865 433 4933 49).
467 4866 535 4917 At
563 4875 873 4931 persuasum
901 4859 1138 4929 Scaliger
1167 4858 1326 4913 habet
1355 4868 1607 4926 corrupta
1635 4872 1756 4913 esse

157 4977 228 5018 ea
262 4958 420 5012 verba
454 4957 710 5011 Varronis
730 4997 744 5015 .
777 4971 936 5026 prope
965 4970 1197 5020 murum,
1228 4962 1283 5009 et
1320 4952 1599 5023 legendum
1627 4951 1751 5007 Pes-

157 5056 396 5116 sinunte,
427 5052 507 5105 vel
533 5055 633 5108 ἀπὸ
658 5054 848 5130 μητρὸς
873 5052 1087 5125 μεγάλης
1107 5092 1121 5117 ,
1146 5064 1467 5120 quamquam
1496 5052 1565 5119 λιιι
1612 5047 1754 5117 prio-

158 5164 281 5207 rem
312 5147 592 5203 lectionem
625 5149 791 5217 magis
836 5147 1074 5202 inclinet.

240 5240 314 5294 De
341 5238 423 5293 his
453 5253 612 5307 porro
642 5238 799 5305 ludis,
829 5254 1057 5308 quorum
1087 5237 1288 5303 Livius,
1319 5236 1518 5307 aliique
1543 5236 1740 5305 saepius

162 5332 489 5397 meminere,
517 5331 594 5384 sic
625 5332 798 5385 oravit
825 5331 1014 5387 Cicero
1045 5350 1056 5385 :
1096 5350 1115 5383 ι
1152 5330 1288 5398 Quid
1315 5344 1415 5400 ego
1457 5329 1524 5385 de
1548 5329 1651 5384 illis
1676 5328 1755 5381 lu-

162 5426 250 5481 dis
274 5424 483 5492 loquar.
518 5436 654 5491 quos
685 5422 735 5474 in
767 5408 970 5475 Palatio
1002 5424 1167 5477 nostri
1216 5424 1443 5492 majores
1472 5432 1596 5475 ante
1618 5430 1755 5474 tem-

164 5518 346 5591 plum,
379 5515 429 5567 in
462 5514 577 5580 ipso
602 5513 784 5567 Matris
806 5528 1010 5583 magna:
1028 5523 1337 5583 conspectu,
1368 5510 1758 5583 Magalensibus

163 5609 307 5676 llcri,
362 5605 733 5674 celebrarique
780 5605 1096 5661 voluerunt?
1141 5605 1243 5673 Qui
1272 5613 1398 5659 sunt
1429 5618 1577 5657 more
1608 5601 1759 5655 insti-

165 5706 407 5772 tutisque
456 5701 690 5753 maxime
734 5702 886 5766 casti,
929 5700 1215 5765 solemnes,
1259 5699 1486 5771 religiosi
1522 5717 1535 5754 :
1566 5698 1762 5768 quibus

164 5800 313 5856 ludis
342 5797 569 5867 primum
605 5802 729 5849 ante
758 5794 935 5865 populi
967 5810 1278 5850 consessum
1299 5837 1314 5862 ,
1349 5794 1555 5849 senatui
1586 5792 1761 5847 locum

163 5892 233 5949 Ρ.
270 5888 548 5945 Africanus
578 5890 769 5942 iterum
802 5887 988 5941 consul
1028 5887 1116 5941 ille
1148 5888 1318 5958 major
1343 5888 1651 5946 dedit.......
1685 5885 1761 5942 Ita

1857 3345 2161 3436 expiantur,
2186 3370 2240 3416 et
2272 3368 2479 3414 mentes
2504 3356 2725 3410 deorum
2755 3348 3155 3410 immortalium,
3194 3345 3440 3399 ludorum

1856 3457 2244 3515 instauratione
2269 3453 2543 3522 placantur
2567 3467 2586 3500 ι
2621 3446 2834 3517 (Cicer.,
2865 3452 2996 3497 orat.
3029 3442 3119 3507 '50,
3139 3439 3201 3493 de
3246 3438 3441 3512 Arusp.

1858 3552 2039 3623 Resp.,
2073 3566 2192 3620 pag.
2223 3546 2350 3609 452,
2381 3544 2471 3599 lin.
2496 3542 2613 3613 26).
2646 3540 2751 3596 Nos
2772 3552 2945 3593 autem
2977 3536 3192 3606 quidam
3220 3547 3443 3587 monue-

1857 3655 1982 3702 runt
2005 3645 2057 3697 in
2083 3646 2183 3697 boc
2203 3638 2479 3696 Ciceronis
2512 3644 2657 3691 textu
2686 3651 2781 3703 pro
2806 3632 2886 3685 bis
2916 3630 3113 3694 verbis,
3138 3635 3226 3680 aut
3245 3626 3289 3679 si
3316 3634 3443 3678 num

1860 3737 2134 3800 aberravit,
2168 3736 2219 3789 in
2249 3730 2570 3805 quibusdam
2587 3725 2864 3783 codicibus
2890 3726 3170 3794 scriptum,
3199 3727 3285 3773 aut
3305 3734 3443 3788 sym-

1860 3832 1979 3903 pulo
2003 3800 2282 3883 aberravit:
2313 3800 2584 3880 Arnobius
2615 3831 2791 3874 tamen
2836 3817 3027 3887 legisse
3069 3813 3300 3878 videtur,
3354 3820 3443 3864 aut

1858 3924 2125 3996 sympuvio
2147 3918 2394 3975 deerravit
2418 3933 2437 3970 :
2459 3914 2553 3970 sed
2574 3915 2760 3969 eodem
2786 3909 3107 3981 signiﬁcatu.
3129 3903 3440 3978 Sympulum

1859 4018 2121 4089 siquidem
2153 4024 2206 4068 et
2228 4011 2565 4085 sympuvinm
2599 4006 2901 4078 significant
2950 4001 3162 4059 ﬁctilem
3192 4001 3438 4065 calicem,

1858 4128 1966 4183 quo
1992 4110 2172 4164 vinum
2202 4109 2253 4160 in
2292 4104 2570 4161 Sacriliciis
2623 4102 2775 4156 libari
2828 4098 3051 4153 Solebat.
3110 4092 3442 4163 Quibusdam

1861 4219 1994 4259 vero
2020 4201 2236 4257 dubium
2268 4197 2488 4251 forsitan
2532 4193 2745 4249 videtur
2786 4202 2961 4245 utrum
2990 4188 3041 4242 in
3075 4188 3190 4256 ipso
3217 4183 3443 4239 Arnobii

1863 4304 2007 4350 textu
2035 4307 2229 4348 nomen
2259 4285 2629 4361 postulionibus
2645 4285 2997 4340 adulteratam
3025 4295 3128 4334 non
3149 4279 3238 4340 sit,
3256 4291 3319 4332 ac
3337 4276 3442 4347 legi

1859 4379 2519 4455 debeatpostulationibus.
2548 4376 2678 4430 Nam
2702 4372 2892 4429 Cicero
2920 4370 3075 4441 paulo
3118 4378 3242 4423 ante
3280 4367 3443 4423 citata

1859 4496 1890 4536 a
1914 4479 2069 4535 nobis
2098 4478 2215 4548 ejus
2245 4475 2404 4530 verba
2434 4474 2642 4527 dixerat
2667 4487 2679 4522 :
2717 4487 2735 4520 ‹
2776 4464 3169 4522 Postulalioues
3195 4461 3443 4517 decretas

1858 4588 1979 4630 esse
1994 4572 2134 4634 Jovi,
2149 4569 2401 4632 Saturno,
2417 4565 2685 4634 Neptuno,
2702 4558 2923 4623 Telluri,
2943 4557 3043 4610 diis
3059 4554 3391 4621 emlestibus,
3414 4571 3435 4605 ι

1859 4679 2018 4740 atque
2042 4666 2202 4720 etiam
2232 4673 2417 4737 postea
2449 4678 2461 4713 :
2497 4676 2515 4708 ι
2547 4655 2745 4711 Telluri
2793 4651 3078 4722 postulatio
3128 4648 3373 4703 debetur.
3414 4665 3436 4699 ι

1861 4738 2053 4836 (Idem,
2081 4759 2232 4821 ibid.,
2261 4757 2353 4809 lin.
2386 4753 2439 4815 8;
2463 4760 2510 4805 et
2530 4766 2650 4821 pag.
2682 4747 2807 4812 tat,
2832 4745 2923 4800 lin.
2958 4742 3044 4807 to;
3074 4740 3308 4806 (iumen,
3350 4738 3442 4793 lib.

1860 4832 1909 4911 tv
1932 4857 1994 4910 de
2014 4854 2141 4908 lure
2170 4850 2381 4920 pontiﬁ,
2405 4862 2520 4914 cap.
2557 4839 2673 4915 15.)
2695 4839 2955 4897 Guthcrio
2980 4846 3153 4891 tamen
3182 4832 3444 4905 probatur

1858 4945 1947 5001 illa
1978 4941 2197 5000 Arnobii
2226 4941 2386 4994 lectio
2417 4931 2805 5008 postulionibus,
2835 4941 2994 4999 atque
3022 4940 3076 4982 ut
3097 4941 3313 4983 omnem
3341 4925 3444 4980 tol-

1860 5012 1972 5093 lere
2002 5034 2308 5104 scrupulum
2358 5039 2537 5102 queat,
2591 5025 2869 5082 contendit
2923 5023 3310 5093 postulutioues,
3340 5018 3444 5074 diis

1859 5130 2070 5202 superis
2097 5127 2278 5191 factas,
2318 5135 2372 5180 et
2402 5122 2583 5178 inferis
2605 5120 2939 5192 postulioncs,
2975 5118 3166 5188 quibus
3195 5112 3447 5185 petebant

1860 5226 2136 5281 hominem
2167 5222 2249 5277 bis
2269 5218 2542 5275 devoveri.
2574 5215 2771 5271 Verum
2807 5213 2908 5269 etsi
2938 5227 3023 5266 res
3052 5209 3123 5265 ita
3152 5216 3316 5271 esset,
3334 5218 3445 5276 quo
3482 5270 3493 5287 κ

1860 5327 2177 5392 argumento
2205 5315 2518 5373 coniicietur
2573 5313 2883 5374 Arnobium,
2919 5308 2987 5362 ibi
3018 5307 3086 5362 de
3125 5304 3230 5360 diis
3260 5302 3446 5357 inferis

1862 5416 2062 5486 potius,
2092 5426 2251 5482 quam
2271 5408 2482 5478 superis
2500 5405 2689 5461 fecisse
2709 5415 3037 5459 sermonem.
3064 5397 3119 5453 Si
3138 5395 3262 5467 quid
3282 5396 3446 5451 enim-

1862 5524 1991 5564 vero
2017 5522 2083 5561 cx
2109 5503 2389 5564 Cicerone,
2411 5500 2564 5555 sicuti
2587 5496 2839 5560 diximus,
2859 5491 3133 5555 delibavit,
3162 5488 3229 5543 de
3255 5487 3444 5542 iisdem

1865 5600 2246 5675 proculdubio,
2277 5607 2435 5666 atque
2458 5593 2567 5655 ille,
2592 5590 2693 5645 diis
2717 5586 2925 5658 superis
2964 5584 3219 5655 loquitur.
3264 5579 3447 5636 Addao

1868 5674 2009 5761 mus,
2039 5695 2082 5749 si
2115 5692 2270 5758 velis,
2304 5689 2432 5742 nihil
2470 5682 2736 5753 imperito,
2797 5690 2888 5733 aut
2930 5677 3195 5732 festinanti
3227 5674 3445 5731 librario

1868 5787 2097 5851 facilius,
2137 5799 2293 5857 quam
2341 5778 2626 5836 scribendo
2668 5786 2860 5829 nomen
2912 5768 3299 5841 postulionibus,
3350 5766 3447 5821 bas

1869 5884 2004 5940 duas
2048 5880 2272 5942 litteras,
2303 5882 2377 5941 at,
2408 5870 2679 5925 omittere.
2719 5862 2886 5921 Nobis
2923 5859 3135 5934 quidem
3184 5874 3292 5916 non
3322 5857 3451 5916 latet
