  <div class='ocr_page' id='page_1' title='image "/cluster/home/n/w/nwhite01/storage/ocr_20150623/5/umn.31951002477299b/291.png"; bbox 0 0 4000 6270; ppageno 0'>
   <div class='ocr_carea' id='block_1_1' title="bbox 573 310 681 366">
    <p class='ocr_par' dir='ltr' id='par_1_1' title="bbox 573 310 681 366">
     <span class='ocr_line' id='line_1_1' title="bbox 573 310 681 366; baseline -0.019 0"><span class='ocrx_word' id='word_1_1' title='bbox 573 310 681 366; x_wconf 77' lang='lat'><strong>565</strong></span> 
     </span>
    </p>
   </div>
   <div class='ocr_carea' id='block_1_2' title="bbox 1847 306 2602 389">
    <p class='ocr_par' dir='ltr' id='par_1_2' title="bbox 1847 306 2602 389">
     <span class='ocr_line' id='line_1_2' title="bbox 1847 306 2602 389; baseline 0.003 -22"><span class='ocrx_word' id='word_1_2' title='bbox 1847 306 2296 385; x_wconf 74' lang='lat' dir='ltr'><strong>otsssnrArio</strong></span> <span class='ocrx_word' id='word_1_3' title='bbox 2322 308 2602 389; x_wconf 45' lang='lat' dir='ltr'><strong>sum;</strong></span> 
     </span>
    </p>
   </div>
   <div class='ocr_carea' id='block_1_3' title="bbox 3764 321 3875 387">
    <p class='ocr_par' dir='ltr' id='par_1_3' title="bbox 3764 321 3875 387">
     <span class='ocr_line' id='line_1_3' title="bbox 3764 321 3875 387; baseline 0 0"><span class='ocrx_word' id='word_1_4' title='bbox 3764 321 3875 387; x_wconf 62' lang='lat'><strong>5“</strong></span> 
     </span>
    </p>
   </div>
   <div class='ocr_carea' id='block_1_4' title="bbox 576 427 3877 514">
    <p class='ocr_par' dir='ltr' id='par_1_4' title="bbox 576 427 3877 514">
     <span class='ocr_line' id='line_1_4' title="bbox 576 427 3877 514; baseline 0.004 -27"><span class='ocrx_word' id='word_1_5' title='bbox 576 427 876 487; x_wconf 80' lang='lat' dir='ltr'><strong>Varronem</strong></span> <span class='ocrx_word' id='word_1_6' title='bbox 908 428 1125 485; x_wconf 88' lang='lat' dir='ltr'><strong>nomine</strong></span> <span class='ocrx_word' id='word_1_7' title='bbox 1152 428 1473 500; x_wconf 72' lang='lat' dir='ltr'><strong>postulionis,</strong></span> <span class='ocrx_word' id='word_1_8' title='bbox 1509 429 1587 485; x_wconf 83' lang='lat' dir='ltr'><strong>sic</strong></span> <span class='ocrx_word' id='word_1_9' title='bbox 1615 427 1810 486; x_wconf 84' lang='lat' dir='ltr'><strong>alicubi</strong></span> <span class='ocrx_word' id='word_1_10' title='bbox 1836 443 1990 485; x_wconf 89' lang='lat' dir='ltr'><strong>usum</strong></span> <span class='ocrx_word' id='word_1_11' title='bbox 2018 443 2163 498; x_wconf 89' lang='lat' dir='ltr'><strong>esse,</strong></span> <span class='ocrx_word' id='word_1_12' title='bbox 2194 434 2249 513; x_wconf 59' lang='grc' dir='ltr'><strong>Α</strong></span> <span class='ocrx_word' id='word_1_13' title='bbox 2272 430 2737 501; x_wconf 75' lang='lat' dir='ltr'><strong>obscmnitatibus,</strong></span> <span class='ocrx_word' id='word_1_14' title='bbox 2754 435 2959 497; x_wconf 82' lang='lat' dir='ltr'><strong>ludicra</strong></span> <span class='ocrx_word' id='word_1_15' title='bbox 2980 448 3037 497; x_wconf 90' lang='lat' dir='ltr'><strong>et</strong></span> <span class='ocrx_word' id='word_1_16' title='bbox 3049 439 3237 513; x_wconf 59' lang='lat' dir='ltr'><strong>infami</strong></span> <span class='ocrx_word' id='word_1_17' title='bbox 3256 455 3619 514; x_wconf 81' lang='lat' dir='ltr'><strong>personarum</strong></span> <span class='ocrx_word' id='word_1_18' title='bbox 3645 459 3877 503; x_wconf 70' lang='lat' dir='ltr'><strong>suarum</strong></span> 
     </span>
    </p>
   </div>
   <div class='ocr_carea' id='block_1_5' title="bbox 579 520 2165 595">
    <p class='ocr_par' dir='ltr' id='par_1_5' title="bbox 579 520 2165 595">
     <span class='ocr_line' id='line_1_5' title="bbox 579 520 2165 595; baseline 0 -16"><span class='ocrx_word' id='word_1_19' title='bbox 579 523 675 579; x_wconf 90' lang='lat' dir='ltr'><strong>ubi</strong></span> <span class='ocrx_word' id='word_1_20' title='bbox 700 520 953 592; x_wconf 79' lang='lat' dir='ltr'><strong>scripsit:</strong></span> <span class='ocrx_word' id='word_1_21' title='bbox 990 538 1010 574; x_wconf 85' lang='grc'><em>‹</em></span> <span class='ocrx_word' id='word_1_22' title='bbox 1038 520 1207 576; x_wconf 90' lang='lat' dir='ltr'><strong>Deum</strong></span> <span class='ocrx_word' id='word_1_23' title='bbox 1223 520 1456 579; x_wconf 82' lang='lat' dir='ltr'><strong>Manium</strong></span> <span class='ocrx_word' id='word_1_24' title='bbox 1484 522 1845 593; x_wconf 87' lang='lat' dir='ltr'><strong>postulionem</strong></span> <span class='ocrx_word' id='word_1_25' title='bbox 1874 523 2165 595; x_wconf 88' lang='lat' dir='ltr'><strong>postulare,</strong></span> 
     </span>
    </p>
   </div>
   <div class='ocr_carea' id='block_1_6' title="bbox 576 613 2166 686">
    <p class='ocr_par' dir='ltr' id='par_1_6' title="bbox 576 613 2166 686">
     <span class='ocr_line' id='line_1_6' title="bbox 576 613 2166 686; baseline -0.001 -13"><span class='ocrx_word' id='word_1_26' title='bbox 576 616 632 674; x_wconf 97' lang='lat' dir='ltr'><strong>id</strong></span> <span class='ocrx_word' id='word_1_27' title='bbox 662 626 765 681; x_wconf 82' lang='lat' dir='ltr'><strong>est,</strong></span> <span class='ocrx_word' id='word_1_28' title='bbox 807 615 981 670; x_wconf 83' lang='lat' dir='ltr'><strong>civem</strong></span> <span class='ocrx_word' id='word_1_29' title='bbox 1011 613 1368 671; x_wconf 89' lang='lat' dir='ltr'><strong>fortissimum</strong></span> <span class='ocrx_word' id='word_1_30' title='bbox 1399 614 1588 672; x_wconf 90' lang='lat' dir='ltr'><strong>eodem</strong></span> <span class='ocrx_word' id='word_1_31' title='bbox 1618 615 1757 671; x_wconf 90' lang='lat' dir='ltr'><strong>mitti</strong></span> <span class='ocrx_word' id='word_1_32' title='bbox 1784 634 1804 668; x_wconf 73' lang='grc' dir='ltr'><strong><em>ι</em></strong></span> <span class='ocrx_word' id='word_1_33' title='bbox 1833 614 2043 686; x_wconf 89' lang='lat' dir='ltr'><strong>(Varr.,</strong></span> <span class='ocrx_word' id='word_1_34' title='bbox 2075 615 2166 671; x_wconf 96' lang='lat' dir='ltr'><strong>lib.</strong></span> 
     </span>
    </p>
   </div>
   <div class='ocr_carea' id='block_1_7' title="bbox 575 707 2170 781">
    <p class='ocr_par' dir='ltr' id='par_1_7' title="bbox 575 707 2170 781">
     <span class='ocr_line' id='line_1_7' title="bbox 575 707 2170 781; baseline -0.002 -15"><span class='ocrx_word' id='word_1_35' title='bbox 575 725 631 767; x_wconf 83' lang='lat' dir='ltr'><strong>tv</strong></span> <span class='ocrx_word' id='word_1_36' title='bbox 655 708 719 762; x_wconf 82' lang='lat' dir='ltr'><strong>de</strong></span> <span class='ocrx_word' id='word_1_37' title='bbox 740 707 892 781; x_wconf 83' lang='lat' dir='ltr'><strong>Ling.</strong></span> <span class='ocrx_word' id='word_1_38' title='bbox 927 708 1101 775; x_wconf 84' lang='lat' dir='ltr'><strong>latin.,</strong></span> <span class='ocrx_word' id='word_1_39' title='bbox 1133 726 1254 780; x_wconf 78' lang='lat' dir='ltr'><strong>pag.</strong></span> <span class='ocrx_word' id='word_1_40' title='bbox 1285 707 1399 781; x_wconf 80' lang='grc'><strong>55).</strong></span> <span class='ocrx_word' id='word_1_41' title='bbox 1429 708 1534 766; x_wconf 87' lang='lat' dir='ltr'><strong>Sed</strong></span> <span class='ocrx_word' id='word_1_42' title='bbox 1564 710 1802 780; x_wconf 76' lang='lat' dir='ltr'><strong>Scaliger</strong></span> <span class='ocrx_word' id='word_1_43' title='bbox 1846 708 1919 765; x_wconf 85' lang='lat' dir='ltr'><strong>ibi</strong></span> <span class='ocrx_word' id='word_1_44' title='bbox 1942 707 2170 765; x_wconf 83' lang='lat' dir='ltr'><strong>delenda</strong></span> 
     </span>
    </p>
   </div>
   <div class='ocr_carea' id='block_1_8' title="bbox 576 799 2170 872">
    <p class='ocr_par' dir='ltr' id='par_1_8' title="bbox 576 799 2170 872">
     <span class='ocr_line' id='line_1_8' title="bbox 576 799 2170 872; baseline 0 -17"><span class='ocrx_word' id='word_1_45' title='bbox 576 809 763 856; x_wconf 90' lang='lat' dir='ltr'><strong>censet</strong></span> <span class='ocrx_word' id='word_1_46' title='bbox 794 800 908 855; x_wconf 80' lang='lat' dir='ltr'><strong>haec</strong></span> <span class='ocrx_word' id='word_1_47' title='bbox 932 801 1122 868; x_wconf 88' lang='lat' dir='ltr'><strong>verba,</strong></span> <span class='ocrx_word' id='word_1_48' title='bbox 1156 800 1212 854; x_wconf 87' lang='lat' dir='ltr'><strong>id</strong></span> <span class='ocrx_word' id='word_1_49' title='bbox 1242 810 1334 869; x_wconf 74' lang='lat' dir='ltr'><strong>est,</strong></span> <span class='ocrx_word' id='word_1_50' title='bbox 1361 809 1414 856; x_wconf 90' lang='lat' dir='ltr'><strong>et</strong></span> <span class='ocrx_word' id='word_1_51' title='bbox 1440 801 1744 872; x_wconf 71' lang='lat' dir='ltr'><strong>postulionis</strong></span> <span class='ocrx_word' id='word_1_52' title='bbox 1786 800 2002 859; x_wconf 86' lang='lat' dir='ltr'><strong>nomine</strong></span> <span class='ocrx_word' id='word_1_53' title='bbox 2027 799 2170 856; x_wconf 91' lang='lat' dir='ltr'><strong>idem</strong></span> 
     </span>
    </p>
   </div>
   <div class='ocr_carea' id='block_1_9' title="bbox 576 892 1370 964">
    <p class='ocr_par' dir='ltr' id='par_1_9' title="bbox 576 892 1370 964">
     <span class='ocr_line' id='line_1_9' title="bbox 576 892 1370 964; baseline -0.001 -15"><span class='ocrx_word' id='word_1_54' title='bbox 576 908 641 949; x_wconf 87' lang='lat' dir='ltr'><strong>ac</strong></span> <span class='ocrx_word' id='word_1_55' title='bbox 665 893 1028 963; x_wconf 74' lang='lat' dir='ltr'><strong>postulationis</strong></span> <span class='ocrx_word' id='word_1_56' title='bbox 1056 892 1370 964; x_wconf 80' lang='lat' dir='ltr'><strong>signiﬁcari.</strong></span> 
     </span>
    </p>
   </div>
   <div class='ocr_carea' id='block_1_10' title="bbox 649 982 2174 1055">
    <p class='ocr_par' dir='ltr' id='par_1_10' title="bbox 649 982 2174 1055">
     <span class='ocr_line' id='line_1_10' title="bbox 649 982 2174 1055; baseline 0 -16"><span class='ocrx_word' id='word_1_57' title='bbox 649 984 918 1055; x_wconf 87' lang='lat' dir='ltr'><strong>Quidquid</strong></span> <span class='ocrx_word' id='word_1_58' title='bbox 941 998 1102 1054; x_wconf 92' lang='lat' dir='ltr'><strong>porro</strong></span> <span class='ocrx_word' id='word_1_59' title='bbox 1134 985 1586 1055; x_wconf 86' lang='lat' dir='ltr'><strong>pronuntiaveris,</strong></span> <span class='ocrx_word' id='word_1_60' title='bbox 1623 984 1896 1041; x_wconf 86' lang='lat' dir='ltr'><strong>Arnobius</strong></span> <span class='ocrx_word' id='word_1_61' title='bbox 1937 1000 2003 1041; x_wconf 89' lang='lat' dir='ltr'><strong>ex</strong></span> <span class='ocrx_word' id='word_1_62' title='bbox 2032 982 2174 1055; x_wconf 87' lang='lat' dir='ltr'><strong>ejus-</strong></span> 
     </span>
    </p>
   </div>
   <div class='ocr_carea' id='block_1_11' title="bbox 578 1074 2171 1149">
    <p class='ocr_par' dir='ltr' id='par_1_11' title="bbox 578 1074 2171 1149">
     <span class='ocr_line' id='line_1_11' title="bbox 578 1074 2171 1149; baseline 0 -17"><span class='ocrx_word' id='word_1_63' title='bbox 578 1077 701 1133; x_wconf 90' lang='lat' dir='ltr'><strong>dem</strong></span> <span class='ocrx_word' id='word_1_64' title='bbox 733 1074 1016 1133; x_wconf 81' lang='lat' dir='ltr'><strong>Ciceronis</strong></span> <span class='ocrx_word' id='word_1_65' title='bbox 1044 1076 1226 1133; x_wconf 83' lang='lat' dir='ltr'><strong>verbis</strong></span> <span class='ocrx_word' id='word_1_66' title='bbox 1266 1094 1329 1134; x_wconf 90' lang='lat' dir='ltr'><strong>ea</strong></span> <span class='ocrx_word' id='word_1_67' title='bbox 1376 1077 1552 1134; x_wconf 90' lang='lat' dir='ltr'><strong>adhuc</strong></span> <span class='ocrx_word' id='word_1_68' title='bbox 1600 1078 1895 1149; x_wconf 86' lang='lat' dir='ltr'><strong>sumpsisse</strong></span> <span class='ocrx_word' id='word_1_69' title='bbox 1940 1078 2171 1145; x_wconf 89' lang='lat' dir='ltr'><strong>videtur,</strong></span> 
     </span>
    </p>
   </div>
   <div class='ocr_carea' id='block_1_12' title="bbox 584 1167 2173 1245">
    <p class='ocr_par' dir='ltr' id='par_1_12' title="bbox 584 1167 2173 1245">
     <span class='ocr_line' id='line_1_12' title="bbox 584 1167 2173 1245; baseline 0.002 -22"><span class='ocrx_word' id='word_1_70' title='bbox 584 1184 707 1242; x_wconf 87' lang='lat' dir='ltr'><strong>quae</strong></span> <span class='ocrx_word' id='word_1_71' title='bbox 735 1168 806 1225; x_wconf 91' lang='lat' dir='ltr'><strong>de</strong></span> <span class='ocrx_word' id='word_1_72' title='bbox 830 1167 1059 1224; x_wconf 90' lang='lat' dir='ltr'><strong>aliorum</strong></span> <span class='ocrx_word' id='word_1_73' title='bbox 1103 1168 1376 1236; x_wconf 89' lang='lat' dir='ltr'><strong>ludorum,</strong></span> <span class='ocrx_word' id='word_1_74' title='bbox 1410 1179 1627 1243; x_wconf 89' lang='lat' dir='ltr'><strong>propter</strong></span> <span class='ocrx_word' id='word_1_75' title='bbox 1652 1186 1888 1236; x_wconf 90' lang='lat' dir='ltr'><strong>servum,</strong></span> <span class='ocrx_word' id='word_1_76' title='bbox 1933 1172 2098 1245; x_wconf 79' lang='lat' dir='ltr'><strong>virgis</strong></span> <span class='ocrx_word' id='word_1_77' title='bbox 2122 1172 2173 1226; x_wconf 93' lang='lat' dir='ltr'><strong>in</strong></span> 
     </span>
    </p>
   </div>
   <div class='ocr_carea' id='block_1_13' title="bbox 498 1242 2175 1337">
    <p class='ocr_par' dir='ltr' id='par_1_13' title="bbox 498 1242 2175 1337">
     <span class='ocr_line' id='line_1_13' title="bbox 498 1242 2175 1337; baseline 0.002 -21"><span class='ocrx_word' id='word_1_78' title='bbox 498 1242 504 1251; x_wconf 63' lang='grc'><em>’</em></span> <span class='ocrx_word' id='word_1_79' title='bbox 581 1262 728 1317; x_wconf 92' lang='lat' dir='ltr'><strong>circo</strong></span> <span class='ocrx_word' id='word_1_80' title='bbox 776 1277 977 1317; x_wconf 78' lang='lat' dir='ltr'><strong>caesum</strong></span> <span class='ocrx_word' id='word_1_81' title='bbox 1012 1272 1068 1319; x_wconf 84' lang='lat' dir='ltr'><strong>et</strong></span> <span class='ocrx_word' id='word_1_82' title='bbox 1095 1271 1363 1330; x_wconf 83' lang='lat' dir='ltr'><strong>necatum,</strong></span> <span class='ocrx_word' id='word_1_83' title='bbox 1397 1265 1788 1323; x_wconf 87' lang='lat' dir='ltr'><strong>instauratione</strong></span> <span class='ocrx_word' id='word_1_84' title='bbox 1814 1273 1997 1337; x_wconf 89' lang='lat' dir='ltr'><strong>postea</strong></span> <span class='ocrx_word' id='word_1_85' title='bbox 2025 1274 2175 1322; x_wconf 88' lang='lat' dir='ltr'><strong>retu-</strong></span> 
     </span>
    </p>
   </div>
   <div class='ocr_carea' id='block_1_14' title="bbox 580 1352 2176 1429">
    <p class='ocr_par' dir='ltr' id='par_1_14' title="bbox 580 1352 2176 1429">
     <span class='ocr_line' id='line_1_14' title="bbox 580 1352 2176 1429; baseline 0.006 -21"><span class='ocrx_word' id='word_1_86' title='bbox 580 1353 646 1409; x_wconf 89' lang='lat' dir='ltr'><strong>lit</strong></span> <span class='ocrx_word' id='word_1_87' title='bbox 672 1352 910 1427; x_wconf 81' lang='lat' dir='ltr'><strong>(Arnob.,</strong></span> <span class='ocrx_word' id='word_1_88' title='bbox 941 1354 1029 1410; x_wconf 89' lang='lat' dir='ltr'><strong>lib.</strong></span> <span class='ocrx_word' id='word_1_89' title='bbox 1059 1371 1153 1423; x_wconf 85' lang='lat' dir='ltr'><strong>vn,</strong></span> <span class='ocrx_word' id='word_1_90' title='bbox 1187 1373 1307 1429; x_wconf 84' lang='lat' dir='ltr'><strong>pag.</strong></span> <span class='ocrx_word' id='word_1_91' title='bbox 1336 1356 1489 1429; x_wconf 68' lang='lat' dir='ltr'><strong>2N).</strong></span> <span class='ocrx_word' id='word_1_92' title='bbox 1525 1357 1634 1415; x_wconf 89' lang='lat' dir='ltr'><strong>Sed</strong></span> <span class='ocrx_word' id='word_1_93' title='bbox 1663 1357 1779 1414; x_wconf 56' lang='lat' dir='ltr'><strong>haec</strong></span> <span class='ocrx_word' id='word_1_94' title='bbox 1807 1357 1945 1417; x_wconf 86' lang='lat' dir='ltr'><strong>infra</strong></span> <span class='ocrx_word' id='word_1_95' title='bbox 1966 1373 1995 1412; x_wconf 91' lang='lat' dir='ltr'><strong>a</strong></span> <span class='ocrx_word' id='word_1_96' title='bbox 2020 1358 2176 1417; x_wconf 82' lang='lat' dir='ltr'><strong>nobis</strong></span> 
     </span>
    </p>
   </div>
   <div class='ocr_carea' id='block_1_15' title="bbox 583 1446 1468 1517">
    <p class='ocr_par' dir='ltr' id='par_1_15' title="bbox 583 1446 1468 1517">
     <span class='ocr_line' id='line_1_15' title="bbox 583 1446 1468 1517; baseline 0.005 -18"><span class='ocrx_word' id='word_1_97' title='bbox 583 1446 779 1517; x_wconf 88' lang='lat' dir='ltr'><strong>aptiori</strong></span> <span class='ocrx_word' id='word_1_98' title='bbox 808 1446 931 1501; x_wconf 91' lang='lat' dir='ltr'><strong>loco</strong></span> <span class='ocrx_word' id='word_1_99' title='bbox 959 1447 1292 1503; x_wconf 89' lang='lat' dir='ltr'><strong>enucleanda</strong></span> <span class='ocrx_word' id='word_1_100' title='bbox 1325 1458 1468 1503; x_wconf 90' lang='lat' dir='ltr'><strong>sunt.</strong></span> 
     </span>
    </p>
   </div>
   <div class='ocr_carea' id='block_1_16' title="bbox 659 1537 2179 1613">
    <p class='ocr_par' dir='ltr' id='par_1_16' title="bbox 659 1537 2179 1613">
     <span class='ocr_line' id='line_1_16' title="bbox 659 1537 2179 1613; baseline 0.002 -20"><span class='ocrx_word' id='word_1_101' title='bbox 659 1537 929 1593; x_wconf 86' lang='lat' dir='ltr'><strong>Caeterum</strong></span> <span class='ocrx_word' id='word_1_102' title='bbox 970 1552 1078 1610; x_wconf 88' lang='lat' dir='ltr'><strong>quo</strong></span> <span class='ocrx_word' id='word_1_103' title='bbox 1113 1539 1307 1610; x_wconf 83' lang='lat' dir='ltr'><strong>majori</strong></span> <span class='ocrx_word' id='word_1_104' title='bbox 1337 1540 1481 1596; x_wconf 91' lang='lat' dir='ltr'><strong>cultu</strong></span> <span class='ocrx_word' id='word_1_105' title='bbox 1512 1548 1565 1596; x_wconf 90' lang='lat' dir='ltr'><strong>et</strong></span> <span class='ocrx_word' id='word_1_106' title='bbox 1591 1540 1851 1612; x_wconf 78' lang='lat' dir='ltr'><strong>religione</strong></span> <span class='ocrx_word' id='word_1_107' title='bbox 1875 1539 1952 1609; x_wconf 90' lang='lat' dir='ltr'><strong>hi,</strong></span> <span class='ocrx_word' id='word_1_108' title='bbox 1981 1540 2179 1613; x_wconf 88' lang='lat' dir='ltr'><strong>aliique</strong></span> 
     </span>
    </p>
   </div>
   <div class='ocr_carea' id='block_1_17' title="bbox 588 1631 2180 1705">
    <p class='ocr_par' dir='ltr' id='par_1_17' title="bbox 588 1631 2180 1705">
     <span class='ocr_line' id='line_1_17' title="bbox 588 1631 2180 1705; baseline 0.001 -16"><span class='ocrx_word' id='word_1_109' title='bbox 588 1631 798 1705; x_wconf 64' lang='lat' dir='ltr'><strong>praefati</strong></span> <span class='ocrx_word' id='word_1_110' title='bbox 829 1633 1098 1689; x_wconf 89' lang='lat' dir='ltr'><strong>solemnes</strong></span> <span class='ocrx_word' id='word_1_111' title='bbox 1131 1632 1261 1698; x_wconf 90' lang='lat' dir='ltr'><strong>ludi,</strong></span> <span class='ocrx_word' id='word_1_112' title='bbox 1291 1634 1360 1689; x_wconf 89' lang='lat' dir='ltr'><strong>ab</strong></span> <span class='ocrx_word' id='word_1_113' title='bbox 1389 1634 1615 1693; x_wconf 87' lang='lat' dir='ltr'><strong>ethnicis</strong></span> <span class='ocrx_word' id='word_1_114' title='bbox 1656 1634 2085 1702; x_wconf 85' lang='lat' dir='ltr'><strong>celebrabantur,</strong></span> <span class='ocrx_word' id='word_1_115' title='bbox 2114 1648 2180 1690; x_wconf 91' lang='lat' dir='ltr'><strong>eo</strong></span> 
     </span>
    </p>
   </div>
   <div class='ocr_carea' id='block_1_18' title="bbox 588 1725 2179 1798">
    <p class='ocr_par' dir='ltr' id='par_1_18' title="bbox 588 1725 2179 1798">
     <span class='ocr_line' id='line_1_18' title="bbox 588 1725 2179 1798; baseline 0.001 -16"><span class='ocrx_word' id='word_1_116' title='bbox 588 1725 892 1782; x_wconf 86' lang='lat' dir='ltr'><strong>evidentius</strong></span> <span class='ocrx_word' id='word_1_117' title='bbox 918 1725 1044 1781; x_wconf 92' lang='lat' dir='ltr'><strong>inde</strong></span> <span class='ocrx_word' id='word_1_118' title='bbox 1071 1726 1378 1781; x_wconf 91' lang='lat' dir='ltr'><strong>ostenditur</strong></span> <span class='ocrx_word' id='word_1_119' title='bbox 1404 1727 1556 1795; x_wconf 91' lang='lat' dir='ltr'><strong>deos,</strong></span> <span class='ocrx_word' id='word_1_120' title='bbox 1582 1729 1672 1798; x_wconf 85' lang='lat' dir='ltr'><strong>qui</strong></span> <span class='ocrx_word' id='word_1_121' title='bbox 1702 1728 1755 1784; x_wconf 88' lang='lat' dir='ltr'><strong>in</strong></span> <span class='ocrx_word' id='word_1_122' title='bbox 1798 1728 1900 1783; x_wconf 89' lang='lat' dir='ltr'><strong>illis</strong></span> <span class='ocrx_word' id='word_1_123' title='bbox 1924 1728 2179 1784; x_wconf 89' lang='lat' dir='ltr'><strong>coleban-</strong></span> 
     </span>
    </p>
   </div>
   <div class='ocr_carea' id='block_1_19' title="bbox 2268 528 3879 608">
    <p class='ocr_par' dir='ltr' id='par_1_19' title="bbox 2268 528 3879 608">
     <span class='ocr_line' id='line_1_19' title="bbox 2268 528 3879 608; baseline 0.011 -27"><span class='ocrx_word' id='word_1_124' title='bbox 2268 528 2771 598; x_wconf 67' lang='lat' dir='ltr'><strong>repraasentatione,</strong></span> <span class='ocrx_word' id='word_1_125' title='bbox 2802 541 2964 602; x_wconf 85' lang='lat' dir='ltr'><strong>atque</strong></span> <span class='ocrx_word' id='word_1_126' title='bbox 3002 534 3241 605; x_wconf 80' lang='lat' dir='ltr'><strong>insuper,</strong></span> <span class='ocrx_word' id='word_1_127' title='bbox 3282 538 3753 608; x_wconf 74' lang='lat' dir='ltr'><strong>quemadmodum</strong></span> <span class='ocrx_word' id='word_1_128' title='bbox 3800 542 3879 597; x_wconf 53' lang='lat' dir='ltr'><strong>io.</strong></span> 
     </span>
    </p>
   </div>
   <div class='ocr_carea' id='block_1_20' title="bbox 2270 617 3880 700">
    <p class='ocr_par' dir='ltr' id='par_1_20' title="bbox 2270 617 3880 700">
     <span class='ocr_line' id='line_1_20' title="bbox 2270 617 3880 700; baseline 0.011 -28"><span class='ocrx_word' id='word_1_129' title='bbox 2270 617 2455 689; x_wconf 82' lang='lat' dir='ltr'><strong>quitur</strong></span> <span class='ocrx_word' id='word_1_130' title='bbox 2485 618 2778 691; x_wconf 86' lang='lat' dir='ltr'><strong>Arnobius,</strong></span> <span class='ocrx_word' id='word_1_131' title='bbox 2810 644 2831 678; x_wconf 70' lang='grc' dir='ltr'>ι</span> <span class='ocrx_word' id='word_1_132' title='bbox 2866 626 3203 697; x_wconf 85' lang='lat' dir='ltr'><strong>stupidorum</strong></span> <span class='ocrx_word' id='word_1_133' title='bbox 3248 631 3517 700; x_wconf 78' lang='lat' dir='ltr'><strong>capitibus</strong></span> <span class='ocrx_word' id='word_1_134' title='bbox 3539 634 3709 698; x_wconf 81' lang='lat' dir='ltr'><strong>rasis,</strong></span> <span class='ocrx_word' id='word_1_135' title='bbox 3737 634 3880 689; x_wconf 74' lang='lat' dir='ltr'><strong>sala-</strong></span> 
     </span>
    </p>
   </div>
   <div class='ocr_carea' id='block_1_21' title="bbox 2271 711 3880 793">
    <p class='ocr_par' dir='ltr' id='par_1_21' title="bbox 2271 711 3880 793">
     <span class='ocr_line' id='line_1_21' title="bbox 2271 711 3880 793; baseline 0.012 -29"><span class='ocrx_word' id='word_1_136' title='bbox 2271 711 2500 778; x_wconf 90' lang='lat' dir='ltr'><strong>pitarum</strong></span> <span class='ocrx_word' id='word_1_137' title='bbox 2532 714 2733 782; x_wconf 90' lang='lat' dir='ltr'><strong>sonitu,</strong></span> <span class='ocrx_word' id='word_1_138' title='bbox 2778 726 2833 772; x_wconf 90' lang='lat' dir='ltr'><strong>et</strong></span> <span class='ocrx_word' id='word_1_139' title='bbox 2884 716 3211 775; x_wconf 87' lang='lat' dir='ltr'><strong>fascinorum</strong></span> <span class='ocrx_word' id='word_1_140' title='bbox 3258 722 3555 793; x_wconf 73' lang='lat' dir='ltr'><strong>ingentium</strong></span> <span class='ocrx_word' id='word_1_141' title='bbox 3598 725 3815 787; x_wconf 75' lang='lat' dir='ltr'><strong>rubore</strong></span> <span class='ocrx_word' id='word_1_142' title='bbox 3859 745 3880 783; x_wconf 70' lang='grc' dir='ltr'><strong>ο</strong></span> 
     </span>
    </p>
   </div>
   <div class='ocr_carea' id='block_1_22' title="bbox 2275 802 3884 883">
    <p class='ocr_par' dir='ltr' id='par_1_22' title="bbox 2275 802 3884 883">
     <span class='ocr_line' id='line_1_22' title="bbox 2275 802 3884 883; baseline 0.012 -28"><span class='ocrx_word' id='word_1_143' title='bbox 2275 802 2514 874; x_wconf 82' lang='lat' dir='ltr'><strong>(Arnob.,</strong></span> <span class='ocrx_word' id='word_1_144' title='bbox 2544 806 2632 861; x_wconf 85' lang='lat' dir='ltr'><strong>lib.</strong></span> <span class='ocrx_word' id='word_1_145' title='bbox 2675 823 2770 877; x_wconf 88' lang='lat' dir='ltr'><strong>vn,</strong></span> <span class='ocrx_word' id='word_1_146' title='bbox 2799 826 2919 883; x_wconf 84' lang='lat' dir='ltr'><strong>pag.</strong></span> <span class='ocrx_word' id='word_1_147' title='bbox 2951 810 3118 883; x_wconf 72' lang='lat'><strong>239)?</strong></span> <span class='ocrx_word' id='word_1_148' title='bbox 3140 813 3197 868; x_wconf 86' lang='lat' dir='ltr'><strong>In</strong></span> <span class='ocrx_word' id='word_1_149' title='bbox 3227 813 3377 871; x_wconf 91' lang='lat' dir='ltr'><strong>hisce</strong></span> <span class='ocrx_word' id='word_1_150' title='bbox 3400 817 3620 874; x_wconf 83' lang='lat' dir='ltr'><strong>scilicet</strong></span> <span class='ocrx_word' id='word_1_151' title='bbox 3646 820 3884 875; x_wconf 77' lang='lat' dir='ltr'><strong>scenicis</strong></span> 
     </span>
    </p>
   </div>
   <div class='ocr_carea' id='block_1_23' title="bbox 2275 898 3886 984">
    <p class='ocr_par' dir='ltr' id='par_1_23' title="bbox 2275 898 3886 984">
     <span class='ocr_line' id='line_1_23' title="bbox 2275 898 3886 984; baseline 0.01 -32"><span class='ocrx_word' id='word_1_152' title='bbox 2275 898 2414 953; x_wconf 89' lang='lat' dir='ltr'><strong>ludis</strong></span> <span class='ocrx_word' id='word_1_153' title='bbox 2442 898 2657 971; x_wconf 88' lang='lat' dir='ltr'><strong>quidam</strong></span> <span class='ocrx_word' id='word_1_154' title='bbox 2699 902 2847 965; x_wconf 82' lang='lat' dir='ltr'><strong>mimi</strong></span> <span class='ocrx_word' id='word_1_155' title='bbox 2879 915 2936 961; x_wconf 85' lang='lat' dir='ltr'><strong>et</strong></span> <span class='ocrx_word' id='word_1_156' title='bbox 2975 906 3289 975; x_wconf 72' lang='lat' dir='ltr'><strong>histriones,</strong></span> <span class='ocrx_word' id='word_1_157' title='bbox 3321 910 3583 969; x_wconf 64' lang='lat' dir='ltr'><strong>ridicula:</strong></span> <span class='ocrx_word' id='word_1_158' title='bbox 3633 914 3886 984; x_wconf 83' lang='lat' dir='ltr'><strong>stupido-</strong></span> 
     </span>
    </p>
   </div>
   <div class='ocr_carea' id='block_1_24' title="bbox 2275 992 3887 1076">
    <p class='ocr_par' dir='ltr' id='par_1_24' title="bbox 2275 992 3887 1076">
     <span class='ocr_line' id='line_1_24' title="bbox 2275 992 3887 1076; baseline 0.012 -31"><span class='ocrx_word' id='word_1_159' title='bbox 2275 1007 2394 1046; x_wconf 91' lang='lat' dir='ltr'><strong>rum</strong></span> <span class='ocrx_word' id='word_1_160' title='bbox 2418 992 2715 1062; x_wconf 89' lang='lat' dir='ltr'><strong>hominum,</strong></span> <span class='ocrx_word' id='word_1_161' title='bbox 2744 998 2881 1053; x_wconf 82' lang='lat' dir='ltr'><strong>rasis</strong></span> <span class='ocrx_word' id='word_1_162' title='bbox 2911 999 3199 1069; x_wconf 88' lang='lat' dir='ltr'><strong>capitibus,</strong></span> <span class='ocrx_word' id='word_1_163' title='bbox 3234 1017 3499 1075; x_wconf 86' lang='lat' dir='ltr'><strong>personas</strong></span> <span class='ocrx_word' id='word_1_164' title='bbox 3530 1003 3798 1076; x_wconf 77' lang='lat' dir='ltr'><strong>agebant,</strong></span> <span class='ocrx_word' id='word_1_165' title='bbox 3824 1024 3887 1064; x_wconf 89' lang='lat' dir='ltr'><strong>ac</strong></span> 
     </span>
    </p>
   </div>
   <div class='ocr_carea' id='block_1_25' title="bbox 2277 1086 3883 1165">
    <p class='ocr_par' dir='ltr' id='par_1_25' title="bbox 2277 1086 3883 1165">
     <span class='ocr_line' id='line_1_25' title="bbox 2277 1086 3883 1165; baseline 0.011 -26"><span class='ocrx_word' id='word_1_166' title='bbox 2277 1086 2625 1153; x_wconf 85' lang='lat' dir='ltr'><strong>salapitarum</strong></span> <span class='ocrx_word' id='word_1_167' title='bbox 2657 1091 2858 1155; x_wconf 89' lang='lat' dir='ltr'><strong>sonitu,</strong></span> <span class='ocrx_word' id='word_1_168' title='bbox 2894 1090 2944 1146; x_wconf 86' lang='lat' dir='ltr'><strong>id</strong></span> <span class='ocrx_word' id='word_1_169' title='bbox 2986 1103 3089 1156; x_wconf 86' lang='lat' dir='ltr'><strong>est.</strong></span> <span class='ocrx_word' id='word_1_170' title='bbox 3128 1094 3406 1164; x_wconf 76' lang='lat' dir='ltr'><strong>alaparum</strong></span> <span class='ocrx_word' id='word_1_171' title='bbox 3434 1098 3657 1165; x_wconf 78' lang='lat' dir='ltr'><strong>ictibus,</strong></span> <span class='ocrx_word' id='word_1_172' title='bbox 3683 1114 3883 1156; x_wconf 72' lang='lat' dir='ltr'><strong>sonum</strong></span> 
     </span>
    </p>
   </div>
   <div class='ocr_carea' id='block_1_26' title="bbox 2279 1176 3884 1261">
    <p class='ocr_par' dir='ltr' id='par_1_26' title="bbox 2279 1176 3884 1261">
     <span class='ocr_line' id='line_1_26' title="bbox 2279 1176 3884 1261; baseline 0.012 -29"><span class='ocrx_word' id='word_1_173' title='bbox 2279 1176 2599 1245; x_wconf 85' lang='lat' dir='ltr'><strong>edentibus,</strong></span> <span class='ocrx_word' id='word_1_174' title='bbox 2651 1181 2817 1237; x_wconf 74' lang='lat' dir='ltr'><strong>ofﬁcii</strong></span> <span class='ocrx_word' id='word_1_175' title='bbox 2875 1185 2955 1238; x_wconf 84' lang='lat' dir='ltr'><strong>sui</strong></span> <span class='ocrx_word' id='word_1_176' title='bbox 3014 1185 3463 1245; x_wconf 74' lang='lat' dir='ltr'><strong>admonebantur.</strong></span> <span class='ocrx_word' id='word_1_177' title='bbox 3510 1190 3884 1261; x_wconf 81' lang='lat' dir='ltr'><strong>Quamobrem</strong></span> 
     </span>
    </p>
   </div>
   <div class='ocr_carea' id='block_1_27' title="bbox 2281 1269 3884 1351">
    <p class='ocr_par' dir='ltr' id='par_1_27' title="bbox 2281 1269 3884 1351">
     <span class='ocr_line' id='line_1_27' title="bbox 2281 1269 3884 1351; baseline 0.011 -27"><span class='ocrx_word' id='word_1_178' title='bbox 2281 1269 2644 1328; x_wconf 84' lang='lat' dir='ltr'><strong>Tertullianus</strong></span> <span class='ocrx_word' id='word_1_179' title='bbox 2670 1272 2810 1333; x_wconf 86' lang='lat' dir='ltr'><strong>hanc</strong></span> <span class='ocrx_word' id='word_1_180' title='bbox 2842 1276 3084 1335; x_wconf 81' lang='lat' dir='ltr'><strong>insanam</strong></span> <span class='ocrx_word' id='word_1_181' title='bbox 3133 1281 3737 1351; x_wconf 74' lang='lat' dir='ltr'><strong>impudentissimorum</strong></span> <span class='ocrx_word' id='word_1_182' title='bbox 3785 1286 3884 1342; x_wconf 84' lang='lat' dir='ltr'><strong>bo-</strong></span> 
     </span>
    </p>
   </div>
   <div class='ocr_carea' id='block_1_28' title="bbox 2281 1365 3885 1447">
    <p class='ocr_par' dir='ltr' id='par_1_28' title="bbox 2281 1365 3885 1447">
     <span class='ocr_line' id='line_1_28' title="bbox 2281 1365 3885 1447; baseline 0.01 -28"><span class='ocrx_word' id='word_1_183' title='bbox 2281 1365 2485 1422; x_wconf 83' lang='lat' dir='ltr'><strong>minnm</strong></span> <span class='ocrx_word' id='word_1_184' title='bbox 2516 1370 2870 1425; x_wconf 73' lang='lat' dir='ltr'><strong>temeritatem</strong></span> <span class='ocrx_word' id='word_1_185' title='bbox 2900 1372 2978 1427; x_wconf 91' lang='lat' dir='ltr'><strong>sic</strong></span> <span class='ocrx_word' id='word_1_186' title='bbox 3001 1373 3208 1436; x_wconf 83' lang='lat' dir='ltr'><strong>irridet,</strong></span> <span class='ocrx_word' id='word_1_187' title='bbox 3232 1384 3285 1430; x_wconf 91' lang='lat' dir='ltr'><strong>et</strong></span> <span class='ocrx_word' id='word_1_188' title='bbox 3314 1378 3590 1447; x_wconf 78' lang='lat' dir='ltr'><strong>exagitat:</strong></span> <span class='ocrx_word' id='word_1_189' title='bbox 3630 1397 3651 1430; x_wconf 72' lang='grc' dir='ltr'>ι</span> <span class='ocrx_word' id='word_1_190' title='bbox 3692 1379 3885 1434; x_wconf 79' lang='lat' dir='ltr'><strong>Place-</strong></span> 
     </span>
    </p>
   </div>
   <div class='ocr_carea' id='block_1_29' title="bbox 2279 1458 3884 1543">
    <p class='ocr_par' dir='ltr' id='par_1_29' title="bbox 2279 1458 3884 1543">
     <span class='ocr_line' id='line_1_29' title="bbox 2279 1458 3884 1543; baseline 0.009 -29"><span class='ocrx_word' id='word_1_191' title='bbox 2279 1458 2358 1515; x_wconf 89' lang='lat' dir='ltr'><strong>bit</strong></span> <span class='ocrx_word' id='word_1_192' title='bbox 2397 1460 2489 1531; x_wconf 89' lang='lat' dir='ltr'><strong>qui</strong></span> <span class='ocrx_word' id='word_1_193' title='bbox 2534 1462 2712 1519; x_wconf 86' lang='lat' dir='ltr'><strong>vultus</strong></span> <span class='ocrx_word' id='word_1_194' title='bbox 2755 1478 2883 1521; x_wconf 87' lang='lat' dir='ltr'><strong>suos</strong></span> <span class='ocrx_word' id='word_1_195' title='bbox 2927 1467 3189 1537; x_wconf 74' lang='lat' dir='ltr'><strong>novacula</strong></span> <span class='ocrx_word' id='word_1_196' title='bbox 3224 1470 3432 1524; x_wconf 73' lang='lat' dir='ltr'><strong>mutati</strong></span> <span class='ocrx_word' id='word_1_197' title='bbox 3484 1470 3727 1528; x_wconf 73' lang='lat' dir='ltr'><strong>luﬁdelis</strong></span> <span class='ocrx_word' id='word_1_198' title='bbox 3760 1488 3884 1543; x_wconf 77' lang='lat' dir='ltr'><strong>erga</strong></span> 
     </span>
    </p>
   </div>
   <div class='ocr_carea' id='block_1_30' title="bbox 2282 1550 3883 1632">
    <p class='ocr_par' dir='ltr' id='par_1_30' title="bbox 2282 1550 3883 1632">
     <span class='ocr_line' id='line_1_30' title="bbox 2282 1550 3883 1632; baseline 0.009 -26"><span class='ocrx_word' id='word_1_199' title='bbox 2282 1550 2473 1611; x_wconf 78' lang='lat' dir='ltr'><strong>faciem</strong></span> <span class='ocrx_word' id='word_1_200' title='bbox 2503 1568 2676 1619; x_wconf 85' lang='lat' dir='ltr'><strong>suam,</strong></span> <span class='ocrx_word' id='word_1_201' title='bbox 2708 1571 2868 1626; x_wconf 88' lang='lat' dir='ltr'><strong>quam</strong></span> <span class='ocrx_word' id='word_1_202' title='bbox 2894 1572 3000 1613; x_wconf 92' lang='lat' dir='ltr'><strong>non</strong></span> <span class='ocrx_word' id='word_1_203' title='bbox 3027 1570 3315 1617; x_wconf 91' lang='lat' dir='ltr'><strong>contentus</strong></span> <span class='ocrx_word' id='word_1_204' title='bbox 3342 1562 3600 1630; x_wconf 84' lang='lat' dir='ltr'><strong>Saturno,</strong></span> <span class='ocrx_word' id='word_1_205' title='bbox 3635 1576 3693 1621; x_wconf 91' lang='lat' dir='ltr'><strong>et</strong></span> <span class='ocrx_word' id='word_1_206' title='bbox 3734 1566 3883 1632; x_wconf 80' lang='lat' dir='ltr'><strong>Isidi,</strong></span> 
     </span>
    </p>
   </div>
   <div class='ocr_carea' id='block_1_31' title="bbox 2282 1644 3883 1724">
    <p class='ocr_par' dir='ltr' id='par_1_31' title="bbox 2282 1644 3883 1724">
     <span class='ocr_line' id='line_1_31' title="bbox 2282 1644 3883 1724; baseline 0.009 -26"><span class='ocrx_word' id='word_1_207' title='bbox 2282 1653 2338 1699; x_wconf 90' lang='lat' dir='ltr'><strong>et</strong></span> <span class='ocrx_word' id='word_1_208' title='bbox 2353 1644 2550 1702; x_wconf 89' lang='lat' dir='ltr'><strong>Libero</strong></span> <span class='ocrx_word' id='word_1_209' title='bbox 2574 1647 2873 1717; x_wconf 78' lang='lat' dir='ltr'><strong>proximam</strong></span> <span class='ocrx_word' id='word_1_210' title='bbox 2901 1650 3101 1717; x_wconf 84' lang='lat' dir='ltr'><strong>facere,</strong></span> <span class='ocrx_word' id='word_1_211' title='bbox 3148 1654 3369 1724; x_wconf 90' lang='lat' dir='ltr'><strong>insuper</strong></span> <span class='ocrx_word' id='word_1_212' title='bbox 3392 1659 3743 1723; x_wconf 80' lang='lat' dir='ltr'><strong>contumeliis</strong></span> <span class='ocrx_word' id='word_1_213' title='bbox 3775 1661 3883 1713; x_wconf 82' lang='lat' dir='ltr'><strong>ala-</strong></span> 
     </span>
    </p>
   </div>
   <div class='ocr_carea' id='block_1_32' title="bbox 2284 1738 3884 1818">
    <p class='ocr_par' dir='ltr' id='par_1_32' title="bbox 2284 1738 3884 1818">
     <span class='ocr_line' id='line_1_32' title="bbox 2284 1738 3884 1818; baseline 0.009 -27"><span class='ocrx_word' id='word_1_214' title='bbox 2284 1751 2472 1807; x_wconf 86' lang='lat' dir='ltr'><strong>parum</strong></span> <span class='ocrx_word' id='word_1_215' title='bbox 2494 1738 2574 1794; x_wconf 88' lang='lat' dir='ltr'><strong>sie</strong></span> <span class='ocrx_word' id='word_1_216' title='bbox 2603 1740 2808 1810; x_wconf 86' lang='lat' dir='ltr'><strong>objicit,</strong></span> <span class='ocrx_word' id='word_1_217' title='bbox 2839 1745 2989 1811; x_wconf 85' lang='lat' dir='ltr'><strong>quasi</strong></span> <span class='ocrx_word' id='word_1_218' title='bbox 3037 1746 3108 1800; x_wconf 90' lang='lat' dir='ltr'><strong>de</strong></span> <span class='ocrx_word' id='word_1_219' title='bbox 3152 1758 3423 1818; x_wconf 72' lang='lat' dir='ltr'><strong>praicepto</strong></span> <span class='ocrx_word' id='word_1_220' title='bbox 3463 1750 3679 1817; x_wconf 74' lang='lat' dir='ltr'><strong>Domini</strong></span> <span class='ocrx_word' id='word_1_221' title='bbox 3714 1751 3884 1807; x_wconf 81' lang='lat' dir='ltr'><strong>ludat.</strong></span> 
     </span>
    </p>
   </div>
   <div class='ocr_carea' id='block_1_33' title="bbox 588 1818 3886 1913">
    <p class='ocr_par' dir='ltr' id='par_1_33' title="bbox 588 1818 3886 1913">
     <span class='ocr_line' id='line_1_33' title="bbox 588 1818 3886 1913; baseline 0.004 -38"><span class='ocrx_word' id='word_1_222' title='bbox 588 1831 698 1888; x_wconf 91' lang='lat' dir='ltr'><strong>tur,</strong></span> <span class='ocrx_word' id='word_1_223' title='bbox 726 1818 892 1874; x_wconf 89' lang='lat' dir='ltr'><strong>falsos</strong></span> <span class='ocrx_word' id='word_1_224' title='bbox 913 1833 1034 1875; x_wconf 91' lang='lat' dir='ltr'><strong>esse</strong></span> <span class='ocrx_word' id='word_1_225' title='bbox 1059 1828 1115 1875; x_wconf 93' lang='lat' dir='ltr'><strong>et</strong></span> <span class='ocrx_word' id='word_1_226' title='bbox 1142 1821 1560 1881; x_wconf 86' lang='lat' dir='ltr'><strong>commentitios,</strong></span> <span class='ocrx_word' id='word_1_227' title='bbox 1577 1836 1640 1876; x_wconf 90' lang='lat' dir='ltr'><strong>ac</strong></span> <span class='ocrx_word' id='word_1_228' title='bbox 1660 1820 2005 1891; x_wconf 86' lang='lat' dir='ltr'><strong>depravatam</strong></span> <span class='ocrx_word' id='word_1_229' title='bbox 2029 1837 2182 1893; x_wconf 91' lang='lat' dir='ltr'><strong>pror-</strong></span> <span class='ocrx_word' id='word_1_230' title='bbox 2210 1818 2259 1881; x_wconf 81' lang='grc' dir='ltr'><strong>Β</strong></span> <span class='ocrx_word' id='word_1_231' title='bbox 2288 1827 2455 1884; x_wconf 90' lang='lat' dir='ltr'><strong>Docet</strong></span> <span class='ocrx_word' id='word_1_232' title='bbox 2478 1831 2688 1891; x_wconf 91' lang='lat' dir='ltr'><strong>scilicet</strong></span> <span class='ocrx_word' id='word_1_233' title='bbox 2712 1842 2766 1888; x_wconf 91' lang='lat' dir='ltr'><strong>et</strong></span> <span class='ocrx_word' id='word_1_234' title='bbox 2792 1832 3040 1891; x_wconf 89' lang='lat' dir='ltr'><strong>diabolus</strong></span> <span class='ocrx_word' id='word_1_235' title='bbox 3067 1838 3449 1903; x_wconf 85' lang='lat' dir='ltr'><strong>verberandam</strong></span> <span class='ocrx_word' id='word_1_236' title='bbox 3477 1844 3760 1899; x_wconf 76' lang='lat' dir='ltr'><strong>maxillam</strong></span> <span class='ocrx_word' id='word_1_237' title='bbox 3792 1860 3886 1913; x_wconf 62' lang='grc' dir='ltr'><strong>με-</strong></span> 
     </span>
    </p>
   </div>
   <div class='ocr_carea' id='block_1_34' title="bbox 589 1909 2181 1985">
    <p class='ocr_par' dir='ltr' id='par_1_34' title="bbox 589 1909 2181 1985">
     <span class='ocr_line' id='line_1_34' title="bbox 589 1909 2181 1985; baseline 0.001 -18"><span class='ocrx_word' id='word_1_238' title='bbox 589 1926 685 1967; x_wconf 86' lang='lat' dir='ltr'><strong>sus</strong></span> <span class='ocrx_word' id='word_1_239' title='bbox 705 1919 759 1966; x_wconf 90' lang='lat' dir='ltr'><strong>et</strong></span> <span class='ocrx_word' id='word_1_240' title='bbox 778 1919 1086 1982; x_wconf 91' lang='lat' dir='ltr'><strong>corruptam</strong></span> <span class='ocrx_word' id='word_1_241' title='bbox 1110 1909 1275 1967; x_wconf 90' lang='lat' dir='ltr'><strong>fuisse</strong></span> <span class='ocrx_word' id='word_1_242' title='bbox 1304 1912 1616 1968; x_wconf 89' lang='lat' dir='ltr'><strong>eorumdem</strong></span> <span class='ocrx_word' id='word_1_243' title='bbox 1657 1912 1936 1985; x_wconf 75' lang='lat' dir='ltr'><strong>gentilium</strong></span> <span class='ocrx_word' id='word_1_244' title='bbox 1965 1912 2181 1985; x_wconf 85' lang='lat' dir='ltr'><strong>religio-</strong></span> 
     </span>
    </p>
   </div>
   <div class='ocr_carea' id='block_1_35' title="bbox 590 2004 2246 2077">
    <p class='ocr_par' dir='ltr' id='par_1_35' title="bbox 590 2004 2246 2077">
     <span class='ocr_line' id='line_1_35' title="bbox 590 2004 2246 2077; baseline 0.001 -15"><span class='ocrx_word' id='word_1_245' title='bbox 590 2021 738 2063; x_wconf 87' lang='lat' dir='ltr'><strong>nem.</strong></span> <span class='ocrx_word' id='word_1_246' title='bbox 762 2004 897 2062; x_wconf 86' lang='lat' dir='ltr'><strong>Nam</strong></span> <span class='ocrx_word' id='word_1_247' title='bbox 945 2006 998 2060; x_wconf 92' lang='lat' dir='ltr'><strong>in</strong></span> <span class='ocrx_word' id='word_1_248' title='bbox 1050 2004 1199 2061; x_wconf 91' lang='lat' dir='ltr'><strong>hisce</strong></span> <span class='ocrx_word' id='word_1_249' title='bbox 1248 2006 1387 2062; x_wconf 91' lang='lat' dir='ltr'><strong>ludis</strong></span> <span class='ocrx_word' id='word_1_250' title='bbox 1426 2018 1619 2076; x_wconf 68' lang='lat' dir='ltr'><strong>praeter</strong></span> <span class='ocrx_word' id='word_1_251' title='bbox 1649 2007 1750 2062; x_wconf 89' lang='lat' dir='ltr'><strong>alia</strong></span> <span class='ocrx_word' id='word_1_252' title='bbox 1797 2007 2048 2077; x_wconf 90' lang='lat' dir='ltr'><strong>plurima,</strong></span> <span class='ocrx_word' id='word_1_253' title='bbox 2078 2007 2182 2063; x_wconf 89' lang='lat' dir='ltr'><strong>diis</strong></span> <span class='ocrx_word' id='word_1_254' title='bbox 2243 2015 2246 2020; x_wconf 82' lang='lat'><em>‘</em></span> 
     </span>
    </p>
   </div>
   <div class='ocr_carea' id='block_1_36' title="bbox 588 2096 2183 2168">
    <p class='ocr_par' dir='ltr' id='par_1_36' title="bbox 588 2096 2183 2168">
     <span class='ocr_line' id='line_1_36' title="bbox 588 2096 2183 2168; baseline 0.001 -17"><span class='ocrx_word' id='word_1_255' title='bbox 588 2097 754 2167; x_wconf 86' lang='lat' dir='ltr'><strong>plane</strong></span> <span class='ocrx_word' id='word_1_256' title='bbox 780 2096 1016 2166; x_wconf 90' lang='lat' dir='ltr'><strong>indigna,</strong></span> <span class='ocrx_word' id='word_1_257' title='bbox 1046 2096 1345 2165; x_wconf 84' lang='lat' dir='ltr'><strong>agebantur</strong></span> <span class='ocrx_word' id='word_1_258' title='bbox 1370 2096 1649 2168; x_wconf 73' lang='lat' dir='ltr'><strong>tragmdiae</strong></span> <span class='ocrx_word' id='word_1_259' title='bbox 1688 2096 1957 2166; x_wconf 88' lang='lat' dir='ltr'><strong>crudeles,</strong></span> <span class='ocrx_word' id='word_1_260' title='bbox 1988 2106 2043 2153; x_wconf 91' lang='lat' dir='ltr'><strong>et</strong></span> <span class='ocrx_word' id='word_1_261' title='bbox 2073 2107 2183 2153; x_wconf 92' lang='lat' dir='ltr'><strong>tur-</strong></span> 
     </span>
    </p>
   </div>
   <div class='ocr_carea' id='block_1_37' title="bbox 591 2189 2184 2262">
    <p class='ocr_par' dir='ltr' id='par_1_37' title="bbox 591 2189 2184 2262">
     <span class='ocr_line' id='line_1_37' title="bbox 591 2189 2184 2262; baseline 0.001 -17"><span class='ocrx_word' id='word_1_262' title='bbox 591 2205 690 2261; x_wconf 89' lang='lat' dir='ltr'><strong>pes</strong></span> <span class='ocrx_word' id='word_1_263' title='bbox 715 2189 1014 2257; x_wconf 74' lang='lat' dir='ltr'><strong>comoediae,</strong></span> <span class='ocrx_word' id='word_1_264' title='bbox 1043 2189 1111 2245; x_wconf 92' lang='lat' dir='ltr'><strong>de</strong></span> <span class='ocrx_word' id='word_1_265' title='bbox 1135 2190 1330 2262; x_wconf 92' lang='lat' dir='ltr'><strong>quibus</strong></span> <span class='ocrx_word' id='word_1_266' title='bbox 1359 2191 1517 2260; x_wconf 90' lang='lat' dir='ltr'><strong>paulo</strong></span> <span class='ocrx_word' id='word_1_267' title='bbox 1553 2199 1677 2246; x_wconf 87' lang='lat' dir='ltr'><strong>ante</strong></span> <span class='ocrx_word' id='word_1_268' title='bbox 1705 2191 2076 2250; x_wconf 83' lang='lat' dir='ltr'><strong>disseruimus.</strong></span> <span class='ocrx_word' id='word_1_269' title='bbox 2101 2196 2184 2250; x_wconf 82' lang='lat' dir='ltr'><strong>Ab</strong></span> 
     </span>
    </p>
   </div>
   <div class='ocr_carea' id='block_1_38' title="bbox 594 2280 2186 2358">
    <p class='ocr_par' dir='ltr' id='par_1_38' title="bbox 594 2280 2186 2358">
     <span class='ocr_line' id='line_1_38' title="bbox 594 2280 2186 2358; baseline 0.002 -22"><span class='ocrx_word' id='word_1_270' title='bbox 594 2280 838 2337; x_wconf 79' lang='lat' dir='ltr'><strong>Arnobio</strong></span> <span class='ocrx_word' id='word_1_271' title='bbox 865 2291 1046 2337; x_wconf 90' lang='lat' dir='ltr'><strong>autem</strong></span> <span class='ocrx_word' id='word_1_272' title='bbox 1069 2291 1256 2338; x_wconf 89' lang='lat' dir='ltr'><strong>nostro</strong></span> <span class='ocrx_word' id='word_1_273' title='bbox 1286 2284 1601 2338; x_wconf 86' lang='lat' dir='ltr'><strong>nominatim</strong></span> <span class='ocrx_word' id='word_1_274' title='bbox 1647 2283 1953 2340; x_wconf 88' lang='lat' dir='ltr'><strong>indicantur</strong></span> <span class='ocrx_word' id='word_1_275' title='bbox 1977 2285 2186 2358; x_wconf 88' lang='lat' dir='ltr'><strong>Sopho-</strong></span> 
     </span>
    </p>
   </div>
   <div class='ocr_carea' id='block_1_39' title="bbox 593 2375 2185 2448">
    <p class='ocr_par' dir='ltr' id='par_1_39' title="bbox 593 2375 2185 2448">
     <span class='ocr_line' id='line_1_39' title="bbox 593 2375 2185 2448; baseline 0.004 -17"><span class='ocrx_word' id='word_1_276' title='bbox 593 2376 697 2433; x_wconf 90' lang='lat' dir='ltr'><strong>clis</strong></span> <span class='ocrx_word' id='word_1_277' title='bbox 744 2375 1071 2441; x_wconf 72' lang='lat' dir='ltr'><strong>Trachinite,</strong></span> <span class='ocrx_word' id='word_1_278' title='bbox 1122 2376 1381 2433; x_wconf 85' lang='lat' dir='ltr'><strong>Hercules</strong></span> <span class='ocrx_word' id='word_1_279' title='bbox 1423 2377 1715 2448; x_wconf 89' lang='lat' dir='ltr'><strong>Euripidis,</strong></span> <span class='ocrx_word' id='word_1_280' title='bbox 1762 2388 1817 2433; x_wconf 90' lang='lat' dir='ltr'><strong>et</strong></span> <span class='ocrx_word' id='word_1_281' title='bbox 1854 2378 2028 2435; x_wconf 90' lang='lat' dir='ltr'><strong>Plauti</strong></span> <span class='ocrx_word' id='word_1_282' title='bbox 2056 2382 2185 2437; x_wconf 86' lang='lat' dir='ltr'><strong>Am-</strong></span> 
     </span>
    </p>
   </div>
   <div class='ocr_carea' id='block_1_40' title="bbox 593 2468 2187 2549">
    <p class='ocr_par' dir='ltr' id='par_1_40' title="bbox 593 2468 2187 2549">
     <span class='ocr_line' id='line_1_40' title="bbox 593 2468 2187 2549; baseline 0.004 -28"><span class='ocrx_word' id='word_1_283' title='bbox 593 2468 813 2541; x_wconf 80' lang='lat' dir='ltr'><strong>phitryo</strong></span> <span class='ocrx_word' id='word_1_284' title='bbox 845 2468 1034 2541; x_wconf 85' lang='lat' dir='ltr'><strong>(Ibid.,</strong></span> <span class='ocrx_word' id='word_1_285' title='bbox 1087 2486 1210 2540; x_wconf 82' lang='lat' dir='ltr'><strong>pag.</strong></span> <span class='ocrx_word' id='word_1_286' title='bbox 1260 2468 1365 2525; x_wconf 73' lang='lat'><strong>258</strong></span> <span class='ocrx_word' id='word_1_287' title='bbox 1395 2479 1440 2525; x_wconf 87' lang='lat' dir='ltr'><strong>et</strong></span> <span class='ocrx_word' id='word_1_288' title='bbox 1466 2469 1667 2542; x_wconf 60' lang='lat' dir='ltr'><strong>seqq);</strong></span> <span class='ocrx_word' id='word_1_289' title='bbox 1711 2487 1828 2549; x_wconf 72' lang='lat' dir='ltr'><strong>qua:</strong></span> <span class='ocrx_word' id='word_1_290' title='bbox 1852 2471 2066 2544; x_wconf 90' lang='lat' dir='ltr'><strong>quidem</strong></span> <span class='ocrx_word' id='word_1_291' title='bbox 2095 2488 2187 2528; x_wconf 93' lang='lat' dir='ltr'><strong>co-</strong></span> 
     </span>
    </p>
   </div>
   <div class='ocr_carea' id='block_1_41' title="bbox 596 2560 2189 2633">
    <p class='ocr_par' dir='ltr' id='par_1_41' title="bbox 596 2560 2189 2633">
     <span class='ocr_line' id='line_1_41' title="bbox 596 2560 2189 2633; baseline 0.003 -16"><span class='ocrx_word' id='word_1_292' title='bbox 596 2560 831 2627; x_wconf 63' lang='lat' dir='ltr'><strong>mtedizx,</strong></span> <span class='ocrx_word' id='word_1_293' title='bbox 855 2560 997 2617; x_wconf 90' lang='lat' dir='ltr'><strong>haud</strong></span> <span class='ocrx_word' id='word_1_294' title='bbox 1019 2562 1187 2618; x_wconf 90' lang='lat' dir='ltr'><strong>semel</strong></span> <span class='ocrx_word' id='word_1_295' title='bbox 1212 2563 1353 2633; x_wconf 91' lang='lat' dir='ltr'><strong>typis</strong></span> <span class='ocrx_word' id='word_1_296' title='bbox 1381 2562 1561 2631; x_wconf 62' lang='lat' dir='ltr'><strong>editae,</strong></span> <span class='ocrx_word' id='word_1_297' title='bbox 1589 2563 1644 2617; x_wconf 90' lang='lat' dir='ltr'><strong>in</strong></span> <span class='ocrx_word' id='word_1_298' title='bbox 1672 2564 1912 2619; x_wconf 90' lang='lat' dir='ltr'><strong>omnium</strong></span> <span class='ocrx_word' id='word_1_299' title='bbox 1943 2565 2189 2621; x_wconf 85' lang='lat' dir='ltr'><strong>inanibus</strong></span> 
     </span>
    </p>
   </div>
   <div class='ocr_carea' id='block_1_42' title="bbox 596 2650 2187 2725">
    <p class='ocr_par' dir='ltr' id='par_1_42' title="bbox 596 2650 2187 2725">
     <span class='ocr_line' id='line_1_42' title="bbox 596 2650 2187 2725; baseline 0.004 -19"><span class='ocrx_word' id='word_1_300' title='bbox 596 2660 901 2708; x_wconf 87' lang='lat' dir='ltr'><strong>versantur.</strong></span> <span class='ocrx_word' id='word_1_301' title='bbox 935 2650 1050 2706; x_wconf 84' lang='lat' dir='ltr'><strong>Huc</strong></span> <span class='ocrx_word' id='word_1_302' title='bbox 1084 2651 1310 2716; x_wconf 89' lang='lat' dir='ltr'><strong>accedit,</strong></span> <span class='ocrx_word' id='word_1_303' title='bbox 1340 2652 1481 2723; x_wconf 91' lang='lat' dir='ltr'><strong>quod</strong></span> <span class='ocrx_word' id='word_1_304' title='bbox 1511 2664 1741 2725; x_wconf 89' lang='lat' dir='ltr'><strong>quatuor</strong></span> <span class='ocrx_word' id='word_1_305' title='bbox 1771 2655 2051 2712; x_wconf 73' lang='lat' dir='ltr'><strong>commdiae</strong></span> <span class='ocrx_word' id='word_1_306' title='bbox 2081 2656 2187 2712; x_wconf 87' lang='lat' dir='ltr'><strong>Te-</strong></span> 
     </span>
    </p>
   </div>
   <div class='ocr_carea' id='block_1_43' title="bbox 597 2745 2190 2821">
    <p class='ocr_par' dir='ltr' id='par_1_43' title="bbox 597 2745 2190 2821">
     <span class='ocr_line' id='line_1_43' title="bbox 597 2745 2190 2821; baseline 0.001 -19"><span class='ocrx_word' id='word_1_307' title='bbox 597 2745 758 2802; x_wconf 89' lang='lat' dir='ltr'><strong>rentii</strong></span> <span class='ocrx_word' id='word_1_308' title='bbox 784 2754 1038 2813; x_wconf 90' lang='lat' dir='ltr'><strong>notentur</strong></span> <span class='ocrx_word' id='word_1_309' title='bbox 1065 2755 1198 2800; x_wconf 68' lang='lat' dir='ltr'><strong>actae</strong></span> <span class='ocrx_word' id='word_1_310' title='bbox 1229 2745 1312 2801; x_wconf 92' lang='lat' dir='ltr'><strong>his</strong></span> <span class='ocrx_word' id='word_1_311' title='bbox 1340 2747 1491 2816; x_wconf 91' lang='lat' dir='ltr'><strong>ipsis,</strong></span> <span class='ocrx_word' id='word_1_312' title='bbox 1520 2762 1657 2821; x_wconf 89' lang='lat' dir='ltr'><strong>quos</strong></span> <span class='ocrx_word' id='word_1_313' title='bbox 1682 2748 2057 2820; x_wconf 87' lang='lat' dir='ltr'><strong>explicuimus,</strong></span> <span class='ocrx_word' id='word_1_314' title='bbox 2082 2749 2190 2804; x_wconf 82' lang='lat' dir='ltr'><strong>Me-</strong></span> 
     </span>
    </p>
   </div>
   <div class='ocr_carea' id='block_1_44' title="bbox 598 2836 2191 2915">
    <p class='ocr_par' dir='ltr' id='par_1_44' title="bbox 598 2836 2191 2915">
     <span class='ocr_line' id='line_1_44' title="bbox 598 2836 2191 2915; baseline 0.004 -24"><span class='ocrx_word' id='word_1_315' title='bbox 598 2838 909 2909; x_wconf 79' lang='lat' dir='ltr'><strong>galensibus</strong></span> <span class='ocrx_word' id='word_1_316' title='bbox 948 2836 1110 2893; x_wconf 89' lang='lat' dir='ltr'><strong>ludis.</strong></span> <span class='ocrx_word' id='word_1_317' title='bbox 1144 2838 1276 2907; x_wconf 85' lang='lat' dir='ltr'><strong>Quis</strong></span> <span class='ocrx_word' id='word_1_318' title='bbox 1306 2848 1485 2896; x_wconf 90' lang='lat' dir='ltr'><strong>autem</strong></span> <span class='ocrx_word' id='word_1_319' title='bbox 1533 2842 1704 2896; x_wconf 91' lang='lat' dir='ltr'><strong>nescit</strong></span> <span class='ocrx_word' id='word_1_320' title='bbox 1749 2851 2006 2915; x_wconf 91' lang='lat' dir='ltr'><strong>quantum</strong></span> <span class='ocrx_word' id='word_1_321' title='bbox 2033 2843 2084 2896; x_wconf 82' lang='lat' dir='ltr'><strong>in</strong></span> <span class='ocrx_word' id='word_1_322' title='bbox 2113 2844 2191 2903; x_wconf 89' lang='lat' dir='ltr'><strong>eis</strong></span> 
     </span>
    </p>
   </div>
   <div class='ocr_carea' id='block_1_45' title="bbox 598 2932 2189 3007">
    <p class='ocr_par' dir='ltr' id='par_1_45' title="bbox 598 2932 2189 3007">
     <span class='ocr_line' id='line_1_45' title="bbox 598 2932 2189 3007; baseline 0.001 -18"><span class='ocrx_word' id='word_1_323' title='bbox 598 2933 728 2989; x_wconf 66' lang='lat' dir='ltr'><strong>laesa</strong></span> <span class='ocrx_word' id='word_1_324' title='bbox 750 2932 1013 3003; x_wconf 89' lang='lat' dir='ltr'><strong>irrisaque</strong></span> <span class='ocrx_word' id='word_1_325' title='bbox 1034 2932 1215 3001; x_wconf 88' lang='lat' dir='ltr'><strong>fuerit,</strong></span> <span class='ocrx_word' id='word_1_326' title='bbox 1247 2933 1293 2989; x_wconf 91' lang='lat' dir='ltr'><strong>si</strong></span> <span class='ocrx_word' id='word_1_327' title='bbox 1331 2936 1420 3004; x_wconf 92' lang='lat' dir='ltr'><strong>qui</strong></span> <span class='ocrx_word' id='word_1_328' title='bbox 1451 2950 1571 2991; x_wconf 91' lang='lat' dir='ltr'><strong>esse</strong></span> <span class='ocrx_word' id='word_1_329' title='bbox 1617 2937 1939 3007; x_wconf 87' lang='lat' dir='ltr'><strong>potuissent,</strong></span> <span class='ocrx_word' id='word_1_330' title='bbox 1966 2936 2189 2992; x_wconf 90' lang='lat' dir='ltr'><strong>deorum</strong></span> 
     </span>
    </p>
   </div>
   <div class='ocr_carea' id='block_1_46' title="bbox 599 3024 892 3095">
    <p class='ocr_par' dir='ltr' id='par_1_46' title="bbox 599 3024 892 3095">
     <span class='ocr_line' id='line_1_46' title="bbox 599 3024 892 3095; baseline -0.01 -15"><span class='ocrx_word' id='word_1_331' title='bbox 599 3024 892 3095; x_wconf 71' lang='lat' dir='ltr'><strong>maiestas?</strong></span> 
     </span>
    </p>
   </div>
   <div class='ocr_carea' id='block_1_47' title="bbox 672 3115 2193 3187">
    <p class='ocr_par' dir='ltr' id='par_1_47' title="bbox 672 3115 2193 3187">
     <span class='ocr_line' id='line_1_47' title="bbox 672 3115 2193 3187; baseline 0.004 -16"><span class='ocrx_word' id='word_1_332' title='bbox 672 3115 837 3172; x_wconf 85' lang='lat' dir='ltr'><strong>Addit</strong></span> <span class='ocrx_word' id='word_1_333' title='bbox 863 3125 1122 3187; x_wconf 62' lang='lat' dir='ltr'><strong>praeterea</strong></span> <span class='ocrx_word' id='word_1_334' title='bbox 1145 3128 1330 3173; x_wconf 89' lang='lat' dir='ltr'><strong>auctor</strong></span> <span class='ocrx_word' id='word_1_335' title='bbox 1375 3129 1559 3175; x_wconf 88' lang='lat' dir='ltr'><strong>noster</strong></span> <span class='ocrx_word' id='word_1_336' title='bbox 1606 3129 1754 3176; x_wconf 91' lang='lat' dir='ltr'><strong>actas</strong></span> <span class='ocrx_word' id='word_1_337' title='bbox 1807 3119 1983 3176; x_wconf 85' lang='lat' dir='ltr'><strong>adhuc</strong></span> <span class='ocrx_word' id='word_1_338' title='bbox 2028 3120 2193 3177; x_wconf 90' lang='lat' dir='ltr'><strong>fuisse</strong></span> 
     </span>
    </p>
   </div>
   <div class='ocr_carea' id='block_1_48' title="bbox 598 3202 2265 3279">
    <p class='ocr_par' dir='ltr' id='par_1_48' title="bbox 598 3202 2265 3279">
     <span class='ocr_line' id='line_1_48' title="bbox 598 3202 2265 3279; baseline 0.002 -17"><span class='ocrx_word' id='word_1_339' title='bbox 598 3207 830 3279; x_wconf 89' lang='lat' dir='ltr'><strong>publicis</strong></span> <span class='ocrx_word' id='word_1_340' title='bbox 870 3209 922 3263; x_wconf 92' lang='lat' dir='ltr'><strong>in</strong></span> <span class='ocrx_word' id='word_1_341' title='bbox 981 3209 1123 3263; x_wconf 90' lang='lat' dir='ltr'><strong>ludis</strong></span> <span class='ocrx_word' id='word_1_342' title='bbox 1162 3210 1457 3277; x_wconf 78' lang='lat' dir='ltr'><strong>Atellanas,</strong></span> <span class='ocrx_word' id='word_1_343' title='bbox 1504 3212 1796 3268; x_wconf 75' lang='lat' dir='ltr'><strong>comoedias</strong></span> <span class='ocrx_word' id='word_1_344' title='bbox 1847 3229 1941 3268; x_wconf 90' lang='lat' dir='ltr'><strong>seu</strong></span> <span class='ocrx_word' id='word_1_345' title='bbox 1987 3212 2192 3269; x_wconf 91' lang='lat' dir='ltr'><strong>fabulas</strong></span> <span class='ocrx_word' id='word_1_346' title='bbox 2219 3202 2265 3265; x_wconf 87' lang='lat' dir='ltr'><strong>C</strong></span> 
     </span>
    </p>
   </div>
   <div class='ocr_carea' id='block_1_49' title="bbox 601 3299 2193 3374">
    <p class='ocr_par' dir='ltr' id='par_1_49' title="bbox 601 3299 2193 3374">
     <span class='ocr_line' id='line_1_49' title="bbox 601 3299 2193 3374; baseline 0.003 -19"><span class='ocrx_word' id='word_1_347' title='bbox 601 3299 794 3371; x_wconf 85' lang='lat' dir='ltr'><strong>(Ibid.,</strong></span> <span class='ocrx_word' id='word_1_348' title='bbox 827 3317 945 3372; x_wconf 81' lang='lat' dir='ltr'><strong>pag.</strong></span> <span class='ocrx_word' id='word_1_349' title='bbox 986 3301 1142 3372; x_wconf 69' lang='grc'><strong>259).</strong></span> <span class='ocrx_word' id='word_1_350' title='bbox 1176 3301 1326 3357; x_wconf 84' lang='lat' dir='ltr'><strong>Scire</strong></span> <span class='ocrx_word' id='word_1_351' title='bbox 1353 3312 1530 3357; x_wconf 85' lang='lat' dir='ltr'><strong>autem</strong></span> <span class='ocrx_word' id='word_1_352' title='bbox 1559 3306 1602 3357; x_wconf 90' lang='lat' dir='ltr'><strong>si</strong></span> <span class='ocrx_word' id='word_1_353' title='bbox 1642 3304 1795 3369; x_wconf 82' lang='lat' dir='ltr'><strong>velis,</strong></span> <span class='ocrx_word' id='word_1_354' title='bbox 1834 3320 1969 3374; x_wconf 61' lang='lat' dir='ltr'><strong>quat,</strong></span> <span class='ocrx_word' id='word_1_355' title='bbox 2014 3315 2069 3360; x_wconf 91' lang='lat' dir='ltr'><strong>et</strong></span> <span class='ocrx_word' id='word_1_356' title='bbox 2098 3321 2193 3360; x_wconf 91' lang='lat' dir='ltr'><strong>cur</strong></span> 
     </span>
    </p>
   </div>
   <div class='ocr_carea' id='block_1_50' title="bbox 602 3393 2192 3467">
    <p class='ocr_par' dir='ltr' id='par_1_50' title="bbox 602 3393 2192 3467">
     <span class='ocr_line' id='line_1_50' title="bbox 602 3393 2192 3467; baseline 0.005 -20"><span class='ocrx_word' id='word_1_357' title='bbox 602 3394 683 3448; x_wconf 90' lang='lat' dir='ltr'><strong>sic</strong></span> <span class='ocrx_word' id='word_1_358' title='bbox 714 3393 1106 3464; x_wconf 63' lang='lat' dir='ltr'><strong>cognominatae</strong></span> <span class='ocrx_word' id='word_1_359' title='bbox 1137 3393 1265 3460; x_wconf 92' lang='lat' dir='ltr'><strong>sint,</strong></span> <span class='ocrx_word' id='word_1_360' title='bbox 1296 3394 1453 3449; x_wconf 82' lang='lat' dir='ltr'><strong>facile</strong></span> <span class='ocrx_word' id='word_1_361' title='bbox 1485 3395 1750 3467; x_wconf 82' lang='lat' dir='ltr'><strong>intelliges</strong></span> <span class='ocrx_word' id='word_1_362' title='bbox 1786 3412 1849 3450; x_wconf 87' lang='lat' dir='ltr'><strong>ex</strong></span> <span class='ocrx_word' id='word_1_363' title='bbox 1882 3393 2029 3451; x_wconf 88' lang='lat' dir='ltr'><strong>hisce</strong></span> <span class='ocrx_word' id='word_1_364' title='bbox 2059 3394 2192 3455; x_wconf 87' lang='lat' dir='ltr'><strong>Livii</strong></span> 
     </span>
    </p>
   </div>
   <div class='ocr_carea' id='block_1_51' title="bbox 601 3485 2188 3559">
    <p class='ocr_par' dir='ltr' id='par_1_51' title="bbox 601 3485 2188 3559">
     <span class='ocr_line' id='line_1_51' title="bbox 601 3485 2188 3559; baseline 0.002 -17"><span class='ocrx_word' id='word_1_365' title='bbox 601 3486 826 3542; x_wconf 83' lang='lat' dir='ltr'><strong>verbis:</strong></span> <span class='ocrx_word' id='word_1_366' title='bbox 863 3504 882 3535; x_wconf 72' lang='grc' dir='ltr'>ι</span> <span class='ocrx_word' id='word_1_367' title='bbox 919 3485 1070 3552; x_wconf 86' lang='lat' dir='ltr'><strong>Quod</strong></span> <span class='ocrx_word' id='word_1_368' title='bbox 1097 3501 1268 3556; x_wconf 83' lang='lat' dir='ltr'><strong>genus</strong></span> <span class='ocrx_word' id='word_1_369' title='bbox 1298 3485 1542 3545; x_wconf 85' lang='lat' dir='ltr'><strong>ludorum</strong></span> <span class='ocrx_word' id='word_1_370' title='bbox 1588 3488 1655 3540; x_wconf 86' lang='lat' dir='ltr'><strong>ab</strong></span> <span class='ocrx_word' id='word_1_371' title='bbox 1701 3486 1852 3542; x_wconf 86' lang='lat' dir='ltr'><strong>Oscis</strong></span> <span class='ocrx_word' id='word_1_372' title='bbox 1890 3499 2188 3559; x_wconf 86' lang='lat' dir='ltr'><strong>acceptum,</strong></span> 
     </span>
    </p>
   </div>
   <div class='ocr_carea' id='block_1_52' title="bbox 602 3577 2189 3651">
    <p class='ocr_par' dir='ltr' id='par_1_52' title="bbox 602 3577 2189 3651">
     <span class='ocr_line' id='line_1_52' title="bbox 602 3577 2189 3651; baseline 0.001 -18"><span class='ocrx_word' id='word_1_373' title='bbox 602 3577 781 3635; x_wconf 87' lang='lat' dir='ltr'><strong>tenuit</strong></span> <span class='ocrx_word' id='word_1_374' title='bbox 801 3577 1078 3647; x_wconf 81' lang='lat' dir='ltr'><strong>juventus,</strong></span> <span class='ocrx_word' id='word_1_375' title='bbox 1111 3593 1213 3632; x_wconf 89' lang='lat' dir='ltr'><strong>nec</strong></span> <span class='ocrx_word' id='word_1_376' title='bbox 1233 3577 1302 3632; x_wconf 90' lang='lat' dir='ltr'><strong>ab</strong></span> <span class='ocrx_word' id='word_1_377' title='bbox 1333 3578 1684 3635; x_wconf 87' lang='lat' dir='ltr'><strong>histrionibus</strong></span> <span class='ocrx_word' id='word_1_378' title='bbox 1714 3580 1873 3650; x_wconf 89' lang='lat' dir='ltr'><strong>pollui</strong></span> <span class='ocrx_word' id='word_1_379' title='bbox 1906 3597 2060 3651; x_wconf 83' lang='lat' dir='ltr'><strong>passa</strong></span> <span class='ocrx_word' id='word_1_380' title='bbox 2087 3593 2189 3637; x_wconf 90' lang='lat' dir='ltr'><strong>est.</strong></span> 
     </span>
    </p>
   </div>
   <div class='ocr_carea' id='block_1_53' title="bbox 606 3670 2193 3738">
    <p class='ocr_par' dir='ltr' id='par_1_53' title="bbox 606 3670 2193 3738">
     <span class='ocr_line' id='line_1_53' title="bbox 606 3670 2193 3738; baseline 0.003 -13"><span class='ocrx_word' id='word_1_381' title='bbox 606 3672 683 3725; x_wconf 82' lang='lat' dir='ltr'><strong>Eo</strong></span> <span class='ocrx_word' id='word_1_382' title='bbox 724 3670 1021 3724; x_wconf 91' lang='lat' dir='ltr'><strong>institutum</strong></span> <span class='ocrx_word' id='word_1_383' title='bbox 1076 3678 1277 3738; x_wconf 90' lang='lat' dir='ltr'><strong>manet,</strong></span> <span class='ocrx_word' id='word_1_384' title='bbox 1318 3679 1378 3724; x_wconf 90' lang='lat' dir='ltr'><strong>ut</strong></span> <span class='ocrx_word' id='word_1_385' title='bbox 1417 3677 1628 3725; x_wconf 91' lang='lat' dir='ltr'><strong>actores</strong></span> <span class='ocrx_word' id='word_1_386' title='bbox 1674 3673 2064 3736; x_wconf 84' lang='lat' dir='ltr'><strong>Atellanarum,</strong></span> <span class='ocrx_word' id='word_1_387' title='bbox 2094 3690 2193 3729; x_wconf 90' lang='lat' dir='ltr'><strong>nec</strong></span> 
     </span>
    </p>
   </div>
   <div class='ocr_carea' id='block_1_54' title="bbox 605 3763 2190 3838">
    <p class='ocr_par' dir='ltr' id='par_1_54' title="bbox 605 3763 2190 3838">
     <span class='ocr_line' id='line_1_54' title="bbox 605 3763 2190 3838; baseline 0.003 -20"><span class='ocrx_word' id='word_1_388' title='bbox 605 3763 750 3819; x_wconf 89' lang='lat' dir='ltr'><strong>tribu</strong></span> <span class='ocrx_word' id='word_1_389' title='bbox 776 3773 1120 3831; x_wconf 88' lang='lat' dir='ltr'><strong>moveantur,</strong></span> <span class='ocrx_word' id='word_1_390' title='bbox 1146 3774 1200 3818; x_wconf 92' lang='lat' dir='ltr'><strong>et</strong></span> <span class='ocrx_word' id='word_1_391' title='bbox 1225 3763 1490 3834; x_wconf 89' lang='lat' dir='ltr'><strong>stipendia</strong></span> <span class='ocrx_word' id='word_1_392' title='bbox 1533 3774 1802 3837; x_wconf 88' lang='lat' dir='ltr'><strong>tamquam</strong></span> <span class='ocrx_word' id='word_1_393' title='bbox 1827 3778 2077 3838; x_wconf 76' lang='lat' dir='ltr'><strong>expertes</strong></span> <span class='ocrx_word' id='word_1_394' title='bbox 2107 3767 2190 3822; x_wconf 87' lang='lat' dir='ltr'><strong>lu-</strong></span> 
     </span>
    </p>
   </div>
   <div class='ocr_carea' id='block_1_55' title="bbox 604 3853 2192 3931">
    <p class='ocr_par' dir='ltr' id='par_1_55' title="bbox 604 3853 2192 3931">
     <span class='ocr_line' id='line_1_55' title="bbox 604 3853 2192 3931; baseline 0.003 -21"><span class='ocrx_word' id='word_1_395' title='bbox 604 3854 773 3910; x_wconf 69' lang='lat' dir='ltr'><strong>dicrae</strong></span> <span class='ocrx_word' id='word_1_396' title='bbox 829 3855 963 3908; x_wconf 89' lang='lat' dir='ltr'><strong>artis</strong></span> <span class='ocrx_word' id='word_1_397' title='bbox 1006 3853 1205 3910; x_wconf 87' lang='lat' dir='ltr'><strong>faciant</strong></span> <span class='ocrx_word' id='word_1_398' title='bbox 1238 3875 1257 3907; x_wconf 85' lang='grc'><strong>›</strong></span> <span class='ocrx_word' id='word_1_399' title='bbox 1294 3854 1458 3928; x_wconf 86' lang='lat' dir='ltr'><strong>(Liv.,</strong></span> <span class='ocrx_word' id='word_1_400' title='bbox 1511 3856 1599 3911; x_wconf 84' lang='lat' dir='ltr'><strong>lib.</strong></span> <span class='ocrx_word' id='word_1_401' title='bbox 1635 3873 1730 3926; x_wconf 82' lang='lat' dir='ltr'><strong>vn,</strong></span> <span class='ocrx_word' id='word_1_402' title='bbox 1757 3875 1873 3931; x_wconf 85' lang='lat' dir='ltr'><strong>cap.</strong></span> <span class='ocrx_word' id='word_1_403' title='bbox 1908 3860 1987 3930; x_wconf 75' lang='grc'><strong>2).</strong></span> <span class='ocrx_word' id='word_1_404' title='bbox 2018 3859 2192 3915; x_wconf 85' lang='lat' dir='ltr'><strong>Atella</strong></span> 
     </span>
    </p>
   </div>
   <div class='ocr_carea' id='block_1_56' title="bbox 604 3944 2193 4019">
    <p class='ocr_par' dir='ltr' id='par_1_56' title="bbox 604 3944 2193 4019">
     <span class='ocr_line' id='line_1_56' title="bbox 604 3944 2193 4019; baseline 0.003 -17"><span class='ocrx_word' id='word_1_405' title='bbox 604 3962 735 4002; x_wconf 87' lang='lat' dir='ltr'><strong>vero</strong></span> <span class='ocrx_word' id='word_1_406' title='bbox 781 3944 1091 4017; x_wconf 81' lang='lat' dir='ltr'><strong>Campaniae</strong></span> <span class='ocrx_word' id='word_1_407' title='bbox 1136 3946 1391 4019; x_wconf 91' lang='lat' dir='ltr'><strong>oppidum</strong></span> <span class='ocrx_word' id='word_1_408' title='bbox 1441 3966 1583 4006; x_wconf 90' lang='lat' dir='ltr'><strong>nunc</strong></span> <span class='ocrx_word' id='word_1_409' title='bbox 1624 3952 1864 4017; x_wconf 86' lang='lat' dir='ltr'><strong>Aversa;</strong></span> <span class='ocrx_word' id='word_1_410' title='bbox 1910 3951 2034 4008; x_wconf 88' lang='lat' dir='ltr'><strong>Osci</strong></span> <span class='ocrx_word' id='word_1_411' title='bbox 2062 3969 2193 4009; x_wconf 86' lang='lat' dir='ltr'><strong>vero</strong></span> 
     </span>
    </p>
   </div>
   <div class='ocr_carea' id='block_1_57' title="bbox 605 4038 2191 4117">
    <p class='ocr_par' dir='ltr' id='par_1_57' title="bbox 605 4038 2191 4117">
     <span class='ocr_line' id='line_1_57' title="bbox 605 4038 2191 4117; baseline 0.003 -19"><span class='ocrx_word' id='word_1_412' title='bbox 605 4047 765 4098; x_wconf 88' lang='lat' dir='ltr'><strong>erant</strong></span> <span class='ocrx_word' id='word_1_413' title='bbox 784 4038 1093 4111; x_wconf 63' lang='lat' dir='ltr'><strong>Campaniae</strong></span> <span class='ocrx_word' id='word_1_414' title='bbox 1115 4042 1320 4113; x_wconf 88' lang='lat' dir='ltr'><strong>p0puli,</strong></span> <span class='ocrx_word' id='word_1_415' title='bbox 1343 4043 1433 4114; x_wconf 90' lang='lat' dir='ltr'><strong>qui</strong></span> <span class='ocrx_word' id='word_1_416' title='bbox 1463 4045 1725 4116; x_wconf 91' lang='lat' dir='ltr'><strong>turpibus,</strong></span> <span class='ocrx_word' id='word_1_417' title='bbox 1760 4046 2191 4117; x_wconf 81' lang='lat' dir='ltr'><strong>quanquuidem</strong></span> 
     </span>
    </p>
   </div>
   <div class='ocr_carea' id='block_1_58' title="bbox 606 4133 2193 4211">
    <p class='ocr_par' dir='ltr' id='par_1_58' title="bbox 606 4133 2193 4211">
     <span class='ocr_line' id='line_1_58' title="bbox 606 4133 2193 4211; baseline 0.005 -23"><span class='ocrx_word' id='word_1_418' title='bbox 606 4133 786 4209; x_wconf 86' lang='lat' dir='ltr'><strong>verbis</strong></span> <span class='ocrx_word' id='word_1_419' title='bbox 811 4150 955 4211; x_wconf 70' lang='lat' dir='ltr'><strong>saepe</strong></span> <span class='ocrx_word' id='word_1_420' title='bbox 977 4137 1174 4205; x_wconf 63' lang='lat' dir='ltr'><strong>saepius</strong></span> <span class='ocrx_word' id='word_1_421' title='bbox 1194 4137 1574 4209; x_wconf 89' lang='lat' dir='ltr'><strong>abutebantur,</strong></span> <span class='ocrx_word' id='word_1_422' title='bbox 1608 4138 1756 4206; x_wconf 91' lang='lat' dir='ltr'><strong>inde,</strong></span> <span class='ocrx_word' id='word_1_423' title='bbox 1779 4157 1973 4196; x_wconf 88' lang='lat' dir='ltr'><strong>nomen</strong></span> <span class='ocrx_word' id='word_1_424' title='bbox 2005 4141 2193 4196; x_wconf 74' lang='lat' dir='ltr'><strong>obscae-</strong></span> 
     </span>
    </p>
   </div>
   <div class='ocr_carea' id='block_1_59' title="bbox 606 4229 2191 4305">
    <p class='ocr_par' dir='ltr' id='par_1_59' title="bbox 606 4229 2191 4305">
     <span class='ocr_line' id='line_1_59' title="bbox 606 4229 2191 4305; baseline 0.004 -20"><span class='ocrx_word' id='word_1_425' title='bbox 606 4246 751 4294; x_wconf 86' lang='lat' dir='ltr'><strong>num,</strong></span> <span class='ocrx_word' id='word_1_426' title='bbox 778 4229 846 4285; x_wconf 91' lang='lat' dir='ltr'><strong>ad</strong></span> <span class='ocrx_word' id='word_1_427' title='bbox 867 4245 983 4285; x_wconf 91' lang='lat' dir='ltr'><strong>rem</strong></span> <span class='ocrx_word' id='word_1_428' title='bbox 1026 4230 1259 4302; x_wconf 89' lang='lat' dir='ltr'><strong>aliquam</strong></span> <span class='ocrx_word' id='word_1_429' title='bbox 1287 4241 1499 4302; x_wconf 85' lang='lat' dir='ltr'><strong>turpem</strong></span> <span class='ocrx_word' id='word_1_430' title='bbox 1526 4232 1954 4305; x_wconf 78' lang='lat' dir='ltr'><strong>significandam,</strong></span> <span class='ocrx_word' id='word_1_431' title='bbox 1979 4235 2191 4292; x_wconf 86' lang='lat' dir='ltr'><strong>deriva-</strong></span> 
     </span>
    </p>
   </div>
   <div class='ocr_carea' id='block_1_60' title="bbox 607 4322 2190 4397">
    <p class='ocr_par' dir='ltr' id='par_1_60' title="bbox 607 4322 2190 4397">
     <span class='ocr_line' id='line_1_60' title="bbox 607 4322 2190 4397; baseline 0.004 -20"><span class='ocrx_word' id='word_1_432' title='bbox 607 4331 720 4378; x_wconf 91' lang='lat' dir='ltr'><strong>tum</strong></span> <span class='ocrx_word' id='word_1_433' title='bbox 763 4330 866 4379; x_wconf 90' lang='lat' dir='ltr'><strong>est.</strong></span> <span class='ocrx_word' id='word_1_434' title='bbox 897 4322 1098 4377; x_wconf 88' lang='lat' dir='ltr'><strong>Eorum</strong></span> <span class='ocrx_word' id='word_1_435' title='bbox 1126 4322 1304 4395; x_wconf 91' lang='lat' dir='ltr'><strong>itaque</strong></span> <span class='ocrx_word' id='word_1_436' title='bbox 1340 4325 1620 4382; x_wconf 68' lang='lat' dir='ltr'><strong>comuadiae</strong></span> <span class='ocrx_word' id='word_1_437' title='bbox 1666 4327 1890 4381; x_wconf 81' lang='lat' dir='ltr'><strong>Romam</strong></span> <span class='ocrx_word' id='word_1_438' title='bbox 1922 4328 2190 4397; x_wconf 85' lang='lat' dir='ltr'><strong>adductae,</strong></span> 
     </span>
    </p>
   </div>
   <div class='ocr_carea' id='block_1_61' title="bbox 608 4416 2193 4488">
    <p class='ocr_par' dir='ltr' id='par_1_61' title="bbox 608 4416 2193 4488">
     <span class='ocr_line' id='line_1_61' title="bbox 608 4416 2193 4488; baseline 0.003 -15"><span class='ocrx_word' id='word_1_439' title='bbox 608 4416 863 4487; x_wconf 89' lang='lat' dir='ltr'><strong>quoniam</strong></span> <span class='ocrx_word' id='word_1_440' title='bbox 898 4416 1164 4488; x_wconf 89' lang='lat' dir='ltr'><strong>turpiores</strong></span> <span class='ocrx_word' id='word_1_441' title='bbox 1191 4428 1364 4486; x_wconf 86' lang='lat' dir='ltr'><strong>erant,</strong></span> <span class='ocrx_word' id='word_1_442' title='bbox 1392 4418 1656 4485; x_wconf 84' lang='lat' dir='ltr'><strong>Romana,</strong></span> <span class='ocrx_word' id='word_1_443' title='bbox 1698 4418 1810 4487; x_wconf 89' lang='lat' dir='ltr'><strong>vel,</strong></span> <span class='ocrx_word' id='word_1_444' title='bbox 1842 4429 1900 4474; x_wconf 91' lang='lat' dir='ltr'><strong>ut</strong></span> <span class='ocrx_word' id='word_1_445' title='bbox 1928 4421 2005 4475; x_wconf 89' lang='lat' dir='ltr'><strong>ait</strong></span> <span class='ocrx_word' id='word_1_446' title='bbox 2031 4419 2193 4477; x_wconf 84' lang='lat' dir='ltr'><strong>Vale-</strong></span> 
     </span>
    </p>
   </div>
   <div class='ocr_carea' id='block_1_62' title="bbox 610 4510 2194 4584">
    <p class='ocr_par' dir='ltr' id='par_1_62' title="bbox 610 4510 2194 4584">
     <span class='ocr_line' id='line_1_62' title="bbox 610 4510 2194 4584; baseline 0.001 -15"><span class='ocrx_word' id='word_1_447' title='bbox 610 4512 720 4569; x_wconf 85' lang='lat' dir='ltr'><strong>rius</strong></span> <span class='ocrx_word' id='word_1_448' title='bbox 773 4510 1063 4580; x_wconf 83' lang='lat' dir='ltr'><strong>Maximus,</strong></span> <span class='ocrx_word' id='word_1_449' title='bbox 1124 4512 1300 4566; x_wconf 85' lang='lat' dir='ltr'><strong>italica</strong></span> <span class='ocrx_word' id='word_1_450' title='bbox 1356 4514 1646 4569; x_wconf 89' lang='lat' dir='ltr'><strong>severitate</strong></span> <span class='ocrx_word' id='word_1_451' title='bbox 1703 4521 2016 4584; x_wconf 80' lang='lat' dir='ltr'><strong>temperatre</strong></span> <span class='ocrx_word' id='word_1_452' title='bbox 2069 4525 2194 4571; x_wconf 91' lang='lat' dir='ltr'><strong>sunt</strong></span> 
     </span>
    </p>
   </div>
   <div class='ocr_carea' id='block_1_63' title="bbox 2285 1916 3886 2007">
    <p class='ocr_par' dir='ltr' id='par_1_63' title="bbox 2285 1916 3886 2007">
     <span class='ocr_line' id='line_1_63' title="bbox 2285 1916 3886 2007; baseline 0.01 -31"><span class='ocrx_word' id='word_1_453' title='bbox 2285 1922 2479 1991; x_wconf 75' lang='lat' dir='ltr'><strong>tienter</strong></span> <span class='ocrx_word' id='word_1_454' title='bbox 2509 1922 2739 1981; x_wconf 66' lang='lat' dir='ltr'><strong>oﬂ‘erre?</strong></span> <span class='ocrx_word' id='word_1_455' title='bbox 2775 1945 2795 1980; x_wconf 73' lang='grc' dir='ltr'><strong><em>ι</em></strong></span> <span class='ocrx_word' id='word_1_456' title='bbox 2828 1926 3095 2000; x_wconf 85' lang='lat' dir='ltr'><strong>(Tertull.,</strong></span> <span class='ocrx_word' id='word_1_457' title='bbox 3120 1916 3208 1985; x_wconf 77' lang='lat' dir='ltr'><strong>lib.</strong></span> <span class='ocrx_word' id='word_1_458' title='bbox 3227 1932 3292 1986; x_wconf 80' lang='lat' dir='ltr'><strong>de</strong></span> <span class='ocrx_word' id='word_1_459' title='bbox 3314 1932 3578 2003; x_wconf 61' lang='grc' dir='ltr'><strong>δραπέτα,</strong></span> <span class='ocrx_word' id='word_1_460' title='bbox 3609 1952 3732 2005; x_wconf 84' lang='lat' dir='ltr'><strong>cap.</strong></span> <span class='ocrx_word' id='word_1_461' title='bbox 3767 1934 3886 2007; x_wconf 74' lang='grc'><strong>28.)</strong></span> 
     </span>
    </p>
   </div>
   <div class='ocr_carea' id='block_1_64' title="bbox 2285 2013 3890 2099">
    <p class='ocr_par' dir='ltr' id='par_1_64' title="bbox 2285 2013 3890 2099">
     <span class='ocr_line' id='line_1_64' title="bbox 2285 2013 3890 2099; baseline 0.008 -30"><span class='ocrx_word' id='word_1_462' title='bbox 2285 2013 2459 2071; x_wconf 85' lang='lat' dir='ltr'><strong>Julius</strong></span> <span class='ocrx_word' id='word_1_463' title='bbox 2484 2031 2614 2072; x_wconf 89' lang='lat' dir='ltr'><strong>vero</strong></span> <span class='ocrx_word' id='word_1_464' title='bbox 2635 2016 2970 2090; x_wconf 82' lang='lat' dir='ltr'><strong>Capitolinus</strong></span> <span class='ocrx_word' id='word_1_465' title='bbox 2998 2031 3182 2077; x_wconf 78' lang='lat' dir='ltr'><strong>narrat</strong></span> <span class='ocrx_word' id='word_1_466' title='bbox 3202 2026 3475 2094; x_wconf 84' lang='lat' dir='ltr'><strong>quomodo</strong></span> <span class='ocrx_word' id='word_1_467' title='bbox 3501 2027 3757 2098; x_wconf 74' lang='lat' dir='ltr'><strong>stupidus</strong></span> <span class='ocrx_word' id='word_1_468' title='bbox 3779 2029 3890 2099; x_wconf 59' lang='lat' dir='ltr'><strong>qui.</strong></span> 
     </span>
    </p>
   </div>
   <div class='ocr_carea' id='block_1_65' title="bbox 2285 2110 3881 2193">
    <p class='ocr_par' dir='ltr' id='par_1_65' title="bbox 2285 2110 3881 2193">
     <span class='ocr_line' id='line_1_65' title="bbox 2285 2110 3881 2193; baseline 0.006 -27"><span class='ocrx_word' id='word_1_469' title='bbox 2285 2110 2408 2166; x_wconf 90' lang='lat' dir='ltr'><strong>dam</strong></span> <span class='ocrx_word' id='word_1_470' title='bbox 2432 2113 2485 2171; x_wconf 87' lang='lat' dir='ltr'><strong>in</strong></span> <span class='ocrx_word' id='word_1_471' title='bbox 2505 2127 2664 2167; x_wconf 83' lang='lat' dir='ltr'><strong>scena</strong></span> <span class='ocrx_word' id='word_1_472' title='bbox 2692 2114 2993 2170; x_wconf 86' lang='lat' dir='ltr'><strong>adulterum</strong></span> <span class='ocrx_word' id='word_1_473' title='bbox 3019 2118 3200 2173; x_wconf 80' lang='lat' dir='ltr'><strong>uxoris</strong></span> <span class='ocrx_word' id='word_1_474' title='bbox 3232 2120 3481 2177; x_wconf 78' lang='lat' dir='ltr'><strong>Antonini</strong></span> <span class='ocrx_word' id='word_1_475' title='bbox 3522 2120 3847 2193; x_wconf 81' lang='lat' dir='ltr'><strong>PhilosOphi</strong></span> <span class='ocrx_word' id='word_1_476' title='bbox 3865 2163 3881 2188; x_wconf 93' lang='lat'><strong>,</strong></span> 
     </span>
    </p>
   </div>
   <div class='ocr_carea' id='block_1_66' title="bbox 2287 2207 3886 2285">
    <p class='ocr_par' dir='ltr' id='par_1_66' title="bbox 2287 2207 3886 2285">
     <span class='ocr_line' id='line_1_66' title="bbox 2287 2207 3886 2285; baseline 0.006 -26"><span class='ocrx_word' id='word_1_477' title='bbox 2287 2218 2353 2259; x_wconf 92' lang='lat' dir='ltr'><strong>eo</strong></span> <span class='ocrx_word' id='word_1_478' title='bbox 2381 2214 2661 2273; x_wconf 86' lang='lat' dir='ltr'><strong>praesente,</strong></span> <span class='ocrx_word' id='word_1_479' title='bbox 2693 2207 2908 2263; x_wconf 87' lang='lat' dir='ltr'><strong>nomine</strong></span> <span class='ocrx_word' id='word_1_480' title='bbox 2928 2222 3027 2264; x_wconf 91' lang='lat' dir='ltr'><strong>suo</strong></span> <span class='ocrx_word' id='word_1_481' title='bbox 3051 2210 3398 2283; x_wconf 86' lang='lat' dir='ltr'><strong>appellaverit</strong></span> <span class='ocrx_word' id='word_1_482' title='bbox 3431 2211 3769 2285; x_wconf 73' lang='lat' dir='ltr'><strong>(Capitolin.,</strong></span> <span class='ocrx_word' id='word_1_483' title='bbox 3797 2216 3886 2269; x_wconf 76' lang='lat' dir='ltr'><strong>sub</strong></span> 
     </span>
    </p>
   </div>
   <div class='ocr_carea' id='block_1_67' title="bbox 2289 2297 3888 2377">
    <p class='ocr_par' dir='ltr' id='par_1_67' title="bbox 2289 2297 3888 2377">
     <span class='ocr_line' id='line_1_67' title="bbox 2289 2297 3888 2377; baseline 0.006 -23"><span class='ocrx_word' id='word_1_484' title='bbox 2289 2299 2384 2366; x_wconf 78' lang='lat' dir='ltr'><strong>ﬁn.</strong></span> <span class='ocrx_word' id='word_1_485' title='bbox 2440 2297 2543 2353; x_wconf 86' lang='lat' dir='ltr'><strong>Vit.</strong></span> <span class='ocrx_word' id='word_1_486' title='bbox 2598 2299 2785 2355; x_wconf 80' lang='lat' dir='ltr'><strong>Anton.</strong></span> <span class='ocrx_word' id='word_1_487' title='bbox 2835 2302 3175 2375; x_wconf 74' lang='lat' dir='ltr'><strong>philosoph.).</strong></span> <span class='ocrx_word' id='word_1_488' title='bbox 3231 2303 3301 2361; x_wconf 84' lang='lat' dir='ltr'><strong>At</strong></span> <span class='ocrx_word' id='word_1_489' title='bbox 3338 2304 3471 2361; x_wconf 85' lang='lat' dir='ltr'><strong>nihil</strong></span> <span class='ocrx_word' id='word_1_490' title='bbox 3519 2307 3888 2377; x_wconf 80' lang='lat' dir='ltr'><strong>impudentius</strong></span> 
     </span>
    </p>
   </div>
   <div class='ocr_carea' id='block_1_68' title="bbox 2291 2391 3888 2471">
    <p class='ocr_par' dir='ltr' id='par_1_68' title="bbox 2291 2391 3888 2471">
     <span class='ocr_line' id='line_1_68' title="bbox 2291 2391 3888 2471; baseline 0.007 -26"><span class='ocrx_word' id='word_1_491' title='bbox 2291 2391 2517 2458; x_wconf 86' lang='lat' dir='ltr'><strong>fascino,</strong></span> <span class='ocrx_word' id='word_1_492' title='bbox 2533 2392 2686 2464; x_wconf 84' lang='lat' dir='ltr'><strong>cujus</strong></span> <span class='ocrx_word' id='word_1_493' title='bbox 2703 2393 2847 2453; x_wconf 87' lang='lat' dir='ltr'><strong>nulla</strong></span> <span class='ocrx_word' id='word_1_494' title='bbox 2877 2411 3153 2466; x_wconf 86' lang='lat' dir='ltr'><strong>umquam,</strong></span> <span class='ocrx_word' id='word_1_495' title='bbox 3172 2396 3272 2453; x_wconf 86' lang='lat' dir='ltr'><strong>nisi</strong></span> <span class='ocrx_word' id='word_1_496' title='bbox 3299 2398 3367 2454; x_wconf 81' lang='lat' dir='ltr'><strong>ab</strong></span> <span class='ocrx_word' id='word_1_497' title='bbox 3393 2398 3689 2470; x_wconf 83' lang='lat' dir='ltr'><strong>aliquibus,</strong></span> <span class='ocrx_word' id='word_1_498' title='bbox 3706 2416 3888 2471; x_wconf 85' lang='lat' dir='ltr'><strong>quem-</strong></span> 
     </span>
    </p>
   </div>
   <div class='ocr_carea' id='block_1_69' title="bbox 2289 2483 3889 2559">
    <p class='ocr_par' dir='ltr' id='par_1_69' title="bbox 2289 2483 3889 2559">
     <span class='ocr_line' id='line_1_69' title="bbox 2289 2483 3889 2559; baseline 0.004 -20"><span class='ocrx_word' id='word_1_499' title='bbox 2289 2483 2580 2541; x_wconf 89' lang='lat' dir='ltr'><strong>admodum</strong></span> <span class='ocrx_word' id='word_1_500' title='bbox 2611 2485 2932 2557; x_wconf 89' lang='lat' dir='ltr'><strong>Augustiuo,</strong></span> <span class='ocrx_word' id='word_1_501' title='bbox 2962 2496 3017 2542; x_wconf 90' lang='lat' dir='ltr'><strong>et</strong></span> <span class='ocrx_word' id='word_1_502' title='bbox 3061 2498 3283 2546; x_wconf 83' lang='lat' dir='ltr'><strong>auctore</strong></span> <span class='ocrx_word' id='word_1_503' title='bbox 3308 2502 3517 2554; x_wconf 90' lang='lat' dir='ltr'><strong>nostro,</strong></span> <span class='ocrx_word' id='word_1_504' title='bbox 3550 2492 3889 2559; x_wconf 84' lang='lat' dir='ltr'><strong>christiano-</strong></span> 
     </span>
    </p>
   </div>
   <div class='ocr_carea' id='block_1_70' title="bbox 2290 2581 3885 2657">
    <p class='ocr_par' dir='ltr' id='par_1_70' title="bbox 2290 2581 3885 2657">
     <span class='ocr_line' id='line_1_70' title="bbox 2290 2581 3885 2657; baseline 0.006 -26"><span class='ocrx_word' id='word_1_505' title='bbox 2290 2592 2411 2651; x_wconf 71' lang='lat' dir='ltr'><strong>rutn</strong></span> <span class='ocrx_word' id='word_1_506' title='bbox 2441 2594 2657 2633; x_wconf 84' lang='lat' dir='ltr'><strong>causam</strong></span> <span class='ocrx_word' id='word_1_507' title='bbox 2685 2587 2872 2635; x_wconf 90' lang='lat' dir='ltr'><strong>contra</strong></span> <span class='ocrx_word' id='word_1_508' title='bbox 2898 2581 3161 2649; x_wconf 68' lang='lat' dir='ltr'><strong>ethnicos,</strong></span> <span class='ocrx_word' id='word_1_509' title='bbox 3187 2582 3255 2637; x_wconf 90' lang='lat' dir='ltr'><strong>de</strong></span> <span class='ocrx_word' id='word_1_510' title='bbox 3282 2583 3463 2657; x_wconf 78' lang='lat' dir='ltr'><strong>infami</strong></span> <span class='ocrx_word' id='word_1_511' title='bbox 3504 2583 3737 2640; x_wconf 87' lang='lat' dir='ltr'><strong>deorum</strong></span> <span class='ocrx_word' id='word_1_512' title='bbox 3760 2600 3885 2643; x_wconf 85' lang='lat' dir='ltr'><strong>suo—</strong></span> 
     </span>
    </p>
   </div>
   <div class='ocr_carea' id='block_1_71' title="bbox 2290 2671 3891 2747">
    <p class='ocr_par' dir='ltr' id='par_1_71' title="bbox 2290 2671 3891 2747">
     <span class='ocr_line' id='line_1_71' title="bbox 2290 2671 3891 2747; baseline 0.007 -22"><span class='ocrx_word' id='word_1_513' title='bbox 2290 2685 2409 2725; x_wconf 87' lang='lat' dir='ltr'><strong>rum</strong></span> <span class='ocrx_word' id='word_1_514' title='bbox 2459 2671 2787 2742; x_wconf 87' lang='lat' dir='ltr'><strong>impudicitia</strong></span> <span class='ocrx_word' id='word_1_515' title='bbox 2830 2673 3145 2744; x_wconf 79' lang='lat' dir='ltr'><strong>gloriantes,</strong></span> <span class='ocrx_word' id='word_1_516' title='bbox 3196 2677 3474 2747; x_wconf 72' lang='lat' dir='ltr'><strong>agentibus</strong></span> <span class='ocrx_word' id='word_1_517' title='bbox 3519 2679 3735 2739; x_wconf 77' lang='lat' dir='ltr'><strong>mentio</strong></span> <span class='ocrx_word' id='word_1_518' title='bbox 3777 2678 3891 2737; x_wconf 85' lang='lat' dir='ltr'><strong>fieri</strong></span> 
     </span>
    </p>
   </div>
   <div class='ocr_carea' id='block_1_72' title="bbox 2292 2762 3834 2843">
    <p class='ocr_par' dir='ltr' id='par_1_72' title="bbox 2292 2762 3834 2843">
     <span class='ocr_line' id='line_1_72' title="bbox 2292 2762 3834 2843; baseline 0.005 -26"><span class='ocrx_word' id='word_1_519' title='bbox 2292 2762 2480 2823; x_wconf 83' lang='lat' dir='ltr'><strong>debuit</strong></span> <span class='ocrx_word' id='word_1_520' title='bbox 2505 2764 2768 2836; x_wconf 55' lang='lat' dir='ltr'><strong>(August,</strong></span> <span class='ocrx_word' id='word_1_521' title='bbox 2797 2766 2886 2821; x_wconf 83' lang='lat' dir='ltr'><strong>lib.</strong></span> <span class='ocrx_word' id='word_1_522' title='bbox 2922 2781 2977 2821; x_wconf 82' lang='grc' dir='ltr'><strong>νι</strong></span> <span class='ocrx_word' id='word_1_523' title='bbox 3002 2767 3065 2821; x_wconf 85' lang='lat' dir='ltr'><strong>de</strong></span> <span class='ocrx_word' id='word_1_524' title='bbox 3091 2767 3263 2833; x_wconf 80' lang='lat' dir='ltr'><strong>Ciuit.,</strong></span> <span class='ocrx_word' id='word_1_525' title='bbox 3288 2786 3405 2840; x_wconf 83' lang='lat' dir='ltr'><strong>cap.</strong></span> <span class='ocrx_word' id='word_1_526' title='bbox 3435 2769 3489 2841; x_wconf 85' lang='lat'><strong>9,</strong></span> <span class='ocrx_word' id='word_1_527' title='bbox 3521 2787 3645 2842; x_wconf 81' lang='lat' dir='ltr'><strong>pag.</strong></span> <span class='ocrx_word' id='word_1_528' title='bbox 3673 2770 3834 2843; x_wconf 79' lang='grc'><strong>157),</strong></span> 
     </span>
    </p>
   </div>
   <div class='ocr_carea' id='block_1_73' title="bbox 2366 2858 3894 2927">
    <p class='ocr_par' dir='ltr' id='par_1_73' title="bbox 2366 2858 3894 2927">
     <span class='ocr_line' id='line_1_73' title="bbox 2366 2858 3894 2927; baseline 0.005 -13"><span class='ocrx_word' id='word_1_529' title='bbox 2366 2858 2499 2927; x_wconf 88' lang='lat' dir='ltr'><strong>Quis</strong></span> <span class='ocrx_word' id='word_1_530' title='bbox 2538 2868 2715 2915; x_wconf 90' lang='lat' dir='ltr'><strong>autem</strong></span> <span class='ocrx_word' id='word_1_531' title='bbox 2747 2875 2853 2915; x_wconf 92' lang='lat' dir='ltr'><strong>non</strong></span> <span class='ocrx_word' id='word_1_532' title='bbox 2906 2860 3137 2919; x_wconf 80' lang='lat' dir='ltr'><strong>fateatur</strong></span> <span class='ocrx_word' id='word_1_533' title='bbox 3188 2862 3316 2923; x_wconf 81' lang='lat' dir='ltr'><strong>hinc</strong></span> <span class='ocrx_word' id='word_1_534' title='bbox 3354 2865 3423 2921; x_wconf 87' lang='lat' dir='ltr'><strong>ab</strong></span> <span class='ocrx_word' id='word_1_535' title='bbox 3450 2866 3695 2922; x_wconf 80' lang='lat' dir='ltr'><strong>Arnobio</strong></span> <span class='ocrx_word' id='word_1_536' title='bbox 3748 2876 3894 2921; x_wconf 84' lang='lat' dir='ltr'><strong>recte</strong></span> 
     </span>
    </p>
   </div>
   <div class='ocr_carea' id='block_1_74' title="bbox 2294 2950 3895 3030">
    <p class='ocr_par' dir='ltr' id='par_1_74' title="bbox 2294 2950 3895 3030">
     <span class='ocr_line' id='line_1_74' title="bbox 2294 2950 3895 3030; baseline 0.005 -23"><span class='ocrx_word' id='word_1_537' title='bbox 2294 2950 2545 3007; x_wconf 90' lang='lat' dir='ltr'><strong>concludi</strong></span> <span class='ocrx_word' id='word_1_538' title='bbox 2607 2953 2870 3023; x_wconf 81' lang='lat' dir='ltr'><strong>stupenda</strong></span> <span class='ocrx_word' id='word_1_539' title='bbox 2924 2969 3144 3025; x_wconf 87' lang='lat' dir='ltr'><strong>prorsus</strong></span> <span class='ocrx_word' id='word_1_540' title='bbox 3195 2956 3436 3013; x_wconf 85' lang='lat' dir='ltr'><strong>caecitate</strong></span> <span class='ocrx_word' id='word_1_541' title='bbox 3483 2968 3674 3030; x_wconf 86' lang='lat' dir='ltr'><strong>captos</strong></span> <span class='ocrx_word' id='word_1_542' title='bbox 3723 2959 3895 3015; x_wconf 86' lang='lat' dir='ltr'><strong>luisse</strong></span> 
     </span>
    </p>
   </div>
   <div class='ocr_carea' id='block_1_75' title="bbox 2293 3043 3891 3119">
    <p class='ocr_par' dir='ltr' id='par_1_75' title="bbox 2293 3043 3891 3119">
     <span class='ocr_line' id='line_1_75' title="bbox 2293 3043 3891 3119; baseline 0.006 -21"><span class='ocrx_word' id='word_1_543' title='bbox 2293 3043 2521 3112; x_wconf 77' lang='lat' dir='ltr'><strong>gentiles</strong></span> <span class='ocrx_word' id='word_1_544' title='bbox 2551 3044 2790 3116; x_wconf 86' lang='lat' dir='ltr'><strong>(Arnob.,</strong></span> <span class='ocrx_word' id='word_1_545' title='bbox 2826 3044 2915 3099; x_wconf 85' lang='lat' dir='ltr'><strong>lib.</strong></span> <span class='ocrx_word' id='word_1_546' title='bbox 2951 3061 3005 3113; x_wconf 90' lang='lat' dir='ltr'><strong>v,</strong></span> <span class='ocrx_word' id='word_1_547' title='bbox 3039 3063 3159 3118; x_wconf 82' lang='lat' dir='ltr'><strong>pag.</strong></span> <span class='ocrx_word' id='word_1_548' title='bbox 3194 3047 3297 3102; x_wconf 74' lang='grc'><strong>176</strong></span> <span class='ocrx_word' id='word_1_549' title='bbox 3326 3058 3371 3101; x_wconf 86' lang='lat' dir='ltr'><strong>et</strong></span> <span class='ocrx_word' id='word_1_550' title='bbox 3402 3046 3550 3119; x_wconf 62' lang='grc'><strong>184).</strong></span> <span class='ocrx_word' id='word_1_551' title='bbox 3572 3051 3665 3119; x_wconf 89' lang='lat' dir='ltr'><strong>qui</strong></span> <span class='ocrx_word' id='word_1_552' title='bbox 3697 3050 3891 3106; x_wconf 83' lang='lat' dir='ltr'><strong>crede—</strong></span> 
     </span>
    </p>
   </div>
   <div class='ocr_carea' id='block_1_76' title="bbox 2295 3131 3895 3212">
    <p class='ocr_par' dir='ltr' id='par_1_76' title="bbox 2295 3131 3895 3212">
     <span class='ocr_line' id='line_1_76' title="bbox 2295 3131 3895 3212; baseline 0.007 -26"><span class='ocrx_word' id='word_1_553' title='bbox 2295 3131 2426 3188; x_wconf 87' lang='lat' dir='ltr'><strong>bant</strong></span> <span class='ocrx_word' id='word_1_554' title='bbox 2451 3133 2581 3190; x_wconf 83' lang='lat' dir='ltr'><strong>deos</strong></span> <span class='ocrx_word' id='word_1_555' title='bbox 2611 3146 2715 3189; x_wconf 86' lang='lat' dir='ltr'><strong>tam</strong></span> <span class='ocrx_word' id='word_1_556' title='bbox 2747 3135 3030 3192; x_wconf 88' lang='lat' dir='ltr'><strong>infamibus</strong></span> <span class='ocrx_word' id='word_1_557' title='bbox 3057 3136 3196 3195; x_wconf 72' lang='lat' dir='ltr'><strong>ludis</strong></span> <span class='ocrx_word' id='word_1_558' title='bbox 3222 3146 3278 3193; x_wconf 87' lang='lat' dir='ltr'><strong>et</strong></span> <span class='ocrx_word' id='word_1_559' title='bbox 3316 3139 3599 3197; x_wconf 63' lang='lat' dir='ltr'><strong>cemoediis</strong></span> <span class='ocrx_word' id='word_1_560' title='bbox 3627 3140 3895 3212; x_wconf 83' lang='lat' dir='ltr'><strong>gaudere,</strong></span> 
     </span>
    </p>
   </div>
   <div class='ocr_carea' id='block_1_77' title="bbox 2297 3227 3898 3298">
    <p class='ocr_par' dir='ltr' id='par_1_77' title="bbox 2297 3227 3898 3298">
     <span class='ocr_line' id='line_1_77' title="bbox 2297 3227 3898 3298; baseline 0.006 -17"><span class='ocrx_word' id='word_1_561' title='bbox 2297 3227 2402 3289; x_wconf 86' lang='lat' dir='ltr'><strong>coli</strong></span> <span class='ocrx_word' id='word_1_562' title='bbox 2437 3237 2598 3298; x_wconf 88' lang='lat' dir='ltr'><strong>atque</strong></span> <span class='ocrx_word' id='word_1_563' title='bbox 2645 3228 2883 3297; x_wconf 85' lang='lat' dir='ltr'><strong>placari?</strong></span> <span class='ocrx_word' id='word_1_564' title='bbox 2928 3230 3043 3284; x_wconf 85' lang='lat' dir='ltr'><strong>Non</strong></span> <span class='ocrx_word' id='word_1_565' title='bbox 3082 3230 3301 3291; x_wconf 86' lang='lat' dir='ltr'><strong>aliunde</strong></span> <span class='ocrx_word' id='word_1_566' title='bbox 3338 3232 3558 3293; x_wconf 79' lang='lat' dir='ltr'><strong>demum</strong></span> <span class='ocrx_word' id='word_1_567' title='bbox 3588 3244 3742 3295; x_wconf 84' lang='lat' dir='ltr'><strong>ortas</strong></span> <span class='ocrx_word' id='word_1_568' title='bbox 3771 3250 3898 3291; x_wconf 87' lang='lat' dir='ltr'><strong>esse</strong></span> 
     </span>
    </p>
   </div>
   <div class='ocr_carea' id='block_1_78' title="bbox 2299 3318 3896 3399">
    <p class='ocr_par' dir='ltr' id='par_1_78' title="bbox 2299 3318 3896 3399">
     <span class='ocr_line' id='line_1_78' title="bbox 2299 3318 3896 3399; baseline 0.008 -28"><span class='ocrx_word' id='word_1_569' title='bbox 2299 3328 2488 3375; x_wconf 87' lang='lat' dir='ltr'><strong>censet</strong></span> <span class='ocrx_word' id='word_1_570' title='bbox 2508 3318 2643 3374; x_wconf 92' lang='lat' dir='ltr'><strong>adeo</strong></span> <span class='ocrx_word' id='word_1_571' title='bbox 2672 3320 2935 3377; x_wconf 89' lang='lat' dir='ltr'><strong>absurdas</strong></span> <span class='ocrx_word' id='word_1_572' title='bbox 2965 3322 3178 3381; x_wconf 89' lang='lat' dir='ltr'><strong>illorum</strong></span> <span class='ocrx_word' id='word_1_573' title='bbox 3209 3325 3513 3394; x_wconf 81' lang='lat' dir='ltr'><strong>opiniones,</strong></span> <span class='ocrx_word' id='word_1_574' title='bbox 3544 3342 3707 3399; x_wconf 88' lang='lat' dir='ltr'><strong>quam</strong></span> <span class='ocrx_word' id='word_1_575' title='bbox 3748 3329 3896 3397; x_wconf 88' lang='lat' dir='ltr'><strong>quod</strong></span> 
     </span>
    </p>
   </div>
   <div class='ocr_carea' id='block_1_79' title="bbox 2297 3412 3898 3491">
    <p class='ocr_par' dir='ltr' id='par_1_79' title="bbox 2297 3412 3898 3491">
     <span class='ocr_line' id='line_1_79' title="bbox 2297 3412 3898 3491; baseline 0.006 -22"><span class='ocrx_word' id='word_1_576' title='bbox 2297 3412 2454 3481; x_wconf 91' lang='lat' dir='ltr'><strong>plane</strong></span> <span class='ocrx_word' id='word_1_577' title='bbox 2480 3414 2771 3471; x_wconf 82' lang='lat' dir='ltr'><strong>nescierint</strong></span> <span class='ocrx_word' id='word_1_578' title='bbox 2791 3416 2917 3484; x_wconf 89' lang='lat' dir='ltr'><strong>quid</strong></span> <span class='ocrx_word' id='word_1_579' title='bbox 2947 3418 3015 3471; x_wconf 88' lang='lat' dir='ltr'><strong>sit</strong></span> <span class='ocrx_word' id='word_1_580' title='bbox 3043 3418 3204 3477; x_wconf 77' lang='lat' dir='ltr'><strong>Deus,</strong></span> <span class='ocrx_word' id='word_1_581' title='bbox 3233 3430 3325 3473; x_wconf 88' lang='lat' dir='ltr'><strong>aut</strong></span> <span class='ocrx_word' id='word_1_582' title='bbox 3354 3434 3473 3490; x_wconf 71' lang='lat' dir='ltr'><strong>qua:</strong></span> <span class='ocrx_word' id='word_1_583' title='bbox 3513 3420 3624 3477; x_wconf 84' lang='lat' dir='ltr'><strong>sint</strong></span> <span class='ocrx_word' id='word_1_584' title='bbox 3648 3421 3771 3491; x_wconf 86' lang='lat' dir='ltr'><strong>ejus</strong></span> <span class='ocrx_word' id='word_1_585' title='bbox 3797 3439 3898 3477; x_wconf 83' lang='lat' dir='ltr'><strong>na-</strong></span> 
     </span>
    </p>
   </div>
   <div class='ocr_carea' id='block_1_80' title="bbox 2296 3505 3895 3585">
    <p class='ocr_par' dir='ltr' id='par_1_80' title="bbox 2296 3505 3895 3585">
     <span class='ocr_line' id='line_1_80' title="bbox 2296 3505 3895 3585; baseline 0.007 -24"><span class='ocrx_word' id='word_1_586' title='bbox 2296 3514 2437 3575; x_wconf 78' lang='lat' dir='ltr'><strong>tura,</strong></span> <span class='ocrx_word' id='word_1_587' title='bbox 2487 3507 2741 3563; x_wconf 86' lang='lat' dir='ltr'><strong>attributa</strong></span> <span class='ocrx_word' id='word_1_588' title='bbox 2780 3519 2834 3561; x_wconf 89' lang='lat' dir='ltr'><strong>et</strong></span> <span class='ocrx_word' id='word_1_589' title='bbox 2860 3505 3162 3579; x_wconf 84' lang='lat' dir='ltr'><strong>qualitates.</strong></span> <span class='ocrx_word' id='word_1_590' title='bbox 3214 3512 3289 3571; x_wconf 88' lang='lat' dir='ltr'><strong>De</strong></span> <span class='ocrx_word' id='word_1_591' title='bbox 3321 3513 3401 3567; x_wconf 89' lang='lat' dir='ltr'><strong>his</strong></span> <span class='ocrx_word' id='word_1_592' title='bbox 3426 3528 3590 3585; x_wconf 76' lang='lat' dir='ltr'><strong>porro</strong></span> <span class='ocrx_word' id='word_1_593' title='bbox 3619 3514 3765 3572; x_wconf 78' lang='lat' dir='ltr'><strong>ludis</strong></span> <span class='ocrx_word' id='word_1_594' title='bbox 3800 3533 3895 3572; x_wconf 82' lang='lat' dir='ltr'><strong>co-</strong></span> 
     </span>
    </p>
   </div>
   <div class='ocr_carea' id='block_1_81' title="bbox 2296 3599 3891 3681">
    <p class='ocr_par' dir='ltr' id='par_1_81' title="bbox 2296 3599 3891 3681">
     <span class='ocr_line' id='line_1_81' title="bbox 2296 3599 3891 3681; baseline 0.008 -28"><span class='ocrx_word' id='word_1_595' title='bbox 2296 3599 2510 3661; x_wconf 71' lang='lat' dir='ltr'><strong>mmdiis</strong></span> <span class='ocrx_word' id='word_1_596' title='bbox 2566 3610 2619 3655; x_wconf 89' lang='lat' dir='ltr'><strong>et</strong></span> <span class='ocrx_word' id='word_1_597' title='bbox 2653 3601 2944 3670; x_wconf 72' lang='lat' dir='ltr'><strong>tragtediis,</strong></span> <span class='ocrx_word' id='word_1_598' title='bbox 2994 3602 3061 3658; x_wconf 90' lang='lat' dir='ltr'><strong>de</strong></span> <span class='ocrx_word' id='word_1_599' title='bbox 3088 3604 3281 3677; x_wconf 85' lang='lat' dir='ltr'><strong>quibus</strong></span> <span class='ocrx_word' id='word_1_600' title='bbox 3325 3605 3435 3681; x_wconf 84' lang='lat' dir='ltr'><strong>jam</strong></span> <span class='ocrx_word' id='word_1_601' title='bbox 3486 3607 3891 3680; x_wconf 75' lang='lat' dir='ltr'><strong>disputavimus</strong></span> 
     </span>
    </p>
   </div>
   <div class='ocr_carea' id='block_1_82' title="bbox 2300 3691 3893 3770">
    <p class='ocr_par' dir='ltr' id='par_1_82' title="bbox 2300 3691 3893 3770">
     <span class='ocr_line' id='line_1_82' title="bbox 2300 3691 3893 3770; baseline 0.008 -24"><span class='ocrx_word' id='word_1_602' title='bbox 2300 3691 2542 3764; x_wconf 77' lang='lat' dir='ltr'><strong>(Dissert.</strong></span> <span class='ocrx_word' id='word_1_603' title='bbox 2587 3695 2641 3746; x_wconf 88' lang='lat' dir='ltr'><strong>in</strong></span> <span class='ocrx_word' id='word_1_604' title='bbox 2682 3694 2905 3760; x_wconf 62' lang='grc' dir='ltr'><strong>Μίνωα,</strong></span> <span class='ocrx_word' id='word_1_605' title='bbox 2937 3712 3054 3765; x_wconf 84' lang='lat' dir='ltr'><strong>cap.</strong></span> <span class='ocrx_word' id='word_1_606' title='bbox 3094 3699 3179 3763; x_wconf 77' lang='lat'><strong>13,</strong></span> <span class='ocrx_word' id='word_1_607' title='bbox 3209 3708 3310 3752; x_wconf 88' lang='lat' dir='ltr'><strong>art.</strong></span> <span class='ocrx_word' id='word_1_608' title='bbox 3339 3698 3415 3768; x_wconf 77' lang='grc'><strong>1),</strong></span> <span class='ocrx_word' id='word_1_609' title='bbox 3442 3704 3531 3770; x_wconf 88' lang='lat' dir='ltr'><strong>qui</strong></span> <span class='ocrx_word' id='word_1_610' title='bbox 3562 3702 3718 3770; x_wconf 87' lang='lat' dir='ltr'><strong>plura</strong></span> <span class='ocrx_word' id='word_1_611' title='bbox 3746 3706 3893 3760; x_wconf 89' lang='lat' dir='ltr'><strong>scire</strong></span> 
     </span>
    </p>
   </div>
   <div class='ocr_carea' id='block_1_83' title="bbox 2296 3788 3899 3865">
    <p class='ocr_par' dir='ltr' id='par_1_83' title="bbox 2296 3788 3899 3865">
     <span class='ocr_line' id='line_1_83' title="bbox 2296 3788 3899 3865; baseline 0.01 -25"><span class='ocrx_word' id='word_1_612' title='bbox 2296 3788 2465 3856; x_wconf 89' lang='lat' dir='ltr'><strong>cupit,</strong></span> <span class='ocrx_word' id='word_1_613' title='bbox 2495 3789 2539 3841; x_wconf 92' lang='lat' dir='ltr'><strong>is</strong></span> <span class='ocrx_word' id='word_1_614' title='bbox 2566 3788 2711 3857; x_wconf 75' lang='lat' dir='ltr'><strong>legat</strong></span> <span class='ocrx_word' id='word_1_615' title='bbox 2730 3789 2852 3844; x_wconf 91' lang='lat' dir='ltr'><strong>Lilii</strong></span> <span class='ocrx_word' id='word_1_616' title='bbox 2879 3790 3101 3856; x_wconf 87' lang='lat' dir='ltr'><strong>Giraldi,</strong></span> <span class='ocrx_word' id='word_1_617' title='bbox 3128 3792 3405 3864; x_wconf 83' lang='lat' dir='ltr'><strong>Scaligeri,</strong></span> <span class='ocrx_word' id='word_1_618' title='bbox 3432 3794 3756 3865; x_wconf 89' lang='lat' dir='ltr'><strong>Camerarii,</strong></span> <span class='ocrx_word' id='word_1_619' title='bbox 3791 3801 3899 3855; x_wconf 87' lang='lat' dir='ltr'><strong>Ca-</strong></span> 
     </span>
    </p>
   </div>
   <div class='ocr_carea' id='block_1_84' title="bbox 2296 3880 3897 3965">
    <p class='ocr_par' dir='ltr' id='par_1_84' title="bbox 2296 3880 3897 3965">
     <span class='ocr_line' id='line_1_84' title="bbox 2296 3880 3897 3965; baseline 0.008 -31"><span class='ocrx_word' id='word_1_620' title='bbox 2296 3880 2442 3947; x_wconf 89' lang='lat' dir='ltr'><strong>salis,</strong></span> <span class='ocrx_word' id='word_1_621' title='bbox 2486 3881 2719 3938; x_wconf 88' lang='lat' dir='ltr'><strong>Alberici</strong></span> <span class='ocrx_word' id='word_1_622' title='bbox 2762 3884 2999 3965; x_wconf 69' lang='lat' dir='ltr'><strong>gentilis,</strong></span> <span class='ocrx_word' id='word_1_623' title='bbox 3046 3885 3298 3953; x_wconf 85' lang='lat' dir='ltr'><strong>Fabricii,</strong></span> <span class='ocrx_word' id='word_1_624' title='bbox 3347 3888 3652 3944; x_wconf 87' lang='lat' dir='ltr'><strong>etaliorum</strong></span> <span class='ocrx_word' id='word_1_625' title='bbox 3686 3892 3756 3945; x_wconf 90' lang='lat' dir='ltr'><strong>de</strong></span> <span class='ocrx_word' id='word_1_626' title='bbox 3786 3892 3897 3947; x_wconf 90' lang='lat' dir='ltr'><strong>illis</strong></span> 
     </span>
    </p>
   </div>
   <div class='ocr_carea' id='block_1_85' title="bbox 2296 3977 3897 4058">
    <p class='ocr_par' dir='ltr' id='par_1_85' title="bbox 2296 3977 3897 4058">
     <span class='ocr_line' id='line_1_85' title="bbox 2296 3977 3897 4058; baseline 0.007 -29"><span class='ocrx_word' id='word_1_627' title='bbox 2296 3977 2802 4035; x_wconf 86' lang='lat' dir='ltr'><strong>commentationes.</strong></span> <span class='ocrx_word' id='word_1_628' title='bbox 2854 3979 2994 4034; x_wconf 87' lang='lat' dir='ltr'><strong>Satis</strong></span> <span class='ocrx_word' id='word_1_629' title='bbox 3037 3990 3213 4036; x_wconf 91' lang='lat' dir='ltr'><strong>autem</strong></span> <span class='ocrx_word' id='word_1_630' title='bbox 3268 3991 3454 4052; x_wconf 88' lang='lat' dir='ltr'><strong>aperte</strong></span> <span class='ocrx_word' id='word_1_631' title='bbox 3498 3998 3565 4039; x_wconf 85' lang='lat' dir='ltr'><strong>ex</strong></span> <span class='ocrx_word' id='word_1_632' title='bbox 3616 3984 3727 4051; x_wconf 86' lang='lat' dir='ltr'><strong>his,</strong></span> <span class='ocrx_word' id='word_1_633' title='bbox 3773 4002 3897 4058; x_wconf 61' lang='lat' dir='ltr'><strong>qua</strong></span> 
     </span>
    </p>
   </div>
   <div class='ocr_carea' id='block_1_86' title="bbox 2298 4065 3899 4150">
    <p class='ocr_par' dir='ltr' id='par_1_86' title="bbox 2298 4065 3899 4150">
     <span class='ocr_line' id='line_1_86' title="bbox 2298 4065 3899 4150; baseline 0.009 -30"><span class='ocrx_word' id='word_1_634' title='bbox 2298 4065 2454 4121; x_wconf 89' lang='lat' dir='ltr'><strong>dicta</strong></span> <span class='ocrx_word' id='word_1_635' title='bbox 2486 4077 2631 4135; x_wconf 90' lang='lat' dir='ltr'><strong>sunt,</strong></span> <span class='ocrx_word' id='word_1_636' title='bbox 2660 4070 2728 4124; x_wconf 87' lang='lat' dir='ltr'><strong>ab</strong></span> <span class='ocrx_word' id='word_1_637' title='bbox 2746 4071 2995 4126; x_wconf 86' lang='lat' dir='ltr'><strong>omnibus</strong></span> <span class='ocrx_word' id='word_1_638' title='bbox 3024 4071 3337 4143; x_wconf 89' lang='lat' dir='ltr'><strong>intelligitur</strong></span> <span class='ocrx_word' id='word_1_639' title='bbox 3365 4075 3451 4130; x_wconf 90' lang='lat' dir='ltr'><strong>vel</strong></span> <span class='ocrx_word' id='word_1_640' title='bbox 3480 4075 3587 4132; x_wconf 87' lang='lat' dir='ltr'><strong>illis</strong></span> <span class='ocrx_word' id='word_1_641' title='bbox 3609 4077 3741 4132; x_wconf 80' lang='lat' dir='ltr'><strong>solis</strong></span> <span class='ocrx_word' id='word_1_642' title='bbox 3764 4094 3899 4150; x_wconf 81' lang='lat' dir='ltr'><strong>gen—</strong></span> 
     </span>
    </p>
   </div>
   <div class='ocr_carea' id='block_1_87' title="bbox 2297 4158 3897 4243">
    <p class='ocr_par' dir='ltr' id='par_1_87' title="bbox 2297 4158 3897 4243">
     <span class='ocr_line' id='line_1_87' title="bbox 2297 4158 3897 4243; baseline 0.011 -31"><span class='ocrx_word' id='word_1_643' title='bbox 2297 4158 2468 4214; x_wconf 86' lang='lat' dir='ltr'><strong>tilium</strong></span> <span class='ocrx_word' id='word_1_644' title='bbox 2523 4161 3003 4243; x_wconf 52' lang='lat' dir='ltr'><strong>deos,\totamque</strong></span> <span class='ocrx_word' id='word_1_645' title='bbox 3051 4181 3238 4223; x_wconf 90' lang='lat' dir='ltr'><strong>eorum</strong></span> <span class='ocrx_word' id='word_1_646' title='bbox 3288 4168 3606 4240; x_wconf 87' lang='lat' dir='ltr'><strong>religionem</strong></span> <span class='ocrx_word' id='word_1_647' title='bbox 3649 4170 3897 4229; x_wconf 85' lang='lat' dir='ltr'><strong>funditus</strong></span> 
     </span>
    </p>
   </div>
   <div class='ocr_carea' id='block_1_88' title="bbox 2296 4251 2483 4308">
    <p class='ocr_par' dir='ltr' id='par_1_88' title="bbox 2296 4251 2483 4308">
     <span class='ocr_line' id='line_1_88' title="bbox 2296 4251 2483 4308; baseline -0.016 0"><span class='ocrx_word' id='word_1_648' title='bbox 2296 4251 2483 4308; x_wconf 75' lang='lat' dir='ltr'><strong>everti.</strong></span> 
     </span>
    </p>
   </div>
   <div class='ocr_carea' id='block_1_89' title="bbox 2885 4348 3293 4410">
    <p class='ocr_par' dir='ltr' id='par_1_89' title="bbox 2885 4348 3293 4410">
     <span class='ocr_line' id='line_1_89' title="bbox 2885 4348 3293 4410; baseline 0.007 -3"><span class='ocrx_word' id='word_1_649' title='bbox 2885 4348 3113 4409; x_wconf 87' lang='lat' dir='ltr'><strong>CAPUT</strong></span> <span class='ocrx_word' id='word_1_650' title='bbox 3150 4352 3293 4410; x_wconf 73' lang='lat' dir='ltr'><strong>XVI.</strong></span> 
     </span>
    </p>
   </div>
   <div class='ocr_carea' id='block_1_90' title="bbox 2301 4479 3899 4560">
    <p class='ocr_par' dir='ltr' id='par_1_90' title="bbox 2301 4479 3899 4560">
     <span class='ocr_line' id='line_1_90' title="bbox 2301 4479 3899 4560; baseline 0.007 -23"><span class='ocrx_word' id='word_1_651' title='bbox 2301 4479 2467 4552; x_wconf 79' lang='lat' dir='ltr'><strong>Quam</strong></span> <span class='ocrx_word' id='word_1_652' title='bbox 2521 4483 2676 4539; x_wconf 78' lang='lat' dir='ltr'><strong>varia:</strong></span> <span class='ocrx_word' id='word_1_653' title='bbox 2724 4483 2917 4554; x_wconf 69' lang='lat' dir='ltr'><strong>fuerint</strong></span> <span class='ocrx_word' id='word_1_654' title='bbox 2945 4486 3263 4541; x_wconf 82' lang='lat' dir='ltr'><strong>ethnicorum</strong></span> <span class='ocrx_word' id='word_1_655' title='bbox 3309 4486 3372 4542; x_wconf 86' lang='lat' dir='ltr'><strong>de</strong></span> <span class='ocrx_word' id='word_1_656' title='bbox 3401 4488 3625 4560; x_wconf 75' lang='lat' dir='ltr'><strong>singulis</strong></span> <span class='ocrx_word' id='word_1_657' title='bbox 3652 4489 3758 4544; x_wconf 75' lang='lat' dir='ltr'><strong>diis</strong></span> <span class='ocrx_word' id='word_1_658' title='bbox 3788 4494 3899 4549; x_wconf 67' lang='lat' dir='ltr'><strong>suis</strong></span> 
     </span>
    </p>
   </div>
   <div class='ocr_carea' id='block_1_91' title="bbox 609 4576 2186 4685">
    <p class='ocr_par' dir='ltr' id='par_1_91' title="bbox 609 4576 2186 4685">
     <span class='ocr_line' id='line_1_91' title="bbox 609 4576 2186 4685; baseline 0.004 -27"><span class='ocrx_word' id='word_1_659' title='bbox 609 4602 757 4685; x_wconf 78' lang='lat' dir='ltr'><strong>(Val.</strong></span> <span class='ocrx_word' id='word_1_660' title='bbox 782 4602 955 4671; x_wconf 51' lang='lat' dir='ltr'><strong>Man,</strong></span> <span class='ocrx_word' id='word_1_661' title='bbox 991 4576 1081 4658; x_wconf 88' lang='lat' dir='ltr'><strong>lib.</strong></span> <span class='ocrx_word' id='word_1_662' title='bbox 1109 4620 1167 4669; x_wconf 82' lang='grc' dir='ltr'><strong>ιι,</strong></span> <span class='ocrx_word' id='word_1_663' title='bbox 1192 4622 1310 4675; x_wconf 85' lang='lat' dir='ltr'><strong>cap.</strong></span> <span class='ocrx_word' id='word_1_664' title='bbox 1340 4602 1394 4670; x_wconf 74' lang='grc'><strong>4,</strong></span> <span class='ocrx_word' id='word_1_665' title='bbox 1430 4604 1458 4678; x_wconf 86' lang='lat'>§</span> <span class='ocrx_word' id='word_1_666' title='bbox 1489 4606 1568 4676; x_wconf 68' lang='grc'><strong>4).</strong></span> <span class='ocrx_word' id='word_1_667' title='bbox 1620 4576 1860 4660; x_wconf 79' lang='lat' dir='ltr'><strong>Donatus</strong></span> <span class='ocrx_word' id='word_1_668' title='bbox 1905 4622 2033 4662; x_wconf 87' lang='lat' dir='ltr'><strong>vero</strong></span> <span class='ocrx_word' id='word_1_669' title='bbox 2074 4607 2186 4665; x_wconf 91' lang='lat' dir='ltr'><strong>illa-</strong></span> 
     </span>
    </p>
   </div>
   <div class='ocr_carea' id='block_1_92' title="bbox 2296 4576 3898 4685">
    <p class='ocr_par' dir='ltr' id='par_1_92' title="bbox 2369 4576 3898 4646">
     <span class='ocr_line' id='line_1_92' title="bbox 2369 4576 3898 4646; baseline 0.007 -18"><span class='ocrx_word' id='word_1_670' title='bbox 2369 4576 2658 4646; x_wconf 76' lang='lat' dir='ltr'><strong>opinioner,</strong></span> <span class='ocrx_word' id='word_1_671' title='bbox 2690 4586 2737 4630; x_wconf 88' lang='lat' dir='ltr'><strong>et</strong></span> <span class='ocrx_word' id='word_1_672' title='bbox 2786 4592 2941 4646; x_wconf 84' lang='lat' dir='ltr'><strong>quam</strong></span> <span class='ocrx_word' id='word_1_673' title='bbox 2969 4587 3106 4633; x_wconf 85' lang='lat' dir='ltr'><strong>recte</strong></span> <span class='ocrx_word' id='word_1_674' title='bbox 3146 4579 3408 4635; x_wconf 74' lang='lat' dir='ltr'><strong>Arnobius</strong></span> <span class='ocrx_word' id='word_1_675' title='bbox 3434 4581 3556 4636; x_wconf 79' lang='lat' dir='ltr'><strong>inde</strong></span> <span class='ocrx_word' id='word_1_676' title='bbox 3581 4581 3898 4640; x_wconf 74' lang='lat' dir='ltr'><strong>demonstret</strong></span> 
     </span>
    </p>
   </div>
   <div class='ocr_carea' id='block_1_93' title="bbox 605 4696 2187 4765">
    <p class='ocr_par' dir='ltr' id='par_1_93' title="bbox 605 4696 2187 4765">
     <span class='ocr_line' id='line_1_93' title="bbox 605 4696 2187 4765; baseline 0.003 -14"><span class='ocrx_word' id='word_1_677' title='bbox 605 4712 725 4763; x_wconf 85' lang='lat' dir='ltr'><strong>rum</strong></span> <span class='ocrx_word' id='word_1_678' title='bbox 741 4696 1245 4765; x_wconf 72' lang='lat' dir='ltr'><strong>obsccenitates,’liis</strong></span> <span class='ocrx_word' id='word_1_679' title='bbox 1262 4696 1442 4753; x_wconf 90' lang='lat' dir='ltr'><strong>verbis</strong></span> <span class='ocrx_word' id='word_1_680' title='bbox 1463 4712 1723 4753; x_wconf 87' lang='lat' dir='ltr'><strong>excusare</strong></span> <span class='ocrx_word' id='word_1_681' title='bbox 1749 4696 1947 4753; x_wconf 82' lang='lat' dir='ltr'><strong>frustra</strong></span> <span class='ocrx_word' id='word_1_682' title='bbox 1970 4699 2153 4759; x_wconf 88' lang='lat' dir='ltr'><strong>nititur</strong></span> <span class='ocrx_word' id='word_1_683' title='bbox 2174 4720 2187 4755; x_wconf 89' lang='lat'><strong>:</strong></span> 
     </span>
    </p>
   </div>
   <div class='ocr_carea' id='block_1_94' title="bbox 613 4788 2190 4862">
    <p class='ocr_par' dir='ltr' id='par_1_94' title="bbox 613 4788 2190 4862">
     <span class='ocr_line' id='line_1_94' title="bbox 613 4788 2190 4862; baseline 0.007 -22"><span class='ocrx_word' id='word_1_684' title='bbox 613 4808 631 4840; x_wconf 78' lang='grc' dir='ltr'><strong><em>ι</em></strong></span> <span class='ocrx_word' id='word_1_685' title='bbox 668 4788 933 4847; x_wconf 67' lang='lat' dir='ltr'><strong>Atellana:</strong></span> <span class='ocrx_word' id='word_1_686' title='bbox 980 4790 1183 4846; x_wconf 88' lang='lat' dir='ltr'><strong>salibus</strong></span> <span class='ocrx_word' id='word_1_687' title='bbox 1231 4798 1285 4847; x_wconf 88' lang='lat' dir='ltr'><strong>et</strong></span> <span class='ocrx_word' id='word_1_688' title='bbox 1331 4788 1470 4861; x_wconf 85' lang='lat' dir='ltr'><strong>jocis</strong></span> <span class='ocrx_word' id='word_1_689' title='bbox 1522 4790 1857 4861; x_wconf 69' lang='lat' dir='ltr'><strong>compositae,</strong></span> <span class='ocrx_word' id='word_1_690' title='bbox 1900 4809 2019 4862; x_wconf 69' lang='lat' dir='ltr'><strong>quae</strong></span> <span class='ocrx_word' id='word_1_691' title='bbox 2052 4793 2103 4847; x_wconf 91' lang='lat' dir='ltr'><strong>in</strong></span> <span class='ocrx_word' id='word_1_692' title='bbox 2131 4809 2190 4851; x_wconf 90' lang='lat' dir='ltr'><strong>se</strong></span> 
     </span>
    </p>
   </div>
   <div class='ocr_carea' id='block_1_95' title="bbox 608 4882 2189 4954">
    <p class='ocr_par' dir='ltr' id='par_1_95' title="bbox 608 4882 2189 4954">
     <span class='ocr_line' id='line_1_95' title="bbox 608 4882 2189 4954; baseline 0.003 -17"><span class='ocrx_word' id='word_1_693' title='bbox 608 4898 717 4941; x_wconf 90' lang='lat' dir='ltr'><strong>non</strong></span> <span class='ocrx_word' id='word_1_694' title='bbox 742 4882 965 4949; x_wconf 90' lang='lat' dir='ltr'><strong>habent,</strong></span> <span class='ocrx_word' id='word_1_695' title='bbox 992 4883 1097 4938; x_wconf 89' lang='lat' dir='ltr'><strong>nisi</strong></span> <span class='ocrx_word' id='word_1_696' title='bbox 1125 4893 1405 4938; x_wconf 86' lang='lat' dir='ltr'><strong>venustam</strong></span> <span class='ocrx_word' id='word_1_697' title='bbox 1424 4882 1761 4954; x_wconf 86' lang='lat' dir='ltr'><strong>elegantiam.</strong></span> <span class='ocrx_word' id='word_1_698' title='bbox 1804 4904 1822 4937; x_wconf 75' lang='grc' dir='ltr'><strong><em>ι</em></strong></span> <span class='ocrx_word' id='word_1_699' title='bbox 1855 4884 1985 4940; x_wconf 86' lang='lat' dir='ltr'><strong>Nam</strong></span> <span class='ocrx_word' id='word_1_700' title='bbox 2010 4885 2189 4941; x_wconf 87' lang='lat' dir='ltr'><strong>Arno-</strong></span> 
     </span>
    </p>
   </div>
   <div class='ocr_carea' id='block_1_96' title="bbox 607 4973 2192 5043">
    <p class='ocr_par' dir='ltr' id='par_1_96' title="bbox 607 4973 2192 5043">
     <span class='ocr_line' id='line_1_96' title="bbox 607 4973 2192 5043; baseline 0.005 -14"><span class='ocrx_word' id='word_1_701' title='bbox 607 4976 729 5043; x_wconf 88' lang='lat' dir='ltr'><strong>bius</strong></span> <span class='ocrx_word' id='word_1_702' title='bbox 750 4976 942 5031; x_wconf 91' lang='lat' dir='ltr'><strong>merito</strong></span> <span class='ocrx_word' id='word_1_703' title='bbox 966 4974 1244 5032; x_wconf 79' lang='lat' dir='ltr'><strong>cantendit</strong></span> <span class='ocrx_word' id='word_1_704' title='bbox 1270 4976 1367 5029; x_wconf 87' lang='lat' dir='ltr'><strong>has</strong></span> <span class='ocrx_word' id='word_1_705' title='bbox 1408 4973 1615 5030; x_wconf 91' lang='lat' dir='ltr'><strong>fabulas</strong></span> <span class='ocrx_word' id='word_1_706' title='bbox 1658 4986 1715 5031; x_wconf 90' lang='lat' dir='ltr'><strong>et</strong></span> <span class='ocrx_word' id='word_1_707' title='bbox 1752 4978 2045 5034; x_wconf 73' lang='lat' dir='ltr'><strong>comoedias</strong></span> <span class='ocrx_word' id='word_1_708' title='bbox 2071 4979 2192 5037; x_wconf 92' lang='lat' dir='ltr'><strong>aliis</strong></span> 
     </span>
    </p>
   </div>
   <div class='ocr_carea' id='block_1_97' title="bbox 606 5066 2192 5141">
    <p class='ocr_par' dir='ltr' id='par_1_97' title="bbox 606 5066 2192 5141">
     <span class='ocr_line' id='line_1_97' title="bbox 606 5066 2192 5141; baseline 0.003 -18"><span class='ocrx_word' id='word_1_709' title='bbox 606 5082 707 5123; x_wconf 87' lang='lat' dir='ltr'><strong>nec</strong></span> <span class='ocrx_word' id='word_1_710' title='bbox 727 5068 986 5123; x_wconf 88' lang='lat' dir='ltr'><strong>castiores</strong></span> <span class='ocrx_word' id='word_1_711' title='bbox 1016 5081 1161 5132; x_wconf 88' lang='lat' dir='ltr'><strong>esse,</strong></span> <span class='ocrx_word' id='word_1_712' title='bbox 1204 5081 1305 5122; x_wconf 91' lang='lat' dir='ltr'><strong>nec</strong></span> <span class='ocrx_word' id='word_1_713' title='bbox 1337 5066 1695 5139; x_wconf 89' lang='lat' dir='ltr'><strong>honestiores,</strong></span> <span class='ocrx_word' id='word_1_714' title='bbox 1727 5084 1901 5141; x_wconf 91' lang='lat' dir='ltr'><strong>neque</strong></span> <span class='ocrx_word' id='word_1_715' title='bbox 1927 5070 2059 5126; x_wconf 90' lang='lat' dir='ltr'><strong>deos</strong></span> <span class='ocrx_word' id='word_1_716' title='bbox 2090 5072 2192 5127; x_wconf 90' lang='lat' dir='ltr'><strong>mi-</strong></span> 
     </span>
    </p>
   </div>
   <div class='ocr_carea' id='block_1_98' title="bbox 605 5158 1769 5233">
    <p class='ocr_par' dir='ltr' id='par_1_98' title="bbox 605 5158 1769 5233">
     <span class='ocr_line' id='line_1_98' title="bbox 605 5158 1769 5233; baseline 0.001 -18"><span class='ocrx_word' id='word_1_717' title='bbox 605 5176 707 5217; x_wconf 91' lang='lat' dir='ltr'><strong>nus</strong></span> <span class='ocrx_word' id='word_1_718' title='bbox 728 5161 945 5232; x_wconf 87' lang='lat' dir='ltr'><strong>indigne</strong></span> <span class='ocrx_word' id='word_1_719' title='bbox 974 5159 1026 5233; x_wconf 84' lang='lat' dir='ltr'><strong>in</strong></span> <span class='ocrx_word' id='word_1_720' title='bbox 1054 5158 1179 5223; x_wconf 89' lang='lat' dir='ltr'><strong>illis,</strong></span> <span class='ocrx_word' id='word_1_721' title='bbox 1208 5174 1365 5230; x_wconf 92' lang='lat' dir='ltr'><strong>quam</strong></span> <span class='ocrx_word' id='word_1_722' title='bbox 1390 5158 1506 5214; x_wconf 89' lang='lat' dir='ltr'><strong>aliis</strong></span> <span class='ocrx_word' id='word_1_723' title='bbox 1534 5160 1769 5215; x_wconf 89' lang='lat' dir='ltr'><strong>tractari.</strong></span> 
     </span>
    </p>
   </div>
   <div class='ocr_carea' id='block_1_99' title="bbox 682 5249 2182 5327">
    <p class='ocr_par' dir='ltr' id='par_1_99' title="bbox 682 5249 2182 5327">
     <span class='ocr_line' id='line_1_99' title="bbox 682 5249 2182 5327; baseline 0.004 -21"><span class='ocrx_word' id='word_1_724' title='bbox 682 5252 1023 5321; x_wconf 88' lang='lat' dir='ltr'><strong>Quapropter</strong></span> <span class='ocrx_word' id='word_1_725' title='bbox 1054 5249 1300 5305; x_wconf 87' lang='lat' dir='ltr'><strong>ethnicos</strong></span> <span class='ocrx_word' id='word_1_726' title='bbox 1343 5250 1539 5307; x_wconf 90' lang='lat' dir='ltr'><strong>acriter</strong></span> <span class='ocrx_word' id='word_1_727' title='bbox 1567 5253 1806 5325; x_wconf 91' lang='lat' dir='ltr'><strong>corripit,</strong></span> <span class='ocrx_word' id='word_1_728' title='bbox 1854 5255 1943 5327; x_wconf 93' lang='lat' dir='ltr'><strong>qui</strong></span> <span class='ocrx_word' id='word_1_729' title='bbox 1990 5270 2182 5327; x_wconf 85' lang='lat' dir='ltr'><strong>perpe-</strong></span> 
     </span>
    </p>
   </div>
   <div class='ocr_carea' id='block_1_100' title="bbox 607 5343 2190 5414">
    <p class='ocr_par' dir='ltr' id='par_1_100' title="bbox 607 5343 2190 5414">
     <span class='ocr_line' id='line_1_100' title="bbox 607 5343 2190 5414; baseline 0.003 -14"><span class='ocrx_word' id='word_1_730' title='bbox 607 5362 721 5400; x_wconf 91' lang='lat' dir='ltr'><strong>ram</strong></span> <span class='ocrx_word' id='word_1_731' title='bbox 752 5343 1133 5400; x_wconf 84' lang='lat' dir='ltr'><strong>existimabant</strong></span> <span class='ocrx_word' id='word_1_732' title='bbox 1162 5343 1245 5399; x_wconf 92' lang='lat' dir='ltr'><strong>his</strong></span> <span class='ocrx_word' id='word_1_733' title='bbox 1263 5344 1593 5401; x_wconf 91' lang='lat' dir='ltr'><strong>solemnibus</strong></span> <span class='ocrx_word' id='word_1_734' title='bbox 1624 5346 1784 5414; x_wconf 91' lang='lat' dir='ltr'><strong>ludis,</strong></span> <span class='ocrx_word' id='word_1_735' title='bbox 1812 5364 1875 5403; x_wconf 87' lang='lat' dir='ltr'><strong>ac</strong></span> <span class='ocrx_word' id='word_1_736' title='bbox 1909 5349 2190 5404; x_wconf 88' lang='lat' dir='ltr'><strong>comoediis</strong></span> 
     </span>
    </p>
   </div>
   <div class='ocr_carea' id='block_1_101' title="bbox 606 5434 2186 5510">
    <p class='ocr_par' dir='ltr' id='par_1_101' title="bbox 606 5434 2186 5510">
     <span class='ocr_line' id='line_1_101' title="bbox 606 5434 2186 5510; baseline 0.001 -16"><span class='ocrx_word' id='word_1_737' title='bbox 606 5440 740 5494; x_wconf 89' lang='lat' dir='ltr'><strong>deos</strong></span> <span class='ocrx_word' id='word_1_738' title='bbox 780 5434 977 5503; x_wconf 73' lang='lat' dir='ltr'><strong>lmtari,</strong></span> <span class='ocrx_word' id='word_1_739' title='bbox 1009 5437 1282 5507; x_wconf 89' lang='lat' dir='ltr'><strong>honorari,</strong></span> <span class='ocrx_word' id='word_1_740' title='bbox 1324 5439 1549 5510; x_wconf 88' lang='lat' dir='ltr'><strong>placari,</strong></span> <span class='ocrx_word' id='word_1_741' title='bbox 1592 5439 1725 5494; x_wconf 90' lang='lat' dir='ltr'><strong>iram</strong></span> <span class='ocrx_word' id='word_1_742' title='bbox 1767 5446 1821 5495; x_wconf 90' lang='lat' dir='ltr'><strong>et</strong></span> <span class='ocrx_word' id='word_1_743' title='bbox 1864 5440 2186 5496; x_wconf 88' lang='lat' dir='ltr'><strong>simultatem</strong></span> 
     </span>
    </p>
   </div>
   <div class='ocr_carea' id='block_1_102' title="bbox 606 5528 2189 5604">
    <p class='ocr_par' dir='ltr' id='par_1_102' title="bbox 606 5528 2189 5604">
     <span class='ocr_line' id='line_1_102' title="bbox 606 5528 2189 5604; baseline 0.001 -16"><span class='ocrx_word' id='word_1_744' title='bbox 606 5534 900 5604; x_wconf 87' lang='lat' dir='ltr'><strong>deponere,</strong></span> <span class='ocrx_word' id='word_1_745' title='bbox 930 5541 985 5587; x_wconf 92' lang='lat' dir='ltr'><strong>et</strong></span> <span class='ocrx_word' id='word_1_746' title='bbox 1013 5530 1339 5599; x_wconf 89' lang='lat' dir='ltr'><strong>hominibus,</strong></span> <span class='ocrx_word' id='word_1_747' title='bbox 1387 5548 1417 5587; x_wconf 94' lang='lat' dir='ltr'><strong>a</strong></span> <span class='ocrx_word' id='word_1_748' title='bbox 1456 5533 1649 5604; x_wconf 90' lang='lat' dir='ltr'><strong>quibus</strong></span> <span class='ocrx_word' id='word_1_749' title='bbox 1678 5530 1865 5588; x_wconf 79' lang='lat' dir='ltr'><strong>olfensi</strong></span> <span class='ocrx_word' id='word_1_750' title='bbox 1896 5528 2071 5600; x_wconf 78' lang='lat' dir='ltr'><strong>erant,</strong></span> <span class='ocrx_word' id='word_1_751' title='bbox 2103 5548 2189 5590; x_wconf 86' lang='lat' dir='ltr'><strong>re-</strong></span> 
     </span>
    </p>
   </div>
   <div class='ocr_carea' id='block_1_103' title="bbox 606 5623 2188 5696">
    <p class='ocr_par' dir='ltr' id='par_1_103' title="bbox 606 5623 2188 5696">
     <span class='ocr_line' id='line_1_103' title="bbox 606 5623 2188 5696; baseline -0.001 -14"><span class='ocrx_word' id='word_1_752' title='bbox 606 5625 904 5682; x_wconf 88' lang='lat' dir='ltr'><strong>conciliari.</strong></span> <span class='ocrx_word' id='word_1_753' title='bbox 936 5623 1051 5694; x_wconf 90' lang='lat' dir='ltr'><strong>Qua</strong></span> <span class='ocrx_word' id='word_1_754' title='bbox 1072 5627 1215 5682; x_wconf 89' lang='lat' dir='ltr'><strong>enim</strong></span> <span class='ocrx_word' id='word_1_755' title='bbox 1247 5624 1320 5682; x_wconf 90' lang='lat' dir='ltr'><strong>dii</strong></span> <span class='ocrx_word' id='word_1_756' title='bbox 1343 5624 1527 5683; x_wconf 74' lang='lat' dir='ltr'><strong>laetitia</strong></span> <span class='ocrx_word' id='word_1_757' title='bbox 1549 5624 1835 5696; x_wconf 73' lang='lat' dir='ltr'><strong>perfundi,</strong></span> <span class='ocrx_word' id='word_1_758' title='bbox 1854 5624 2081 5695; x_wconf 85' lang='lat' dir='ltr'><strong>aliisque</strong></span> <span class='ocrx_word' id='word_1_759' title='bbox 2101 5626 2188 5696; x_wconf 89' lang='lat' dir='ltr'><strong>ju-</strong></span> 
     </span>
    </p>
   </div>
   <div class='ocr_carea' id='block_1_104' title="bbox 607 5718 2187 5793">
    <p class='ocr_par' dir='ltr' id='par_1_104' title="bbox 607 5718 2187 5793">
     <span class='ocr_line' id='line_1_104' title="bbox 607 5718 2187 5793; baseline 0.003 -19"><span class='ocrx_word' id='word_1_760' title='bbox 607 5718 796 5774; x_wconf 91' lang='lat' dir='ltr'><strong>cundis</strong></span> <span class='ocrx_word' id='word_1_761' title='bbox 820 5719 1050 5775; x_wconf 91' lang='lat' dir='ltr'><strong>motibus</strong></span> <span class='ocrx_word' id='word_1_762' title='bbox 1069 5719 1209 5776; x_wconf 86' lang='lat' dir='ltr'><strong>aflici</strong></span> <span class='ocrx_word' id='word_1_763' title='bbox 1254 5730 1500 5793; x_wconf 89' lang='lat' dir='ltr'><strong>possunt,</strong></span> <span class='ocrx_word' id='word_1_764' title='bbox 1533 5720 1662 5774; x_wconf 88' lang='lat' dir='ltr'><strong>visis</strong></span> <span class='ocrx_word' id='word_1_765' title='bbox 1690 5727 1767 5775; x_wconf 90' lang='lat' dir='ltr'><strong>tot</strong></span> <span class='ocrx_word' id='word_1_766' title='bbox 1794 5718 2061 5791; x_wconf 89' lang='lat' dir='ltr'><strong>tantisque</strong></span> <span class='ocrx_word' id='word_1_767' title='bbox 2095 5737 2187 5778; x_wconf 85' lang='lat' dir='ltr'><strong>co-</strong></span> 
     </span>
    </p>
   </div>
   <div class='ocr_carea' id='block_1_105' title="bbox 607 5811 2182 5886">
    <p class='ocr_par' dir='ltr' id='par_1_105' title="bbox 607 5811 2182 5886">
     <span class='ocr_line' id='line_1_105' title="bbox 607 5811 2182 5886; baseline 0.003 -18"><span class='ocrx_word' id='word_1_768' title='bbox 607 5812 946 5881; x_wconf 72' lang='lat' dir='ltr'><strong>mmdiarum,</strong></span> <span class='ocrx_word' id='word_1_769' title='bbox 978 5813 1054 5870; x_wconf 89' lang='lat' dir='ltr'><strong>uti</strong></span> <span class='ocrx_word' id='word_1_770' title='bbox 1090 5813 1203 5885; x_wconf 87' lang='lat' dir='ltr'><strong>jam</strong></span> <span class='ocrx_word' id='word_1_771' title='bbox 1243 5815 1470 5885; x_wconf 77' lang='lat' dir='ltr'><strong>dictum,</strong></span> <span class='ocrx_word' id='word_1_772' title='bbox 1501 5823 1555 5871; x_wconf 87' lang='lat' dir='ltr'><strong>et</strong></span> <span class='ocrx_word' id='word_1_773' title='bbox 1582 5812 1755 5870; x_wconf 91' lang='lat' dir='ltr'><strong>adhuc</strong></span> <span class='ocrx_word' id='word_1_774' title='bbox 1790 5811 1924 5870; x_wconf 89' lang='lat' dir='ltr'><strong>infra</strong></span> <span class='ocrx_word' id='word_1_775' title='bbox 1954 5812 2182 5886; x_wconf 90' lang='lat' dir='ltr'><strong>dicetur,</strong></span> 
     </span>
    </p>
   </div>
   <div class='ocr_carea' id='block_1_106' title="bbox 2368 4670 3426 4742">
    <p class='ocr_par' dir='ltr' id='par_1_106' title="bbox 2368 4670 3426 4742">
     <span class='ocr_line' id='line_1_106' title="bbox 2368 4670 3426 4742; baseline 0.005 -19"><span class='ocrx_word' id='word_1_776' title='bbox 2368 4670 2555 4741; x_wconf 79' lang='lat' dir='ltr'><strong>falsam</strong></span> <span class='ocrx_word' id='word_1_777' title='bbox 2585 4684 2694 4724; x_wconf 75' lang='lat' dir='ltr'><strong>esse</strong></span> <span class='ocrx_word' id='word_1_778' title='bbox 2723 4671 3062 4742; x_wconf 78' lang='lat' dir='ltr'><strong>unicujusque</strong></span> <span class='ocrx_word' id='word_1_779' title='bbox 3090 4672 3426 4728; x_wconf 77' lang='lat' dir='ltr'><strong>divinitatem.</strong></span> 
     </span>
    </p>
   </div>
   <div class='ocr_carea' id='block_1_107' title="bbox 2815 4823 3354 4865">
    <p class='ocr_par' dir='ltr' id='par_1_107' title="bbox 2815 4823 3354 4865">
     <span class='ocr_line' id='line_1_107' title="bbox 2815 4823 3354 4865; baseline 0.002 -3"><span class='ocrx_word' id='word_1_780' title='bbox 2815 4823 3111 4864; x_wconf 76' lang='lat' dir='ltr'><strong>ARTICULUS</strong></span> <span class='ocrx_word' id='word_1_781' title='bbox 3146 4824 3354 4865; x_wconf 69' lang='lat' dir='ltr'><strong>PRIMUS.</strong></span> 
     </span>
    </p>
   </div>
   <div class='ocr_carea' id='block_1_108' title="bbox 2293 4924 3894 4993">
    <p class='ocr_par' dir='ltr' id='par_1_108' title="bbox 2293 4924 3894 4993">
     <span class='ocr_line' id='line_1_108' title="bbox 2293 4924 3894 4993; baseline 0.004 -15"><span class='ocrx_word' id='word_1_782' title='bbox 2293 4924 2611 4993; x_wconf 72' lang='lat' dir='ltr'><strong>Examinatur</strong></span> <span class='ocrx_word' id='word_1_783' title='bbox 2636 4926 2832 4981; x_wconf 79' lang='lat' dir='ltr'><strong>Arnobii</strong></span> <span class='ocrx_word' id='word_1_784' title='bbox 2850 4934 3026 4993; x_wconf 81' lang='lat' dir='ltr'><strong>contra</strong></span> <span class='ocrx_word' id='word_1_785' title='bbox 3049 4930 3350 4979; x_wconf 89' lang='lat' dir='ltr'><strong>ethnicorum</strong></span> <span class='ocrx_word' id='word_1_786' title='bbox 3369 4931 3493 4982; x_wconf 88' lang='lat' dir='ltr'><strong>deos</strong></span> <span class='ocrx_word' id='word_1_787' title='bbox 3520 4938 3894 4993; x_wconf 82' lang='lat' dir='ltr'><strong>argumentum,</strong></span> 
     </span>
    </p>
   </div>
   <div class='ocr_carea' id='block_1_109' title="bbox 2359 4990 3899 5055">
    <p class='ocr_par' dir='ltr' id='par_1_109' title="bbox 2359 4990 3899 5055">
     <span class='ocr_line' id='line_1_109' title="bbox 2359 4990 3899 5055; baseline 0.003 -14"><span class='ocrx_word' id='word_1_788' title='bbox 2359 4990 2472 5041; x_wconf 85' lang='lat' dir='ltr'><strong>inde</strong></span> <span class='ocrx_word' id='word_1_789' title='bbox 2495 4990 2709 5052; x_wconf 89' lang='lat' dir='ltr'><strong>ductum,</strong></span> <span class='ocrx_word' id='word_1_790' title='bbox 2730 4990 2860 5055; x_wconf 85' lang='lat' dir='ltr'><strong>quod</strong></span> <span class='ocrx_word' id='word_1_791' title='bbox 2898 5005 3045 5055; x_wconf 84' lang='lat' dir='ltr'><strong>quem</strong></span> <span class='ocrx_word' id='word_1_792' title='bbox 3082 4994 3231 5043; x_wconf 72' lang='lat' dir='ltr'><strong>deum</strong></span> <span class='ocrx_word' id='word_1_793' title='bbox 3250 4993 3468 5055; x_wconf 86' lang='lat' dir='ltr'><strong>nonnulli</strong></span> <span class='ocrx_word' id='word_1_794' title='bbox 3503 5008 3565 5043; x_wconf 88' lang='lat' dir='ltr'><strong>ex</strong></span> <span class='ocrx_word' id='word_1_795' title='bbox 3581 4990 3899 5055; x_wconf 48' lang='lat' dir='ltr'><strong>&#39;parentibus</strong></span> 
     </span>
    </p>
   </div>
   <div class='ocr_carea' id='block_1_110' title="bbox 2357 5054 3896 5118">
    <p class='ocr_par' dir='ltr' id='par_1_110' title="bbox 2357 5054 3896 5118">
     <span class='ocr_line' id='line_1_110' title="bbox 2357 5054 3896 5118; baseline 0.007 -19"><span class='ocrx_word' id='word_1_796' title='bbox 2357 5062 2664 5118; x_wconf 76' lang='lat' dir='ltr'><strong>procreatum</strong></span> <span class='ocrx_word' id='word_1_797' title='bbox 2690 5054 2937 5109; x_wconf 75' lang='lat' dir='ltr'><strong>dicebant,</strong></span> <span class='ocrx_word' id='word_1_798' title='bbox 2969 5054 3046 5102; x_wconf 85' lang='lat' dir='ltr'><strong>alii</strong></span> <span class='ocrx_word' id='word_1_799' title='bbox 3084 5064 3196 5118; x_wconf 83' lang='lat' dir='ltr'><strong>rem</strong></span> <span class='ocrx_word' id='word_1_800' title='bbox 3223 5054 3431 5118; x_wconf 84' lang='lat' dir='ltr'><strong>aliquam</strong></span> <span class='ocrx_word' id='word_1_801' title='bbox 3463 5054 3744 5106; x_wconf 79' lang='lat' dir='ltr'><strong>naturalem</strong></span> <span class='ocrx_word' id='word_1_802' title='bbox 3784 5073 3896 5110; x_wconf 77' lang='lat' dir='ltr'><strong>esse</strong></span> 
     </span>
    </p>
   </div>
   <div class='ocr_carea' id='block_1_111' title="bbox 2358 5115 3894 5183">
    <p class='ocr_par' dir='ltr' id='par_1_111' title="bbox 2358 5115 3894 5183">
     <span class='ocr_line' id='line_1_111' title="bbox 2358 5115 3894 5183; baseline 0.004 -20"><span class='ocrx_word' id='word_1_803' title='bbox 2358 5115 2715 5183; x_wconf 59' lang='lat' dir='ltr'><strong>anirmaverint,</strong></span> <span class='ocrx_word' id='word_1_804' title='bbox 2745 5122 2894 5183; x_wconf 82' lang='lat' dir='ltr'><strong>atque</strong></span> <span class='ocrx_word' id='word_1_805' title='bbox 2917 5118 2965 5165; x_wconf 89' lang='lat' dir='ltr'><strong>in</strong></span> <span class='ocrx_word' id='word_1_806' title='bbox 2990 5118 3153 5183; x_wconf 77' lang='lat' dir='ltr'><strong>primis</strong></span> <span class='ocrx_word' id='word_1_807' title='bbox 3172 5115 3365 5183; x_wconf 78' lang='lat' dir='ltr'><strong>Januin,</strong></span> <span class='ocrx_word' id='word_1_808' title='bbox 3388 5118 3672 5183; x_wconf 83' lang='lat' dir='ltr'><strong>Saturnum,</strong></span> <span class='ocrx_word' id='word_1_809' title='bbox 3696 5120 3894 5183; x_wconf 51' lang='lat' dir='ltr'><strong>iovem,</strong></span> 
     </span>
    </p>
   </div>
   <div class='ocr_carea' id='block_1_112' title="bbox 2358 5175 3895 5244">
    <p class='ocr_par' dir='ltr' id='par_1_112' title="bbox 2358 5175 3895 5244">
     <span class='ocr_line' id='line_1_112' title="bbox 2358 5175 3895 5244; baseline 0.006 -20"><span class='ocrx_word' id='word_1_810' title='bbox 2358 5175 2952 5244; x_wconf 30' lang='lat' dir='ltr'><strong>J.unor_icni,.Fluviunam,</strong></span> <span class='ocrx_word' id='word_1_811' title='bbox 2991 5175 3269 5244; x_wconf 64' lang='lat' dir='ltr'><strong>Pometiam,</strong></span> <span class='ocrx_word' id='word_1_812' title='bbox 3297 5175 3668 5244; x_wconf 21' lang='lat' dir='ltr'><strong>(is—sipaginam,’</strong></span> <span class='ocrx_word' id='word_1_813' title='bbox 3696 5175 3895 5233; x_wconf 52' lang='lat' dir='ltr'><strong>Febr“;</strong></span> 
     </span>
    </p>
   </div>
   <div class='ocr_carea' id='block_1_113' title="bbox 2359 5238 3431 5304">
    <p class='ocr_par' dir='ltr' id='par_1_113' title="bbox 2359 5238 3431 5304">
     <span class='ocr_line' id='line_1_113' title="bbox 2359 5238 3431 5304; baseline 0.006 -17"><span class='ocrx_word' id='word_1_814' title='bbox 2359 5239 2464 5298; x_wconf 90' lang='lat' dir='ltr'><strong>tim,</strong></span> <span class='ocrx_word' id='word_1_815' title='bbox 2488 5238 2820 5301; x_wconf 87' lang='lat' dir='ltr'><strong>Populoniam,</strong></span> <span class='ocrx_word' id='word_1_816' title='bbox 2848 5240 3084 5300; x_wconf 89' lang='lat' dir='ltr'><strong>Cinxiam,</strong></span> <span class='ocrx_word' id='word_1_817' title='bbox 3109 5238 3431 5304; x_wconf 60' lang='lat' dir='ltr'><strong>Caprozinam&#39;.</strong></span> 
     </span>
    </p>
   </div>
   <div class='ocr_carea' id='block_1_114' title="bbox 2368 5362 3890 5427">
    <p class='ocr_par' dir='ltr' id='par_1_114' title="bbox 2368 5362 3890 5427">
     <span class='ocr_line' id='line_1_114' title="bbox 2368 5362 3890 5427; baseline 0.009 -13"><span class='ocrx_word' id='word_1_818' title='bbox 2368 5362 2524 5416; x_wconf 85' lang='lat' dir='ltr'><strong>Aliud</strong></span> <span class='ocrx_word' id='word_1_819' title='bbox 2551 5363 2837 5427; x_wconf 84' lang='lat' dir='ltr'><strong>Arnobius,</strong></span> <span class='ocrx_word' id='word_1_820' title='bbox 2881 5380 2980 5420; x_wconf 92' lang='lat' dir='ltr'><strong>nec</strong></span> <span class='ocrx_word' id='word_1_821' title='bbox 3009 5368 3222 5422; x_wconf 66' lang='lat' dir='ltr'><strong>creteris</strong></span> <span class='ocrx_word' id='word_1_822' title='bbox 3264 5369 3443 5425; x_wconf 91' lang='lat' dir='ltr'><strong>minus</strong></span> <span class='ocrx_word' id='word_1_823' title='bbox 3474 5367 3670 5425; x_wconf 80' lang='lat' dir='ltr'><strong>efficax</strong></span> <span class='ocrx_word' id='word_1_824' title='bbox 3698 5387 3768 5427; x_wconf 89' lang='lat' dir='ltr'><strong>ac</strong></span> <span class='ocrx_word' id='word_1_825' title='bbox 3794 5389 3890 5427; x_wconf 83' lang='lat' dir='ltr'><strong>va-</strong></span> 
     </span>
    </p>
   </div>
   <div class='ocr_carea' id='block_1_115' title="bbox 2294 5454 3895 5532">
    <p class='ocr_par' dir='ltr' id='par_1_115' title="bbox 2294 5454 3895 5532">
     <span class='ocr_line' id='line_1_115' title="bbox 2294 5454 3895 5532; baseline 0.009 -23"><span class='ocrx_word' id='word_1_826' title='bbox 2294 5454 2480 5520; x_wconf 92' lang='lat' dir='ltr'><strong>lidum,</strong></span> <span class='ocrx_word' id='word_1_827' title='bbox 2515 5454 2777 5513; x_wconf 87' lang='lat' dir='ltr'><strong>adversus</strong></span> <span class='ocrx_word' id='word_1_828' title='bbox 2806 5458 3070 5516; x_wconf 86' lang='lat' dir='ltr'><strong>absurdos</strong></span> <span class='ocrx_word' id='word_1_829' title='bbox 3104 5462 3383 5532; x_wconf 88' lang='lat' dir='ltr'><strong>gentilium</strong></span> <span class='ocrx_word' id='word_1_830' title='bbox 3428 5461 3496 5518; x_wconf 90' lang='lat' dir='ltr'><strong>de</strong></span> <span class='ocrx_word' id='word_1_831' title='bbox 3525 5463 3632 5518; x_wconf 90' lang='lat' dir='ltr'><strong>diis</strong></span> <span class='ocrx_word' id='word_1_832' title='bbox 3664 5465 3778 5521; x_wconf 88' lang='lat' dir='ltr'><strong>suis</strong></span> <span class='ocrx_word' id='word_1_833' title='bbox 3808 5484 3895 5522; x_wconf 85' lang='lat' dir='ltr'><strong>er-</strong></span> 
     </span>
    </p>
   </div>
   <div class='ocr_carea' id='block_1_116' title="bbox 2294 5551 3893 5629">
    <p class='ocr_par' dir='ltr' id='par_1_116' title="bbox 2294 5551 3893 5629">
     <span class='ocr_line' id='line_1_116' title="bbox 2294 5551 3893 5629; baseline 0.01 -28"><span class='ocrx_word' id='word_1_834' title='bbox 2294 5563 2447 5601; x_wconf 91' lang='lat' dir='ltr'><strong>rores</strong></span> <span class='ocrx_word' id='word_1_835' title='bbox 2474 5560 2845 5618; x_wconf 73' lang='lat' dir='ltr'><strong>:irguu&#39;ientum</strong></span> <span class='ocrx_word' id='word_1_836' title='bbox 2872 5551 3022 5607; x_wconf 88' lang='lat' dir='ltr'><strong>duxit</strong></span> <span class='ocrx_word' id='word_1_837' title='bbox 3043 5556 3296 5623; x_wconf 74' lang='lat' dir='ltr'><strong>exlvariis</strong></span> <span class='ocrx_word' id='word_1_838' title='bbox 3321 5567 3375 5610; x_wconf 90' lang='lat' dir='ltr'><strong>et</strong></span> <span class='ocrx_word' id='word_1_839' title='bbox 3397 5556 3538 5612; x_wconf 90' lang='lat' dir='ltr'><strong>inter</strong></span> <span class='ocrx_word' id='word_1_840' title='bbox 3564 5574 3624 5610; x_wconf 90' lang='lat' dir='ltr'><strong>se</strong></span> <span class='ocrx_word' id='word_1_841' title='bbox 3647 5574 3893 5629; x_wconf 78' lang='lat' dir='ltr'><strong>pugnan-</strong></span> 
     </span>
    </p>
   </div>
   <div class='ocr_carea' id='block_1_117' title="bbox 2295 5638 3891 5719">
    <p class='ocr_par' dir='ltr' id='par_1_117' title="bbox 2295 5638 3891 5719">
     <span class='ocr_line' id='line_1_117' title="bbox 2295 5638 3891 5719; baseline 0.01 -26"><span class='ocrx_word' id='word_1_842' title='bbox 2295 5638 2435 5694; x_wconf 89' lang='lat' dir='ltr'><strong>tibus</strong></span> <span class='ocrx_word' id='word_1_843' title='bbox 2466 5639 2679 5696; x_wconf 86' lang='lat' dir='ltr'><strong>illorum</strong></span> <span class='ocrx_word' id='word_1_844' title='bbox 2710 5640 2778 5698; x_wconf 92' lang='lat' dir='ltr'><strong>de</strong></span> <span class='ocrx_word' id='word_1_845' title='bbox 2806 5660 2912 5699; x_wconf 92' lang='lat' dir='ltr'><strong>uno</strong></span> <span class='ocrx_word' id='word_1_846' title='bbox 2942 5646 3238 5715; x_wconf 87' lang='lat' dir='ltr'><strong>eodemque</strong></span> <span class='ocrx_word' id='word_1_847' title='bbox 3266 5648 3371 5703; x_wconf 87' lang='lat' dir='ltr'><strong>deo</strong></span> <span class='ocrx_word' id='word_1_848' title='bbox 3407 5649 3715 5705; x_wconf 89' lang='lat' dir='ltr'><strong>sententiis.</strong></span> <span class='ocrx_word' id='word_1_849' title='bbox 3770 5653 3891 5719; x_wconf 83' lang='lat' dir='ltr'><strong>Quo</strong></span> 
     </span>
    </p>
   </div>
   <div class='ocr_carea' id='block_1_118' title="bbox 2289 5731 3889 5814">
    <p class='ocr_par' dir='ltr' id='par_1_118' title="bbox 2289 5731 3889 5814">
     <span class='ocr_line' id='line_1_118' title="bbox 2289 5731 3889 5814; baseline 0.009 -27"><span class='ocrx_word' id='word_1_850' title='bbox 2289 5731 2454 5799; x_wconf 91' lang='lat' dir='ltr'><strong>enim,</strong></span> <span class='ocrx_word' id='word_1_851' title='bbox 2479 5734 2670 5805; x_wconf 87' lang='lat' dir='ltr'><strong>inquit,</strong></span> <span class='ocrx_word' id='word_1_852' title='bbox 2700 5735 2861 5791; x_wconf 91' lang='lat' dir='ltr'><strong>modo</strong></span> <span class='ocrx_word' id='word_1_853' title='bbox 2892 5737 3005 5791; x_wconf 80' lang='lat' dir='ltr'><strong>fieri</strong></span> <span class='ocrx_word' id='word_1_854' title='bbox 3056 5750 3235 5810; x_wconf 90' lang='lat' dir='ltr'><strong>potest</strong></span> <span class='ocrx_word' id='word_1_855' title='bbox 3273 5751 3331 5795; x_wconf 90' lang='lat' dir='ltr'><strong>ut</strong></span> <span class='ocrx_word' id='word_1_856' title='bbox 3359 5739 3427 5795; x_wconf 89' lang='lat' dir='ltr'><strong>ad</strong></span> <span class='ocrx_word' id='word_1_857' title='bbox 3453 5737 3612 5796; x_wconf 89' lang='lat' dir='ltr'><strong>deum</strong></span> <span class='ocrx_word' id='word_1_858' title='bbox 3648 5741 3889 5814; x_wconf 87' lang='lat' dir='ltr'><strong>aliquem</strong></span> 
     </span>
    </p>
   </div>
   <div class='ocr_carea' id='block_1_119' title="bbox 2288 5824 3895 5903">
    <p class='ocr_par' dir='ltr' id='par_1_119' title="bbox 2288 5824 3895 5903">
     <span class='ocr_line' id='line_1_119' title="bbox 2288 5824 3895 5903; baseline 0.01 -25"><span class='ocrx_word' id='word_1_859' title='bbox 2288 5824 2717 5894; x_wconf 85' lang='lat' dir='ltr'><strong>cognoscendum</strong></span> <span class='ocrx_word' id='word_1_860' title='bbox 2764 5843 2827 5884; x_wconf 89' lang='lat' dir='ltr'><strong>ac</strong></span> <span class='ocrx_word' id='word_1_861' title='bbox 2877 5828 3161 5887; x_wconf 88' lang='lat' dir='ltr'><strong>colendum</strong></span> <span class='ocrx_word' id='word_1_862' title='bbox 3206 5831 3450 5888; x_wconf 82' lang='lat' dir='ltr'><strong>homines</strong></span> <span class='ocrx_word' id='word_1_863' title='bbox 3510 5831 3781 5903; x_wconf 81' lang='lat' dir='ltr'><strong>inducas,</strong></span> <span class='ocrx_word' id='word_1_864' title='bbox 3831 5850 3895 5894; x_wconf 83' lang='lat' dir='ltr'><strong>tu</strong></span> 
     </span>
    </p>
   </div>
  </div>
