4000 6274
179 331 293 388 565

1428 320 1496 378 ΙΝ
1527 315 1903 383 ΑιιΝοΒιυιι,
1945 312 2103 372 CAP.
2146 311 2287 369 XVI.

3367 310 3476 368 566

177 450 274 518 qui
319 448 496 520 qualis
524 443 618 509 ille
636 448 731 516 sit,
759 460 919 518 quem
949 444 1104 510 colis,
1136 456 1236 498 nec
1264 441 1381 512 ipse
1412 440 1541 504 scis,
1574 451 1676 493 nec
1718 436 1789 492 ab
1815 440 1867 500 Α
1962 430 2168 486 Eodem
2196 430 2357 502 plane
2407 430 2633 487 rationis
2662 437 2936 486 momento
2964 427 3055 483 ille
3097 426 3316 482 conficit
3353 426 3478 481 nul-

180 542 310 600 aliis
359 543 501 599 scire
549 556 799 613 umquam
848 540 942 595 tibi
980 538 1165 593 datum
1194 535 1310 590 est?
1354 532 1546 588 Nonne
1576 529 1643 585 de
1673 544 1785 585 uno

185 636 490 706 eodemque
528 634 806 707 gentilium
838 632 941 687 deo
986 640 1063 687 tot
1114 628 1229 707 fere
1286 634 1442 683 erant
1469 624 1779 696 opiniones,

179 739 318 801 quot
343 729 559 800 capita?

251 826 325 880 At
351 834 500 881 certe
522 823 574 879 id
595 833 782 879 auctor
807 831 989 878 noster
1017 836 1166 879 more
1195 819 1374 875 adhuc
1417 833 1516 887 suo
1548 816 1651 873 hac
1689 815 1777 869 in-

176 916 438 974 ductione
487 916 894 975 evidentissime
931 915 1311 973 demonstrat:
1351 931 1372 966 ι
1427 910 1776 981 Incipiamus,

186 1011 388 1081 inquit,
419 1010 735 1066 solemniter
754 1010 823 1065 ab
846 1009 1005 1073 Jano,
1033 1018 1088 1063 et
1126 1022 1225 1062 nos
1278 1016 1449 1076 patre,
1478 1019 1636 1074 quem
1662 1003 1783 1072 qui-

176 1101 307 1157 dam
328 1117 397 1158 ex
422 1103 577 1158 vobis
606 1102 889 1163 mundum,
921 1115 1119 1156 annum
1148 1099 1261 1161 alii.
1301 1099 1472 1153 solem
1501 1110 1624 1152 esse
1654 1111 1779 1164 pro-

176 1194 372 1253 didere
396 1195 643 1253 nonnulli
691 1213 711 1246 ι
747 1192 991 1267 (Arnob,
1025 1193 1115 1247 lib.
1148 1208 1229 1258 ιιι,
1267 1207 1386 1261 pag.
1415 1190 1477 1249 11
1498 1187 1566 1259 ι).
1593 1187 1782 1257 Neque

176 1287 290 1343 hoc
339 1297 545 1344 temere
584 1289 654 1344 ab
691 1290 789 1344 illo
840 1289 1043 1343 dictum
1072 1296 1246 1357 putes.
1291 1289 1335 1341 A
1366 1284 1555 1340 Servio
1582 1281 1781 1353 quippe

178 1380 305 1438 haec
325 1383 543 1452 scriptis
573 1382 788 1453 prodita
818 1382 1049 1453 legimus
1081 1397 1096 1435 :
1131 1400 1150 1433 ι
1184 1379 1288 1435 Alii
1321 1378 1512 1434 Janum
1543 1376 1651 1432 diei
1679 1374 1779 1429 do-

173 1476 388 1532 minum
410 1478 616 1542 volunt,
650 1480 703 1532 in
740 1493 848 1548 quo
872 1487 1024 1531 ortus
1052 1484 1136 1532 est
1159 1486 1216 1530 et
1242 1488 1638 1530 occasus.......
1672 1469 1776 1525 Alii

174 1569 310 1625 anni
346 1569 528 1637 totius,
559 1585 721 1641 quem
758 1571 812 1625 iu
837 1579 1065 1640 quatuor
1115 1579 1357 1637 tempora
1407 1572 1619 1620 constat
1657 1576 1781 1619 esse

180 1662 444 1719 divisum.
472 1662 614 1718 Anni
635 1673 813 1719 autem
839 1677 961 1717 esse
986 1661 1144 1716 deum
1174 1660 1260 1715 illa
1287 1674 1373 1715 res
1401 1657 1614 1727 probat,
1636 1653 1779 1725 quod

176 1754 251 1810 ab
303 1768 373 1808 eo
417 1752 585 1823 prima
625 1769 750 1823 pars
776 1754 903 1809 anni
946 1752 1271 1811 nominatur.
1310 1749 1442 1805 Nam
1468 1763 1499 1803 a
1527 1746 1663 1805 Jano
1688 1744 1781 1807 Ja—

1886 525 1996 580 lum
2024 540 2144 580 esse
2192 539 2391 577 numen
2420 523 2636 578 Saturni
2660 540 2674 589 ;
2726 523 2924 593 quippe
2953 520 3043 591 qui
3071 527 3288 589 tempus
3313 517 3479 572 latine

1886 630 1941 673 et
1982 632 2157 688 graece
2190 600 2410 694 χρόνος,
2468 616 2582 671 sive
2605 658 2619 683 ,
2665 625 2721 669 ut
2750 615 2826 668 ait
2855 612 3205 684 Augustinus,
3241 609 3480 681 temporis

1886 712 2172 783 longitudo,
2207 710 2373 765 fuisse
2398 710 2765 780 perhibeatur.
2794 706 2910 761 Non
2941 705 3115 760 solum
3147 712 3325 758 autem
3363 701 3479 757 Ma.

1891 807 2128 871 crobius,
2175 817 2229 862 et
2281 805 2620 869 Plutarchus,
2662 806 2776 858 luec
2825 815 3079 873 expresse
3118 797 3477 864 tradiderunt,

1885 901 1980 958 sed
2002 900 2191 956 Cicero
2221 901 2381 955 etiam
2413 899 2565 955 hisee
2595 896 2927 967 totidemque
2964 893 3143 949 verbis
3178 911 3191 947 :
3229 910 3248 944 ι
3287 891 3478 947 Satur-

1887 1009 2014 1048 num
2041 1003 2218 1047 autem
2264 1007 2386 1047 eum
2415 1005 2536 1046 esse
2564 990 2869 1056 voluerunt,
2914 985 3005 1057 qui
3032 999 3248 1039 cursum
3274 993 3328 1038 et
3347 997 3479 1038 con-

1886 1087 2191 1144 versionem
2215 1088 2512 1157 spatiorum
2568 1100 2631 1139 ac
2683 1093 2988 1153 temporum
3017 1080 3340 1135 contineret.
3378 1076 3478 1145 Qui

1885 1180 2034 1235 Deus
2105 1194 2280 1249 grtece
2352 1177 2585 1247 idipsum
2648 1190 2844 1229 nomen
2899 1172 3079 1227 habet.
3107 1172 3291 1245 Χρόνος
3333 1170 3478 1226 enim

1886 1272 2119 1339 dicitur,
2177 1273 2266 1342 qui
2313 1279 2397 1331 est
2433 1269 2574 1325 idem
2627 1270 2815 1345 χρόνος
2865 1266 3123 1337 temporis
3170 1264 3422 1334 spatium.
3452 1281 3473 1315 ι
3561 1302 3569 1313 .

1886 1365 2092 1420 Rursus
2138 1375 2317 1419 autem
2351 1363 2475 1417 inde
2528 1360 2690 1416 infert
2735 1359 3011 1416 Arnobius
3057 1355 3357 1412 tollendum
3412 1356 3481 1410 de

1884 1458 2065 1514 medio
2097 1458 2410 1520 Saturnum,
2441 1456 2587 1511 C(elo
2634 1454 2834 1509 editum
2889 1462 3040 1521 patre
3089 1449 3357 1522 (August.,
3388 1448 3478 1502 lib.

1887 1570 1938 1609 ιν
1965 1554 2028 1609 de
2052 1551 2228 1616 Civit,
2254 1568 2369 1620 cap.
2398 1549 2486 1617 10,
2508 1565 2628 1620 pag.
2661 1546 2761 1610 95;
2794 1544 3048 1610 Macrob,
3074 1544 3161 1597 lib.
3192 1557 3207 1595 1
3238 1541 3476 1608 Saturn.,

1885 1665 2003 1720 cap.
2058 1647 2128 1710 8;
2167 1643 2462 1709 Pluton/1.,
2494 1641 2582 1695 lib.
2613 1640 2676 1693 de
2710 1637 2844 1692 Isid.
2891 1648 2935 1690 et
2989 1635 3127 1690 Usir.
3158 1676 3174 1701 ,
3227 1644 3350 1687 tom.
3400 1648 3476 1698 ιι,

1886 1760 1939 1812 p.
1963 1741 2102 1806 56?};
2135 1736 2328 1801 Cicera,
2356 1737 2447 1792 lib.
2476 1751 2514 1791 ιι
2545 1735 2607 1788 de
2648 1732 2777 1787 Nat.
2803 1733 2971 1798 deor.,
2997 1748 3050 1801 p.
3082 1728 3209 1796 225,
3242 1728 3334 1782 litt.
3360 1726 3478 1796 28).

176 1821 770 1901 ιιιιιιτὶιιεὝόὶοἰιιιινξ.....
825 1844 928 1901 Alii
963 1845 1155 1903 Janum
1192 1842 1447 1901 mundum
1480 1840 1774 1911 accipiunt,
1810 1830 1859 1890 B
1956 1835 2100 1904 Quid
2117 1842 2399 1906 prmterea,
2430 1829 2572 1901 quod
2601 1827 2778 1883 nullus
2802 1841 3017 1897 quoque
3042 1838 3292 1893 umquam
3315 1821 3479 1877 fuisse

174 1942 339 2009 cujus
365 1941 536 1997 caulae
564 1940 688 1995 ideo
716 1941 768 1994 in
800 1956 932 2010 pace
972 1940 1167 1995 clausze
1197 1949 1343 2004 sunt,
1373 1935 1515 2007 quod
1545 1934 1781 1990 mundus

180 2032 424 2103 undique
464 2034 680 2088 clausus
721 2042 838 2097 est;
889 2034 1013 2088 belli
1060 2041 1301 2101 tempore
1343 2028 1659 2101 aperiuntur
1708 2026 1778 2081 ad

170 2124 441 2180 auxilium
471 2126 783 2194 petendum,
818 2132 873 2180 ttt
903 2132 1136 2195 pateant.
1183 2142 1203 2175 ι
1245 2122 1442 2195 (Serb,
1485 2123 1539 2174 in
1562 2119 1654 2174 lib.
1685 2134 1777 2173 vnt

169 2213 425 2283 /Eneid.,
447 2232 577 2272 vers.
608 2217 713 2274 605
743 2228 790 2271 et
819 2234 980 2288 seqq.,
1007 2233 1126 2288 pag.
1161 2217 1311 2285 674).
1345 2214 1507 2270 Addit
1535 2214 1682 2268 illum
1708 2212 1781 2267 ab

175 2308 325 2374 aliis,
372 2310 825 2379 quemadmodum
869 2326 899 2364 a
942 2308 1206 2365 Cicerone
1255 2306 1465 2378 (Cicer.,
1512 2306 1602 2361 lib.
1641 2309 1671 2360 ‘1
1714 2304 1780 2358 de

171 2398 378 2454 Natur.
409 2400 578 2465 clean,
603 2419 724 2472 pag.
757 2402 909 2471 221),
941 2401 1134 2459 Janum
1158 2416 1253 2456 seu
1275 2400 1481 2455 Eanum
1509 2398 1577 2453 ab
1596 2396 1779 2454 eundo

168 2495 422 2558 vocitari,
454 2495 736 2565 ipsumque
762 2511 883 2551 esse
908 2496 1157 2562 Martem;
1203 2497 1270 2551 ab
1296 2495 1416 2550 aliis
1445 2509 1627 2550 aerem
1654 2508 1776 2548 cre-

170 2585 249 2650 di,
280 2586 352 2643 ab
371 2587 494 2643 aliis
520 2603 650 2644 vero
682 2589 1006 2654 Clusivium,
1043 2599 1135 2643 aut
1172 2588 1471 2648 Patuleum.
1502 2597 1596 2642 aut
1614 2586 1773 2642 Jazo-

172 2677 355 2745 nium,
387 2690 550 2748 atque
579 2681 741 2737 etiam
771 2680 1056 2750 Quirinum
1084 2680 1363 2752 appellari.

244 2773 557 2828 Macrobius
585 2789 715 2829 vero
742 2774 983 2831 ostendit
1002 2773 1145 2829 hunc
1174 2775 1347 2845 ipsum
1378 2791 1408 2828 a
1430 2772 1775 2844 quibusdam,

169 2866 252 2922 uti
277 2865 348 2921 ab
376 2866 609 2938 Nigidio,
640 2867 890 2923 eumdem
931 2868 1038 2925 dici
1064 2879 1226 2939 atque
1255 2867 1460 2931 solem,
1494 2875 1549 2922 et
1570 2866 1775 2936 Apolli-

169 2975 324 3027 nem,
354 2976 383 3017 a
412 2962 689 3019 nonnullis
716 2976 847 3017 vero
867 2962 1127 3017 mundum
1154 2970 1209 3017 et
1244 2962 1461 3028 crelum,
1486 2970 1647 3031 atque
1680 2960 1776 3015 iis-

168 3051 323 3117 dem,
356 3067 479 3122 qua:
517 3052 736 3108 Servius
764 3040 1032 3121 recenset,
1064 3054 1394 3120 nominibus,
1425 3054 1493 3108 ab
1518 3053 1639 3107 aliis
1674 3068 1776 3107 vo-

168 3154 381 3216 catum,
427 3148 480 3205 in
527 3148 822 3218 primisque
865 3147 1175 3213 Janonium,
1225 3166 1244 3200 ι
1290 3146 1464 3218 quasi,
1504 3168 1524 3200 ι
1578 3147 1773 3217 inquit,

1885 1928 2145 1985 dicendus
2177 1936 2257 1980 est
2285 1923 2527 1995 ejusdem
2555 1920 2774 1978 Saturni
2814 1927 2870 1973 et
2916 1917 3046 1988 Opis
3075 1916 3218 1970 filius
3247 1915 3473 1985 Jupiter,

1883 2023 1938 2076 in
1971 2022 2169 2079 linibus
2215 2018 2555 2075 Cretensium
2598 2012 2882 2085 sepultus?
2912 2012 3044 2066 Nam
3086 2009 3230 2065 hunc
3257 2009 3343 2063 alii
3386 2023 3479 2064 so-

1883 2113 2013 2180 lem,
2063 2111 2155 2167 alii
2206 2110 2462 2165 :etherem
2511 2122 2634 2163 esse
2693 2103 3111 2160 contendebant.
3174 2100 3481 2157 Macrobius

1884 2206 2029 2264 enim
2078 2203 2243 2259 va1iis
2286 2212 2527 2257 veterum
2585 2210 2865 2253 auctorum
2925 2195 3245 2251 testimoniis
3289 2193 3480 2265 probat

1883 2316 2007 2356 eum
2055 2314 2243 2354 revera
2289 2310 2410 2351 esse
2458 2294 2628 2349 solem
2683 2289 2964 2362 (Macrob,
2998 2289 3085 2343 lib.
3122 2304 3140 2342 1
3180 2287 3476 2353 Satarnal.,

1883 2411 2003 2462 cap.
2034 2392 2148 2462 25).
2179 2389 2369 2446 Cicero
2398 2397 2575 2443 autem
2600 2396 2784 2456 aperte
2812 2383 2966 2440 nobis
3007 2382 3243 2437 declarat
3272 2380 3422 2436 illum
3447 2398 3478 2434 a

1882 2484 2186 2556 Chrysippo
2210 2482 2413 2538 mlitera
2445 2481 2675 2544 censeri,
2699 2488 2862 2549 atque
2894 2477 3151 2540 Ennium,
3175 2476 3263 2546 qui
3288 2490 3317 2528 a
3349 2475 3478 2529 Var-

1883 2592 2019 2632 rone
2047 2575 2208 2632 etiam
2235 2576 2480 2631 eamdem
2512 2574 2581 2628 ob
2605 2588 2821 2627 causam
2871 2571 3065 2625 citatur
3098 2566 3308 2640 (Cicer.,
3339 2568 3424 2621 lib.
3459 2583 3476 2621 1

1884 2669 1946 2722 de
1969 2667 2165 2722 Natur.
2192 2667 2358 2733 deor.,
2390 2683 2511 2737 pag.
2543 2666 2670 2727 201,
2701 2664 2795 2717 lin.
2821 2665 2911 2725 54,
2936 2671 2980 2715 ct
3011 2661 3098 2715 lib.
3123 2676 3180 2726 11,
3203 2657 3474 2731 pag.214,

1885 2760 1979 2814 lin.
2026 2758 2127 2824 12;
2163 2758 2326 2824 Ibid,
2369 2776 2492 2830 pag.
2533 2756 2660 2821 225,
2691 2756 2784 2809 lin.
2827 2755 2927 2820 37;
2977 2752 3155 2820 Varr.,
3186 2752 3276 2806 lib.
3318 2767 3371 2806 tv
3416 2751 3479 2805 de

1881 2851 2038 2925 Ling.
2074 2852 2193 2918 lat.,
2220 2868 2340 2923 pag.
2365 2848 2481 2922 16),
2512 2850 2753 2905 omnium
2782 2862 3009 2902 assensu
3034 2845 3242 2901 dixisse
3277 2862 3291 2897 :

1976 3029 2198 3080 Sublime
2221 3028 2453 3084 candens,
2481 3040 2630 3091 quem
2654 2961 3074 3075 ἱιινίῇῑῖἷιῖιῖιῗιιξιιὲξ
3092 3022 3285 3072 Jovem.

1882 3134 2057 3192 Alium
2085 3137 2261 3190 adhuc
2284 3143 2473 3190 testem
2497 3131 2701 3205 profert
2727 3115 3060 3201 Euripidem,
3083 3129 3191 3201 qui,
3211 3138 3265 3183 ut
3292 3129 3457 3183 multa

177 3258 199 3297 ι
234 3256 348 3299 non
381 3241 557 3299 solum
587 3242 789 3298 mensis
814 3242 1075 3308 Januarii,
1100 3243 1196 3299 sed
1236 3215 1501 3298 ωέηείυηι
1530 3215 1772 3297 omnium
1805 3215 1850 3279 C
1883 3229 2148 3300 prwclare,
2173 3227 2321 3283 addit
2343 3228 2433 3282 ille
2459 3225 2668 3299 (Cicer.,
2694 3227 2793 3280 loc.
2820 3222 2931 3294 cit.)
2954 3266 2967 3291 ,
2996 3224 3070 3277 sic
3100 3222 3195 3276 hoc
3221 3221 3433 3275 breviter
3454 3238 3472 3275 :

169 3332 457 3404 ingressus
502 3344 795 3392 tenentem.
854 3356 876 3391 ι
931 3338 1212 3411 (Macrob,
1262 3338 1353 3393 lib
1408 3353 1425 3391 1
1470 3336 1770 3402 Satumal.,

169 3442 290 3496 cap.
337 3426 420 3498 9).

244 3520 411 3590 Atqui
437 3520 483 3577 si
504 3535 591 3575 res
615 3522 685 3576 ita
702 3522 792 3587 sit,
818 3523 996 3594 arguit
1016 3522 1289 3578 Arnobius
1312 3522 1554 3595 (Arnob,
1575 3522 1665 3577 lib.
1688 3537 1769 3590 111,

171 3629 302 3685 pag.
339 3611 491 3687 117),
519 3625 668 3670 certe
698 3616 879 3671 nullus
900 3618 1004 3672 erit
1023 3617 1214 3682 Janus,
1246 3634 1404 3686 quem
1429 3616 1631 3672 ethnici
1652 3633 1775 3672 ven-

171 3704 602 3761 ditabantCtelo
632 3715 687 3761 et
717 3705 910 3763 Hecata
956 3720 1316 3776 procreatum,
1342 3710 1585 3768 Juturnae
1612 3708 1775 3764 mari-

172 3808 315 3861 tum,
346 3813 604 3868 generum
635 3799 903 3867 Vulturni,
937 3812 1140 3869 patrem
1174 3802 1349 3867 Fonti,
1387 3800 1618 3857 Janiculi
1640 3816 1771 3857 con-

177 3892 443 3955 ditorem,
497 3892 665 3948 Italiae
705 3908 911 3963 regem,
951 3895 1265 3965 cunctisque
1308 3896 1576 3964 precibus,
1624 3904 1677 3950 ut
1706 3910 1774 3950 ex

182 3984 383 4039 Ovidio
414 3985 604 4055 liquet,
631 3995 795 4055 atque
816 3988 999 4053 etiam,
1031 3996 1088 4040 ut
1121 3996 1301 4043 monet
1329 3986 1540 4050 Cicero.
1568 3986 1775 4042 sacrifi-

175 4079 279 4134 ciis
302 4094 524 4148 semper
553 4080 975 4150 praeponendum
1003 4081 1207 4151 (0vid.,
1234 4082 1324 4136 lib.
1357 4099 1373 4138 1
1401 4081 1635 4149 Fastor.,
1663 4082 1776 4155 55;

176 4172 371 4239 Cicer.,
398 4172 486 4231 lib.
517 4188 555 4227 ιι
580 4172 644 4227 de
666 4172 857 4228 Namr.
884 4175 1051 4239 clean,
1075 4192 1194 4245 pug.
1225 4174 1377 4245 224).
1408 4175 1516 4230 Nec
1541 4174 1773 4231 absimili

179 4280 406 4337 prorsus
432 4266 592 4320 modo
620 4267 950 4338 Augustinus
982 4285 994 4321 :
1024 4266 1080 4322 Si
1101 4265 1290 4330 Janus,
1324 4267 1516 4337 inquit,
1540 4267 1776 4321 sitmun—

177 4359 302 4423 dus,
332 4375 430 4413 cur
458 4360 689 4428 gentiles
716 4359 850 4414 falso
880 4359 1202 4415 asserebant
1224 4358 1290 4413 ad
1320 4374 1443 4414 eum
1478 4374 1658 4414 rerum
1682 4359 1777 4415 itii-

132 4480 141 4493 -
178 4453 274 4518 tia,
299 4452 458 4517 fines,
485 4462 537 4506 et
570 4452 855 4507 terminum
888 4451 1111 4506 referri?
1139 4450 1248 4505 Cur
1276 4449 1567 4506 bifrontem
1599 4451 1772 4514 illum,

182 4547 339 4616 quasi
384 4545 508 4603 duae
552 4555 759 4601 tantum
802 4545 909 4600 sint
950 4544 1135 4599 mundi
1186 4554 1386 4616 partes,
1434 4554 1524 4599 aut
1552 4544 1773 4614 quadri-

1970 3342 2124 3392 Vides
2142 3340 2352 3391 sublime
2375 3339 2555 3399 fusum,
2578 3340 2946 3389 immoderatum
2970 3338 3175 3398 :etltera,

1972 3405 2066 3463 Qui
2092 3414 2267 3454 tenero
2289 3411 2473 3453 terram
2497 3405 2824 3452 circumvectu
2846 3401 3155 3465 amplectitur

1971 3460 2113 3517 Hunc
2134 3480 2371 3516 summum
2392 3466 2572 3515 habeto
2593 3468 2775 3525 divum,
2800 3460 2940 3513 bunc‘
2952 3464 3214 3527 perhibeto
3234 3460 3427 3511 Jovem.

1877 3593 1986 3649 Nos
2011 3608 2141 3649 vero
2166 3592 2430 3648 Eusebius
2457 3592 2690 3646 monitos
2715 3606 2834 3647 esse
2864 3589 3029 3644 voluit
3056 3588 3242 3645 Jovem
3272 3587 3340 3642 ab
3360 3586 3466 3642 Or-

1878 3687 2042 3758 pheo,
2075 3686 2121 3741 si
2152 3685 2452 3757 Porphyrio
2477 3684 2629 3750 lides,
2652 3695 2707 3739 et
2727 3683 2983 3739 mundum
3009 3683 3317 3738 universum
3343 3680 3467 3747 dici,

1878 3787 1936 3834 et
1975 3778 2207 3833 animam
2258 3777 2375 3847 ejus
2438 3775 2638 3829 aethera
2690 3773 2928 3849 (Euseb,
2985 3774 3071 3828 lib.
3120 3789 3179 3829 ιιι
3222 3770 3465 3844 Prcepar.

1881 3872 2108 3944 Evang,
2141 3888 2257 3943 cap.
2292 3871 2344 3938 9,
2376 3886 2494 3942 pag.
2525 3871 2648 3937 100,
2679 3879 2726 3923 et
2754 3867 2940 3941 seqq)

1879 4014 1901 4034 ,ν
1952 3965 2107 4020 Falsa
2139 3980 2266 4036 ergo
2295 3974 2375 4019 est
2406 3963 2568 4019 etiam
2592 3964 2819 4019 Junonis
2844 3964 3117 4029 divinitas,
3147 3978 3306 4034 quam
3334 3963 3472 4018 sicut

1879 4060 2054 4130 arguit
2083 4058 2353 4113 Arnobius
2383 4058 2640 4129 (Arnob,
2688 4058 2777 4112 lib.
2810 4073 2902 4124 ιιι,
2935 4074 3055 4128 pag.
3090 4054 3256 4128 118),
3289 4072 3468 4112 aerem

1881 4151 2127 4221 plerique
2169 4149 2456 4216 dicebant,
2506 4165 2570 4203 ac
2618 4150 2956 4220 potissimum
3006 4149 3206 4216 Stoici,
3240 4164 3468 4219 quorum

1880 4244 2187 4316 opinionem
2218 4242 2408 4299 Cicero
2439 4241 2523 4297 his
2565 4242 2797 4313 eXplicat
2826 4241 3045 4297 verbis:
3075 4260 3093 4292 ι
3131 4243 3240 4296 Aer
3267 4251 3468 4311 autem,

1882 4349 1938 4391 ut
1970 4336 2135 4391 Stoici
2165 4336 2459 4406 disputant,
2492 4335 2803 4404 interiectus
2833 4334 2973 4388 inter
2995 4348 3144 4387 mare
3170 4342 3223 4387 et
3247 4333 3467 4400 caelum,

1877 4428 2107 4485 Junonis
2138 4432 2354 4485 nomine
2382 4437 2751 4494 consecratur,
2783 4443 2903 4497 qua:
2935 4436 3019 4481 est
3046 4441 3202 4481 soror
3252 4434 3308 4480 et
3335 4440 3471 4481 con-

1876 4527 1973 4597 jux
2003 4526 2186 4592 Jovis;
2221 4526 2363 4597 quod
2388 4537 2441 4580 et
2464 4523 2759 4578 similitudo
2780 4532 2864 4575 est
2895 4521 3134 4586 aetheris,
3171 4530 3227 4576 et
3256 4535 3376 4575 cum
3404 4534 3471 4575 co

181 4637 442 4705 frontem,
477 4638 631 4707 quasi
684 4638 799 4708 ipse
847 4647 899 4691 οι
939 4637 1171 4691 mundus
1200 4636 1446 4706 geminus
1486 4635 1575 4699 sit,
1612 4636 1773 4706 ﬁnge.
1803 4597 1858 4657 Ι)
1881 4636 2091 4675 summa
2118 4619 2444 4691 conjunctio.
2475 4614 2869 4671 Elfeminarunt
2893 4623 3072 4667 autem
3106 4627 3228 4667 eum
3254 4654 3270 4678 ,
3297 4610 3469 4667 Juno-

190 4730 355 4787 baut?
381 4732 491 4787 Cur
522 4729 867 4784 venditabant
913 4744 1077 4798 penes
1121 4743 1243 4782 eum
1275 4743 1395 4782 esse
1446 4729 1634 4798 prima,
1662 4728 1777 4784 sive

184 4823 337 4878 initia
392 4824 696 4887 laetorum,
748 4833 804 4876 et
866 4835 1077 4875 summa
1128 4834 1294 4889 penes
1350 4819 1585 4889 Jovem,
1625 4820 1777 4890 quasi

185 4917 429 4972 omnium
458 4917 678 4986 regem?
714 4914 850 4983 Quid
880 4930 1007 4983 ergo
1052 4913 1251 4967 factum
1279 4920 1363 4967 est
1390 4911 1457 4966 de
1498 4912 1599 4966 hoc
1640 4912 1776 4967 Jove

189 5008 470 5063 hominum
517 5008 848 5079 deorumque
880 5023 1025 5077 rege,
1078 5007 1122 5062 si
1167 5006 1333 5061 Janus
1380 5005 1612 5061 mundus
1656 5020 1779 5060 esse

189 5099 434 5157 diealur?
477 5100 738 5171 (Angusl.,
771 5102 859 5155 lib.
903 5116 975 5155 v11
1002 5099 1063 5154 tle
1108 5096 1282 5163 Civib,
1325 5115 1439 5168 cap.
1479 5100 1508 5150 7
1539 5108 1586 5152 el
1614 5114 1776 5167 seqq.,

191 5207 314 5261 pag.
366 5190 469 5247 168
522 5202 566 5246 et
615 5208 797 5263 seqq;
842 5190 1057 5257 Disserl.
1107 5193 1160 5244 in
1220 5188 1456 5254 Minuc.,
1505 5205 1619 5271 cap.
1673 5189 1777 5251 15,

191 5290 290 5334 art.
335 5281 417 5353 1.)

266 5375 382 5431 Alia
407 5376 631 5448 insuper
651 5378 864 5434 ratione
892 5379 1162 5434 Arnobius
1189 5376 1427 5433 ostendit
1454 5375 1655 5432 nullam
1697 5376 1777 5430 ei-
1838 5426 1839 5429 η

193 5467 316 5524 dem
368 5467 523 5537 Jano,
572 5471 616 5526 si
646 5486 820 5527 annus
863 5473 954 5539 sit,
1005 5472 1163 5527 tribui
1220 5486 1378 5542 posse
1422 5469 1776 5526 divinitatem.

196 5559 335 5629 Quid
367 5562 511 5617 enim
544 5573 626 5617 est
649 5578 844 5628 annus,
877 5564 979 5618 nisi
1006 5563 1221 5635 aliquod
1245 5564 1471 5633 spatium
1502 5563 1776 5631 temporis,

195 5665 346 5709 certo
368 5654 575 5710 dierum
607 5660 981 5727 mensiumque
1014 5672 1237 5713 numero
1281 5655 1780 5725 circumscriptum?

198 5747 328 5814 Quis
353 5762 480 5801 vero
506 5748 657 5813 illttd,
687 5746 827 5818 quod
863 5748 1054 5804 transit
1078 5763 1141 5803 ac
1164 5748 1377 5813 labitur,
1410 5747 1514 5801 vim
1546 5746 1780 5802 divinam

204 5840 401 5896 habere
432 5841 538 5898 sibi
586 5839 933 5913 persuadebit
990 5838 1231 5912 (Arnob,
1259 5840 1347 5898 lib.
1376 5855 1455 5910 111,
1482 5856 1603 5912 pag.
1636 5836 1783 5909 HT).

1883 4712 2044 4782 nique
2073 4711 2407 4770 tribuerunt;
2436 4706 2580 4778 quod
2620 4706 2753 4759 nihil
2788 4713 2871 4758 est
2901 4719 2967 4759 eo
2998 4703 3212 4758 mollius
3245 4702 3467 4772 (Cicera,

1883 4804 1970 4858 lib.
2001 4820 2034 4857 ιι
2065 4803 2128 4855 de
2159 4801 2349 4854 Natur.
2378 4798 2545 4867 deor.,
2573 4814 2693 4870 pag.
2722 4796 2852 4863 225,
2888 4795 2979 4851 lin.
3008 4794 3121 4868 47).
3163 4814 3183 4847 ι

1954 4896 2164 4953 Oratori
2205 4903 2419 4960 autem,
2464 4901 2589 4951 ante
2619 4891 3012 4962 Augustinum,
3056 4889 3356 4945 Macrobius
3396 4891 3475 4947 sic

1882 4990 2201 5061 subscripsit
2230 5009 2243 5044 :
2278 5007 2296 5040 ι
2333 4988 2473 5044 Juno
2499 5001 2655 5042 soror
2683 4986 2821 5056 ejus,
2850 4984 3019 5051 Jovis,
3053 4994 3108 5039 et
3137 4984 3333 5056 conjux
3374 5000 3475 5040 νο-

1883 5068 2054 5137 catur.
2087 5082 2185 5136 Est
2228 5090 2407 5136 autem
2452 5079 2592 5134 Juno
2640 5094 2766 5142 aer;
2810 5089 2864 5132 et
2904 5077 3099 5131 dicitur
3142 5092 3318 5142 soror,
3349 5079 3474 5147 quia

1886 5176 2075 5231 iisdem
2107 5174 2428 5239 seminibus,
2460 5172 2654 5243 quibus
2682 5170 2900 5234 cmlum,
2931 5174 3091 5224 etiam
3120 5184 3213 5222 aer
3240 5178 3323 5223 est
3349 5183 3472 5239 pro—

1884 5280 2125 5333 creatus;
2144 5268 2361 5339 conjux,
2377 5267 2500 5337 quia
2518 5265 2756 5335 subjecta
2774 5272 2856 5318 est
2876 5262 3015 5317 caelo
3032 5261 3291 5333 (August.,
3307 5260 3397 5314 lib.
3416 5275 3474 5316 ιν

1884 5364 1948 5419 de
1973 5361 2145 5429 Civit.,
2195 5378 2311 5432 cap.
2360 5360 2448 5427 10,
2492 5376 2543 5427 p.
2568 5357 2656 5422 95,
2687 5366 2732 5410 et
2754 5355 2840 5410 lib.
2864 5370 2956 5418 v11,
2991 5370 3108 5422 cap.
3137 5353 3223 5417 16,
3255 5368 3307 5422 p.
3333 5351 3472 5419 175;

1885 5454 2142 5520 Macrob,
2173 5453 2262 5509 lib.
2298 5468 2312 5507 1
2342 5453 2394 5507 in
2428 5451 2610 5506 Somn.
2642 5448 2813 5519 Scip.,
2866 5462 2985 5516 cap.
3018 5443 3132 5517 17).
3172 5462 3193 5495 ι
3227 5443 3476 5516 Porphy-

1882 5547 1996 5602 rius
2025 5560 2153 5600 vero
2183 5545 2299 5599 haec
2349 5543 2542 5597 litteris
2573 5540 2939 5602 mandaverat,
2982 5550 3102 5607 quae
3143 5535 3210 5589 ab
3244 5534 3477 5592 Eusebio

1884 5639 1960 5694 sic
1992 5637 2314 5708 transcripta
2346 5643 2473 5690 sunt
2502 5631 2820 5702 (Porphyr.,
2850 5627 2990 5699 apud
3034 5624 3248 5694 Euseb,
3285 5625 3371 5681 lib.
3419 5643 3479 5682 ιιι

1891 5730 2126 5802 l’rwpar.
2163 5744 2365 5799 evang.,
2416 5743 2532 5796 cap.
2578 5724 2678 5788 11,
2731 5738 2853 5792 pag.
2901 5721 3026 5791 108)
3056 5725 3193 5779 εΤήν
3234 5716 3289 5775 δὲ
3321 5716 3481 5794 Ἦραν

1893 5829 2123 5881 σὺνοικον
2137 5831 2210 5898 τῷ
2228 5827 2301 5878 Διὶ
2329 5822 2691 5883 πεποιήκασιν,
2718 5821 2808 5875 τὴν
2838 5816 3052 5890 αἰθέριον
3081 5815 3167 5868 καὶ
3190 5813 3357 5888 ἀέριον
3392 5809 3466 5866 δι·
