  <div class='ocr_page' id='page_1' title='image "/cluster/home/n/w/nwhite01/storage/ocr_20150623/5/umn.31951002477299b/293.png"; bbox 0 0 3980 6290; ppageno 0'>
   <div class='ocr_carea' id='block_1_1' title="bbox 541 348 645 402">
    <p class='ocr_par' dir='ltr' id='par_1_1' title="bbox 541 348 645 402">
     <span class='ocr_line' id='line_1_1' title="bbox 541 348 645 402; baseline 0.019 -2"><span class='ocrx_word' id='word_1_1' title='bbox 541 348 645 402; x_wconf 70' lang='lat'><strong>567</strong></span> 
     </span>
    </p>
   </div>
   <div class='ocr_carea' id='block_1_2' title="bbox 1827 338 2604 397">
    <p class='ocr_par' dir='ltr' id='par_1_2' title="bbox 1827 338 2604 397">
     <span class='ocr_line' id='line_1_2' title="bbox 1827 338 2604 397; baseline -0.001 0"><span class='ocrx_word' id='word_1_2' title='bbox 1827 338 2279 397; x_wconf 75' lang='lat' dir='ltr'><strong>DlSSEllTATIO</strong></span> <span class='ocrx_word' id='word_1_3' title='bbox 2321 339 2604 396; x_wconf 68' lang='lat' dir='ltr'><strong>PBASVIA</strong></span> 
     </span>
    </p>
   </div>
   <div class='ocr_carea' id='block_1_3' title="bbox 3736 335 3843 390">
    <p class='ocr_par' dir='ltr' id='par_1_3' title="bbox 3736 335 3843 390">
     <span class='ocr_line' id='line_1_3' title="bbox 3736 335 3843 390; baseline -0.009 0"><span class='ocrx_word' id='word_1_4' title='bbox 3736 335 3843 390; x_wconf 74' lang='lat'><strong>568</strong></span> 
     </span>
    </p>
   </div>
   <div class='ocr_carea' id='block_1_4' title="bbox 535 456 2119 542">
    <p class='ocr_par' dir='ltr' id='par_1_4' title="bbox 535 459 2119 542">
     <span class='ocr_line' id='line_1_4' title="bbox 535 459 2119 542; baseline -0.006 -18"><span class='ocrx_word' id='word_1_5' title='bbox 535 491 686 542; x_wconf 75' lang='grc' dir='ltr'>ναμιν</span> <span class='ocrx_word' id='word_1_6' title='bbox 732 468 885 541; x_wconf 72' lang='grc' dir='ltr'><strong>Ἦραν</strong></span> <span class='ocrx_word' id='word_1_7' title='bbox 912 469 1299 540; x_wconf 69' lang='grc' dir='ltr'><strong>προπίπτοντες.</strong></span> <span class='ocrx_word' id='word_1_8' title='bbox 1333 465 1442 521; x_wconf 55' lang='grc' dir='ltr'><strong>ἐὲτι</strong></span> <span class='ocrx_word' id='word_1_9' title='bbox 1496 468 1597 540; x_wconf 72' lang='grc' dir='ltr'><strong>γὰρ</strong></span> <span class='ocrx_word' id='word_1_10' title='bbox 1625 464 1754 519; x_wconf 78' lang='grc' dir='ltr'><strong>καὶὸ</strong></span> <span class='ocrx_word' id='word_1_11' title='bbox 1783 466 1947 541; x_wconf 70' lang='grc' dir='ltr'><strong>αἰθὴρ,</strong></span> <span class='ocrx_word' id='word_1_12' title='bbox 1979 464 2078 532; x_wconf 75' lang='grc' dir='ltr'><strong>ἀήρ</strong></span> <span class='ocrx_word' id='word_1_13' title='bbox 2105 459 2119 515; x_wconf 79' lang='grc' dir='ltr'><strong><em>ὶ</em></strong></span> 
     </span>
    </p>
   </div>
   <div class='ocr_carea' id='block_1_5' title="bbox 2230 456 3844 542">
    <p class='ocr_par' dir='ltr' id='par_1_5' title="bbox 2238 456 3844 531">
     <span class='ocr_line' id='line_1_5' title="bbox 2238 456 3844 531; baseline -0.001 -19"><span class='ocrx_word' id='word_1_14' title='bbox 2238 461 2327 519; x_wconf 79' lang='lat' dir='ltr'><strong>tib.</strong></span> <span class='ocrx_word' id='word_1_15' title='bbox 2372 474 2423 514; x_wconf 82' lang='lat' dir='ltr'><strong>tv</strong></span> <span class='ocrx_word' id='word_1_16' title='bbox 2453 459 2519 514; x_wconf 84' lang='lat' dir='ltr'><strong>de</strong></span> <span class='ocrx_word' id='word_1_17' title='bbox 2550 456 2703 531; x_wconf 82' lang='lat' dir='ltr'><strong>Ling.</strong></span> <span class='ocrx_word' id='word_1_18' title='bbox 2763 460 2882 525; x_wconf 90' lang='lat' dir='ltr'><strong>lat.,</strong></span> <span class='ocrx_word' id='word_1_19' title='bbox 2929 476 3050 531; x_wconf 86' lang='lat' dir='ltr'><strong>pag.</strong></span> <span class='ocrx_word' id='word_1_20' title='bbox 3094 459 3197 524; x_wconf 76' lang='lat' dir='ltr'><strong>l7;</strong></span> <span class='ocrx_word' id='word_1_21' title='bbox 3244 458 3485 529; x_wconf 61' lang='lat' dir='ltr'><strong>August,</strong></span> <span class='ocrx_word' id='word_1_22' title='bbox 3528 458 3617 513; x_wconf 88' lang='lat' dir='ltr'><strong>lib.</strong></span> <span class='ocrx_word' id='word_1_23' title='bbox 3660 472 3733 512; x_wconf 80' lang='lat' dir='ltr'><strong>vn</strong></span> <span class='ocrx_word' id='word_1_24' title='bbox 3778 459 3844 517; x_wconf 76' lang='lat' dir='ltr'><strong>de</strong></span> 
     </span>
    </p>
   </div>
   <div class='ocr_carea' id='block_1_6' title="bbox 537 554 2141 638">
    <p class='ocr_par' dir='ltr' id='par_1_6' title="bbox 537 554 2141 638">
     <span class='ocr_line' id='line_1_6' title="bbox 537 554 2141 638; baseline -0.008 -19"><span class='ocrx_word' id='word_1_25' title='bbox 537 563 1024 638; x_wconf 77' lang='grc' dir='ltr'><strong>λεπτομερέστατος.</strong></span> <span class='ocrx_word' id='word_1_26' title='bbox 1040 558 1070 610; x_wconf 85' lang='lat' dir='ltr'><strong>.l</strong></span> <span class='ocrx_word' id='word_1_27' title='bbox 1078 574 1293 613; x_wconf 70' lang='lat' dir='ltr'><strong>inlunem</strong></span> <span class='ocrx_word' id='word_1_28' title='bbox 1306 569 1472 612; x_wconf 85' lang='lat' dir='ltr'><strong>autem</strong></span> <span class='ocrx_word' id='word_1_29' title='bbox 1487 557 1632 612; x_wconf 71' lang='lat' dir='ltr'><strong>Jovfs</strong></span> <span class='ocrx_word' id='word_1_30' title='bbox 1644 573 1849 611; x_wconf 76' lang='lat' dir='ltr'><strong>uxorem</strong></span> <span class='ocrx_word' id='word_1_31' title='bbox 1863 571 1969 610; x_wconf 85' lang='lat' dir='ltr'><strong>esse</strong></span> <span class='ocrx_word' id='word_1_32' title='bbox 1985 554 2141 623; x_wconf 76' lang='lat' dir='ltr'><strong>ﬁnxe-</strong></span> 
     </span>
    </p>
   </div>
   <div class='ocr_carea' id='block_1_7' title="bbox 534 648 2135 725">
    <p class='ocr_par' dir='ltr' id='par_1_7' title="bbox 534 648 2135 725">
     <span class='ocr_line' id='line_1_7' title="bbox 534 648 2135 725; baseline -0.006 -15"><span class='ocrx_word' id='word_1_33' title='bbox 534 667 675 712; x_wconf 85' lang='lat' dir='ltr'><strong>runt.</strong></span> <span class='ocrx_word' id='word_1_34' title='bbox 705 654 841 725; x_wconf 83' lang='lat' dir='ltr'><strong>quod</strong></span> <span class='ocrx_word' id='word_1_35' title='bbox 875 654 1136 707; x_wconf 78' lang='lat' dir='ltr'><strong>trtlteriom</strong></span> <span class='ocrx_word' id='word_1_36' title='bbox 1174 653 1366 725; x_wconf 60' lang='lat' dir='ltr'><strong>scilicet</strong></span> <span class='ocrx_word' id='word_1_37' title='bbox 1410 654 1703 719; x_wconf 81' lang='lat' dir='ltr'><strong>aeriamque</strong></span> <span class='ocrx_word' id='word_1_38' title='bbox 1741 652 1839 704; x_wconf 79' lang='lat' dir='ltr'><strong>rint</strong></span> <span class='ocrx_word' id='word_1_39' title='bbox 1876 648 2135 701; x_wconf 85' lang='lat' dir='ltr'><strong>Juuouem</strong></span> 
     </span>
    </p>
   </div>
   <div class='ocr_carea' id='block_1_8' title="bbox 533 722 2137 818">
    <p class='ocr_par' dir='ltr' id='par_1_8' title="bbox 533 722 2137 818">
     <span class='ocr_line' id='line_1_8' title="bbox 533 722 2137 818; baseline -0.006 -17"><span class='ocrx_word' id='word_1_40' title='bbox 533 748 871 818; x_wconf 82' lang='lat' dir='ltr'><strong>appellarent.</strong></span> <span class='ocrx_word' id='word_1_41' title='bbox 909 744 1100 799; x_wconf 57' lang='lat' dir='ltr'><strong>(Et/ter</strong></span> <span class='ocrx_word' id='word_1_42' title='bbox 1138 722 1273 798; x_wconf 83' lang='lat' dir='ltr'><strong>enim</strong></span> <span class='ocrx_word' id='word_1_43' title='bbox 1303 744 1666 797; x_wconf 79' lang='lat' dir='ltr'><strong>subtilissimus</strong></span> <span class='ocrx_word' id='word_1_44' title='bbox 1701 759 1761 796; x_wconf 88' lang='lat' dir='ltr'><strong>ac</strong></span> <span class='ocrx_word' id='word_1_45' title='bbox 1814 740 2137 795; x_wconf 84' lang='lat' dir='ltr'><strong>tenuissimus</strong></span> 
     </span>
    </p>
   </div>
   <div class='ocr_carea' id='block_1_9' title="bbox 537 835 2137 915">
    <p class='ocr_par' dir='ltr' id='par_1_9' title="bbox 537 835 2137 915">
     <span class='ocr_line' id='line_1_9' title="bbox 537 835 2137 915; baseline -0.003 -21"><span class='ocrx_word' id='word_1_46' title='bbox 537 857 628 895; x_wconf 87' lang='lat' dir='ltr'><strong>aer</strong></span> <span class='ocrx_word' id='word_1_47' title='bbox 654 852 747 895; x_wconf 81' lang='lat' dir='ltr'><strong>est.</strong></span> <span class='ocrx_word' id='word_1_48' title='bbox 776 839 937 896; x_wconf 82' lang='lat' dir='ltr'><strong>Addit</strong></span> <span class='ocrx_word' id='word_1_49' title='bbox 990 840 1078 894; x_wconf 91' lang='lat' dir='ltr'><strong>ille</strong></span> <span class='ocrx_word' id='word_1_50' title='bbox 1109 855 1225 893; x_wconf 88' lang='lat' dir='ltr'><strong>eam</strong></span> <span class='ocrx_word' id='word_1_51' title='bbox 1258 842 1359 895; x_wconf 81' lang='grc' dir='ltr'><strong>ἀπὸ</strong></span> <span class='ocrx_word' id='word_1_52' title='bbox 1387 846 1481 895; x_wconf 83' lang='grc' dir='ltr'><strong>τοῦ</strong></span> <span class='ocrx_word' id='word_1_53' title='bbox 1520 841 1669 915; x_wconf 77' lang='grc' dir='ltr'><strong>ἀέρος</strong></span> <span class='ocrx_word' id='word_1_54' title='bbox 1702 836 1867 911; x_wconf 70' lang='grc' dir='ltr'><strong>Ἥρα,</strong></span> <span class='ocrx_word' id='word_1_55' title='bbox 1901 835 1969 890; x_wconf 88' lang='lat' dir='ltr'><strong>ab</strong></span> <span class='ocrx_word' id='word_1_56' title='bbox 2011 849 2137 889; x_wconf 86' lang='lat' dir='ltr'><strong>aere</strong></span> 
     </span>
    </p>
   </div>
   <div class='ocr_carea' id='block_1_10' title="bbox 532 931 2133 1003">
    <p class='ocr_par' dir='ltr' id='par_1_10' title="bbox 532 931 2133 1003">
     <span class='ocr_line' id='line_1_10' title="bbox 532 931 2133 1003; baseline 0.002 -23"><span class='ocrx_word' id='word_1_57' title='bbox 532 932 797 989; x_wconf 81' lang='lat' dir='ltr'><strong>Junoneut</strong></span> <span class='ocrx_word' id='word_1_58' title='bbox 819 934 980 988; x_wconf 76' lang='lat' dir='ltr'><strong>fuisse</strong></span> <span class='ocrx_word' id='word_1_59' title='bbox 999 933 1317 1003; x_wconf 82' lang='lat' dir='ltr'><strong>appellatam</strong></span> <span class='ocrx_word' id='word_1_60' title='bbox 1372 932 1667 987; x_wconf 83' lang='lat' dir='ltr'><strong>Macrobius</strong></span> <span class='ocrx_word' id='word_1_61' title='bbox 1701 931 1939 993; x_wconf 83' lang='lat' dir='ltr'><strong>tandem,</strong></span> <span class='ocrx_word' id='word_1_62' title='bbox 1973 944 2133 998; x_wconf 86' lang='lat' dir='ltr'><strong>quem</strong></span> 
     </span>
    </p>
   </div>
   <div class='ocr_carea' id='block_1_11' title="bbox 533 1022 2131 1095">
    <p class='ocr_par' dir='ltr' id='par_1_11' title="bbox 533 1022 2131 1095">
     <span class='ocr_line' id='line_1_11' title="bbox 533 1022 2131 1095; baseline -0.001 -17"><span class='ocrx_word' id='word_1_63' title='bbox 533 1027 694 1095; x_wconf 90' lang='lat' dir='ltr'><strong>paqu</strong></span> <span class='ocrx_word' id='word_1_64' title='bbox 724 1035 848 1080; x_wconf 95' lang='lat' dir='ltr'><strong>ante</strong></span> <span class='ocrx_word' id='word_1_65' title='bbox 873 1022 1186 1090; x_wconf 75' lang='lat' dir='ltr'><strong>enavimus,</strong></span> <span class='ocrx_word' id='word_1_66' title='bbox 1218 1024 1341 1079; x_wconf 80' lang='lat' dir='ltr'><strong>alibi</strong></span> <span class='ocrx_word' id='word_1_67' title='bbox 1373 1036 1552 1079; x_wconf 90' lang='lat' dir='ltr'><strong>narrat</strong></span> <span class='ocrx_word' id='word_1_68' title='bbox 1582 1024 1849 1079; x_wconf 84' lang='lat' dir='ltr'><strong>JunOnem</strong></span> <span class='ocrx_word' id='word_1_69' title='bbox 1892 1038 2012 1078; x_wconf 90' lang='lat' dir='ltr'><strong>esse</strong></span> <span class='ocrx_word' id='word_1_70' title='bbox 2042 1023 2131 1077; x_wconf 93' lang='lat' dir='ltr'><strong>in-</strong></span> 
     </span>
    </p>
   </div>
   <div class='ocr_carea' id='block_1_12' title="bbox 532 1114 2130 1187">
    <p class='ocr_par' dir='ltr' id='par_1_12' title="bbox 532 1114 2130 1187">
     <span class='ocr_line' id='line_1_12' title="bbox 532 1114 2130 1187; baseline -0.003 -14"><span class='ocrx_word' id='word_1_71' title='bbox 532 1119 715 1173; x_wconf 85' lang='lat' dir='ltr'><strong>ﬁmum</strong></span> <span class='ocrx_word' id='word_1_72' title='bbox 742 1135 945 1182; x_wconf 83' lang='lat' dir='ltr'><strong>acrem,</strong></span> <span class='ocrx_word' id='word_1_73' title='bbox 970 1119 1045 1173; x_wconf 90' lang='lat' dir='ltr'><strong>uti</strong></span> <span class='ocrx_word' id='word_1_74' title='bbox 1075 1118 1230 1187; x_wconf 89' lang='lat' dir='ltr'><strong>paulo</strong></span> <span class='ocrx_word' id='word_1_75' title='bbox 1260 1128 1379 1186; x_wconf 87' lang='lat' dir='ltr'><strong>post</strong></span> <span class='ocrx_word' id='word_1_76' title='bbox 1406 1116 1812 1172; x_wconf 72' lang='lat' dir='ltr'><strong>observabimus</strong></span> <span class='ocrx_word' id='word_1_77' title='bbox 1839 1114 2130 1187; x_wconf 60' lang='lat' dir='ltr'><strong>(Macrob,</strong></span> 
     </span>
    </p>
   </div>
   <div class='ocr_carea' id='block_1_13' title="bbox 533 1210 1304 1282">
    <p class='ocr_par' dir='ltr' id='par_1_13' title="bbox 533 1210 1304 1282">
     <span class='ocr_line' id='line_1_13' title="bbox 533 1210 1304 1282; baseline 0 -17"><span class='ocrx_word' id='word_1_78' title='bbox 533 1213 622 1269; x_wconf 91' lang='lat' dir='ltr'><strong>lib.</strong></span> <span class='ocrx_word' id='word_1_79' title='bbox 656 1230 710 1268; x_wconf 86' lang='grc' dir='ltr'><strong>ιιι</strong></span> <span class='ocrx_word' id='word_1_80' title='bbox 746 1213 1044 1275; x_wconf 64' lang='lat' dir='ltr'><strong>Saturnal.,</strong></span> <span class='ocrx_word' id='word_1_81' title='bbox 1076 1228 1193 1282; x_wconf 81' lang='lat' dir='ltr'><strong>cap.</strong></span> <span class='ocrx_word' id='word_1_82' title='bbox 1225 1210 1304 1281; x_wconf 86' lang='grc'><strong>5).</strong></span> 
     </span>
    </p>
   </div>
   <div class='ocr_carea' id='block_1_14' title="bbox 607 1300 2131 1374">
    <p class='ocr_par' dir='ltr' id='par_1_14' title="bbox 607 1300 2131 1374">
     <span class='ocr_line' id='line_1_14' title="bbox 607 1300 2131 1374; baseline -0.003 -14"><span class='ocrx_word' id='word_1_83' title='bbox 607 1310 673 1360; x_wconf 76' lang='lat' dir='ltr'><strong>At</strong></span> <span class='ocrx_word' id='word_1_84' title='bbox 706 1305 829 1360; x_wconf 84' lang='lat' dir='ltr'><strong>inde</strong></span> <span class='ocrx_word' id='word_1_85' title='bbox 858 1305 1128 1358; x_wconf 69' lang='lat' dir='ltr'><strong>Arnobius</strong></span> <span class='ocrx_word' id='word_1_86' title='bbox 1153 1304 1232 1358; x_wconf 88' lang='lat' dir='ltr'><strong>sic</strong></span> <span class='ocrx_word' id='word_1_87' title='bbox 1274 1311 1721 1374; x_wconf 88' lang='lat' dir='ltr'><strong>argumentatur:</strong></span> <span class='ocrx_word' id='word_1_88' title='bbox 1752 1320 1770 1352; x_wconf 77' lang='grc' dir='ltr'><strong>ι</strong></span> <span class='ocrx_word' id='word_1_89' title='bbox 1807 1301 1861 1355; x_wconf 88' lang='lat' dir='ltr'><strong>Si</strong></span> <span class='ocrx_word' id='word_1_90' title='bbox 1903 1315 1999 1355; x_wconf 90' lang='lat' dir='ltr'><strong>aer</strong></span> <span class='ocrx_word' id='word_1_91' title='bbox 2040 1300 2131 1355; x_wconf 91' lang='lat' dir='ltr'><strong>illa</strong></span> 
     </span>
    </p>
   </div>
   <div class='ocr_carea' id='block_1_15' title="bbox 531 1393 2129 1469">
    <p class='ocr_par' dir='ltr' id='par_1_15' title="bbox 531 1393 2129 1469">
     <span class='ocr_line' id='line_1_15' title="bbox 531 1393 2129 1469; baseline -0.004 -16"><span class='ocrx_word' id='word_1_92' title='bbox 531 1410 615 1453; x_wconf 83' lang='lat' dir='ltr'><strong>est</strong></span> <span class='ocrx_word' id='word_1_93' title='bbox 663 1398 1114 1469; x_wconf 77' lang='lat' dir='ltr'><strong>qucmznhuodum</strong></span> <span class='ocrx_word' id='word_1_94' title='bbox 1135 1413 1227 1449; x_wconf 85' lang='lat' dir='ltr'><strong>vos</strong></span> <span class='ocrx_word' id='word_1_95' title='bbox 1247 1396 1431 1451; x_wconf 82' lang='lat' dir='ltr'><strong>ludere</strong></span> <span class='ocrx_word' id='word_1_96' title='bbox 1458 1411 1519 1451; x_wconf 83' lang='lat' dir='ltr'><strong>ac</strong></span> <span class='ocrx_word' id='word_1_97' title='bbox 1544 1395 1789 1450; x_wconf 86' lang='lat' dir='ltr'><strong>dictitare</strong></span> <span class='ocrx_word' id='word_1_98' title='bbox 1809 1393 2129 1457; x_wconf 87' lang='lat' dir='ltr'><strong>consuestis,</strong></span> 
     </span>
    </p>
   </div>
   <div class='ocr_carea' id='block_1_16' title="bbox 530 1488 2134 1561">
    <p class='ocr_par' dir='ltr' id='par_1_16' title="bbox 530 1488 2134 1561">
     <span class='ocr_line' id='line_1_16' title="bbox 530 1488 2134 1561; baseline -0.002 -16"><span class='ocrx_word' id='word_1_99' title='bbox 530 1492 688 1561; x_wconf 67' lang='lat' dir='ltr'><strong>gratei</strong></span> <span class='ocrx_word' id='word_1_100' title='bbox 738 1492 970 1543; x_wconf 74' lang='lat' dir='ltr'><strong>noniinis</strong></span> <span class='ocrx_word' id='word_1_101' title='bbox 1011 1490 1324 1543; x_wconf 80' lang='lat' dir='ltr'><strong>austeritate</strong></span> <span class='ocrx_word' id='word_1_102' title='bbox 1389 1489 1651 1557; x_wconf 85' lang='lat' dir='ltr'><strong>repetita,</strong></span> <span class='ocrx_word' id='word_1_103' title='bbox 1700 1488 1840 1542; x_wconf 89' lang='lat' dir='ltr'><strong>nulla</strong></span> <span class='ocrx_word' id='word_1_104' title='bbox 1881 1503 2034 1543; x_wconf 89' lang='lat' dir='ltr'><strong>soror</strong></span> <span class='ocrx_word' id='word_1_105' title='bbox 2079 1496 2134 1541; x_wconf 91' lang='lat' dir='ltr'><strong>et</strong></span> 
     </span>
    </p>
   </div>
   <div class='ocr_carea' id='block_1_17' title="bbox 532 1581 2128 1655">
    <p class='ocr_par' dir='ltr' id='par_1_17' title="bbox 532 1581 2128 1655">
     <span class='ocr_line' id='line_1_17' title="bbox 532 1581 2128 1655; baseline -0.004 -16"><span class='ocrx_word' id='word_1_106' title='bbox 532 1585 724 1653; x_wconf 72' lang='lat' dir='ltr'><strong>eonjux</strong></span> <span class='ocrx_word' id='word_1_107' title='bbox 748 1584 1131 1651; x_wconf 62' lang='lat' dir='ltr'><strong>omnipotentis</strong></span> <span class='ocrx_word' id='word_1_108' title='bbox 1159 1584 1458 1653; x_wconf 84' lang='lat' dir='ltr'><strong>reperietur</strong></span> <span class='ocrx_word' id='word_1_109' title='bbox 1479 1583 1649 1650; x_wconf 57' lang='grc' dir='ltr'><strong>δοιοῖς,</strong></span> <span class='ocrx_word' id='word_1_110' title='bbox 1684 1583 1824 1655; x_wconf 87' lang='lat' dir='ltr'><strong>nulla</strong></span> <span class='ocrx_word' id='word_1_111' title='bbox 1848 1581 2128 1643; x_wconf 86' lang='lat' dir='ltr'><strong>Fluviona,</strong></span> 
     </span>
    </p>
   </div>
   <div class='ocr_carea' id='block_1_18' title="bbox 530 1671 2127 1746">
    <p class='ocr_par' dir='ltr' id='par_1_18' title="bbox 530 1671 2127 1746">
     <span class='ocr_line' id='line_1_18' title="bbox 530 1671 2127 1746; baseline -0.006 -14"><span class='ocrx_word' id='word_1_112' title='bbox 530 1677 677 1732; x_wconf 86' lang='lat' dir='ltr'><strong>nulla</strong></span> <span class='ocrx_word' id='word_1_113' title='bbox 708 1677 968 1741; x_wconf 85' lang='lat' dir='ltr'><strong>Pomona,</strong></span> <span class='ocrx_word' id='word_1_114' title='bbox 1001 1676 1142 1730; x_wconf 85' lang='lat' dir='ltr'><strong>nulla</strong></span> <span class='ocrx_word' id='word_1_115' title='bbox 1172 1676 1507 1746; x_wconf 81' lang='lat' dir='ltr'><strong>Ossipagiua,</strong></span> <span class='ocrx_word' id='word_1_116' title='bbox 1542 1674 1689 1728; x_wconf 89' lang='lat' dir='ltr'><strong>nulla</strong></span> <span class='ocrx_word' id='word_1_117' title='bbox 1719 1672 1990 1737; x_wconf 88' lang='lat' dir='ltr'><strong>Februtis,</strong></span> <span class='ocrx_word' id='word_1_118' title='bbox 2023 1671 2127 1726; x_wconf 84' lang='lat' dir='ltr'><strong>Po-</strong></span> 
     </span>
    </p>
   </div>
   <div class='ocr_carea' id='block_1_19' title="bbox 530 1764 2128 1838">
    <p class='ocr_par' dir='ltr' id='par_1_19' title="bbox 530 1764 2128 1838">
     <span class='ocr_line' id='line_1_19' title="bbox 530 1764 2128 1838; baseline -0.002 -16"><span class='ocrx_word' id='word_1_119' title='bbox 530 1769 746 1838; x_wconf 82' lang='lat' dir='ltr'><strong>pulonia</strong></span> <span class='ocrx_word' id='word_1_120' title='bbox 771 1812 784 1832; x_wconf 89' lang='lat'><strong>,</strong></span> <span class='ocrx_word' id='word_1_121' title='bbox 813 1767 1000 1822; x_wconf 81' lang='lat' dir='ltr'><strong>Ciuxia</strong></span> <span class='ocrx_word' id='word_1_122' title='bbox 1024 1809 1037 1833; x_wconf 94' lang='lat'><strong>,</strong></span> <span class='ocrx_word' id='word_1_123' title='bbox 1070 1780 1122 1821; x_wconf 85' lang='lat' dir='ltr'><strong>et</strong></span> <span class='ocrx_word' id='word_1_124' title='bbox 1153 1767 1440 1837; x_wconf 85' lang='lat' dir='ltr'><strong>Caprotina</strong></span> <span class='ocrx_word' id='word_1_125' title='bbox 1489 1765 1729 1838; x_wconf 81' lang='lat' dir='ltr'><strong>(Arnob.,</strong></span> <span class='ocrx_word' id='word_1_126' title='bbox 1762 1764 1848 1818; x_wconf 86' lang='lat' dir='ltr'><strong>lib.</strong></span> <span class='ocrx_word' id='word_1_127' title='bbox 1883 1780 1977 1831; x_wconf 89' lang='grc' dir='ltr'>ιιι,</span> <span class='ocrx_word' id='word_1_128' title='bbox 2007 1780 2128 1835; x_wconf 96' lang='lat' dir='ltr'><strong>pag.</strong></span> 
     </span>
    </p>
   </div>
   <div class='ocr_carea' id='block_1_20' title="bbox 2244 549 3845 624">
    <p class='ocr_par' dir='ltr' id='par_1_20' title="bbox 2244 549 3845 624">
     <span class='ocr_line' id='line_1_20' title="bbox 2244 549 3845 624; baseline 0.002 -20"><span class='ocrx_word' id='word_1_129' title='bbox 2244 549 2417 616; x_wconf 84' lang='lat' dir='ltr'><strong>Civit.,</strong></span> <span class='ocrx_word' id='word_1_130' title='bbox 2447 568 2496 608; x_wconf 88' lang='lat' dir='ltr'><strong>c.</strong></span> <span class='ocrx_word' id='word_1_131' title='bbox 2528 551 2619 618; x_wconf 76' lang='grc'><strong>16,</strong></span> <span class='ocrx_word' id='word_1_132' title='bbox 2653 569 2772 624; x_wconf 85' lang='lat' dir='ltr'><strong>pag.</strong></span> <span class='ocrx_word' id='word_1_133' title='bbox 2801 552 2951 623; x_wconf 66' lang='grc'><strong>174).</strong></span> <span class='ocrx_word' id='word_1_134' title='bbox 2980 551 3085 609; x_wconf 89' lang='lat' dir='ltr'><strong>Sed</strong></span> <span class='ocrx_word' id='word_1_135' title='bbox 3112 552 3181 608; x_wconf 90' lang='lat' dir='ltr'><strong>de</strong></span> <span class='ocrx_word' id='word_1_136' title='bbox 3207 552 3304 607; x_wconf 88' lang='lat' dir='ltr'><strong>hac</strong></span> <span class='ocrx_word' id='word_1_137' title='bbox 3321 552 3629 623; x_wconf 86' lang='lat' dir='ltr'><strong>conjectura</strong></span> <span class='ocrx_word' id='word_1_138' title='bbox 3661 559 3845 607; x_wconf 85' lang='lat' dir='ltr'><strong>nostra</strong></span> 
     </span>
    </p>
   </div>
   <div class='ocr_carea' id='block_1_21' title="bbox 2243 646 2913 715">
    <p class='ocr_par' dir='ltr' id='par_1_21' title="bbox 2243 646 2913 715">
     <span class='ocr_line' id='line_1_21' title="bbox 2243 646 2913 715; baseline 0.004 -17"><span class='ocrx_word' id='word_1_139' title='bbox 2243 646 2470 700; x_wconf 88' lang='lat' dir='ltr'><strong>aliorum</strong></span> <span class='ocrx_word' id='word_1_140' title='bbox 2498 658 2614 700; x_wconf 83' lang='lat' dir='ltr'><strong>esto</strong></span> <span class='ocrx_word' id='word_1_141' title='bbox 2631 647 2913 715; x_wconf 87' lang='lat' dir='ltr'><strong>judicium.</strong></span> 
     </span>
    </p>
   </div>
   <div class='ocr_carea' id='block_1_22' title="bbox 2315 739 3847 812">
    <p class='ocr_par' dir='ltr' id='par_1_22' title="bbox 2315 739 3847 812">
     <span class='ocr_line' id='line_1_22' title="bbox 2315 739 3847 812; baseline 0.003 -19"><span class='ocrx_word' id='word_1_142' title='bbox 2315 739 2670 808; x_wconf 87' lang='lat' dir='ltr'><strong>Depravatum</strong></span> <span class='ocrx_word' id='word_1_143' title='bbox 2692 756 2906 811; x_wconf 90' lang='lat' dir='ltr'><strong>quoque</strong></span> <span class='ocrx_word' id='word_1_144' title='bbox 2928 740 3171 795; x_wconf 86' lang='lat' dir='ltr'><strong>nonnulli</strong></span> <span class='ocrx_word' id='word_1_145' title='bbox 3191 739 3481 811; x_wconf 85' lang='lat' dir='ltr'><strong>opinantur</strong></span> <span class='ocrx_word' id='word_1_146' title='bbox 3499 741 3847 812; x_wconf 82' lang='lat' dir='ltr'><strong>subsequens</strong></span> 
     </span>
    </p>
   </div>
   <div class='ocr_carea' id='block_1_23' title="bbox 2240 832 3847 906">
    <p class='ocr_par' dir='ltr' id='par_1_23' title="bbox 2240 832 3847 906">
     <span class='ocr_line' id='line_1_23' title="bbox 2240 832 3847 906; baseline 0.002 -20"><span class='ocrx_word' id='word_1_147' title='bbox 2240 832 2481 901; x_wconf 85' lang='lat' dir='ltr'><strong>ejusdem</strong></span> <span class='ocrx_word' id='word_1_148' title='bbox 2507 832 2735 890; x_wconf 91' lang='lat' dir='ltr'><strong>Junonis</strong></span> <span class='ocrx_word' id='word_1_149' title='bbox 2761 849 2977 900; x_wconf 84' lang='lat' dir='ltr'><strong>nomen,</strong></span> <span class='ocrx_word' id='word_1_150' title='bbox 3011 849 3120 906; x_wconf 92' lang='lat' dir='ltr'><strong>quo</strong></span> <span class='ocrx_word' id='word_1_151' title='bbox 3144 834 3213 889; x_wconf 87' lang='lat' dir='ltr'><strong>ab</strong></span> <span class='ocrx_word' id='word_1_152' title='bbox 3247 836 3485 889; x_wconf 81' lang='lat' dir='ltr'><strong>Arnobio</strong></span> <span class='ocrx_word' id='word_1_153' title='bbox 3529 834 3847 906; x_wconf 74' lang='lat' dir='ltr'><strong>Ossipagina</strong></span> 
     </span>
    </p>
   </div>
   <div class='ocr_carea' id='block_1_24' title="bbox 2241 927 3845 1000">
    <p class='ocr_par' dir='ltr' id='par_1_24' title="bbox 2241 927 3845 1000">
     <span class='ocr_line' id='line_1_24' title="bbox 2241 927 3845 1000; baseline 0.006 -25"><span class='ocrx_word' id='word_1_154' title='bbox 2241 936 2483 989; x_wconf 83' lang='lat' dir='ltr'><strong>vocatur,</strong></span> <span class='ocrx_word' id='word_1_155' title='bbox 2516 927 3020 998; x_wconf 85' lang='lat' dir='ltr'><strong>emendandumqne</strong></span> <span class='ocrx_word' id='word_1_156' title='bbox 3066 928 3268 983; x_wconf 84' lang='lat' dir='ltr'><strong>vellent</strong></span> <span class='ocrx_word' id='word_1_157' title='bbox 3315 927 3584 999; x_wconf 84' lang='lat' dir='ltr'><strong>Opigena,</strong></span> <span class='ocrx_word' id='word_1_158' title='bbox 3621 928 3692 984; x_wconf 87' lang='lat' dir='ltr'><strong>de</strong></span> <span class='ocrx_word' id='word_1_159' title='bbox 3736 942 3845 1000; x_wconf 86' lang='lat' dir='ltr'><strong>qua</strong></span> 
     </span>
    </p>
   </div>
   <div class='ocr_carea' id='block_1_25' title="bbox 2241 1015 3848 1091">
    <p class='ocr_par' dir='ltr' id='par_1_25' title="bbox 2241 1015 3848 1091">
     <span class='ocr_line' id='line_1_25' title="bbox 2241 1015 3848 1091; baseline 0.003 -21"><span class='ocrx_word' id='word_1_160' title='bbox 2241 1015 2384 1072; x_wconf 87' lang='lat' dir='ltr'><strong>hunc</strong></span> <span class='ocrx_word' id='word_1_161' title='bbox 2415 1017 2608 1072; x_wconf 83' lang='lat' dir='ltr'><strong>Festus</strong></span> <span class='ocrx_word' id='word_1_162' title='bbox 2638 1018 2877 1089; x_wconf 89' lang='lat' dir='ltr'><strong>loquitur</strong></span> <span class='ocrx_word' id='word_1_163' title='bbox 2907 1020 2961 1074; x_wconf 92' lang='lat' dir='ltr'><strong>in</strong></span> <span class='ocrx_word' id='word_1_164' title='bbox 2994 1020 3209 1074; x_wconf 90' lang='lat' dir='ltr'><strong>modum</strong></span> <span class='ocrx_word' id='word_1_165' title='bbox 3239 1036 3255 1073; x_wconf 88' lang='lat'><strong>:</strong></span> <span class='ocrx_word' id='word_1_166' title='bbox 3291 1038 3310 1071; x_wconf 75' lang='grc' dir='ltr'><strong>ι</strong></span> <span class='ocrx_word' id='word_1_167' title='bbox 3347 1020 3642 1091; x_wconf 82' lang='lat' dir='ltr'><strong>Opigenam</strong></span> <span class='ocrx_word' id='word_1_168' title='bbox 3671 1020 3848 1075; x_wconf 83' lang='lat' dir='ltr'><strong>Juno-</strong></span> 
     </span>
    </p>
   </div>
   <div class='ocr_carea' id='block_1_26' title="bbox 2242 1112 3842 1182">
    <p class='ocr_par' dir='ltr' id='par_1_26' title="bbox 2242 1112 3842 1182">
     <span class='ocr_line' id='line_1_26' title="bbox 2242 1112 3842 1182; baseline 0.004 -19"><span class='ocrx_word' id='word_1_169' title='bbox 2242 1125 2365 1165; x_wconf 90' lang='lat' dir='ltr'><strong>nem</strong></span> <span class='ocrx_word' id='word_1_170' title='bbox 2396 1120 2657 1166; x_wconf 67' lang='lat' dir='ltr'><strong>matrona:</strong></span> <span class='ocrx_word' id='word_1_171' title='bbox 2681 1112 2951 1173; x_wconf 86' lang='lat' dir='ltr'><strong>colebant,</strong></span> <span class='ocrx_word' id='word_1_172' title='bbox 2970 1112 3111 1180; x_wconf 88' lang='lat' dir='ltr'><strong>quod</strong></span> <span class='ocrx_word' id='word_1_173' title='bbox 3131 1112 3272 1168; x_wconf 79' lang='lat' dir='ltr'><strong>ferre</strong></span> <span class='ocrx_word' id='word_1_174' title='bbox 3289 1128 3408 1167; x_wconf 87' lang='lat' dir='ltr'><strong>eam</strong></span> <span class='ocrx_word' id='word_1_175' title='bbox 3429 1128 3586 1182; x_wconf 91' lang='lat' dir='ltr'><strong>opem</strong></span> <span class='ocrx_word' id='word_1_176' title='bbox 3607 1114 3657 1167; x_wconf 92' lang='lat' dir='ltr'><strong>in</strong></span> <span class='ocrx_word' id='word_1_177' title='bbox 3684 1125 3842 1182; x_wconf 82' lang='lat' dir='ltr'><strong>partu</strong></span> 
     </span>
    </p>
   </div>
   <div class='ocr_carea' id='block_1_27' title="bbox 2237 1204 3840 1279">
    <p class='ocr_par' dir='ltr' id='par_1_27' title="bbox 2237 1204 3840 1279">
     <span class='ocr_line' id='line_1_27' title="bbox 2237 1204 3840 1279; baseline 0.001 -22"><span class='ocrx_word' id='word_1_178' title='bbox 2237 1204 2605 1260; x_wconf 80' lang='lat' dir='ltr'><strong>laborantibus</strong></span> <span class='ocrx_word' id='word_1_179' title='bbox 2620 1204 2916 1260; x_wconf 89' lang='lat' dir='ltr'><strong>credebant</strong></span> <span class='ocrx_word' id='word_1_180' title='bbox 2953 1225 2972 1258; x_wconf 78' lang='grc' dir='ltr'><strong>ι</strong></span> <span class='ocrx_word' id='word_1_181' title='bbox 2990 1204 3224 1279; x_wconf 81' lang='lat' dir='ltr'><strong>(Festus,</strong></span> <span class='ocrx_word' id='word_1_182' title='bbox 3247 1206 3317 1259; x_wconf 87' lang='lat' dir='ltr'><strong>ad</strong></span> <span class='ocrx_word' id='word_1_183' title='bbox 3331 1205 3535 1260; x_wconf 85' lang='lat' dir='ltr'><strong>verbum</strong></span> <span class='ocrx_word' id='word_1_184' title='bbox 3561 1207 3840 1277; x_wconf 66' lang='lat' dir='ltr'><strong>omnem).</strong></span> 
     </span>
    </p>
   </div>
   <div class='ocr_carea' id='block_1_28' title="bbox 2240 1296 3847 1353">
    <p class='ocr_par' dir='ltr' id='par_1_28' title="bbox 2240 1296 3847 1353">
     <span class='ocr_line' id='line_1_28' title="bbox 2240 1296 3847 1353; baseline 0 -1"><span class='ocrx_word' id='word_1_185' title='bbox 2240 1296 2344 1352; x_wconf 88' lang='lat' dir='ltr'><strong>Sed</strong></span> <span class='ocrx_word' id='word_1_186' title='bbox 2383 1296 2506 1351; x_wconf 90' lang='lat' dir='ltr'><strong>inde</strong></span> <span class='ocrx_word' id='word_1_187' title='bbox 2556 1312 2663 1351; x_wconf 91' lang='lat' dir='ltr'><strong>non</strong></span> <span class='ocrx_word' id='word_1_188' title='bbox 2709 1298 2841 1351; x_wconf 88' lang='lat' dir='ltr'><strong>satis</strong></span> <span class='ocrx_word' id='word_1_189' title='bbox 2887 1296 3120 1352; x_wconf 89' lang='lat' dir='ltr'><strong>dilucide</strong></span> <span class='ocrx_word' id='word_1_190' title='bbox 3163 1298 3449 1352; x_wconf 89' lang='lat' dir='ltr'><strong>conﬁcitur</strong></span> <span class='ocrx_word' id='word_1_191' title='bbox 3494 1307 3670 1353; x_wconf 89' lang='lat' dir='ltr'><strong>utrum</strong></span> <span class='ocrx_word' id='word_1_192' title='bbox 3721 1296 3847 1352; x_wconf 71' lang='lat' dir='ltr'><strong>hmc</strong></span> 
     </span>
    </p>
   </div>
   <div class='ocr_carea' id='block_1_29' title="bbox 2236 1389 3848 1462">
    <p class='ocr_par' dir='ltr' id='par_1_29' title="bbox 2236 1389 3848 1462">
     <span class='ocr_line' id='line_1_29' title="bbox 2236 1389 3848 1462; baseline 0.001 -18"><span class='ocrx_word' id='word_1_193' title='bbox 2236 1392 2424 1445; x_wconf 90' lang='lat' dir='ltr'><strong>eadem</strong></span> <span class='ocrx_word' id='word_1_194' title='bbox 2453 1390 2541 1453; x_wconf 89' lang='lat' dir='ltr'><strong>sit,</strong></span> <span class='ocrx_word' id='word_1_195' title='bbox 2569 1400 2730 1458; x_wconf 87' lang='lat' dir='ltr'><strong>atque</strong></span> <span class='ocrx_word' id='word_1_196' title='bbox 2750 1390 3085 1462; x_wconf 82' lang='lat' dir='ltr'><strong>Ossipagina,</strong></span> <span class='ocrx_word' id='word_1_197' title='bbox 3115 1405 3254 1461; x_wconf 66' lang='lat' dir='ltr'><strong>quat,</strong></span> <span class='ocrx_word' id='word_1_198' title='bbox 3280 1402 3338 1444; x_wconf 89' lang='lat' dir='ltr'><strong>ut</strong></span> <span class='ocrx_word' id='word_1_199' title='bbox 3360 1400 3545 1460; x_wconf 80' lang='lat' dir='ltr'><strong>postea</strong></span> <span class='ocrx_word' id='word_1_200' title='bbox 3565 1389 3848 1445; x_wconf 80' lang='lat' dir='ltr'><strong>Arnobius</strong></span> 
     </span>
    </p>
   </div>
   <div class='ocr_carea' id='block_1_30' title="bbox 2236 1483 3841 1554">
    <p class='ocr_par' dir='ltr' id='par_1_30' title="bbox 2236 1483 3841 1554">
     <span class='ocr_line' id='line_1_30' title="bbox 2236 1483 3841 1554; baseline 0 -17"><span class='ocrx_word' id='word_1_201' title='bbox 2236 1484 2489 1554; x_wconf 88' lang='lat' dir='ltr'><strong>scripsit,</strong></span> <span class='ocrx_word' id='word_1_202' title='bbox 2542 1484 2815 1538; x_wconf 78' lang='lat' dir='ltr'><strong>solidatria:</strong></span> <span class='ocrx_word' id='word_1_203' title='bbox 2863 1485 3108 1549; x_wconf 85' lang='lat' dir='ltr'><strong>ossium,</strong></span> <span class='ocrx_word' id='word_1_204' title='bbox 3162 1493 3325 1553; x_wconf 88' lang='lat' dir='ltr'><strong>atque</strong></span> <span class='ocrx_word' id='word_1_205' title='bbox 3376 1483 3657 1538; x_wconf 90' lang='lat' dir='ltr'><strong>intantium</strong></span> <span class='ocrx_word' id='word_1_206' title='bbox 3713 1497 3841 1537; x_wconf 86' lang='lat' dir='ltr'><strong>ossa</strong></span> 
     </span>
    </p>
   </div>
   <div class='ocr_carea' id='block_1_31' title="bbox 2235 1575 3839 1648">
    <p class='ocr_par' dir='ltr' id='par_1_31' title="bbox 2235 1575 3839 1648">
     <span class='ocr_line' id='line_1_31' title="bbox 2235 1575 3839 1648; baseline 0.001 -20"><span class='ocrx_word' id='word_1_207' title='bbox 2235 1577 2425 1629; x_wconf 82' lang='lat' dir='ltr'><strong>durare</strong></span> <span class='ocrx_word' id='word_1_208' title='bbox 2452 1586 2501 1631; x_wconf 87' lang='lat' dir='ltr'><strong>et</strong></span> <span class='ocrx_word' id='word_1_209' title='bbox 2539 1577 2764 1631; x_wconf 84' lang='lat' dir='ltr'><strong>solidare</strong></span> <span class='ocrx_word' id='word_1_210' title='bbox 2804 1576 3095 1648; x_wconf 86' lang='lat' dir='ltr'><strong>putabatur</strong></span> <span class='ocrx_word' id='word_1_211' title='bbox 3123 1576 3361 1645; x_wconf 80' lang='lat' dir='ltr'><strong>(Arnob.,</strong></span> <span class='ocrx_word' id='word_1_212' title='bbox 3389 1575 3478 1629; x_wconf 88' lang='lat' dir='ltr'><strong>lib.</strong></span> <span class='ocrx_word' id='word_1_213' title='bbox 3507 1592 3580 1641; x_wconf 83' lang='lat' dir='ltr'><strong>tv,</strong></span> <span class='ocrx_word' id='word_1_214' title='bbox 3605 1594 3658 1646; x_wconf 88' lang='lat' dir='ltr'><strong>p.</strong></span> <span class='ocrx_word' id='word_1_215' title='bbox 3686 1575 3839 1646; x_wconf 80' lang='grc'><strong>151).</strong></span> 
     </span>
    </p>
   </div>
   <div class='ocr_carea' id='block_1_32' title="bbox 2233 1666 3844 1739">
    <p class='ocr_par' dir='ltr' id='par_1_32' title="bbox 2233 1666 3844 1739">
     <span class='ocr_line' id='line_1_32' title="bbox 2233 1666 3844 1739; baseline 0.001 -17"><span class='ocrx_word' id='word_1_216' title='bbox 2233 1666 2459 1722; x_wconf 80' lang='lat' dir='ltr'><strong>Vossius</strong></span> <span class='ocrx_word' id='word_1_217' title='bbox 2510 1683 2643 1723; x_wconf 90' lang='lat' dir='ltr'><strong>vero</strong></span> <span class='ocrx_word' id='word_1_218' title='bbox 2687 1669 2937 1723; x_wconf 86' lang='lat' dir='ltr'><strong>lubenter</strong></span> <span class='ocrx_word' id='word_1_219' title='bbox 2974 1683 3230 1723; x_wconf 85' lang='lat' dir='ltr'><strong>assensus</strong></span> <span class='ocrx_word' id='word_1_220' title='bbox 3271 1680 3354 1723; x_wconf 74' lang='grc' dir='ltr'><strong>εει</strong></span> <span class='ocrx_word' id='word_1_221' title='bbox 3383 1667 3712 1729; x_wconf 78' lang='lat' dir='ltr'><strong>Stewechio.</strong></span> <span class='ocrx_word' id='word_1_222' title='bbox 3745 1668 3844 1739; x_wconf 89' lang='lat' dir='ltr'><strong>qui</strong></span> 
     </span>
    </p>
   </div>
   <div class='ocr_carea' id='block_1_33' title="bbox 2238 1762 3847 1835">
    <p class='ocr_par' dir='ltr' id='par_1_33' title="bbox 2238 1762 3847 1835">
     <span class='ocr_line' id='line_1_33' title="bbox 2238 1762 3847 1835; baseline 0.001 -19"><span class='ocrx_word' id='word_1_223' title='bbox 2238 1762 2491 1835; x_wconf 86' lang='lat' dir='ltr'><strong>Ossipaga</strong></span> <span class='ocrx_word' id='word_1_224' title='bbox 2554 1764 2641 1819; x_wconf 89' lang='lat' dir='ltr'><strong>vel</strong></span> <span class='ocrx_word' id='word_1_225' title='bbox 2709 1762 3001 1835; x_wconf 84' lang='lat' dir='ltr'><strong>Ossipanga</strong></span> <span class='ocrx_word' id='word_1_226' title='bbox 3068 1763 3460 1818; x_wconf 85' lang='lat' dir='ltr'><strong>restituendum</strong></span> <span class='ocrx_word' id='word_1_227' title='bbox 3527 1762 3847 1818; x_wconf 82' lang='lat' dir='ltr'><strong>autumabat</strong></span> 
     </span>
    </p>
   </div>
   <div class='ocr_carea' id='block_1_34' title="bbox 532 1845 3844 1931">
    <p class='ocr_par' dir='ltr' id='par_1_34' title="bbox 532 1845 3844 1931">
     <span class='ocr_line' id='line_1_34' title="bbox 532 1845 3844 1931; baseline -0.001 -17"><span class='ocrx_word' id='word_1_228' title='bbox 532 1862 682 1929; x_wconf 76' lang='lat' dir='ltr'><strong>tis).</strong></span> <span class='ocrx_word' id='word_1_229' title='bbox 715 1879 733 1911; x_wconf 79' lang='grc' dir='ltr'><strong>ι</strong></span> <span class='ocrx_word' id='word_1_230' title='bbox 763 1860 974 1914; x_wconf 85' lang='lat' dir='ltr'><strong>Ethnici</strong></span> <span class='ocrx_word' id='word_1_231' title='bbox 998 1860 1260 1931; x_wconf 84' lang='lat' dir='ltr'><strong>siquidem</strong></span> <span class='ocrx_word' id='word_1_232' title='bbox 1292 1870 1368 1913; x_wconf 91' lang='lat' dir='ltr'><strong>tot</strong></span> <span class='ocrx_word' id='word_1_233' title='bbox 1393 1860 1633 1929; x_wconf 82' lang='lat' dir='ltr'><strong>aliasque</strong></span> <span class='ocrx_word' id='word_1_234' title='bbox 1656 1859 1836 1927; x_wconf 89' lang='lat' dir='ltr'><strong>plures</strong></span> <span class='ocrx_word' id='word_1_235' title='bbox 1862 1856 2124 1923; x_wconf 85' lang='lat' dir='ltr'><strong>Junones,</strong></span> <span class='ocrx_word' id='word_1_236' title='bbox 2156 1845 2204 1905; x_wconf 88' lang='lat' dir='ltr'><strong>B</strong></span> <span class='ocrx_word' id='word_1_237' title='bbox 2233 1854 2507 1928; x_wconf 74' lang='lat' dir='ltr'><strong>(Voss.,iu</strong></span> <span class='ocrx_word' id='word_1_238' title='bbox 2535 1854 2853 1928; x_wconf 81' lang='lat' dir='ltr'><strong>Elgmalog.,</strong></span> <span class='ocrx_word' id='word_1_239' title='bbox 2887 1856 2956 1910; x_wconf 86' lang='lat' dir='ltr'><strong>ad</strong></span> <span class='ocrx_word' id='word_1_240' title='bbox 2980 1857 3185 1912; x_wconf 81' lang='lat' dir='ltr'><strong>verbum</strong></span> <span class='ocrx_word' id='word_1_241' title='bbox 3211 1855 3345 1929; x_wconf 91' lang='lat' dir='ltr'><strong>os.).</strong></span> <span class='ocrx_word' id='word_1_242' title='bbox 3374 1855 3506 1911; x_wconf 84' lang='lat' dir='ltr'><strong>Eam</strong></span> <span class='ocrx_word' id='word_1_243' title='bbox 3533 1858 3732 1912; x_wconf 90' lang='lat' dir='ltr'><strong>etenim</strong></span> <span class='ocrx_word' id='word_1_244' title='bbox 3757 1856 3844 1911; x_wconf 87' lang='lat' dir='ltr'><strong>sic</strong></span> 
     </span>
    </p>
   </div>
   <div class='ocr_carea' id='block_1_35' title="bbox 530 1946 2129 2022">
    <p class='ocr_par' dir='ltr' id='par_1_35' title="bbox 530 1946 2129 2022">
     <span class='ocr_line' id='line_1_35' title="bbox 530 1946 2129 2022; baseline -0.003 -17"><span class='ocrx_word' id='word_1_245' title='bbox 530 1953 754 2022; x_wconf 81' lang='lat' dir='ltr'><strong>ejusque</strong></span> <span class='ocrx_word' id='word_1_246' title='bbox 777 1952 992 2005; x_wconf 89' lang='lat' dir='ltr'><strong>nomina</strong></span> <span class='ocrx_word' id='word_1_247' title='bbox 1013 1960 1067 2006; x_wconf 93' lang='lat' dir='ltr'><strong>et</strong></span> <span class='ocrx_word' id='word_1_248' title='bbox 1087 1950 1301 2005; x_wconf 89' lang='lat' dir='ltr'><strong>numina</strong></span> <span class='ocrx_word' id='word_1_249' title='bbox 1328 1953 1611 2005; x_wconf 80' lang='lat' dir='ltr'><strong>tinxerant.</strong></span> <span class='ocrx_word' id='word_1_250' title='bbox 1637 1954 1705 2003; x_wconf 82' lang='lat' dir='ltr'><strong>At</strong></span> <span class='ocrx_word' id='word_1_251' title='bbox 1726 1948 1795 2002; x_wconf 92' lang='lat' dir='ltr'><strong>de</strong></span> <span class='ocrx_word' id='word_1_252' title='bbox 1817 1946 2000 2003; x_wconf 77' lang='lat' dir='ltr'><strong>Cinxia</strong></span> <span class='ocrx_word' id='word_1_253' title='bbox 2019 1946 2129 2017; x_wconf 88' lang='lat' dir='ltr'><strong>jam</strong></span> 
     </span>
    </p>
   </div>
   <div class='ocr_carea' id='block_1_36' title="bbox 530 2039 2129 2113">
    <p class='ocr_par' dir='ltr' id='par_1_36' title="bbox 530 2039 2129 2113">
     <span class='ocr_line' id='line_1_36' title="bbox 530 2039 2129 2113; baseline -0.002 -15"><span class='ocrx_word' id='word_1_254' title='bbox 530 2059 561 2098; x_wconf 86' lang='lat' dir='ltr'><strong>a</strong></span> <span class='ocrx_word' id='word_1_255' title='bbox 597 2043 753 2098; x_wconf 75' lang='lat' dir='ltr'><strong>nobis</strong></span> <span class='ocrx_word' id='word_1_256' title='bbox 782 2043 937 2113; x_wconf 89' lang='lat' dir='ltr'><strong>paulo</strong></span> <span class='ocrx_word' id='word_1_257' title='bbox 965 2052 1120 2097; x_wconf 90' lang='lat' dir='ltr'><strong>antea</strong></span> <span class='ocrx_word' id='word_1_258' title='bbox 1152 2051 1329 2096; x_wconf 89' lang='lat' dir='ltr'><strong>actum</strong></span> <span class='ocrx_word' id='word_1_259' title='bbox 1355 2052 1458 2097; x_wconf 77' lang='lat' dir='ltr'><strong>est.</strong></span> <span class='ocrx_word' id='word_1_260' title='bbox 1503 2042 1633 2108; x_wconf 78' lang='lat' dir='ltr'><strong>Quae,</strong></span> <span class='ocrx_word' id='word_1_261' title='bbox 1662 2052 1838 2095; x_wconf 89' lang='lat' dir='ltr'><strong>autem</strong></span> <span class='ocrx_word' id='word_1_262' title='bbox 1870 2039 2129 2095; x_wconf 85' lang='lat' dir='ltr'><strong>Fluviona</strong></span> 
     </span>
    </p>
   </div>
   <div class='ocr_carea' id='block_1_37' title="bbox 530 2134 2127 2205">
    <p class='ocr_par' dir='ltr' id='par_1_37' title="bbox 530 2134 2127 2205">
     <span class='ocr_line' id='line_1_37' title="bbox 530 2134 2127 2205; baseline -0.002 -14"><span class='ocrx_word' id='word_1_263' title='bbox 530 2138 627 2203; x_wconf 87' lang='lat' dir='ltr'><strong>sit,</strong></span> <span class='ocrx_word' id='word_1_264' title='bbox 664 2138 817 2192; x_wconf 79' lang='lat' dir='ltr'><strong>docet</strong></span> <span class='ocrx_word' id='word_1_265' title='bbox 861 2137 1090 2191; x_wconf 78' lang='lat' dir='ltr'><strong>Festus:</strong></span> <span class='ocrx_word' id='word_1_266' title='bbox 1125 2156 1143 2188; x_wconf 70' lang='grc' dir='ltr'><strong>ι</strong></span> <span class='ocrx_word' id='word_1_267' title='bbox 1183 2137 1497 2192; x_wconf 79' lang='lat' dir='ltr'><strong>Fluvionam</strong></span> <span class='ocrx_word' id='word_1_268' title='bbox 1526 2136 1790 2191; x_wconf 77' lang='lat' dir='ltr'><strong>Juuoucm</strong></span> <span class='ocrx_word' id='word_1_269' title='bbox 1816 2178 1830 2202; x_wconf 94' lang='lat'><strong>,</strong></span> <span class='ocrx_word' id='word_1_270' title='bbox 1871 2153 1890 2188; x_wconf 81' lang='grc' dir='ltr'><strong>ι</strong></span> <span class='ocrx_word' id='word_1_271' title='bbox 1925 2134 2127 2205; x_wconf 89' lang='lat' dir='ltr'><strong>inquit,</strong></span> 
     </span>
    </p>
   </div>
   <div class='ocr_carea' id='block_1_38' title="bbox 538 2226 2130 2299">
    <p class='ocr_par' dir='ltr' id='par_1_38' title="bbox 538 2226 2130 2299">
     <span class='ocr_line' id='line_1_38' title="bbox 538 2226 2130 2299; baseline 0.001 -19"><span class='ocrx_word' id='word_1_272' title='bbox 538 2249 557 2280; x_wconf 77' lang='grc' dir='ltr'><strong>ι</strong></span> <span class='ocrx_word' id='word_1_273' title='bbox 599 2230 854 2285; x_wconf 83' lang='lat' dir='ltr'><strong>mulieres</strong></span> <span class='ocrx_word' id='word_1_274' title='bbox 883 2228 1151 2295; x_wconf 88' lang='lat' dir='ltr'><strong>colebant,</strong></span> <span class='ocrx_word' id='word_1_275' title='bbox 1185 2229 1326 2298; x_wconf 87' lang='lat' dir='ltr'><strong>quod</strong></span> <span class='ocrx_word' id='word_1_276' title='bbox 1354 2245 1471 2283; x_wconf 86' lang='lat' dir='ltr'><strong>eam</strong></span> <span class='ocrx_word' id='word_1_277' title='bbox 1500 2228 1781 2299; x_wconf 85' lang='lat' dir='ltr'><strong>sanguinis</strong></span> <span class='ocrx_word' id='word_1_278' title='bbox 1818 2226 2045 2282; x_wconf 82' lang='lat' dir='ltr'><strong>tloorem</strong></span> <span class='ocrx_word' id='word_1_279' title='bbox 2076 2227 2130 2281; x_wconf 92' lang='lat' dir='ltr'><strong>in</strong></span> 
     </span>
    </p>
   </div>
   <div class='ocr_carea' id='block_1_39' title="bbox 529 2319 2128 2394">
    <p class='ocr_par' dir='ltr' id='par_1_39' title="bbox 529 2319 2128 2394">
     <span class='ocr_line' id='line_1_39' title="bbox 529 2319 2128 2394; baseline -0.001 -17"><span class='ocrx_word' id='word_1_280' title='bbox 529 2336 789 2393; x_wconf 78' lang='lat' dir='ltr'><strong>Conceptu</strong></span> <span class='ocrx_word' id='word_1_281' title='bbox 826 2324 1062 2379; x_wconf 86' lang='lat' dir='ltr'><strong>retinere</strong></span> <span class='ocrx_word' id='word_1_282' title='bbox 1095 2324 1348 2392; x_wconf 81' lang='lat' dir='ltr'><strong>putabant</strong></span> <span class='ocrx_word' id='word_1_283' title='bbox 1379 2321 1607 2394; x_wconf 87' lang='lat' dir='ltr'><strong>(Festus,</strong></span> <span class='ocrx_word' id='word_1_284' title='bbox 1638 2323 1707 2375; x_wconf 86' lang='lat' dir='ltr'><strong>ad</strong></span> <span class='ocrx_word' id='word_1_285' title='bbox 1732 2321 1867 2376; x_wconf 87' lang='lat' dir='ltr'><strong>verb.</strong></span> <span class='ocrx_word' id='word_1_286' title='bbox 1899 2319 2128 2376; x_wconf 84' lang='lat' dir='ltr'><strong>vato-</strong></span> 
     </span>
    </p>
   </div>
   <div class='ocr_carea' id='block_1_40' title="bbox 528 2416 2129 2489">
    <p class='ocr_par' dir='ltr' id='par_1_40' title="bbox 528 2416 2129 2489">
     <span class='ocr_line' id='line_1_40' title="bbox 528 2416 2129 2489; baseline -0.002 -16"><span class='ocrx_word' id='word_1_287' title='bbox 528 2417 681 2489; x_wconf 71' lang='lat' dir='ltr'><strong>Neu).</strong></span> <span class='ocrx_word' id='word_1_288' title='bbox 724 2437 743 2471; x_wconf 74' lang='grc' dir='ltr'><strong>ι</strong></span> <span class='ocrx_word' id='word_1_289' title='bbox 778 2417 947 2487; x_wconf 82' lang='lat' dir='ltr'><strong>Quam</strong></span> <span class='ocrx_word' id='word_1_290' title='bbox 996 2418 1209 2488; x_wconf 83' lang='lat' dir='ltr'><strong>quidem</strong></span> <span class='ocrx_word' id='word_1_291' title='bbox 1263 2418 1747 2472; x_wconf 83' lang='lat' dir='ltr'><strong>nomenclationem</strong></span> <span class='ocrx_word' id='word_1_292' title='bbox 1797 2416 2129 2487; x_wconf 80' lang='lat' dir='ltr'><strong>Augustinus</strong></span> 
     </span>
    </p>
   </div>
   <div class='ocr_carea' id='block_1_41' title="bbox 531 2510 2127 2566">
    <p class='ocr_par' dir='ltr' id='par_1_41' title="bbox 531 2510 2127 2566">
     <span class='ocr_line' id='line_1_41' title="bbox 531 2510 2127 2566; baseline 0.001 -1"><span class='ocrx_word' id='word_1_293' title='bbox 531 2510 791 2565; x_wconf 81' lang='lat' dir='ltr'><strong>Varronis</strong></span> <span class='ocrx_word' id='word_1_294' title='bbox 812 2512 1129 2566; x_wconf 88' lang='lat' dir='ltr'><strong>auctoritate</strong></span> <span class='ocrx_word' id='word_1_295' title='bbox 1160 2512 1234 2565; x_wconf 80' lang='lat' dir='ltr'><strong>sic</strong></span> <span class='ocrx_word' id='word_1_296' title='bbox 1255 2512 1539 2565; x_wconf 90' lang='lat' dir='ltr'><strong>conﬁrmat</strong></span> <span class='ocrx_word' id='word_1_297' title='bbox 1568 2529 1579 2564; x_wconf 88' lang='lat'><strong>:</strong></span> <span class='ocrx_word' id='word_1_298' title='bbox 1613 2529 1633 2562; x_wconf 86' lang='grc'><strong><em>‹</em></strong></span> <span class='ocrx_word' id='word_1_299' title='bbox 1671 2512 1775 2566; x_wconf 90' lang='lat' dir='ltr'><strong>Dea</strong></span> <span class='ocrx_word' id='word_1_300' title='bbox 1803 2510 1954 2565; x_wconf 84' lang='lat' dir='ltr'><strong>Mena</strong></span> <span class='ocrx_word' id='word_1_301' title='bbox 1980 2526 2127 2566; x_wconf 85' lang='lat' dir='ltr'><strong>men-</strong></span> 
     </span>
    </p>
   </div>
   <div class='ocr_carea' id='block_1_42' title="bbox 529 2602 2124 2673">
    <p class='ocr_par' dir='ltr' id='par_1_42' title="bbox 529 2602 2124 2673">
     <span class='ocr_line' id='line_1_42' title="bbox 529 2602 2124 2673; baseline -0.001 -14"><span class='ocrx_word' id='word_1_302' title='bbox 529 2608 696 2659; x_wconf 86' lang='lat' dir='ltr'><strong>struis</strong></span> <span class='ocrx_word' id='word_1_303' title='bbox 738 2602 993 2658; x_wconf 82' lang='lat' dir='ltr'><strong>llnoribns</strong></span> <span class='ocrx_word' id='word_1_304' title='bbox 1026 2613 1254 2672; x_wconf 70' lang='lat' dir='ltr'><strong>prmest.</strong></span> <span class='ocrx_word' id='word_1_305' title='bbox 1284 2602 1527 2673; x_wconf 84' lang='lat' dir='ltr'><strong>quamvis</strong></span> <span class='ocrx_word' id='word_1_306' title='bbox 1570 2602 1719 2658; x_wconf 90' lang='lat' dir='ltr'><strong>Jovis</strong></span> <span class='ocrx_word' id='word_1_307' title='bbox 1769 2602 1875 2657; x_wconf 88' lang='lat' dir='ltr'><strong>ﬁlia</strong></span> <span class='ocrx_word' id='word_1_308' title='bbox 1904 2646 1916 2663; x_wconf 90' lang='lat'><strong>.</strong></span> <span class='ocrx_word' id='word_1_309' title='bbox 1948 2612 2124 2657; x_wconf 90' lang='lat' dir='ltr'><strong>tamen</strong></span> 
     </span>
    </p>
   </div>
   <div class='ocr_carea' id='block_1_43' title="bbox 533 2694 2125 2768">
    <p class='ocr_par' dir='ltr' id='par_1_43' title="bbox 533 2694 2125 2768">
     <span class='ocr_line' id='line_1_43' title="bbox 533 2694 2125 2768; baseline -0.001 -19"><span class='ocrx_word' id='word_1_310' title='bbox 533 2694 802 2768; x_wconf 80' lang='lat' dir='ltr'><strong>ignobilis.</strong></span> <span class='ocrx_word' id='word_1_311' title='bbox 836 2695 900 2748; x_wconf 89' lang='lat' dir='ltr'><strong>Et</strong></span> <span class='ocrx_word' id='word_1_312' title='bbox 929 2694 1065 2749; x_wconf 87' lang='lat' dir='ltr'><strong>hanc</strong></span> <span class='ocrx_word' id='word_1_313' title='bbox 1099 2696 1427 2765; x_wconf 83' lang='lat' dir='ltr'><strong>provinciam</strong></span> <span class='ocrx_word' id='word_1_314' title='bbox 1468 2694 1696 2750; x_wconf 83' lang='lat' dir='ltr'><strong>ﬁnorum</strong></span> <span class='ocrx_word' id='word_1_315' title='bbox 1728 2703 2125 2749; x_wconf 90' lang='lat' dir='ltr'><strong>menstruorum</strong></span> 
     </span>
    </p>
   </div>
   <div class='ocr_carea' id='block_1_44' title="bbox 530 2788 2123 2859">
    <p class='ocr_par' dir='ltr' id='par_1_44' title="bbox 530 2788 2123 2859">
     <span class='ocr_line' id='line_1_44' title="bbox 530 2788 2123 2859; baseline -0.001 -16"><span class='ocrx_word' id='word_1_316' title='bbox 530 2790 584 2843; x_wconf 91' lang='lat' dir='ltr'><strong>in</strong></span> <span class='ocrx_word' id='word_1_317' title='bbox 616 2789 750 2842; x_wconf 85' lang='lat' dir='ltr'><strong>libro</strong></span> <span class='ocrx_word' id='word_1_318' title='bbox 780 2790 1102 2845; x_wconf 87' lang='lat' dir='ltr'><strong>selectorqu</strong></span> <span class='ocrx_word' id='word_1_319' title='bbox 1131 2790 1352 2843; x_wconf 87' lang='lat' dir='ltr'><strong>deorum</strong></span> <span class='ocrx_word' id='word_1_320' title='bbox 1386 2789 1482 2859; x_wconf 78' lang='lat' dir='ltr'><strong>ipsi</strong></span> <span class='ocrx_word' id='word_1_321' title='bbox 1509 2788 1704 2843; x_wconf 90' lang='lat' dir='ltr'><strong>Junoni</strong></span> <span class='ocrx_word' id='word_1_322' title='bbox 1734 2788 1875 2843; x_wconf 85' lang='lat' dir='ltr'><strong>idem</strong></span> <span class='ocrx_word' id='word_1_323' title='bbox 1908 2797 2123 2854; x_wconf 90' lang='lat' dir='ltr'><strong>auctor,</strong></span> 
     </span>
    </p>
   </div>
   <div class='ocr_carea' id='block_1_45' title="bbox 530 2864 2122 2951">
    <p class='ocr_par' dir='ltr' id='par_1_45' title="bbox 530 2864 2122 2951">
     <span class='ocr_line' id='line_1_45' title="bbox 530 2864 2122 2951; baseline -0.001 -17"><span class='ocrx_word' id='word_1_324' title='bbox 530 2878 722 2944; x_wconf 84' lang='lat' dir='ltr'><strong>Varro,</strong></span> <span class='ocrx_word' id='word_1_325' title='bbox 747 2880 1003 2949; x_wconf 56' lang='lat' dir='ltr'><strong>assignat,</strong></span> <span class='ocrx_word' id='word_1_326' title='bbox 1033 2896 1150 2946; x_wconf 76' lang='lat' dir='ltr'><strong>qua:</strong></span> <span class='ocrx_word' id='word_1_327' title='bbox 1173 2880 1223 2934; x_wconf 92' lang='lat' dir='ltr'><strong>in</strong></span> <span class='ocrx_word' id='word_1_328' title='bbox 1248 2880 1351 2933; x_wconf 74' lang='lat' dir='ltr'><strong>diis</strong></span> <span class='ocrx_word' id='word_1_329' title='bbox 1377 2864 1591 2935; x_wconf 86' lang='lat' dir='ltr'><strong>selectis</strong></span> <span class='ocrx_word' id='word_1_330' title='bbox 1617 2880 1775 2934; x_wconf 89' lang='lat' dir='ltr'><strong>etiam</strong></span> <span class='ocrx_word' id='word_1_331' title='bbox 1808 2881 1987 2951; x_wconf 83' lang='lat' dir='ltr'><strong>regina</strong></span> <span class='ocrx_word' id='word_1_332' title='bbox 2019 2890 2122 2944; x_wconf 90' lang='lat' dir='ltr'><strong>est,</strong></span> 
     </span>
    </p>
   </div>
   <div class='ocr_carea' id='block_1_46' title="bbox 530 2971 2123 3044">
    <p class='ocr_par' dir='ltr' id='par_1_46' title="bbox 530 2971 2123 3044">
     <span class='ocr_line' id='line_1_46' title="bbox 530 2971 2123 3044; baseline 0 -17"><span class='ocrx_word' id='word_1_333' title='bbox 530 2981 586 3027; x_wconf 88' lang='lat' dir='ltr'><strong>et</strong></span> <span class='ocrx_word' id='word_1_334' title='bbox 617 2971 701 3026; x_wconf 91' lang='lat' dir='ltr'><strong>hic</strong></span> <span class='ocrx_word' id='word_1_335' title='bbox 732 2983 999 3041; x_wconf 87' lang='lat' dir='ltr'><strong>tamquam</strong></span> <span class='ocrx_word' id='word_1_336' title='bbox 1029 2971 1169 3027; x_wconf 87' lang='lat' dir='ltr'><strong>Juno</strong></span> <span class='ocrx_word' id='word_1_337' title='bbox 1199 2972 1401 3028; x_wconf 89' lang='lat' dir='ltr'><strong>Lucina</strong></span> <span class='ocrx_word' id='word_1_338' title='bbox 1428 2989 1549 3029; x_wconf 89' lang='lat' dir='ltr'><strong>enm</strong></span> <span class='ocrx_word' id='word_1_339' title='bbox 1580 2973 1772 3028; x_wconf 87' lang='lat' dir='ltr'><strong>eadem</strong></span> <span class='ocrx_word' id='word_1_340' title='bbox 1799 2973 1980 3039; x_wconf 68' lang='lat' dir='ltr'><strong>Mena,</strong></span> <span class='ocrx_word' id='word_1_341' title='bbox 2011 2974 2123 3044; x_wconf 60' lang='lat' dir='ltr'><strong>prio</strong></span> 
     </span>
    </p>
   </div>
   <div class='ocr_carea' id='block_1_47' title="bbox 530 3064 2127 3138">
    <p class='ocr_par' dir='ltr' id='par_1_47' title="bbox 530 3064 2127 3138">
     <span class='ocr_line' id='line_1_47' title="bbox 530 3064 2127 3138; baseline 0.003 -21"><span class='ocrx_word' id='word_1_342' title='bbox 530 3065 688 3133; x_wconf 74' lang='lat' dir='ltr'><strong>vigna</strong></span> <span class='ocrx_word' id='word_1_343' title='bbox 719 3080 811 3117; x_wconf 82' lang='lat' dir='ltr'><strong>sua</strong></span> <span class='ocrx_word' id='word_1_344' title='bbox 838 3106 853 3129; x_wconf 93' lang='lat'><strong>,</strong></span> <span class='ocrx_word' id='word_1_345' title='bbox 885 3064 1058 3120; x_wconf 85' lang='lat' dir='ltr'><strong>eidem</strong></span> <span class='ocrx_word' id='word_1_346' title='bbox 1102 3067 1279 3121; x_wconf 86' lang='lat' dir='ltr'><strong>cruori</strong></span> <span class='ocrx_word' id='word_1_347' title='bbox 1339 3068 1591 3134; x_wconf 64' lang='lat' dir='ltr'><strong>prmsidet</strong></span> <span class='ocrx_word' id='word_1_348' title='bbox 1638 3067 1898 3138; x_wconf 83' lang='lat' dir='ltr'><strong>(August.,</strong></span> <span class='ocrx_word' id='word_1_349' title='bbox 1933 3066 2021 3122; x_wconf 89' lang='lat' dir='ltr'><strong>lib.</strong></span> <span class='ocrx_word' id='word_1_350' title='bbox 2052 3081 2127 3121; x_wconf 82' lang='lat' dir='ltr'><strong>vn</strong></span> 
     </span>
    </p>
   </div>
   <div class='ocr_carea' id='block_1_48' title="bbox 530 3154 2122 3231">
    <p class='ocr_par' dir='ltr' id='par_1_48' title="bbox 530 3154 2122 3231">
     <span class='ocr_line' id='line_1_48' title="bbox 530 3154 2122 3231; baseline 0.004 -22"><span class='ocrx_word' id='word_1_351' title='bbox 530 3156 595 3210; x_wconf 81' lang='lat' dir='ltr'><strong>de</strong></span> <span class='ocrx_word' id='word_1_352' title='bbox 633 3154 806 3223; x_wconf 85' lang='lat' dir='ltr'><strong>Civil.,</strong></span> <span class='ocrx_word' id='word_1_353' title='bbox 835 3174 949 3228; x_wconf 52' lang='lat' dir='ltr'><strong>cup.</strong></span> <span class='ocrx_word' id='word_1_354' title='bbox 981 3158 1048 3225; x_wconf 93' lang='lat'><strong>2,</strong></span> <span class='ocrx_word' id='word_1_355' title='bbox 1085 3177 1203 3231; x_wconf 85' lang='lat' dir='ltr'><strong>pag.</strong></span> <span class='ocrx_word' id='word_1_356' title='bbox 1238 3159 1384 3231; x_wconf 79' lang='grc'><strong>165).</strong></span> <span class='ocrx_word' id='word_1_357' title='bbox 1425 3179 1445 3212; x_wconf 79' lang='grc' dir='ltr'><strong>ι</strong></span> <span class='ocrx_word' id='word_1_358' title='bbox 1495 3161 1600 3217; x_wconf 89' lang='lat' dir='ltr'><strong>Sed</strong></span> <span class='ocrx_word' id='word_1_359' title='bbox 1643 3160 1697 3214; x_wconf 93' lang='lat' dir='ltr'><strong>id</strong></span> <span class='ocrx_word' id='word_1_360' title='bbox 1726 3159 1916 3214; x_wconf 73' lang='lat' dir='ltr'><strong>abillo</strong></span> <span class='ocrx_word' id='word_1_361' title='bbox 1964 3161 2122 3231; x_wconf 90' lang='lat' dir='ltr'><strong>paulo</strong></span> 
     </span>
    </p>
   </div>
   <div class='ocr_carea' id='block_1_49' title="bbox 2235 1949 3845 2021">
    <p class='ocr_par' dir='ltr' id='par_1_49' title="bbox 2235 1949 3845 2021">
     <span class='ocr_line' id='line_1_49' title="bbox 2235 1949 3845 2021; baseline -0.001 -16"><span class='ocrx_word' id='word_1_362' title='bbox 2235 1960 2593 2020; x_wconf 89' lang='lat' dir='ltr'><strong>nuncupatam</strong></span> <span class='ocrx_word' id='word_1_363' title='bbox 2622 1959 2829 2015; x_wconf 86' lang='lat' dir='ltr'><strong>censet,</strong></span> <span class='ocrx_word' id='word_1_364' title='bbox 2863 1949 3004 2020; x_wconf 89' lang='lat' dir='ltr'><strong>quod</strong></span> <span class='ocrx_word' id='word_1_365' title='bbox 3037 1959 3247 2021; x_wconf 84' lang='lat' dir='ltr'><strong>pangat,</strong></span> <span class='ocrx_word' id='word_1_366' title='bbox 3271 1950 3407 2017; x_wconf 87' lang='lat' dir='ltr'><strong>sive,</strong></span> <span class='ocrx_word' id='word_1_367' title='bbox 3439 1958 3500 2005; x_wconf 90' lang='lat' dir='ltr'><strong>ut</strong></span> <span class='ocrx_word' id='word_1_368' title='bbox 3524 1949 3730 2021; x_wconf 89' lang='lat' dir='ltr'><strong>antiqui</strong></span> <span class='ocrx_word' id='word_1_369' title='bbox 3758 1949 3845 2004; x_wconf 83' lang='lat' dir='ltr'><strong>lo-</strong></span> 
     </span>
    </p>
   </div>
   <div class='ocr_carea' id='block_1_50' title="bbox 2233 2042 3196 2114">
    <p class='ocr_par' dir='ltr' id='par_1_50' title="bbox 2233 2042 3196 2114">
     <span class='ocr_line' id='line_1_50' title="bbox 2233 2042 3196 2114; baseline -0.002 -17"><span class='ocrx_word' id='word_1_370' title='bbox 2233 2042 2554 2113; x_wconf 88' lang='lat' dir='ltr'><strong>quebantur,</strong></span> <span class='ocrx_word' id='word_1_371' title='bbox 2583 2053 2733 2114; x_wconf 87' lang='lat' dir='ltr'><strong>paget</strong></span> <span class='ocrx_word' id='word_1_372' title='bbox 2763 2059 3038 2113; x_wconf 83' lang='lat' dir='ltr'><strong>puerorum</strong></span> <span class='ocrx_word' id='word_1_373' title='bbox 3060 2059 3196 2097; x_wconf 83' lang='lat' dir='ltr'><strong>ossa.</strong></span> 
     </span>
    </p>
   </div>
   <div class='ocr_carea' id='block_1_51' title="bbox 2305 2132 3841 2200">
    <p class='ocr_par' dir='ltr' id='par_1_51' title="bbox 2305 2132 3841 2200">
     <span class='ocr_line' id='line_1_51' title="bbox 2305 2132 3841 2200; baseline 0.001 -12"><span class='ocrx_word' id='word_1_374' title='bbox 2305 2132 2547 2189; x_wconf 86' lang='lat' dir='ltr'><strong>Februtis</strong></span> <span class='ocrx_word' id='word_1_375' title='bbox 2573 2142 2774 2200; x_wconf 89' lang='lat' dir='ltr'><strong>autem,</strong></span> <span class='ocrx_word' id='word_1_376' title='bbox 2800 2134 2915 2189; x_wconf 90' lang='lat' dir='ltr'><strong>sive</strong></span> <span class='ocrx_word' id='word_1_377' title='bbox 2943 2132 3180 2188; x_wconf 83' lang='lat' dir='ltr'><strong>Febralis</strong></span> <span class='ocrx_word' id='word_1_378' title='bbox 3203 2132 3345 2188; x_wconf 83' lang='lat' dir='ltr'><strong>Juno</strong></span> <span class='ocrx_word' id='word_1_379' title='bbox 3374 2148 3403 2187; x_wconf 90' lang='lat' dir='ltr'><strong>a</strong></span> <span class='ocrx_word' id='word_1_380' title='bbox 3432 2133 3689 2188; x_wconf 80' lang='lat' dir='ltr'><strong>Romanis</strong></span> <span class='ocrx_word' id='word_1_381' title='bbox 3707 2176 3721 2200; x_wconf 91' lang='lat'><strong>,</strong></span> <span class='ocrx_word' id='word_1_382' title='bbox 3758 2134 3841 2189; x_wconf 89' lang='lat' dir='ltr'><strong>uti</strong></span> 
     </span>
    </p>
   </div>
   <div class='ocr_carea' id='block_1_52' title="bbox 2232 2225 3843 2292">
    <p class='ocr_par' dir='ltr' id='par_1_52' title="bbox 2232 2225 3843 2292">
     <span class='ocr_line' id='line_1_52' title="bbox 2232 2225 3843 2292; baseline -0.002 -7"><span class='ocrx_word' id='word_1_383' title='bbox 2232 2229 2409 2285; x_wconf 88' lang='lat' dir='ltr'><strong>adhuc</strong></span> <span class='ocrx_word' id='word_1_384' title='bbox 2434 2230 2685 2285; x_wconf 85' lang='lat' dir='ltr'><strong>observat</strong></span> <span class='ocrx_word' id='word_1_385' title='bbox 2707 2228 2919 2292; x_wconf 80' lang='lat' dir='ltr'><strong>Fesms,</strong></span> <span class='ocrx_word' id='word_1_386' title='bbox 2942 2230 3010 2284; x_wconf 90' lang='lat' dir='ltr'><strong>ab</strong></span> <span class='ocrx_word' id='word_1_387' title='bbox 3030 2228 3152 2281; x_wconf 89' lang='lat' dir='ltr'><strong>aliis</strong></span> <span class='ocrx_word' id='word_1_388' title='bbox 3180 2226 3427 2291; x_wconf 85' lang='lat' dir='ltr'><strong>Februta,</strong></span> <span class='ocrx_word' id='word_1_389' title='bbox 3455 2228 3537 2281; x_wconf 84' lang='lat' dir='ltr'><strong>vel</strong></span> <span class='ocrx_word' id='word_1_390' title='bbox 3564 2225 3843 2281; x_wconf 82' lang='lat' dir='ltr'><strong>Februalis</strong></span> 
     </span>
    </p>
   </div>
   <div class='ocr_carea' id='block_1_53' title="bbox 2232 2318 3839 2393">
    <p class='ocr_par' dir='ltr' id='par_1_53' title="bbox 2232 2318 3839 2393">
     <span class='ocr_line' id='line_1_53' title="bbox 2232 2318 3839 2393; baseline -0.002 -16"><span class='ocrx_word' id='word_1_391' title='bbox 2232 2321 2711 2393; x_wconf 74' lang='lat' dir='ltr'><strong>cognominabatur</strong></span> <span class='ocrx_word' id='word_1_392' title='bbox 2725 2319 2894 2388; x_wconf 83' lang='lat' dir='ltr'><strong>(Fest.</strong></span> <span class='ocrx_word' id='word_1_393' title='bbox 2912 2319 2980 2373; x_wconf 85' lang='lat' dir='ltr'><strong>ad</strong></span> <span class='ocrx_word' id='word_1_394' title='bbox 2994 2318 3199 2374; x_wconf 83' lang='lat' dir='ltr'><strong>uerbum</strong></span> <span class='ocrx_word' id='word_1_395' title='bbox 3218 2319 3567 2390; x_wconf 69' lang='lat' dir='ltr'><strong>renouatus)</strong></span> <span class='ocrx_word' id='word_1_396' title='bbox 3579 2358 3593 2371; x_wconf 91' lang='lat'><strong>.</strong></span> <span class='ocrx_word' id='word_1_397' title='bbox 3627 2318 3839 2374; x_wconf 80' lang='lat' dir='ltr'><strong>Nomen</strong></span> 
     </span>
    </p>
   </div>
   <div class='ocr_carea' id='block_1_54' title="bbox 2232 2411 3841 2485">
    <p class='ocr_par' dir='ltr' id='par_1_54' title="bbox 2232 2411 3841 2485">
     <span class='ocr_line' id='line_1_54' title="bbox 2232 2411 3841 2485; baseline -0.001 -18"><span class='ocrx_word' id='word_1_398' title='bbox 2232 2430 2394 2485; x_wconf 87' lang='lat' dir='ltr'><strong>porro</strong></span> <span class='ocrx_word' id='word_1_399' title='bbox 2424 2414 2553 2470; x_wconf 91' lang='lat' dir='ltr'><strong>illud</strong></span> <span class='ocrx_word' id='word_1_400' title='bbox 2586 2415 2775 2469; x_wconf 87' lang='lat' dir='ltr'><strong>sortita</strong></span> <span class='ocrx_word' id='word_1_401' title='bbox 2801 2422 2887 2468; x_wconf 87' lang='lat' dir='ltr'><strong>est</strong></span> <span class='ocrx_word' id='word_1_402' title='bbox 2911 2428 2941 2468; x_wconf 89' lang='lat' dir='ltr'><strong>a</strong></span> <span class='ocrx_word' id='word_1_403' title='bbox 2976 2429 3161 2468; x_wconf 89' lang='lat' dir='ltr'><strong>mense</strong></span> <span class='ocrx_word' id='word_1_404' title='bbox 3210 2411 3482 2467; x_wconf 82' lang='lat' dir='ltr'><strong>februario</strong></span> <span class='ocrx_word' id='word_1_405' title='bbox 3503 2454 3518 2479; x_wconf 93' lang='lat'><strong>,</strong></span> <span class='ocrx_word' id='word_1_406' title='bbox 3549 2427 3655 2481; x_wconf 88' lang='lat' dir='ltr'><strong>quo</strong></span> <span class='ocrx_word' id='word_1_407' title='bbox 3679 2426 3841 2466; x_wconf 83' lang='lat' dir='ltr'><strong>sacra</strong></span> 
     </span>
    </p>
   </div>
   <div class='ocr_carea' id='block_1_55' title="bbox 2232 2503 3847 2578">
    <p class='ocr_par' dir='ltr' id='par_1_55' title="bbox 2232 2503 3847 2578">
     <span class='ocr_line' id='line_1_55' title="bbox 2232 2503 3847 2578; baseline -0.002 -15"><span class='ocrx_word' id='word_1_408' title='bbox 2232 2508 2348 2578; x_wconf 87' lang='lat' dir='ltr'><strong>ejus</strong></span> <span class='ocrx_word' id='word_1_409' title='bbox 2382 2509 2495 2564; x_wconf 84' lang='lat' dir='ltr'><strong>ﬁeri</strong></span> <span class='ocrx_word' id='word_1_410' title='bbox 2527 2508 2794 2576; x_wconf 86' lang='lat' dir='ltr'><strong>solebant,</strong></span> <span class='ocrx_word' id='word_1_411' title='bbox 2824 2517 2985 2576; x_wconf 87' lang='lat' dir='ltr'><strong>atque</strong></span> <span class='ocrx_word' id='word_1_412' title='bbox 3018 2517 3075 2561; x_wconf 92' lang='lat' dir='ltr'><strong>ut</strong></span> <span class='ocrx_word' id='word_1_413' title='bbox 3119 2507 3260 2563; x_wconf 87' lang='lat' dir='ltr'><strong>idem</strong></span> <span class='ocrx_word' id='word_1_414' title='bbox 3299 2505 3493 2561; x_wconf 87' lang='lat' dir='ltr'><strong>Festus</strong></span> <span class='ocrx_word' id='word_1_415' title='bbox 3518 2506 3629 2560; x_wconf 86' lang='lat' dir='ltr'><strong>ait:</strong></span> <span class='ocrx_word' id='word_1_416' title='bbox 3664 2503 3847 2560; x_wconf 69' lang='lat' dir='ltr'><strong>Feria:</strong></span> 
     </span>
    </p>
   </div>
   <div class='ocr_carea' id='block_1_56' title="bbox 2232 2601 3841 2675">
    <p class='ocr_par' dir='ltr' id='par_1_56' title="bbox 2232 2601 3841 2675">
     <span class='ocr_line' id='line_1_56' title="bbox 2232 2601 3841 2675; baseline 0.001 -19"><span class='ocrx_word' id='word_1_417' title='bbox 2232 2613 2375 2657; x_wconf 87' lang='lat' dir='ltr'><strong>erant</strong></span> <span class='ocrx_word' id='word_1_418' title='bbox 2415 2602 2759 2675; x_wconf 87' lang='lat' dir='ltr'><strong>Lupercalia,</strong></span> <span class='ocrx_word' id='word_1_419' title='bbox 2805 2618 2902 2672; x_wconf 80' lang='lat' dir='ltr'><strong>quo</strong></span> <span class='ocrx_word' id='word_1_420' title='bbox 2947 2604 3029 2657; x_wconf 85' lang='lat' dir='ltr'><strong>die</strong></span> <span class='ocrx_word' id='word_1_421' title='bbox 3073 2603 3312 2657; x_wconf 84' lang='lat' dir='ltr'><strong>mulieres</strong></span> <span class='ocrx_word' id='word_1_422' title='bbox 3363 2601 3748 2671; x_wconf 81' lang='lat' dir='ltr'><strong>[ebruabuutnr,</strong></span> <span class='ocrx_word' id='word_1_423' title='bbox 3783 2602 3841 2657; x_wconf 92' lang='lat' dir='ltr'><strong>id</strong></span> 
     </span>
    </p>
   </div>
   <div class='ocr_carea' id='block_1_57' title="bbox 2231 2693 3846 2767">
    <p class='ocr_par' dir='ltr' id='par_1_57' title="bbox 2231 2693 3846 2767">
     <span class='ocr_line' id='line_1_57' title="bbox 2231 2693 3846 2767; baseline -0.001 -15"><span class='ocrx_word' id='word_1_424' title='bbox 2231 2706 2335 2763; x_wconf 86' lang='lat' dir='ltr'><strong>est,</strong></span> <span class='ocrx_word' id='word_1_425' title='bbox 2364 2696 2730 2751; x_wconf 79' lang='lat' dir='ltr'><strong>lustrabantur</strong></span> <span class='ocrx_word' id='word_1_426' title='bbox 2759 2707 2814 2751; x_wconf 93' lang='lat' dir='ltr'><strong>et</strong></span> <span class='ocrx_word' id='word_1_427' title='bbox 2845 2696 3229 2767; x_wconf 82' lang='lat' dir='ltr'><strong>purgabantur,</strong></span> <span class='ocrx_word' id='word_1_428' title='bbox 3260 2712 3292 2749; x_wconf 90' lang='lat' dir='ltr'><strong>a</strong></span> <span class='ocrx_word' id='word_1_429' title='bbox 3319 2693 3591 2766; x_wconf 81' lang='lat' dir='ltr'><strong>Lupercis,</strong></span> <span class='ocrx_word' id='word_1_430' title='bbox 3612 2694 3846 2750; x_wconf 85' lang='lat' dir='ltr'><strong>amiculo</strong></span> 
     </span>
    </p>
   </div>
   <div class='ocr_carea' id='block_1_58' title="bbox 2228 2785 3839 2860">
    <p class='ocr_par' dir='ltr' id='par_1_58' title="bbox 2228 2785 3839 2860">
     <span class='ocr_line' id='line_1_58' title="bbox 2228 2785 3839 2860; baseline -0.001 -15"><span class='ocrx_word' id='word_1_431' title='bbox 2228 2791 2493 2857; x_wconf 72' lang='lat' dir='ltr'><strong>lunonis,</strong></span> <span class='ocrx_word' id='word_1_432' title='bbox 2522 2791 2576 2844; x_wconf 87' lang='lat' dir='ltr'><strong>id</strong></span> <span class='ocrx_word' id='word_1_433' title='bbox 2620 2801 2731 2857; x_wconf 81' lang='lat' dir='ltr'><strong>est,</strong></span> <span class='ocrx_word' id='word_1_434' title='bbox 2770 2792 2903 2860; x_wconf 86' lang='lat' dir='ltr'><strong>pelle</strong></span> <span class='ocrx_word' id='word_1_435' title='bbox 2951 2791 3185 2854; x_wconf 85' lang='lat' dir='ltr'><strong>caprina.</strong></span> <span class='ocrx_word' id='word_1_436' title='bbox 3234 2790 3455 2859; x_wconf 74' lang='lat' dir='ltr'><strong>Legesis</strong></span> <span class='ocrx_word' id='word_1_437' title='bbox 3497 2785 3839 2854; x_wconf 80' lang='lat' dir='ltr'><strong>Varronem,</strong></span> 
     </span>
    </p>
   </div>
   <div class='ocr_carea' id='block_1_59' title="bbox 2229 2882 3845 2954">
    <p class='ocr_par' dir='ltr' id='par_1_59' title="bbox 2229 2882 3845 2954">
     <span class='ocr_line' id='line_1_59' title="bbox 2229 2882 3845 2954; baseline -0.001 -16"><span class='ocrx_word' id='word_1_438' title='bbox 2229 2883 2617 2954; x_wconf 83' lang='lat' dir='ltr'><strong>Augustinum,</strong></span> <span class='ocrx_word' id='word_1_439' title='bbox 2649 2895 2703 2939; x_wconf 91' lang='lat' dir='ltr'><strong>et</strong></span> <span class='ocrx_word' id='word_1_440' title='bbox 2743 2883 2938 2939; x_wconf 89' lang='lat' dir='ltr'><strong>Lilium</strong></span> <span class='ocrx_word' id='word_1_441' title='bbox 2987 2883 3265 2941; x_wconf 88' lang='lat' dir='ltr'><strong>Giraldum</strong></span> <span class='ocrx_word' id='word_1_442' title='bbox 3308 2882 3525 2954; x_wconf 79' lang='lat' dir='ltr'><strong>(Varr.,</strong></span> <span class='ocrx_word' id='word_1_443' title='bbox 3559 2884 3648 2937; x_wconf 90' lang='lat' dir='ltr'><strong>lib.</strong></span> <span class='ocrx_word' id='word_1_444' title='bbox 3680 2898 3712 2938; x_wconf 83' lang='grc' dir='ltr'><strong>ν</strong></span> <span class='ocrx_word' id='word_1_445' title='bbox 3774 2884 3845 2937; x_wconf 87' lang='lat' dir='ltr'><strong>de</strong></span> 
     </span>
    </p>
   </div>
   <div class='ocr_carea' id='block_1_60' title="bbox 2228 2978 3839 3051">
    <p class='ocr_par' dir='ltr' id='par_1_60' title="bbox 2228 2978 3839 3051">
     <span class='ocr_line' id='line_1_60' title="bbox 2228 2978 3839 3051; baseline 0.001 -18"><span class='ocrx_word' id='word_1_446' title='bbox 2228 2978 2379 3049; x_wconf 87' lang='lat' dir='ltr'><strong>Ling.</strong></span> <span class='ocrx_word' id='word_1_447' title='bbox 2416 2981 2532 3044; x_wconf 89' lang='lat' dir='ltr'><strong>lat.,</strong></span> <span class='ocrx_word' id='word_1_448' title='bbox 2568 2979 2596 3050; x_wconf 84' lang='lat'>§</span> <span class='ocrx_word' id='word_1_449' title='bbox 2626 2980 2690 3044; x_wconf 70' lang='grc' dir='ltr'><strong>ὃς</strong></span> <span class='ocrx_word' id='word_1_450' title='bbox 2726 2980 2967 3051; x_wconf 81' lang='lat' dir='ltr'><strong>August.,</strong></span> <span class='ocrx_word' id='word_1_451' title='bbox 2994 2980 3035 3034; x_wconf 84' lang='grc' dir='ltr'><strong>Ι.</strong></span> <span class='ocrx_word' id='word_1_452' title='bbox 3064 2993 3136 3033; x_wconf 89' lang='lat' dir='ltr'><strong>vn</strong></span> <span class='ocrx_word' id='word_1_453' title='bbox 3165 2980 3229 3033; x_wconf 82' lang='lat' dir='ltr'><strong>de</strong></span> <span class='ocrx_word' id='word_1_454' title='bbox 3254 2978 3427 3043; x_wconf 85' lang='lat' dir='ltr'><strong>Civit.,</strong></span> <span class='ocrx_word' id='word_1_455' title='bbox 3448 2992 3495 3033; x_wconf 86' lang='lat' dir='ltr'><strong>c.</strong></span> <span class='ocrx_word' id='word_1_456' title='bbox 3531 2978 3584 3045; x_wconf 87' lang='lat'><strong>7,</strong></span> <span class='ocrx_word' id='word_1_457' title='bbox 3614 2978 3839 3049; x_wconf 66' lang='lat' dir='ltr'><strong>p.168;</strong></span> 
     </span>
    </p>
   </div>
   <div class='ocr_carea' id='block_1_61' title="bbox 2231 3073 3126 3147">
    <p class='ocr_par' dir='ltr' id='par_1_61' title="bbox 2231 3073 3126 3147">
     <span class='ocr_line' id='line_1_61' title="bbox 2231 3073 3126 3147; baseline 0 -18"><span class='ocrx_word' id='word_1_458' title='bbox 2231 3073 2459 3136; x_wconf 81' lang='lat' dir='ltr'><strong>Girald.,</strong></span> <span class='ocrx_word' id='word_1_459' title='bbox 2494 3075 2769 3147; x_wconf 85' lang='lat' dir='ltr'><strong>Sgntagm.</strong></span> <span class='ocrx_word' id='word_1_460' title='bbox 2798 3077 2852 3141; x_wconf 78' lang='grc'><strong>5,</strong></span> <span class='ocrx_word' id='word_1_461' title='bbox 2885 3094 2940 3146; x_wconf 88' lang='lat' dir='ltr'><strong>p.</strong></span> <span class='ocrx_word' id='word_1_462' title='bbox 2974 3074 3126 3146; x_wconf 76' lang='lat'><strong>“9).</strong></span> 
     </span>
    </p>
   </div>
   <div class='ocr_carea' id='block_1_62' title="bbox 2301 3164 3841 3238">
    <p class='ocr_par' dir='ltr' id='par_1_62' title="bbox 2301 3164 3841 3238">
     <span class='ocr_line' id='line_1_62' title="bbox 2301 3164 3841 3238; baseline 0.001 -18"><span class='ocrx_word' id='word_1_463' title='bbox 2301 3166 2611 3237; x_wconf 72' lang='lat' dir='ltr'><strong>Papuloniw</strong></span> <span class='ocrx_word' id='word_1_464' title='bbox 2645 3182 2775 3223; x_wconf 89' lang='lat' dir='ltr'><strong>vero</strong></span> <span class='ocrx_word' id='word_1_465' title='bbox 2800 3166 3062 3230; x_wconf 85' lang='lat' dir='ltr'><strong>Junonis,</strong></span> <span class='ocrx_word' id='word_1_466' title='bbox 3090 3176 3146 3222; x_wconf 91' lang='lat' dir='ltr'><strong>et</strong></span> <span class='ocrx_word' id='word_1_467' title='bbox 3179 3166 3362 3238; x_wconf 89' lang='lat' dir='ltr'><strong>templi</strong></span> <span class='ocrx_word' id='word_1_468' title='bbox 3395 3167 3447 3221; x_wconf 91' lang='lat' dir='ltr'><strong>in</strong></span> <span class='ocrx_word' id='word_1_469' title='bbox 3479 3164 3624 3221; x_wconf 79' lang='lat' dir='ltr'><strong>illius</strong></span> <span class='ocrx_word' id='word_1_470' title='bbox 3654 3166 3841 3221; x_wconf 88' lang='lat' dir='ltr'><strong>hono-</strong></span> 
     </span>
    </p>
   </div>
   <div class='ocr_carea' id='block_1_63' title="bbox 528 3230 3837 3330">
    <p class='ocr_par' dir='ltr' id='par_1_63' title="bbox 528 3230 3837 3330">
     <span class='ocr_line' id='line_1_63' title="bbox 528 3230 3837 3330; baseline 0.003 -25"><span class='ocrx_word' id='word_1_471' title='bbox 528 3263 650 3321; x_wconf 85' lang='lat' dir='ltr'><strong>post</strong></span> <span class='ocrx_word' id='word_1_472' title='bbox 672 3294 687 3317; x_wconf 88' lang='lat'><strong>,</strong></span> <span class='ocrx_word' id='word_1_473' title='bbox 723 3254 815 3307; x_wconf 90' lang='lat' dir='ltr'><strong>sed</strong></span> <span class='ocrx_word' id='word_1_474' title='bbox 846 3253 1060 3308; x_wconf 87' lang='lat' dir='ltr'><strong>brevius</strong></span> <span class='ocrx_word' id='word_1_475' title='bbox 1108 3230 1389 3324; x_wconf 86' lang='lat' dir='ltr'><strong>repetitum</strong></span> <span class='ocrx_word' id='word_1_476' title='bbox 1411 3299 1425 3320; x_wconf 96' lang='lat'><strong>,</strong></span> <span class='ocrx_word' id='word_1_477' title='bbox 1460 3266 1513 3309; x_wconf 87' lang='lat' dir='ltr'><strong>et</strong></span> <span class='ocrx_word' id='word_1_478' title='bbox 1556 3272 1583 3308; x_wconf 90' lang='lat' dir='ltr'><strong>a</strong></span> <span class='ocrx_word' id='word_1_479' title='bbox 1618 3254 1811 3310; x_wconf 87' lang='lat' dir='ltr'><strong>Vossio</strong></span> <span class='ocrx_word' id='word_1_480' title='bbox 1839 3230 2120 3310; x_wconf 84' lang='lat' dir='ltr'><strong>tractatum</strong></span> <span class='ocrx_word' id='word_1_481' title='bbox 2151 3230 2197 3292; x_wconf 55' lang='grc' dir='ltr'><strong>(ἶ</strong></span> <span class='ocrx_word' id='word_1_482' title='bbox 2229 3273 2344 3315; x_wconf 90' lang='lat' dir='ltr'><strong>rem</strong></span> <span class='ocrx_word' id='word_1_483' title='bbox 2385 3230 2577 3324; x_wconf 36' lang='lat' dir='ltr'><strong>&#39;dicati,</strong></span> <span class='ocrx_word' id='word_1_484' title='bbox 2612 3260 2858 3315; x_wconf 87' lang='lat' dir='ltr'><strong>meminit</strong></span> <span class='ocrx_word' id='word_1_485' title='bbox 2905 3259 3046 3330; x_wconf 89' lang='lat' dir='ltr'><strong>apud</strong></span> <span class='ocrx_word' id='word_1_486' title='bbox 3091 3230 3417 3314; x_wconf 79' lang='lat' dir='ltr'><strong>Macrobiuut</strong></span> <span class='ocrx_word' id='word_1_487' title='bbox 3463 3258 3525 3313; x_wconf 86' lang='lat' dir='ltr'><strong>P.</strong></span> <span class='ocrx_word' id='word_1_488' title='bbox 3572 3258 3837 3315; x_wconf 87' lang='lat' dir='ltr'><strong>Tertius:</strong></span> 
     </span>
    </p>
   </div>
   <div class='ocr_carea' id='block_1_64' title="bbox 527 3342 2126 3419">
    <p class='ocr_par' dir='ltr' id='par_1_64' title="bbox 527 3342 2126 3419">
     <span class='ocr_line' id='line_1_64' title="bbox 527 3342 2126 3419; baseline 0.004 -21"><span class='ocrx_word' id='word_1_489' title='bbox 527 3344 764 3413; x_wconf 85' lang='lat' dir='ltr'><strong>reperies</strong></span> <span class='ocrx_word' id='word_1_490' title='bbox 813 3342 1000 3417; x_wconf 82' lang='lat' dir='ltr'><strong>(Ibid.,</strong></span> <span class='ocrx_word' id='word_1_491' title='bbox 1044 3362 1159 3413; x_wconf 85' lang='lat' dir='ltr'><strong>cap.</strong></span> <span class='ocrx_word' id='word_1_492' title='bbox 1206 3347 1278 3413; x_wconf 77' lang='lat'><strong>5;</strong></span> <span class='ocrx_word' id='word_1_493' title='bbox 1328 3345 1498 3413; x_wconf 78' lang='lat' dir='ltr'><strong>Voss,</strong></span> <span class='ocrx_word' id='word_1_494' title='bbox 1554 3348 1642 3401; x_wconf 85' lang='lat' dir='ltr'><strong>lib.</strong></span> <span class='ocrx_word' id='word_1_495' title='bbox 1692 3364 1741 3401; x_wconf 82' lang='lat' dir='ltr'><strong>vt</strong></span> <span class='ocrx_word' id='word_1_496' title='bbox 1784 3348 1846 3402; x_wconf 87' lang='lat' dir='ltr'><strong>de</strong></span> <span class='ocrx_word' id='word_1_497' title='bbox 1893 3347 2040 3419; x_wconf 87' lang='lat' dir='ltr'><strong>Orig.</strong></span> <span class='ocrx_word' id='word_1_498' title='bbox 2080 3362 2126 3405; x_wconf 86' lang='lat' dir='ltr'><strong>et</strong></span> 
     </span>
    </p>
   </div>
   <div class='ocr_carea' id='block_1_65' title="bbox 526 3436 1477 3510">
    <p class='ocr_par' dir='ltr' id='par_1_65' title="bbox 526 3436 1477 3510">
     <span class='ocr_line' id='line_1_65' title="bbox 526 3436 1477 3510; baseline 0.005 -21"><span class='ocrx_word' id='word_1_499' title='bbox 526 3454 677 3506; x_wconf 86' lang='lat' dir='ltr'><strong>prog.</strong></span> <span class='ocrx_word' id='word_1_500' title='bbox 713 3436 878 3504; x_wconf 88' lang='lat' dir='ltr'><strong>ldol.,</strong></span> <span class='ocrx_word' id='word_1_501' title='bbox 911 3454 1027 3505; x_wconf 82' lang='lat' dir='ltr'><strong>cap.</strong></span> <span class='ocrx_word' id='word_1_502' title='bbox 1058 3438 1149 3502; x_wconf 87' lang='lat'><strong>26,</strong></span> <span class='ocrx_word' id='word_1_503' title='bbox 1178 3456 1298 3509; x_wconf 87' lang='lat' dir='ltr'><strong>pag.</strong></span> <span class='ocrx_word' id='word_1_504' title='bbox 1326 3439 1477 3510; x_wconf 87' lang='grc'><strong>221).</strong></span> 
     </span>
    </p>
   </div>
   <div class='ocr_carea' id='block_1_66' title="bbox 599 3530 2121 3607">
    <p class='ocr_par' dir='ltr' id='par_1_66' title="bbox 599 3530 2121 3607">
     <span class='ocr_line' id='line_1_66' title="bbox 599 3530 2121 3607; baseline 0.009 -28"><span class='ocrx_word' id='word_1_505' title='bbox 599 3530 853 3596; x_wconf 73' lang='lat' dir='ltr'><strong>Quamvis</strong></span> <span class='ocrx_word' id='word_1_506' title='bbox 883 3541 1061 3585; x_wconf 89' lang='lat' dir='ltr'><strong>autem</strong></span> <span class='ocrx_word' id='word_1_507' title='bbox 1094 3531 1263 3586; x_wconf 81' lang='lat' dir='ltr'><strong>Varro</strong></span> <span class='ocrx_word' id='word_1_508' title='bbox 1310 3534 1541 3587; x_wconf 76' lang='lat' dir='ltr'><strong>oorniuis</strong></span> <span class='ocrx_word' id='word_1_509' title='bbox 1573 3533 1821 3589; x_wconf 75' lang='lat' dir='ltr'><strong>Pomona:</strong></span> <span class='ocrx_word' id='word_1_510' title='bbox 1858 3536 2121 3607; x_wconf 82' lang='lat' dir='ltr'><strong>originem</strong></span> 
     </span>
    </p>
   </div>
   <div class='ocr_carea' id='block_1_67' title="bbox 530 3621 2120 3698">
    <p class='ocr_par' dir='ltr' id='par_1_67' title="bbox 530 3621 2120 3698">
     <span class='ocr_line' id='line_1_67' title="bbox 530 3621 2120 3698; baseline 0.008 -24"><span class='ocrx_word' id='word_1_511' title='bbox 530 3621 698 3677; x_wconf 83' lang='lat' dir='ltr'><strong>latere</strong></span> <span class='ocrx_word' id='word_1_512' title='bbox 727 3622 957 3678; x_wconf 87' lang='lat' dir='ltr'><strong>lateatur</strong></span> <span class='ocrx_word' id='word_1_513' title='bbox 977 3667 989 3684; x_wconf 87' lang='lat'><strong>.</strong></span> <span class='ocrx_word' id='word_1_514' title='bbox 1020 3640 1139 3679; x_wconf 91' lang='lat' dir='ltr'><strong>eam</strong></span> <span class='ocrx_word' id='word_1_515' title='bbox 1171 3635 1347 3679; x_wconf 89' lang='lat' dir='ltr'><strong>tamen</strong></span> <span class='ocrx_word' id='word_1_516' title='bbox 1380 3627 1488 3689; x_wconf 85' lang='lat' dir='ltr'><strong>ille.</strong></span> <span class='ocrx_word' id='word_1_517' title='bbox 1516 3637 1570 3682; x_wconf 91' lang='lat' dir='ltr'><strong>et</strong></span> <span class='ocrx_word' id='word_1_518' title='bbox 1595 3626 1842 3694; x_wconf 77' lang='lat' dir='ltr'><strong>Ovidius,</strong></span> <span class='ocrx_word' id='word_1_519' title='bbox 1877 3630 2120 3698; x_wconf 82' lang='lat' dir='ltr'><strong>Servius,</strong></span> 
     </span>
    </p>
   </div>
   <div class='ocr_carea' id='block_1_68' title="bbox 527 3716 2120 3788">
    <p class='ocr_par' dir='ltr' id='par_1_68' title="bbox 527 3716 2120 3788">
     <span class='ocr_line' id='line_1_68' title="bbox 527 3716 2120 3788; baseline 0.005 -19"><span class='ocrx_word' id='word_1_520' title='bbox 527 3716 1115 3787; x_wconf 84' lang='lat' dir='ltr'><strong>Aogustinus,aliique</strong></span> <span class='ocrx_word' id='word_1_521' title='bbox 1157 3718 1370 3787; x_wconf 90' lang='lat' dir='ltr'><strong>plurimi</strong></span> <span class='ocrx_word' id='word_1_522' title='bbox 1413 3734 1693 3788; x_wconf 85' lang='lat' dir='ltr'><strong>pomorum</strong></span> <span class='ocrx_word' id='word_1_523' title='bbox 1740 3732 1793 3775; x_wconf 90' lang='lat' dir='ltr'><strong>et</strong></span> <span class='ocrx_word' id='word_1_524' title='bbox 1839 3722 2120 3777; x_wconf 85' lang='lat' dir='ltr'><strong>hortorum</strong></span> 
     </span>
    </p>
   </div>
   <div class='ocr_carea' id='block_1_69' title="bbox 528 3806 2120 3883">
    <p class='ocr_par' dir='ltr' id='par_1_69' title="bbox 528 3806 2120 3883">
     <span class='ocr_line' id='line_1_69' title="bbox 528 3806 2120 3883; baseline 0.008 -22"><span class='ocrx_word' id='word_1_525' title='bbox 528 3806 684 3862; x_wconf 88' lang='lat' dir='ltr'><strong>deam</strong></span> <span class='ocrx_word' id='word_1_526' title='bbox 708 3809 776 3862; x_wconf 91' lang='lat' dir='ltr'><strong>ab</strong></span> <span class='ocrx_word' id='word_1_527' title='bbox 800 3808 1030 3865; x_wconf 80' lang='lat' dir='ltr'><strong>ethnicis</strong></span> <span class='ocrx_word' id='word_1_528' title='bbox 1044 3812 1321 3880; x_wconf 72' lang='lat' dir='ltr'><strong>przcdicari</strong></span> <span class='ocrx_word' id='word_1_529' title='bbox 1352 3814 1735 3883; x_wconf 81' lang='lat' dir='ltr'><strong>testilicantur(</strong></span> <span class='ocrx_word' id='word_1_530' title='bbox 1757 3815 1928 3883; x_wconf 87' lang='lat' dir='ltr'><strong>Varr.,</strong></span> <span class='ocrx_word' id='word_1_531' title='bbox 1956 3817 2044 3872; x_wconf 85' lang='lat' dir='ltr'><strong>lib.</strong></span> <span class='ocrx_word' id='word_1_532' title='bbox 2072 3835 2120 3874; x_wconf 79' lang='lat' dir='ltr'><strong>Vl</strong></span> 
     </span>
    </p>
   </div>
   <div class='ocr_carea' id='block_1_70' title="bbox 528 3900 2117 3985">
    <p class='ocr_par' dir='ltr' id='par_1_70' title="bbox 528 3900 2117 3985">
     <span class='ocr_line' id='line_1_70' title="bbox 528 3900 2117 3985; baseline 0.009 -31"><span class='ocrx_word' id='word_1_533' title='bbox 528 3902 593 3955; x_wconf 83' lang='lat' dir='ltr'><strong>de</strong></span> <span class='ocrx_word' id='word_1_534' title='bbox 617 3900 767 3973; x_wconf 83' lang='lat' dir='ltr'><strong>Ling.</strong></span> <span class='ocrx_word' id='word_1_535' title='bbox 802 3903 930 3969; x_wconf 81' lang='lat' dir='ltr'><strong>lat.,</strong></span> <span class='ocrx_word' id='word_1_536' title='bbox 963 3922 1083 3976; x_wconf 85' lang='lat' dir='ltr'><strong>pag.</strong></span> <span class='ocrx_word' id='word_1_537' title='bbox 1113 3905 1215 3971; x_wconf 87' lang='lat'><strong>80;</strong></span> <span class='ocrx_word' id='word_1_538' title='bbox 1248 3905 1422 3972; x_wconf 73' lang='lat' dir='ltr'><strong>0v.’d.,</strong></span> <span class='ocrx_word' id='word_1_539' title='bbox 1450 3908 1538 3962; x_wconf 87' lang='lat' dir='ltr'><strong>lib.</strong></span> <span class='ocrx_word' id='word_1_540' title='bbox 1571 3925 1657 3963; x_wconf 80' lang='lat' dir='ltr'><strong>xw</strong></span> <span class='ocrx_word' id='word_1_541' title='bbox 1691 3910 1922 3979; x_wconf 66' lang='lat' dir='ltr'><strong>Metam,</strong></span> <span class='ocrx_word' id='word_1_542' title='bbox 1961 3911 1988 3985; x_wconf 85' lang='lat'><strong>§</strong></span> <span class='ocrx_word' id='word_1_543' title='bbox 2022 3913 2117 3976; x_wconf 84' lang='lat' dir='ltr'><strong>l7;</strong></span> 
     </span>
    </p>
   </div>
   <div class='ocr_carea' id='block_1_71' title="bbox 529 3992 2117 4075">
    <p class='ocr_par' dir='ltr' id='par_1_71' title="bbox 529 3992 2117 4075">
     <span class='ocr_line' id='line_1_71' title="bbox 529 3992 2117 4075; baseline 0.006 -25"><span class='ocrx_word' id='word_1_544' title='bbox 529 3992 702 4060; x_wconf 61' lang='lat' dir='ltr'><strong>Serm,</strong></span> <span class='ocrx_word' id='word_1_545' title='bbox 734 3995 787 4049; x_wconf 88' lang='lat' dir='ltr'><strong>in</strong></span> <span class='ocrx_word' id='word_1_546' title='bbox 823 3995 913 4051; x_wconf 88' lang='lat' dir='ltr'><strong>lib.</strong></span> <span class='ocrx_word' id='word_1_547' title='bbox 950 4013 1001 4051; x_wconf 79' lang='lat' dir='ltr'><strong>v1</strong></span> <span class='ocrx_word' id='word_1_548' title='bbox 1045 3996 1288 4066; x_wconf 74' lang='lat' dir='ltr'><strong>/Eneirl.,</strong></span> <span class='ocrx_word' id='word_1_549' title='bbox 1326 4018 1445 4072; x_wconf 90' lang='lat' dir='ltr'><strong>pag.</strong></span> <span class='ocrx_word' id='word_1_550' title='bbox 1482 4001 1630 4066; x_wconf 68' lang='lat'><strong>457;</strong></span> <span class='ocrx_word' id='word_1_551' title='bbox 1663 4003 1906 4075; x_wconf 84' lang='lat' dir='ltr'><strong>Angust.,</strong></span> <span class='ocrx_word' id='word_1_552' title='bbox 1936 4005 2027 4059; x_wconf 88' lang='lat' dir='ltr'><strong>lib.</strong></span> <span class='ocrx_word' id='word_1_553' title='bbox 2062 4021 2117 4060; x_wconf 80' lang='grc' dir='ltr'>ιν</span> 
     </span>
    </p>
   </div>
   <div class='ocr_carea' id='block_1_72' title="bbox 528 4086 2116 4169">
    <p class='ocr_par' dir='ltr' id='par_1_72' title="bbox 528 4086 2116 4169">
     <span class='ocr_line' id='line_1_72' title="bbox 528 4086 2116 4169; baseline 0.011 -29"><span class='ocrx_word' id='word_1_554' title='bbox 528 4086 592 4140; x_wconf 82' lang='lat' dir='ltr'><strong>de</strong></span> <span class='ocrx_word' id='word_1_555' title='bbox 618 4087 791 4150; x_wconf 81' lang='lat' dir='ltr'><strong>Civit.,</strong></span> <span class='ocrx_word' id='word_1_556' title='bbox 820 4105 935 4160; x_wconf 85' lang='lat' dir='ltr'><strong>cap.</strong></span> <span class='ocrx_word' id='word_1_557' title='bbox 968 4092 1057 4155; x_wconf 69' lang='grc'><strong>⁸54,</strong></span> <span class='ocrx_word' id='word_1_558' title='bbox 1088 4110 1207 4165; x_wconf 84' lang='lat' dir='ltr'><strong>pag.</strong></span> <span class='ocrx_word' id='word_1_559' title='bbox 1241 4095 1374 4159; x_wconf 71' lang='lat' dir='ltr'><strong>1M;</strong></span> <span class='ocrx_word' id='word_1_560' title='bbox 1410 4093 1614 4151; x_wconf 78' lang='lat' dir='ltr'><strong>Fabric.</strong></span> <span class='ocrx_word' id='word_1_561' title='bbox 1640 4098 1689 4151; x_wconf 88' lang='lat' dir='ltr'><strong>in</strong></span> <span class='ocrx_word' id='word_1_562' title='bbox 1720 4097 1973 4169; x_wconf 80' lang='lat' dir='ltr'><strong>Deseript.</strong></span> <span class='ocrx_word' id='word_1_563' title='bbox 2003 4100 2116 4157; x_wconf 88' lang='lat' dir='ltr'><strong>urb.</strong></span> 
     </span>
    </p>
   </div>
   <div class='ocr_carea' id='block_1_73' title="bbox 525 4180 2116 4264">
    <p class='ocr_par' dir='ltr' id='par_1_73' title="bbox 525 4180 2116 4264">
     <span class='ocr_line' id='line_1_73' title="bbox 525 4180 2116 4264; baseline 0.006 -27"><span class='ocrx_word' id='word_1_564' title='bbox 525 4180 706 4245; x_wconf 82' lang='lat' dir='ltr'><strong>Rom.,</strong></span> <span class='ocrx_word' id='word_1_565' title='bbox 759 4192 877 4236; x_wconf 87' lang='lat' dir='ltr'><strong>tam.</strong></span> <span class='ocrx_word' id='word_1_566' title='bbox 915 4200 969 4237; x_wconf 91' lang='grc' dir='ltr'><strong>ιιι</strong></span> <span class='ocrx_word' id='word_1_567' title='bbox 1004 4185 1249 4257; x_wconf 76' lang='lat' dir='ltr'><strong>Autiquit.</strong></span> <span class='ocrx_word' id='word_1_568' title='bbox 1297 4187 1471 4253; x_wconf 84' lang='lat' dir='ltr'><strong>Rom.,</strong></span> <span class='ocrx_word' id='word_1_569' title='bbox 1516 4206 1635 4261; x_wconf 86' lang='lat' dir='ltr'><strong>pag.</strong></span> <span class='ocrx_word' id='word_1_570' title='bbox 1676 4190 1826 4264; x_wconf 74' lang='grc'><strong>452).</strong></span> <span class='ocrx_word' id='word_1_571' title='bbox 1869 4194 1939 4247; x_wconf 83' lang='lat' dir='ltr'><strong>At</strong></span> <span class='ocrx_word' id='word_1_572' title='bbox 1981 4210 2116 4264; x_wconf 90' lang='lat' dir='ltr'><strong>quo-</strong></span> 
     </span>
    </p>
   </div>
   <div class='ocr_carea' id='block_1_74' title="bbox 527 4276 2115 4359">
    <p class='ocr_par' dir='ltr' id='par_1_74' title="bbox 527 4276 2115 4359">
     <span class='ocr_line' id='line_1_74' title="bbox 527 4276 2115 4359; baseline 0.009 -30"><span class='ocrx_word' id='word_1_573' title='bbox 527 4276 690 4330; x_wconf 89' lang='lat' dir='ltr'><strong>modo</strong></span> <span class='ocrx_word' id='word_1_574' title='bbox 714 4292 776 4332; x_wconf 88' lang='lat' dir='ltr'><strong>ea</strong></span> <span class='ocrx_word' id='word_1_575' title='bbox 806 4276 949 4359; x_wconf 80' lang='lat' dir='ltr'><strong>Juno</strong></span> <span class='ocrx_word' id='word_1_576' title='bbox 980 4279 1083 4334; x_wconf 90' lang='lat' dir='ltr'><strong>diei</strong></span> <span class='ocrx_word' id='word_1_577' title='bbox 1130 4282 1386 4349; x_wconf 87' lang='lat' dir='ltr'><strong>potuerit,</strong></span> <span class='ocrx_word' id='word_1_578' title='bbox 1417 4282 1555 4339; x_wconf 90' lang='lat' dir='ltr'><strong>haud</strong></span> <span class='ocrx_word' id='word_1_579' title='bbox 1590 4286 1743 4342; x_wconf 74' lang='lat' dir='ltr'><strong>lat-ile</strong></span> <span class='ocrx_word' id='word_1_580' title='bbox 1776 4290 2115 4359; x_wconf 81' lang='lat' dir='ltr'><strong>perspicitur.</strong></span> 
     </span>
    </p>
   </div>
   <div class='ocr_carea' id='block_1_75' title="bbox 524 4367 2117 4443">
    <p class='ocr_par' dir='ltr' id='par_1_75' title="bbox 524 4367 2117 4443">
     <span class='ocr_line' id='line_1_75' title="bbox 524 4367 2117 4443; baseline 0.009 -20"><span class='ocrx_word' id='word_1_581' title='bbox 524 4367 869 4443; x_wconf 83' lang='lat' dir='ltr'><strong>Quapropter</strong></span> <span class='ocrx_word' id='word_1_582' title='bbox 896 4373 1240 4443; x_wconf 87' lang='lat' dir='ltr'><strong>suspicantur</strong></span> <span class='ocrx_word' id='word_1_583' title='bbox 1268 4377 1512 4432; x_wconf 90' lang='lat' dir='ltr'><strong>nonnulli</strong></span> <span class='ocrx_word' id='word_1_584' title='bbox 1548 4378 1650 4435; x_wconf 90' lang='lat' dir='ltr'><strong>hoc</strong></span> <span class='ocrx_word' id='word_1_585' title='bbox 1682 4396 1879 4437; x_wconf 89' lang='lat' dir='ltr'><strong>nomen</strong></span> <span class='ocrx_word' id='word_1_586' title='bbox 1912 4383 2117 4439; x_wconf 87' lang='lat' dir='ltr'><strong>librarii</strong></span> 
     </span>
    </p>
   </div>
   <div class='ocr_carea' id='block_1_76' title="bbox 522 4464 2117 4545">
    <p class='ocr_par' dir='ltr' id='par_1_76' title="bbox 522 4464 2117 4545">
     <span class='ocr_line' id='line_1_76' title="bbox 522 4464 2117 4545; baseline 0.009 -26"><span class='ocrx_word' id='word_1_587' title='bbox 522 4464 725 4520; x_wconf 88' lang='lat' dir='ltr'><strong>incuria</strong></span> <span class='ocrx_word' id='word_1_588' title='bbox 760 4481 880 4521; x_wconf 73' lang='lat' dir='ltr'><strong>esse</strong></span> <span class='ocrx_word' id='word_1_589' title='bbox 916 4478 1325 4535; x_wconf 82' lang='lat' dir='ltr'><strong>eorrtrptum.et</strong></span> <span class='ocrx_word' id='word_1_590' title='bbox 1347 4472 1394 4526; x_wconf 91' lang='lat' dir='ltr'><strong>ei</strong></span> <span class='ocrx_word' id='word_1_591' title='bbox 1430 4472 1829 4545; x_wconf 78' lang='lat' dir='ltr'><strong>subrogandum</strong></span> <span class='ocrx_word' id='word_1_592' title='bbox 1856 4476 2117 4545; x_wconf 67' lang='lat' dir='ltr'><strong>Sororiaa;</strong></span> 
     </span>
    </p>
   </div>
   <div class='ocr_carea' id='block_1_77' title="bbox 521 4559 2116 4632">
    <p class='ocr_par' dir='ltr' id='par_1_77' title="bbox 521 4559 2116 4632">
     <span class='ocr_line' id='line_1_77' title="bbox 521 4559 2116 4632; baseline 0.009 -19"><span class='ocrx_word' id='word_1_593' title='bbox 521 4559 956 4632; x_wconf 89' lang='lat' dir='ltr'><strong>quandoquidem</strong></span> <span class='ocrx_word' id='word_1_594' title='bbox 989 4561 1131 4618; x_wconf 89' lang='lat' dir='ltr'><strong>Juno</strong></span> <span class='ocrx_word' id='word_1_595' title='bbox 1177 4564 1453 4621; x_wconf 77' lang='lat' dir='ltr'><strong>ferebatur</strong></span> <span class='ocrx_word' id='word_1_596' title='bbox 1498 4582 1620 4623; x_wconf 86' lang='lat' dir='ltr'><strong>esse</strong></span> <span class='ocrx_word' id='word_1_597' title='bbox 1664 4567 1816 4625; x_wconf 91' lang='lat' dir='ltr'><strong>Jovis</strong></span> <span class='ocrx_word' id='word_1_598' title='bbox 1863 4585 2018 4626; x_wconf 91' lang='lat' dir='ltr'><strong>soror</strong></span> <span class='ocrx_word' id='word_1_599' title='bbox 2061 4583 2116 4628; x_wconf 90' lang='lat' dir='ltr'><strong>et</strong></span> 
     </span>
    </p>
   </div>
   <div class='ocr_carea' id='block_1_78' title="bbox 520 4652 2112 4727">
    <p class='ocr_par' dir='ltr' id='par_1_78' title="bbox 520 4652 2112 4727">
     <span class='ocr_line' id='line_1_78' title="bbox 520 4652 2112 4727; baseline 0.009 -22"><span class='ocrx_word' id='word_1_600' title='bbox 520 4652 737 4723; x_wconf 75' lang='lat' dir='ltr'><strong>conjux.</strong></span> <span class='ocrx_word' id='word_1_601' title='bbox 787 4653 843 4708; x_wconf 92' lang='lat' dir='ltr'><strong>ln</strong></span> <span class='ocrx_word' id='word_1_602' title='bbox 903 4654 1061 4725; x_wconf 86' lang='lat' dir='ltr'><strong>hujus</strong></span> <span class='ocrx_word' id='word_1_603' title='bbox 1104 4665 1284 4713; x_wconf 88' lang='lat' dir='ltr'><strong>autem</strong></span> <span class='ocrx_word' id='word_1_604' title='bbox 1331 4658 1599 4727; x_wconf 83' lang='lat' dir='ltr'><strong>opinionis</strong></span> <span class='ocrx_word' id='word_1_605' title='bbox 1647 4661 2112 4720; x_wconf 85' lang='lat' dir='ltr'><strong>conﬁrmationem</strong></span> 
     </span>
    </p>
   </div>
   <div class='ocr_carea' id='block_1_79' title="bbox 518 4745 2111 4823">
    <p class='ocr_par' dir='ltr' id='par_1_79' title="bbox 518 4745 2111 4823">
     <span class='ocr_line' id='line_1_79' title="bbox 518 4745 2111 4823; baseline 0.008 -23"><span class='ocrx_word' id='word_1_606' title='bbox 518 4745 733 4817; x_wconf 90' lang='lat' dir='ltr'><strong>adjungi</strong></span> <span class='ocrx_word' id='word_1_607' title='bbox 766 4758 944 4819; x_wconf 89' lang='lat' dir='ltr'><strong>potest</strong></span> <span class='ocrx_word' id='word_1_608' title='bbox 973 4750 1157 4804; x_wconf 70' lang='lat' dir='ltr'><strong>Romae</strong></span> <span class='ocrx_word' id='word_1_609' title='bbox 1191 4767 1223 4807; x_wconf 91' lang='lat' dir='ltr'><strong>a</strong></span> <span class='ocrx_word' id='word_1_610' title='bbox 1257 4751 1477 4807; x_wconf 88' lang='lat' dir='ltr'><strong>Sororio</strong></span> <span class='ocrx_word' id='word_1_611' title='bbox 1514 4752 1710 4823; x_wconf 86' lang='lat' dir='ltr'><strong>Tigillo</strong></span> <span class='ocrx_word' id='word_1_612' title='bbox 1747 4765 2111 4813; x_wconf 89' lang='lat' dir='ltr'><strong>eonstructum</strong></span> 
     </span>
    </p>
   </div>
   <div class='ocr_carea' id='block_1_80' title="bbox 518 4839 2109 4917">
    <p class='ocr_par' dir='ltr' id='par_1_80' title="bbox 518 4839 2109 4917">
     <span class='ocr_line' id='line_1_80' title="bbox 518 4839 2109 4917; baseline 0.008 -20"><span class='ocrx_word' id='word_1_613' title='bbox 518 4839 715 4897; x_wconf 87' lang='lat' dir='ltr'><strong>Junoui</strong></span> <span class='ocrx_word' id='word_1_614' title='bbox 748 4844 1027 4913; x_wconf 86' lang='lat' dir='ltr'><strong>templum.</strong></span> <span class='ocrx_word' id='word_1_615' title='bbox 1057 4846 1198 4917; x_wconf 88' lang='lat' dir='ltr'><strong>quod</strong></span> <span class='ocrx_word' id='word_1_616' title='bbox 1231 4847 1428 4903; x_wconf 87' lang='lat' dir='ltr'><strong>idcirco</strong></span> <span class='ocrx_word' id='word_1_617' title='bbox 1455 4846 1684 4904; x_wconf 87' lang='lat' dir='ltr'><strong>Jun0uis</strong></span> <span class='ocrx_word' id='word_1_618' title='bbox 1712 4849 1940 4905; x_wconf 79' lang='lat' dir='ltr'><strong>Sororite</strong></span> <span class='ocrx_word' id='word_1_619' title='bbox 1969 4867 2109 4909; x_wconf 92' lang='lat' dir='ltr'><strong>nun-</strong></span> 
     </span>
    </p>
   </div>
   <div class='ocr_carea' id='block_1_81' title="bbox 516 4936 2109 5009">
    <p class='ocr_par' dir='ltr' id='par_1_81' title="bbox 516 4936 2109 5009">
     <span class='ocr_line' id='line_1_81' title="bbox 516 4936 2109 5009; baseline 0.007 -19"><span class='ocrx_word' id='word_1_620' title='bbox 516 4945 769 4997; x_wconf 86' lang='lat' dir='ltr'><strong>eupatum</strong></span> <span class='ocrx_word' id='word_1_621' title='bbox 818 4936 934 4990; x_wconf 85' lang='lat' dir='ltr'><strong>luit.</strong></span> <span class='ocrx_word' id='word_1_622' title='bbox 965 4937 1070 4992; x_wconf 90' lang='lat' dir='ltr'><strong>Sed</strong></span> <span class='ocrx_word' id='word_1_623' title='bbox 1118 4938 1239 4993; x_wconf 87' lang='lat' dir='ltr'><strong>huic</strong></span> <span class='ocrx_word' id='word_1_624' title='bbox 1287 4940 1614 5009; x_wconf 61' lang='lat' dir='ltr'><strong>conjectura</strong></span> <span class='ocrx_word' id='word_1_625' title='bbox 1663 4942 1863 4998; x_wconf 88' lang='lat' dir='ltr'><strong>nullius</strong></span> <span class='ocrx_word' id='word_1_626' title='bbox 1906 4944 2109 5002; x_wconf 86' lang='lat' dir='ltr'><strong>codicis</strong></span> 
     </span>
    </p>
   </div>
   <div class='ocr_carea' id='block_1_82' title="bbox 513 5027 2107 5103">
    <p class='ocr_par' dir='ltr' id='par_1_82' title="bbox 513 5027 2107 5103">
     <span class='ocr_line' id='line_1_82' title="bbox 513 5027 2107 5103; baseline 0.008 -21"><span class='ocrx_word' id='word_1_627' title='bbox 513 5027 823 5083; x_wconf 76' lang='lat' dir='ltr'><strong>testimonio</strong></span> <span class='ocrx_word' id='word_1_628' title='bbox 851 5029 1100 5099; x_wconf 70' lang='lat' dir='ltr'><strong>ﬁrmatae,</strong></span> <span class='ocrx_word' id='word_1_629' title='bbox 1124 5032 1167 5086; x_wconf 91' lang='lat' dir='ltr'><strong>si</strong></span> <span class='ocrx_word' id='word_1_630' title='bbox 1194 5032 1352 5088; x_wconf 90' lang='lat' dir='ltr'><strong>aliam</strong></span> <span class='ocrx_word' id='word_1_631' title='bbox 1379 5033 1615 5103; x_wconf 90' lang='lat' dir='ltr'><strong>adjicere</strong></span> <span class='ocrx_word' id='word_1_632' title='bbox 1658 5034 1835 5103; x_wconf 87' lang='lat' dir='ltr'><strong>liceat,</strong></span> <span class='ocrx_word' id='word_1_633' title='bbox 1866 5036 2107 5095; x_wconf 77' lang='lat' dir='ltr'><strong>dicemus</strong></span> 
     </span>
    </p>
   </div>
   <div class='ocr_carea' id='block_1_83' title="bbox 513 5119 2105 5201">
    <p class='ocr_par' dir='ltr' id='par_1_83' title="bbox 513 5119 2105 5201">
     <span class='ocr_line' id='line_1_83' title="bbox 513 5119 2105 5201; baseline 0.004 -26"><span class='ocrx_word' id='word_1_634' title='bbox 513 5129 571 5175; x_wconf 89' lang='lat' dir='ltr'><strong>et</strong></span> <span class='ocrx_word' id='word_1_635' title='bbox 598 5135 752 5190; x_wconf 91' lang='lat' dir='ltr'><strong>poma</strong></span> <span class='ocrx_word' id='word_1_636' title='bbox 780 5132 833 5176; x_wconf 89' lang='lat' dir='ltr'><strong>et</strong></span> <span class='ocrx_word' id='word_1_637' title='bbox 862 5119 1069 5176; x_wconf 81' lang='lat' dir='ltr'><strong>fructus</strong></span> <span class='ocrx_word' id='word_1_638' title='bbox 1097 5123 1163 5177; x_wconf 92' lang='lat' dir='ltr'><strong>ad</strong></span> <span class='ocrx_word' id='word_1_639' title='bbox 1198 5133 1418 5190; x_wconf 86' lang='lat' dir='ltr'><strong>terram,</strong></span> <span class='ocrx_word' id='word_1_640' title='bbox 1448 5125 1562 5181; x_wconf 87' lang='lat' dir='ltr'><strong>sive</strong></span> <span class='ocrx_word' id='word_1_641' title='bbox 1594 5127 1839 5183; x_wconf 87' lang='lat' dir='ltr'><strong>tellurem</strong></span> <span class='ocrx_word' id='word_1_642' title='bbox 1862 5129 2105 5201; x_wconf 83' lang='lat' dir='ltr'><strong>quando-</strong></span> 
     </span>
    </p>
   </div>
   <div class='ocr_carea' id='block_1_84' title="bbox 510 5215 2103 5293">
    <p class='ocr_par' dir='ltr' id='par_1_84' title="bbox 510 5215 2103 5293">
     <span class='ocr_line' id='line_1_84' title="bbox 510 5215 2103 5293; baseline 0.008 -25"><span class='ocrx_word' id='word_1_643' title='bbox 510 5215 729 5286; x_wconf 91' lang='lat' dir='ltr'><strong>quidem</strong></span> <span class='ocrx_word' id='word_1_644' title='bbox 770 5216 1063 5286; x_wconf 83' lang='lat' dir='ltr'><strong>pertinent,</strong></span> <span class='ocrx_word' id='word_1_645' title='bbox 1096 5216 1208 5273; x_wconf 83' lang='lat' dir='ltr'><strong>ﬁeri</strong></span> <span class='ocrx_word' id='word_1_646' title='bbox 1240 5220 1476 5288; x_wconf 89' lang='lat' dir='ltr'><strong>potuisse</strong></span> <span class='ocrx_word' id='word_1_647' title='bbox 1506 5230 1560 5274; x_wconf 92' lang='lat' dir='ltr'><strong>ut</strong></span> <span class='ocrx_word' id='word_1_648' title='bbox 1586 5219 1750 5288; x_wconf 82' lang='lat' dir='ltr'><strong>Juno,</strong></span> <span class='ocrx_word' id='word_1_649' title='bbox 1778 5237 1897 5293; x_wconf 75' lang='lat' dir='ltr'><strong>qua:</strong></span> <span class='ocrx_word' id='word_1_650' title='bbox 1943 5223 2103 5280; x_wconf 89' lang='lat' dir='ltr'><strong>tellus</strong></span> 
     </span>
    </p>
   </div>
   <div class='ocr_carea' id='block_1_85' title="bbox 510 5311 2100 5387">
    <p class='ocr_par' dir='ltr' id='par_1_85' title="bbox 510 5311 2100 5387">
     <span class='ocr_line' id='line_1_85' title="bbox 510 5311 2100 5387; baseline 0.004 -22"><span class='ocrx_word' id='word_1_651' title='bbox 510 5323 654 5375; x_wconf 85' lang='lat' dir='ltr'><strong>esse,</strong></span> <span class='ocrx_word' id='word_1_652' title='bbox 671 5321 724 5363; x_wconf 88' lang='lat' dir='ltr'><strong>et</strong></span> <span class='ocrx_word' id='word_1_653' title='bbox 754 5311 1027 5365; x_wconf 86' lang='lat' dir='ltr'><strong>terrestria</strong></span> <span class='ocrx_word' id='word_1_654' title='bbox 1059 5326 1245 5383; x_wconf 74' lang='lat' dir='ltr'><strong>regere</strong></span> <span class='ocrx_word' id='word_1_655' title='bbox 1261 5312 1599 5379; x_wconf 79' lang='lat' dir='ltr'><strong>credebatur,</strong></span> <span class='ocrx_word' id='word_1_656' title='bbox 1620 5312 1887 5382; x_wconf 77' lang='lat' dir='ltr'><strong>Pomome,</strong></span> <span class='ocrx_word' id='word_1_657' title='bbox 1909 5333 2100 5387; x_wconf 87' lang='lat' dir='ltr'><strong>quem-</strong></span> 
     </span>
    </p>
   </div>
   <div class='ocr_carea' id='block_1_86' title="bbox 508 5400 2096 5477">
    <p class='ocr_par' dir='ltr' id='par_1_86' title="bbox 508 5400 2096 5477">
     <span class='ocr_line' id='line_1_86' title="bbox 508 5400 2096 5477; baseline 0.007 -22"><span class='ocrx_word' id='word_1_658' title='bbox 508 5400 796 5458; x_wconf 90' lang='lat' dir='ltr'><strong>admodum</strong></span> <span class='ocrx_word' id='word_1_659' title='bbox 843 5412 899 5458; x_wconf 91' lang='lat' dir='ltr'><strong>et</strong></span> <span class='ocrx_word' id='word_1_660' title='bbox 947 5412 1027 5459; x_wconf 91' lang='lat' dir='ltr'><strong>tot</strong></span> <span class='ocrx_word' id='word_1_661' title='bbox 1070 5406 1192 5459; x_wconf 90' lang='lat' dir='ltr'><strong>aliis</strong></span> <span class='ocrx_word' id='word_1_662' title='bbox 1251 5406 1558 5462; x_wconf 89' lang='lat' dir='ltr'><strong>nominibus</strong></span> <span class='ocrx_word' id='word_1_663' title='bbox 1605 5408 1873 5477; x_wconf 90' lang='lat' dir='ltr'><strong>appellata</strong></span> <span class='ocrx_word' id='word_1_664' title='bbox 1920 5409 2096 5466; x_wconf 84' lang='lat' dir='ltr'><strong>luerit.</strong></span> 
     </span>
    </p>
   </div>
   <div class='ocr_carea' id='block_1_87' title="bbox 507 5492 2098 5569">
    <p class='ocr_par' dir='ltr' id='par_1_87' title="bbox 507 5492 2098 5569">
     <span class='ocr_line' id='line_1_87' title="bbox 507 5492 2098 5569; baseline 0.008 -24"><span class='ocrx_word' id='word_1_665' title='bbox 507 5492 660 5559; x_wconf 86' lang='lat' dir='ltr'><strong>Quod</strong></span> <span class='ocrx_word' id='word_1_666' title='bbox 691 5505 866 5551; x_wconf 91' lang='lat' dir='ltr'><strong>autem</strong></span> <span class='ocrx_word' id='word_1_667' title='bbox 897 5495 1038 5552; x_wconf 87' lang='lat' dir='ltr'><strong>Juno</strong></span> <span class='ocrx_word' id='word_1_668' title='bbox 1080 5507 1222 5553; x_wconf 89' lang='lat' dir='ltr'><strong>terra</strong></span> <span class='ocrx_word' id='word_1_669' title='bbox 1265 5510 1600 5566; x_wconf 89' lang='lat' dir='ltr'><strong>censeretur,</strong></span> <span class='ocrx_word' id='word_1_670' title='bbox 1640 5500 1723 5555; x_wconf 86' lang='lat' dir='ltr'><strong>his</strong></span> <span class='ocrx_word' id='word_1_671' title='bbox 1767 5498 1971 5569; x_wconf 77' lang='lat' dir='ltr'><strong>Varro,</strong></span> <span class='ocrx_word' id='word_1_672' title='bbox 2014 5503 2098 5557; x_wconf 90' lang='lat' dir='ltr'><strong>cui</strong></span> 
     </span>
    </p>
   </div>
   <div class='ocr_carea' id='block_1_88' title="bbox 507 5587 2098 5662">
    <p class='ocr_par' dir='ltr' id='par_1_88' title="bbox 507 5587 2098 5662">
     <span class='ocr_line' id='line_1_88' title="bbox 507 5587 2098 5662; baseline 0.004 -20"><span class='ocrx_word' id='word_1_673' title='bbox 507 5587 840 5659; x_wconf 76' lang='lat' dir='ltr'><strong>Augustinus</strong></span> <span class='ocrx_word' id='word_1_674' title='bbox 871 5592 1213 5662; x_wconf 87' lang='lat' dir='ltr'><strong>astipulatur,</strong></span> <span class='ocrx_word' id='word_1_675' title='bbox 1244 5592 1425 5648; x_wconf 85' lang='lat' dir='ltr'><strong>verbis</strong></span> <span class='ocrx_word' id='word_1_676' title='bbox 1474 5607 1572 5647; x_wconf 87' lang='lat' dir='ltr'><strong>nos</strong></span> <span class='ocrx_word' id='word_1_677' title='bbox 1608 5592 1923 5648; x_wconf 89' lang='lat' dir='ltr'><strong>admonuit:</strong></span> <span class='ocrx_word' id='word_1_678' title='bbox 1958 5611 1977 5645; x_wconf 78' lang='grc' dir='ltr'><strong>ι</strong></span> <span class='ocrx_word' id='word_1_679' title='bbox 2005 5592 2098 5648; x_wconf 84' lang='lat' dir='ltr'><strong>Jo-</strong></span> 
     </span>
    </p>
   </div>
   <div class='ocr_carea' id='block_1_89' title="bbox 506 5679 2095 5755">
    <p class='ocr_par' dir='ltr' id='par_1_89' title="bbox 506 5679 2095 5755">
     <span class='ocr_line' id='line_1_89' title="bbox 506 5679 2095 5755; baseline 0.007 -24"><span class='ocrx_word' id='word_1_680' title='bbox 506 5680 590 5732; x_wconf 87' lang='lat' dir='ltr'><strong>vis</strong></span> <span class='ocrx_word' id='word_1_681' title='bbox 613 5679 752 5735; x_wconf 90' lang='lat' dir='ltr'><strong>Juno</strong></span> <span class='ocrx_word' id='word_1_682' title='bbox 780 5682 996 5753; x_wconf 82' lang='lat' dir='ltr'><strong>conjux,</strong></span> <span class='ocrx_word' id='word_1_683' title='bbox 1020 5696 1074 5738; x_wconf 92' lang='lat' dir='ltr'><strong>et</strong></span> <span class='ocrx_word' id='word_1_684' title='bbox 1103 5687 1148 5739; x_wconf 89' lang='lat' dir='ltr'><strong>is</strong></span> <span class='ocrx_word' id='word_1_685' title='bbox 1174 5686 1393 5754; x_wconf 75' lang='lat' dir='ltr'><strong>ctelum,</strong></span> <span class='ocrx_word' id='word_1_686' title='bbox 1426 5685 1541 5740; x_wconf 80' lang='lat' dir='ltr'><strong>haec</strong></span> <span class='ocrx_word' id='word_1_687' title='bbox 1569 5693 1733 5751; x_wconf 89' lang='lat' dir='ltr'><strong>terra,</strong></span> <span class='ocrx_word' id='word_1_688' title='bbox 1756 5700 1877 5755; x_wconf 83' lang='lat' dir='ltr'><strong>quae</strong></span> <span class='ocrx_word' id='word_1_689' title='bbox 1905 5685 2095 5742; x_wconf 89' lang='lat' dir='ltr'><strong>eadem</strong></span> 
     </span>
    </p>
   </div>
   <div class='ocr_carea' id='block_1_90' title="bbox 510 5770 2091 5846">
    <p class='ocr_par' dir='ltr' id='par_1_90' title="bbox 510 5770 2091 5846">
     <span class='ocr_line' id='line_1_90' title="bbox 510 5770 2091 5846; baseline 0.008 -25"><span class='ocrx_word' id='word_1_690' title='bbox 510 5770 697 5839; x_wconf 87' lang='lat' dir='ltr'><strong>tellus;</strong></span> <span class='ocrx_word' id='word_1_691' title='bbox 732 5780 791 5827; x_wconf 93' lang='lat' dir='ltr'><strong>et</strong></span> <span class='ocrx_word' id='word_1_692' title='bbox 815 5789 879 5829; x_wconf 91' lang='lat' dir='ltr'><strong>ea</strong></span> <span class='ocrx_word' id='word_1_693' title='bbox 904 5776 1043 5830; x_wconf 88' lang='lat' dir='ltr'><strong>dicta</strong></span> <span class='ocrx_word' id='word_1_694' title='bbox 1072 5778 1215 5846; x_wconf 88' lang='lat' dir='ltr'><strong>quod</strong></span> <span class='ocrx_word' id='word_1_695' title='bbox 1244 5793 1344 5832; x_wconf 89' lang='lat' dir='ltr'><strong>una</strong></span> <span class='ocrx_word' id='word_1_696' title='bbox 1374 5793 1499 5833; x_wconf 89' lang='lat' dir='ltr'><strong>cum</strong></span> <span class='ocrx_word' id='word_1_697' title='bbox 1540 5775 1679 5831; x_wconf 84' lang='lat' dir='ltr'><strong>Jove</strong></span> <span class='ocrx_word' id='word_1_698' title='bbox 1716 5776 1867 5845; x_wconf 85' lang='lat' dir='ltr'><strong>juvat</strong></span> <span class='ocrx_word' id='word_1_699' title='bbox 1910 5777 2091 5846; x_wconf 89' lang='lat' dir='ltr'><strong>Juno;</strong></span> 
     </span>
    </p>
   </div>
   <div class='ocr_carea' id='block_1_91' title="bbox 514 5863 2091 5942">
    <p class='ocr_par' dir='ltr' id='par_1_91' title="bbox 514 5863 2091 5942">
     <span class='ocr_line' id='line_1_91' title="bbox 514 5863 2091 5942; baseline 0.013 -32"><span class='ocrx_word' id='word_1_700' title='bbox 514 5868 571 5911; x_wconf 90' lang='lat' dir='ltr'><strong>et</strong></span> <span class='ocrx_word' id='word_1_701' title='bbox 597 5863 797 5929; x_wconf 83' lang='lat' dir='ltr'><strong>regina,</strong></span> <span class='ocrx_word' id='word_1_702' title='bbox 826 5866 969 5934; x_wconf 90' lang='lat' dir='ltr'><strong>quod</strong></span> <span class='ocrx_word' id='word_1_703' title='bbox 1000 5867 1116 5924; x_wconf 63' lang='lat' dir='ltr'><strong>haec</strong></span> <span class='ocrx_word' id='word_1_704' title='bbox 1139 5869 1321 5925; x_wconf 87' lang='lat' dir='ltr'><strong>omnia</strong></span> <span class='ocrx_word' id='word_1_705' title='bbox 1352 5866 1631 5925; x_wconf 85' lang='lat' dir='ltr'><strong>terrestria</strong></span> <span class='ocrx_word' id='word_1_706' title='bbox 1656 5868 1795 5939; x_wconf 77' lang='lat' dir='ltr'><strong>regit</strong></span> <span class='ocrx_word' id='word_1_707' title='bbox 1826 5887 1848 5924; x_wconf 78' lang='grc' dir='ltr'><strong>ι</strong></span> <span class='ocrx_word' id='word_1_708' title='bbox 1881 5866 2091 5942; x_wconf 83' lang='lat' dir='ltr'><strong>(Varr.,</strong></span> 
     </span>
    </p>
   </div>
   <div class='ocr_carea' id='block_1_92' title="bbox 2234 3352 3839 3426">
    <p class='ocr_par' dir='ltr' id='par_1_92' title="bbox 2234 3352 3839 3426">
     <span class='ocr_line' id='line_1_92' title="bbox 2234 3352 3839 3426; baseline 0.005 -22"><span class='ocrx_word' id='word_1_709' title='bbox 2234 3371 2253 3404; x_wconf 74' lang='grc' dir='ltr'><strong>ι</strong></span> <span class='ocrx_word' id='word_1_710' title='bbox 2290 3352 2346 3407; x_wconf 87' lang='lat' dir='ltr'><strong>In</strong></span> <span class='ocrx_word' id='word_1_711' title='bbox 2375 3352 2681 3426; x_wconf 87' lang='lat' dir='ltr'><strong>Papyriauo</strong></span> <span class='ocrx_word' id='word_1_712' title='bbox 2710 3356 2855 3409; x_wconf 90' lang='lat' dir='ltr'><strong>enim</strong></span> <span class='ocrx_word' id='word_1_713' title='bbox 2894 3357 3048 3424; x_wconf 90' lang='lat' dir='ltr'><strong>jure,</strong></span> <span class='ocrx_word' id='word_1_714' title='bbox 3085 3373 3105 3405; x_wconf 77' lang='grc' dir='ltr'><strong>ι</strong></span> <span class='ocrx_word' id='word_1_715' title='bbox 3140 3356 3345 3422; x_wconf 87' lang='lat' dir='ltr'><strong>aiebat,</strong></span> <span class='ocrx_word' id='word_1_716' title='bbox 3381 3374 3401 3405; x_wconf 72' lang='grc' dir='ltr'><strong>ι</strong></span> <span class='ocrx_word' id='word_1_717' title='bbox 3435 3354 3713 3411; x_wconf 86' lang='lat' dir='ltr'><strong>evidenter</strong></span> <span class='ocrx_word' id='word_1_718' title='bbox 3739 3370 3839 3412; x_wconf 83' lang='lat' dir='ltr'><strong>re—</strong></span> 
     </span>
    </p>
   </div>
   <div class='ocr_carea' id='block_1_93' title="bbox 2228 3449 3834 3522">
    <p class='ocr_par' dir='ltr' id='par_1_93' title="bbox 2228 3449 3834 3522">
     <span class='ocr_line' id='line_1_93' title="bbox 2228 3449 3834 3522; baseline 0.001 -19"><span class='ocrx_word' id='word_1_719' title='bbox 2228 3449 2395 3505; x_wconf 90' lang='lat' dir='ltr'><strong>latum</strong></span> <span class='ocrx_word' id='word_1_720' title='bbox 2417 3462 2497 3504; x_wconf 89' lang='lat' dir='ltr'><strong>est</strong></span> <span class='ocrx_word' id='word_1_721' title='bbox 2515 3466 2621 3503; x_wconf 78' lang='lat' dir='ltr'><strong>ara:</strong></span> <span class='ocrx_word' id='word_1_722' title='bbox 2643 3452 2815 3506; x_wconf 89' lang='lat' dir='ltr'><strong>vicem</strong></span> <span class='ocrx_word' id='word_1_723' title='bbox 2837 3464 3097 3522; x_wconf 71' lang='lat' dir='ltr'><strong>prmsmre</strong></span> <span class='ocrx_word' id='word_1_724' title='bbox 3119 3465 3281 3520; x_wconf 63' lang='lat' dir='ltr'><strong>posse</strong></span> <span class='ocrx_word' id='word_1_725' title='bbox 3306 3465 3545 3505; x_wconf 89' lang='lat' dir='ltr'><strong>mensam</strong></span> <span class='ocrx_word' id='word_1_726' title='bbox 3561 3451 3834 3515; x_wconf 80' lang='lat' dir='ltr'><strong>dicatam;</strong></span> 
     </span>
    </p>
   </div>
   <div class='ocr_carea' id='block_1_94' title="bbox 2228 3530 3834 3613">
    <p class='ocr_par' dir='ltr' id='par_1_94' title="bbox 2228 3530 3834 3613">
     <span class='ocr_line' id='line_1_94' title="bbox 2228 3530 3834 3613; baseline 0.001 -18"><span class='ocrx_word' id='word_1_727' title='bbox 2228 3548 2286 3595; x_wconf 92' lang='lat' dir='ltr'><strong>ut</strong></span> <span class='ocrx_word' id='word_1_728' title='bbox 2311 3541 2361 3594; x_wconf 91' lang='lat' dir='ltr'><strong>in</strong></span> <span class='ocrx_word' id='word_1_729' title='bbox 2397 3541 2621 3609; x_wconf 87' lang='lat' dir='ltr'><strong>templo,</strong></span> <span class='ocrx_word' id='word_1_730' title='bbox 2651 3542 2843 3613; x_wconf 91' lang='lat' dir='ltr'><strong>inquit,</strong></span> <span class='ocrx_word' id='word_1_731' title='bbox 2864 3530 3092 3596; x_wconf 78' lang='lat' dir='ltr'><strong>lunonis</strong></span> <span class='ocrx_word' id='word_1_732' title='bbox 3111 3542 3422 3612; x_wconf 76' lang='lat' dir='ltr'><strong>P0pulooize</strong></span> <span class='ocrx_word' id='word_1_733' title='bbox 3442 3558 3625 3597; x_wconf 86' lang='lat' dir='ltr'><strong>mensa</strong></span> <span class='ocrx_word' id='word_1_734' title='bbox 3647 3542 3834 3598; x_wconf 88' lang='lat' dir='ltr'><strong>dicata</strong></span> 
     </span>
    </p>
   </div>
   <div class='ocr_carea' id='block_1_95' title="bbox 2224 3631 3834 3706">
    <p class='ocr_par' dir='ltr' id='par_1_95' title="bbox 2224 3631 3834 3706">
     <span class='ocr_line' id='line_1_95' title="bbox 2224 3631 3834 3706; baseline 0.002 -21"><span class='ocrx_word' id='word_1_735' title='bbox 2224 3640 2307 3685; x_wconf 91' lang='lat' dir='ltr'><strong>est</strong></span> <span class='ocrx_word' id='word_1_736' title='bbox 2338 3650 2356 3682; x_wconf 77' lang='grc' dir='ltr'><strong>ι</strong></span> <span class='ocrx_word' id='word_1_737' title='bbox 2396 3631 2681 3702; x_wconf 63' lang='grc' dir='ltr'><strong>(ηοω-οι..</strong></span> <span class='ocrx_word' id='word_1_738' title='bbox 2707 3636 2743 3688; x_wconf 92' lang='lat' dir='ltr'><strong>l.</strong></span> <span class='ocrx_word' id='word_1_739' title='bbox 2774 3649 2832 3688; x_wconf 88' lang='grc' dir='ltr'><strong>ιιι</strong></span> <span class='ocrx_word' id='word_1_740' title='bbox 2866 3634 3157 3699; x_wconf 84' lang='lat' dir='ltr'><strong>Saturnal.,</strong></span> <span class='ocrx_word' id='word_1_741' title='bbox 3187 3651 3234 3689; x_wconf 77' lang='grc' dir='ltr'><strong>ε.</strong></span> <span class='ocrx_word' id='word_1_742' title='bbox 3266 3632 3383 3706; x_wconf 68' lang='lat' dir='ltr'><strong>il).</strong></span> <span class='ocrx_word' id='word_1_743' title='bbox 3409 3639 3477 3688; x_wconf 81' lang='lat' dir='ltr'><strong>At</strong></span> <span class='ocrx_word' id='word_1_744' title='bbox 3505 3636 3605 3689; x_wconf 86' lang='lat' dir='ltr'><strong>hoc</strong></span> <span class='ocrx_word' id='word_1_745' title='bbox 3632 3648 3834 3691; x_wconf 88' lang='lat' dir='ltr'><strong>nomen</strong></span> 
     </span>
    </p>
   </div>
   <div class='ocr_carea' id='block_1_96' title="bbox 2224 3724 3836 3796">
    <p class='ocr_par' dir='ltr' id='par_1_96' title="bbox 2224 3724 3836 3796">
     <span class='ocr_line' id='line_1_96' title="bbox 2224 3724 3836 3796; baseline 0.002 -18"><span class='ocrx_word' id='word_1_746' title='bbox 2224 3724 2303 3779; x_wconf 91' lang='lat' dir='ltr'><strong>illi</strong></span> <span class='ocrx_word' id='word_1_747' title='bbox 2345 3725 2571 3780; x_wconf 87' lang='lat' dir='ltr'><strong>inditum</strong></span> <span class='ocrx_word' id='word_1_748' title='bbox 2614 3725 2937 3795; x_wconf 86' lang='lat' dir='ltr'><strong>perhibent,</strong></span> <span class='ocrx_word' id='word_1_749' title='bbox 2966 3727 3088 3796; x_wconf 89' lang='lat' dir='ltr'><strong>quia</strong></span> <span class='ocrx_word' id='word_1_750' title='bbox 3134 3728 3298 3781; x_wconf 89' lang='lat' dir='ltr'><strong>maris</strong></span> <span class='ocrx_word' id='word_1_751' title='bbox 3339 3736 3394 3780; x_wconf 93' lang='lat' dir='ltr'><strong>et</strong></span> <span class='ocrx_word' id='word_1_752' title='bbox 3440 3724 3652 3781; x_wconf 79' lang='lat' dir='ltr'><strong>femina:</strong></span> <span class='ocrx_word' id='word_1_753' title='bbox 3692 3741 3836 3781; x_wconf 87' lang='lat' dir='ltr'><strong>con-</strong></span> 
     </span>
    </p>
   </div>
   <div class='ocr_carea' id='block_1_97' title="bbox 2218 3820 3835 3892">
    <p class='ocr_par' dir='ltr' id='par_1_97' title="bbox 2218 3820 3835 3892">
     <span class='ocr_line' id='line_1_97' title="bbox 2218 3820 3835 3892; baseline 0.003 -22"><span class='ocrx_word' id='word_1_754' title='bbox 2218 3820 2506 3890; x_wconf 90' lang='lat' dir='ltr'><strong>junctioni,</strong></span> <span class='ocrx_word' id='word_1_755' title='bbox 2526 3836 2592 3875; x_wconf 80' lang='lat' dir='ltr'><strong>ex</strong></span> <span class='ocrx_word' id='word_1_756' title='bbox 2621 3837 2725 3888; x_wconf 83' lang='lat' dir='ltr'><strong>qua</strong></span> <span class='ocrx_word' id='word_1_757' title='bbox 2742 3823 2863 3876; x_wconf 82' lang='lat' dir='ltr'><strong>novi</strong></span> <span class='ocrx_word' id='word_1_758' title='bbox 2889 3822 3068 3892; x_wconf 89' lang='lat' dir='ltr'><strong>populi</strong></span> <span class='ocrx_word' id='word_1_759' title='bbox 3094 3831 3365 3888; x_wconf 89' lang='lat' dir='ltr'><strong>creantur,</strong></span> <span class='ocrx_word' id='word_1_760' title='bbox 3394 3820 3658 3876; x_wconf 90' lang='lat' dir='ltr'><strong>Junonem</strong></span> <span class='ocrx_word' id='word_1_761' title='bbox 3689 3836 3835 3891; x_wconf 70' lang='lat' dir='ltr'><strong>prae-</strong></span> 
     </span>
    </p>
   </div>
   <div class='ocr_carea' id='block_1_98' title="bbox 2223 3912 3829 3984">
    <p class='ocr_par' dir='ltr' id='par_1_98' title="bbox 2223 3912 3829 3984">
     <span class='ocr_line' id='line_1_98' title="bbox 2223 3912 3829 3984; baseline 0.001 -18"><span class='ocrx_word' id='word_1_762' title='bbox 2223 3912 2311 3967; x_wconf 88' lang='lat' dir='ltr'><strong>ﬁci</strong></span> <span class='ocrx_word' id='word_1_763' title='bbox 2369 3913 2771 3968; x_wconf 75' lang='lat' dir='ltr'><strong>existimabant.</strong></span> <span class='ocrx_word' id='word_1_764' title='bbox 2830 3914 3038 3969; x_wconf 84' lang='lat' dir='ltr'><strong>Seneca</strong></span> <span class='ocrx_word' id='word_1_765' title='bbox 3093 3928 3221 3968; x_wconf 89' lang='lat' dir='ltr'><strong>vero</strong></span> <span class='ocrx_word' id='word_1_766' title='bbox 3272 3912 3413 3984; x_wconf 85' lang='lat' dir='ltr'><strong>apud</strong></span> <span class='ocrx_word' id='word_1_767' title='bbox 3471 3914 3829 3983; x_wconf 83' lang='lat' dir='ltr'><strong>Augustinum</strong></span> 
     </span>
    </p>
   </div>
   <div class='ocr_carea' id='block_1_99' title="bbox 2223 4008 3830 4082">
    <p class='ocr_par' dir='ltr' id='par_1_99' title="bbox 2223 4008 3830 4082">
     <span class='ocr_line' id='line_1_99' title="bbox 2223 4008 3830 4082; baseline 0.002 -21"><span class='ocrx_word' id='word_1_768' title='bbox 2223 4008 2553 4064; x_wconf 90' lang='lat' dir='ltr'><strong>mentionem</strong></span> <span class='ocrx_word' id='word_1_769' title='bbox 2606 4009 2885 4080; x_wconf 87' lang='lat' dir='ltr'><strong>cujusdam</strong></span> <span class='ocrx_word' id='word_1_770' title='bbox 2937 4009 3248 4082; x_wconf 71' lang='lat' dir='ltr'><strong>P0pulonim</strong></span> <span class='ocrx_word' id='word_1_771' title='bbox 3299 4009 3469 4064; x_wconf 83' lang='lat' dir='ltr'><strong>viduae</strong></span> <span class='ocrx_word' id='word_1_772' title='bbox 3521 4008 3687 4075; x_wconf 80' lang='lat' dir='ltr'><strong>fecit,</strong></span> <span class='ocrx_word' id='word_1_773' title='bbox 3738 4011 3830 4065; x_wconf 93' lang='lat' dir='ltr'><strong>cui</strong></span> 
     </span>
    </p>
   </div>
   <div class='ocr_carea' id='block_1_100' title="bbox 2221 4088 3830 4175">
    <p class='ocr_par' dir='ltr' id='par_1_100' title="bbox 2221 4088 3830 4175">
     <span class='ocr_line' id='line_1_100' title="bbox 2221 4088 3830 4175; baseline 0.003 -22"><span class='ocrx_word' id='word_1_774' title='bbox 2221 4100 2504 4169; x_wconf 89' lang='lat' dir='ltr'><strong>petitorem</strong></span> <span class='ocrx_word' id='word_1_775' title='bbox 2553 4101 2787 4157; x_wconf 79' lang='lat' dir='ltr'><strong>defuisse</strong></span> <span class='ocrx_word' id='word_1_776' title='bbox 2844 4119 2947 4157; x_wconf 87' lang='lat' dir='ltr'><strong>non</strong></span> <span class='ocrx_word' id='word_1_777' title='bbox 2996 4088 3222 4158; x_wconf 80' lang='lat' dir='ltr'><strong>miratur</strong></span> <span class='ocrx_word' id='word_1_778' title='bbox 3264 4103 3541 4175; x_wconf 63' lang='lat' dir='ltr'><strong>(August,</strong></span> <span class='ocrx_word' id='word_1_779' title='bbox 3584 4104 3623 4157; x_wconf 86' lang='grc' dir='ltr'><strong>Ι.</strong></span> <span class='ocrx_word' id='word_1_780' title='bbox 3665 4119 3719 4158; x_wconf 80' lang='lat' dir='ltr'><strong>v1</strong></span> <span class='ocrx_word' id='word_1_781' title='bbox 3763 4108 3830 4159; x_wconf 87' lang='lat' dir='ltr'><strong>de</strong></span> 
     </span>
    </p>
   </div>
   <div class='ocr_carea' id='block_1_101' title="bbox 2222 4190 3827 4267">
    <p class='ocr_par' dir='ltr' id='par_1_101' title="bbox 2222 4190 3827 4267">
     <span class='ocr_line' id='line_1_101' title="bbox 2222 4190 3827 4267; baseline 0.002 -21"><span class='ocrx_word' id='word_1_782' title='bbox 2222 4190 2398 4258; x_wconf 84' lang='lat' dir='ltr'><strong>Civit.,</strong></span> <span class='ocrx_word' id='word_1_783' title='bbox 2431 4210 2479 4248; x_wconf 86' lang='lat' dir='ltr'><strong>c.</strong></span> <span class='ocrx_word' id='word_1_784' title='bbox 2514 4195 2603 4259; x_wconf 86' lang='grc'><strong>10,</strong></span> <span class='ocrx_word' id='word_1_785' title='bbox 2633 4212 2688 4265; x_wconf 88' lang='lat' dir='ltr'><strong>p.</strong></span> <span class='ocrx_word' id='word_1_786' title='bbox 2720 4194 2991 4267; x_wconf 65' lang='lat' dir='ltr'><strong>160).Sed</strong></span> <span class='ocrx_word' id='word_1_787' title='bbox 3025 4195 3140 4250; x_wconf 60' lang='lat' dir='ltr'><strong>haec</strong></span> <span class='ocrx_word' id='word_1_788' title='bbox 3172 4196 3522 4265; x_wconf 80' lang='lat' dir='ltr'><strong>proculdubio</strong></span> <span class='ocrx_word' id='word_1_789' title='bbox 3550 4195 3690 4251; x_wconf 89' lang='lat' dir='ltr'><strong>Juno</strong></span> <span class='ocrx_word' id='word_1_790' title='bbox 3715 4195 3827 4251; x_wconf 81' lang='lat' dir='ltr'><strong>Po-</strong></span> 
     </span>
    </p>
   </div>
   <div class='ocr_carea' id='block_1_102' title="bbox 2222 4270 3822 4358">
    <p class='ocr_par' dir='ltr' id='par_1_102' title="bbox 2222 4270 3822 4358">
     <span class='ocr_line' id='line_1_102' title="bbox 2222 4270 3822 4358; baseline 0.002 -18"><span class='ocrx_word' id='word_1_791' title='bbox 2222 4288 2434 4358; x_wconf 88' lang='lat' dir='ltr'><strong>pulonia</strong></span> <span class='ocrx_word' id='word_1_792' title='bbox 2473 4304 2577 4342; x_wconf 91' lang='lat' dir='ltr'><strong>non</strong></span> <span class='ocrx_word' id='word_1_793' title='bbox 2620 4300 2757 4345; x_wconf 90' lang='lat' dir='ltr'><strong>erat.</strong></span> <span class='ocrx_word' id='word_1_794' title='bbox 2790 4291 2864 4345; x_wconf 87' lang='lat' dir='ltr'><strong>De</strong></span> <span class='ocrx_word' id='word_1_795' title='bbox 2891 4289 2991 4344; x_wconf 88' lang='lat' dir='ltr'><strong>bac</strong></span> <span class='ocrx_word' id='word_1_796' title='bbox 3029 4270 3233 4355; x_wconf 68' lang='lat' dir='ltr'><strong>autem,</strong></span> <span class='ocrx_word' id='word_1_797' title='bbox 3272 4299 3327 4345; x_wconf 91' lang='lat' dir='ltr'><strong>et</strong></span> <span class='ocrx_word' id='word_1_798' title='bbox 3369 4287 3603 4354; x_wconf 85' lang='lat' dir='ltr'><strong>Februti,</strong></span> <span class='ocrx_word' id='word_1_799' title='bbox 3636 4289 3822 4344; x_wconf 87' lang='lat' dir='ltr'><strong>itidem</strong></span> 
     </span>
    </p>
   </div>
   <div class='ocr_carea' id='block_1_103' title="bbox 2218 4378 3810 4453">
    <p class='ocr_par' dir='ltr' id='par_1_103' title="bbox 2218 4378 3810 4453">
     <span class='ocr_line' id='line_1_103' title="bbox 2218 4378 3810 4453; baseline 0 -18"><span class='ocrx_word' id='word_1_800' title='bbox 2218 4378 2451 4435; x_wconf 89' lang='lat' dir='ltr'><strong>Junonia</strong></span> <span class='ocrx_word' id='word_1_801' title='bbox 2481 4380 2740 4451; x_wconf 83' lang='lat' dir='ltr'><strong>legendus</strong></span> <span class='ocrx_word' id='word_1_802' title='bbox 2770 4380 3063 4436; x_wconf 80' lang='lat' dir='ltr'><strong>Martianus</strong></span> <span class='ocrx_word' id='word_1_803' title='bbox 3083 4379 3301 4453; x_wconf 86' lang='lat' dir='ltr'><strong>Capella</strong></span> <span class='ocrx_word' id='word_1_804' title='bbox 3328 4380 3421 4436; x_wconf 89' lang='lat' dir='ltr'><strong>lib.</strong></span> <span class='ocrx_word' id='word_1_805' title='bbox 3453 4396 3488 4435; x_wconf 90' lang='grc' dir='ltr'><strong>ιι</strong></span> <span class='ocrx_word' id='word_1_806' title='bbox 3530 4381 3597 4436; x_wconf 88' lang='lat' dir='ltr'><strong>de</strong></span> <span class='ocrx_word' id='word_1_807' title='bbox 3641 4379 3810 4452; x_wconf 86' lang='lat' dir='ltr'><strong>Nupt.</strong></span> 
     </span>
    </p>
   </div>
   <div class='ocr_carea' id='block_1_104' title="bbox 2220 4472 2485 4543">
    <p class='ocr_par' dir='ltr' id='par_1_104' title="bbox 2220 4472 2485 4543">
     <span class='ocr_line' id='line_1_104' title="bbox 2220 4472 2485 4543; baseline 0 -16"><span class='ocrx_word' id='word_1_808' title='bbox 2220 4472 2485 4543; x_wconf 82' lang='lat' dir='ltr'><strong>l’hilolog.</strong></span> 
     </span>
    </p>
   </div>
   <div class='ocr_carea' id='block_1_105' title="bbox 2291 4565 3808 4639">
    <p class='ocr_par' dir='ltr' id='par_1_105' title="bbox 2291 4565 3808 4639">
     <span class='ocr_line' id='line_1_105' title="bbox 2291 4565 3808 4639; baseline 0.001 -18"><span class='ocrx_word' id='word_1_809' title='bbox 2291 4565 2605 4637; x_wconf 77' lang='lat' dir='ltr'><strong>Capratinw,</strong></span> <span class='ocrx_word' id='word_1_810' title='bbox 2649 4567 2753 4634; x_wconf 90' lang='lat' dir='ltr'><strong>vel,</strong></span> <span class='ocrx_word' id='word_1_811' title='bbox 2796 4577 2857 4623; x_wconf 93' lang='lat' dir='ltr'><strong>ut</strong></span> <span class='ocrx_word' id='word_1_812' title='bbox 2882 4568 3003 4623; x_wconf 89' lang='lat' dir='ltr'><strong>aliis</strong></span> <span class='ocrx_word' id='word_1_813' title='bbox 3031 4568 3227 4638; x_wconf 88' lang='lat' dir='ltr'><strong>placet,</strong></span> <span class='ocrx_word' id='word_1_814' title='bbox 3273 4568 3567 4639; x_wconf 78' lang='lat' dir='ltr'><strong>Capratime</strong></span> <span class='ocrx_word' id='word_1_815' title='bbox 3605 4567 3808 4623; x_wconf 87' lang='lat' dir='ltr'><strong>Junoni</strong></span> 
     </span>
    </p>
   </div>
   <div class='ocr_carea' id='block_1_106' title="bbox 2220 4662 3815 4734">
    <p class='ocr_par' dir='ltr' id='par_1_106' title="bbox 2220 4662 3815 4734">
     <span class='ocr_line' id='line_1_106' title="bbox 2220 4662 3815 4734; baseline 0 -18"><span class='ocrx_word' id='word_1_816' title='bbox 2220 4663 2475 4718; x_wconf 86' lang='lat' dir='ltr'><strong>mulieres</strong></span> <span class='ocrx_word' id='word_1_817' title='bbox 2517 4662 2645 4717; x_wconf 89' lang='lat' dir='ltr'><strong>olim</strong></span> <span class='ocrx_word' id='word_1_818' title='bbox 2692 4663 3065 4718; x_wconf 89' lang='lat' dir='ltr'><strong>sacriﬁcabant</strong></span> <span class='ocrx_word' id='word_1_819' title='bbox 3103 4663 3174 4719; x_wconf 90' lang='lat' dir='ltr'><strong>ob</strong></span> <span class='ocrx_word' id='word_1_820' title='bbox 3212 4673 3477 4717; x_wconf 81' lang='lat' dir='ltr'><strong>Servatam</strong></span> <span class='ocrx_word' id='word_1_821' title='bbox 3509 4663 3815 4734; x_wconf 90' lang='lat' dir='ltr'><strong>puellarum</strong></span> 
     </span>
    </p>
   </div>
   <div class='ocr_carea' id='block_1_107' title="bbox 2215 4754 3813 4825">
    <p class='ocr_par' dir='ltr' id='par_1_107' title="bbox 2215 4754 3813 4825">
     <span class='ocr_line' id='line_1_107' title="bbox 2215 4754 3813 4825; baseline 0 -16"><span class='ocrx_word' id='word_1_822' title='bbox 2215 4763 2271 4809; x_wconf 89' lang='lat' dir='ltr'><strong>et</strong></span> <span class='ocrx_word' id='word_1_823' title='bbox 2317 4763 2685 4809; x_wconf 87' lang='lat' dir='ltr'><strong>matronarum</strong></span> <span class='ocrx_word' id='word_1_824' title='bbox 2731 4754 3060 4825; x_wconf 86' lang='lat' dir='ltr'><strong>pudicitiam,</strong></span> <span class='ocrx_word' id='word_1_825' title='bbox 3088 4770 3153 4810; x_wconf 91' lang='lat' dir='ltr'><strong>ac</strong></span> <span class='ocrx_word' id='word_1_826' title='bbox 3192 4754 3515 4819; x_wconf 88' lang='lat' dir='ltr'><strong>Fidenates,</strong></span> <span class='ocrx_word' id='word_1_827' title='bbox 3556 4755 3647 4825; x_wconf 88' lang='lat' dir='ltr'><strong>qui</strong></span> <span class='ocrx_word' id='word_1_828' title='bbox 3692 4770 3813 4812; x_wconf 87' lang='lat' dir='ltr'><strong>eam</strong></span> 
     </span>
    </p>
   </div>
   <div class='ocr_carea' id='block_1_108' title="bbox 2213 4846 3815 4918">
    <p class='ocr_par' dir='ltr' id='par_1_108' title="bbox 2213 4846 3815 4918">
     <span class='ocr_line' id='line_1_108' title="bbox 2213 4846 3815 4918; baseline 0.001 -16"><span class='ocrx_word' id='word_1_829' title='bbox 2213 4847 2425 4918; x_wconf 88' lang='lat' dir='ltr'><strong>eripere</strong></span> <span class='ocrx_word' id='word_1_830' title='bbox 2475 4846 2764 4914; x_wconf 84' lang='lat' dir='ltr'><strong>volebant,</strong></span> <span class='ocrx_word' id='word_1_831' title='bbox 2813 4859 3117 4918; x_wconf 88' lang='lat' dir='ltr'><strong>superatos.</strong></span> <span class='ocrx_word' id='word_1_832' title='bbox 3165 4846 3337 4903; x_wconf 83' lang='lat' dir='ltr'><strong>Varro</strong></span> <span class='ocrx_word' id='word_1_833' title='bbox 3381 4857 3557 4904; x_wconf 88' lang='lat' dir='ltr'><strong>autem</strong></span> <span class='ocrx_word' id='word_1_834' title='bbox 3599 4848 3669 4904; x_wconf 88' lang='lat' dir='ltr'><strong>de</strong></span> <span class='ocrx_word' id='word_1_835' title='bbox 3711 4847 3815 4904; x_wconf 88' lang='lat' dir='ltr'><strong>hoc</strong></span> 
     </span>
    </p>
   </div>
   <div class='ocr_carea' id='block_1_109' title="bbox 2213 4940 3813 5013">
    <p class='ocr_par' dir='ltr' id='par_1_109' title="bbox 2213 4940 3813 5013">
     <span class='ocr_line' id='line_1_109' title="bbox 2213 4940 3813 5013; baseline 0.002 -17"><span class='ocrx_word' id='word_1_836' title='bbox 2213 4940 2482 4996; x_wconf 86' lang='lat' dir='ltr'><strong>sacriﬁcio</strong></span> <span class='ocrx_word' id='word_1_837' title='bbox 2525 4942 2602 4996; x_wconf 90' lang='lat' dir='ltr'><strong>sic</strong></span> <span class='ocrx_word' id='word_1_838' title='bbox 2646 4941 2917 5012; x_wconf 88' lang='lat' dir='ltr'><strong>loquitur:</strong></span> <span class='ocrx_word' id='word_1_839' title='bbox 2955 4959 2973 4993; x_wconf 79' lang='grc' dir='ltr'><strong>ι</strong></span> <span class='ocrx_word' id='word_1_840' title='bbox 3013 4940 3178 4997; x_wconf 68' lang='lat' dir='ltr'><strong>Nonae</strong></span> <span class='ocrx_word' id='word_1_841' title='bbox 3204 4942 3541 5011; x_wconf 65' lang='lat' dir='ltr'><strong>Caprotinaa,</strong></span> <span class='ocrx_word' id='word_1_842' title='bbox 3568 4942 3715 5013; x_wconf 88' lang='lat' dir='ltr'><strong>quod</strong></span> <span class='ocrx_word' id='word_1_843' title='bbox 3746 4958 3813 4999; x_wconf 89' lang='lat' dir='ltr'><strong>eo</strong></span> 
     </span>
    </p>
   </div>
   <div class='ocr_carea' id='block_1_110' title="bbox 2214 5032 3804 5104">
    <p class='ocr_par' dir='ltr' id='par_1_110' title="bbox 2214 5032 3804 5104">
     <span class='ocr_line' id='line_1_110' title="bbox 2214 5032 3804 5104; baseline 0 -15"><span class='ocrx_word' id='word_1_844' title='bbox 2214 5034 2301 5089; x_wconf 92' lang='lat' dir='ltr'><strong>die</strong></span> <span class='ocrx_word' id='word_1_845' title='bbox 2330 5034 2380 5087; x_wconf 90' lang='lat' dir='ltr'><strong>iu</strong></span> <span class='ocrx_word' id='word_1_846' title='bbox 2412 5033 2566 5087; x_wconf 87' lang='lat' dir='ltr'><strong>Latio</strong></span> <span class='ocrx_word' id='word_1_847' title='bbox 2595 5032 2790 5088; x_wconf 91' lang='lat' dir='ltr'><strong>Junoni</strong></span> <span class='ocrx_word' id='word_1_848' title='bbox 2817 5032 3126 5104; x_wconf 71' lang='lat' dir='ltr'><strong>Caprotinae</strong></span> <span class='ocrx_word' id='word_1_849' title='bbox 3171 5035 3429 5088; x_wconf 89' lang='lat' dir='ltr'><strong>mulieres</strong></span> <span class='ocrx_word' id='word_1_850' title='bbox 3467 5034 3804 5097; x_wconf 84' lang='lat' dir='ltr'><strong>sacriﬁcant.</strong></span> 
     </span>
    </p>
   </div>
   <div class='ocr_carea' id='block_1_111' title="bbox 2210 5125 3810 5196">
    <p class='ocr_par' dir='ltr' id='par_1_111' title="bbox 2210 5125 3810 5196">
     <span class='ocr_line' id='line_1_111' title="bbox 2210 5125 3810 5196; baseline -0.002 -13"><span class='ocrx_word' id='word_1_851' title='bbox 2210 5137 2265 5183; x_wconf 89' lang='lat' dir='ltr'><strong>et</strong></span> <span class='ocrx_word' id='word_1_852' title='bbox 2294 5127 2395 5181; x_wconf 84' lang='lat' dir='ltr'><strong>sub</strong></span> <span class='ocrx_word' id='word_1_853' title='bbox 2424 5125 2680 5196; x_wconf 65' lang='lat' dir='ltr'><strong>capriﬁci:</strong></span> <span class='ocrx_word' id='word_1_854' title='bbox 2709 5127 2926 5189; x_wconf 80' lang='lat' dir='ltr'><strong>iaciunt,</strong></span> <span class='ocrx_word' id='word_1_855' title='bbox 2956 5135 3012 5180; x_wconf 91' lang='lat' dir='ltr'><strong>et</strong></span> <span class='ocrx_word' id='word_1_856' title='bbox 3040 5142 3072 5181; x_wconf 90' lang='lat' dir='ltr'><strong>e</strong></span> <span class='ocrx_word' id='word_1_857' title='bbox 3100 5125 3357 5196; x_wconf 66' lang='lat' dir='ltr'><strong>capriﬁce</strong></span> <span class='ocrx_word' id='word_1_858' title='bbox 3396 5125 3656 5181; x_wconf 90' lang='lat' dir='ltr'><strong>adhibent</strong></span> <span class='ocrx_word' id='word_1_859' title='bbox 3701 5127 3810 5181; x_wconf 91' lang='lat' dir='ltr'><strong>vir-</strong></span> 
     </span>
    </p>
   </div>
   <div class='ocr_carea' id='block_1_112' title="bbox 2208 5217 3809 5293">
    <p class='ocr_par' dir='ltr' id='par_1_112' title="bbox 2208 5217 3809 5293">
     <span class='ocr_line' id='line_1_112' title="bbox 2208 5217 3809 5293; baseline 0.001 -20"><span class='ocrx_word' id='word_1_860' title='bbox 2208 5235 2329 5292; x_wconf 87' lang='lat' dir='ltr'><strong>gam</strong></span> <span class='ocrx_word' id='word_1_861' title='bbox 2364 5239 2384 5273; x_wconf 79' lang='grc' dir='ltr'><strong>ι</strong></span> <span class='ocrx_word' id='word_1_862' title='bbox 2424 5218 2630 5293; x_wconf 87' lang='lat' dir='ltr'><strong>(Varr.,</strong></span> <span class='ocrx_word' id='word_1_863' title='bbox 2656 5221 2693 5274; x_wconf 84' lang='grc' dir='ltr'>ι.</span> <span class='ocrx_word' id='word_1_864' title='bbox 2719 5235 2748 5272; x_wconf 90' lang='lat' dir='ltr'><strong>v</strong></span> <span class='ocrx_word' id='word_1_865' title='bbox 2776 5219 2839 5274; x_wconf 91' lang='lat' dir='ltr'><strong>de</strong></span> <span class='ocrx_word' id='word_1_866' title='bbox 2866 5217 3020 5291; x_wconf 79' lang='lat' dir='ltr'><strong>Ling.</strong></span> <span class='ocrx_word' id='word_1_867' title='bbox 3050 5218 3167 5280; x_wconf 84' lang='lat' dir='ltr'><strong>lat..</strong></span> <span class='ocrx_word' id='word_1_868' title='bbox 3196 5236 3251 5290; x_wconf 86' lang='lat' dir='ltr'><strong>p.</strong></span> <span class='ocrx_word' id='word_1_869' title='bbox 3282 5218 3394 5286; x_wconf 81' lang='lat'><strong>50).</strong></span> <span class='ocrx_word' id='word_1_870' title='bbox 3424 5218 3594 5289; x_wconf 90' lang='lat' dir='ltr'><strong>llujus</strong></span> <span class='ocrx_word' id='word_1_871' title='bbox 3647 5235 3809 5289; x_wconf 80' lang='lat' dir='ltr'><strong>porro</strong></span> 
     </span>
    </p>
   </div>
   <div class='ocr_carea' id='block_1_113' title="bbox 2208 5313 3801 5385">
    <p class='ocr_par' dir='ltr' id='par_1_113' title="bbox 2208 5313 3801 5385">
     <span class='ocr_line' id='line_1_113' title="bbox 2208 5313 3801 5385; baseline -0.001 -16"><span class='ocrx_word' id='word_1_872' title='bbox 2208 5315 2490 5381; x_wconf 89' lang='lat' dir='ltr'><strong>sacriﬁcii,</strong></span> <span class='ocrx_word' id='word_1_873' title='bbox 2522 5324 2681 5383; x_wconf 89' lang='lat' dir='ltr'><strong>atque</strong></span> <span class='ocrx_word' id='word_1_874' title='bbox 2732 5313 3063 5385; x_wconf 38' lang='lat' dir='ltr'><strong>festi,,quod</strong></span> <span class='ocrx_word' id='word_1_875' title='bbox 3111 5313 3441 5369; x_wconf 87' lang='lat' dir='ltr'><strong>Aneillarum</strong></span> <span class='ocrx_word' id='word_1_876' title='bbox 3487 5316 3801 5378; x_wconf 87' lang='lat' dir='ltr'><strong>vocabatur,</strong></span> 
     </span>
    </p>
   </div>
   <div class='ocr_carea' id='block_1_114' title="bbox 2206 5404 3804 5463">
    <p class='ocr_par' dir='ltr' id='par_1_114' title="bbox 2206 5404 3804 5463">
     <span class='ocr_line' id='line_1_114' title="bbox 2206 5404 3804 5463; baseline -0.001 0"><span class='ocrx_word' id='word_1_877' title='bbox 2206 5421 2424 5463; x_wconf 89' lang='lat' dir='ltr'><strong>causam</strong></span> <span class='ocrx_word' id='word_1_878' title='bbox 2471 5416 2526 5461; x_wconf 89' lang='lat' dir='ltr'><strong>et</strong></span> <span class='ocrx_word' id='word_1_879' title='bbox 2578 5406 2971 5461; x_wconf 85' lang='lat' dir='ltr'><strong>institutionem</strong></span> <span class='ocrx_word' id='word_1_880' title='bbox 3034 5404 3337 5461; x_wconf 88' lang='lat' dir='ltr'><strong>Macrobius</strong></span> <span class='ocrx_word' id='word_1_881' title='bbox 3390 5407 3593 5461; x_wconf 88' lang='lat' dir='ltr'><strong>retulit.</strong></span> <span class='ocrx_word' id='word_1_882' title='bbox 3655 5406 3804 5461; x_wconf 85' lang='lat' dir='ltr'><strong>Illius</strong></span> 
     </span>
    </p>
   </div>
   <div class='ocr_carea' id='block_1_115' title="bbox 2205 5497 3799 5568">
    <p class='ocr_par' dir='ltr' id='par_1_115' title="bbox 2205 5497 3799 5568">
     <span class='ocr_line' id='line_1_115' title="bbox 2205 5497 3799 5568; baseline -0.002 -13"><span class='ocrx_word' id='word_1_883' title='bbox 2205 5501 2367 5555; x_wconf 87' lang='lat' dir='ltr'><strong>etiam</strong></span> <span class='ocrx_word' id='word_1_884' title='bbox 2421 5499 2667 5554; x_wconf 89' lang='lat' dir='ltr'><strong>meminit</strong></span> <span class='ocrx_word' id='word_1_885' title='bbox 2713 5497 3063 5564; x_wconf 86' lang='lat' dir='ltr'><strong>Plutarchus,</strong></span> <span class='ocrx_word' id='word_1_886' title='bbox 3096 5507 3150 5553; x_wconf 91' lang='lat' dir='ltr'><strong>et</strong></span> <span class='ocrx_word' id='word_1_887' title='bbox 3193 5498 3305 5553; x_wconf 90' lang='lat' dir='ltr'><strong>alii.</strong></span> <span class='ocrx_word' id='word_1_888' title='bbox 3338 5499 3602 5553; x_wconf 67' lang='lat' dir='ltr'><strong>(Steterunt</strong></span> <span class='ocrx_word' id='word_1_889' title='bbox 3647 5498 3799 5568; x_wconf 86' lang='lat' dir='ltr'><strong>plura</strong></span> 
     </span>
    </p>
   </div>
   <div class='ocr_carea' id='block_1_116' title="bbox 2203 5577 3801 5659">
    <p class='ocr_par' dir='ltr' id='par_1_116' title="bbox 2203 5577 3801 5659">
     <span class='ocr_line' id='line_1_116' title="bbox 2203 5577 3801 5659; baseline -0.001 -11"><span class='ocrx_word' id='word_1_890' title='bbox 2203 5593 2415 5659; x_wconf 89' lang='lat' dir='ltr'><strong>adhuc,</strong></span> <span class='ocrx_word' id='word_1_891' title='bbox 2463 5602 2521 5648; x_wconf 91' lang='lat' dir='ltr'><strong>ut</strong></span> <span class='ocrx_word' id='word_1_892' title='bbox 2565 5592 2786 5649; x_wconf 78' lang='lat' dir='ltr'><strong>Servius</strong></span> <span class='ocrx_word' id='word_1_893' title='bbox 2832 5577 2940 5658; x_wconf 87' lang='lat' dir='ltr'><strong>ait,</strong></span> <span class='ocrx_word' id='word_1_894' title='bbox 2982 5602 3137 5648; x_wconf 90' lang='lat' dir='ltr'><strong>erant</strong></span> <span class='ocrx_word' id='word_1_895' title='bbox 3182 5592 3407 5648; x_wconf 87' lang='lat' dir='ltr'><strong>Junonis</strong></span> <span class='ocrx_word' id='word_1_896' title='bbox 3455 5593 3710 5659; x_wconf 87' lang='lat' dir='ltr'><strong>numina,</strong></span> <span class='ocrx_word' id='word_1_897' title='bbox 3742 5602 3801 5647; x_wconf 89' lang='lat' dir='ltr'><strong>ut</strong></span> 
     </span>
    </p>
   </div>
   <div class='ocr_carea' id='block_1_117' title="bbox 2203 5685 3798 5760">
    <p class='ocr_par' dir='ltr' id='par_1_117' title="bbox 2203 5685 3798 5760">
     <span class='ocr_line' id='line_1_117' title="bbox 2203 5685 3798 5760; baseline -0.001 -18"><span class='ocrx_word' id='word_1_898' title='bbox 2203 5687 2350 5742; x_wconf 85' lang='lat' dir='ltr'><strong>Curis</strong></span> <span class='ocrx_word' id='word_1_899' title='bbox 2378 5698 2433 5744; x_wconf 88' lang='lat' dir='ltr'><strong>et</strong></span> <span class='ocrx_word' id='word_1_900' title='bbox 2460 5685 2676 5753; x_wconf 83' lang='lat' dir='ltr'><strong>Lucina,</strong></span> <span class='ocrx_word' id='word_1_901' title='bbox 2707 5703 2827 5759; x_wconf 70' lang='lat' dir='ltr'><strong>qua:</strong></span> <span class='ocrx_word' id='word_1_902' title='bbox 2860 5688 3130 5745; x_wconf 81' lang='lat' dir='ltr'><strong>Arnobius</strong></span> <span class='ocrx_word' id='word_1_903' title='bbox 3151 5730 3167 5754; x_wconf 91' lang='lat'><strong>,</strong></span> <span class='ocrx_word' id='word_1_904' title='bbox 3196 5689 3627 5760; x_wconf 86' lang='lat' dir='ltr'><strong>quandoquidem</strong></span> <span class='ocrx_word' id='word_1_905' title='bbox 3667 5688 3798 5743; x_wconf 81' lang='lat' dir='ltr'><strong>satis</strong></span> 
     </span>
    </p>
   </div>
   <div class='ocr_carea' id='block_1_118' title="bbox 2199 5779 3796 5853">
    <p class='ocr_par' dir='ltr' id='par_1_118' title="bbox 2199 5779 3796 5853">
     <span class='ocr_line' id='line_1_118' title="bbox 2199 5779 3796 5853; baseline -0.002 -17"><span class='ocrx_word' id='word_1_906' title='bbox 2199 5779 2366 5836; x_wconf 91' lang='lat' dir='ltr'><strong>multa</strong></span> <span class='ocrx_word' id='word_1_907' title='bbox 2396 5788 2819 5846; x_wconf 88' lang='lat' dir='ltr'><strong>memoraverat,</strong></span> <span class='ocrx_word' id='word_1_908' title='bbox 2852 5780 3068 5835; x_wconf 92' lang='lat' dir='ltr'><strong>silentio</strong></span> <span class='ocrx_word' id='word_1_909' title='bbox 3109 5781 3388 5851; x_wconf 65' lang='lat' dir='ltr'><strong>praaterire</strong></span> <span class='ocrx_word' id='word_1_910' title='bbox 3433 5780 3619 5836; x_wconf 90' lang='lat' dir='ltr'><strong>maluit</strong></span> <span class='ocrx_word' id='word_1_911' title='bbox 3645 5779 3796 5853; x_wconf 75' lang='lat' dir='ltr'><strong>(Ma-</strong></span> 
     </span>
    </p>
   </div>
   <div class='ocr_carea' id='block_1_119' title="bbox 2198 5866 3793 5946">
    <p class='ocr_par' dir='ltr' id='par_1_119' title="bbox 2198 5866 3793 5946">
     <span class='ocr_line' id='line_1_119' title="bbox 2198 5866 3793 5946; baseline 0 -16"><span class='ocrx_word' id='word_1_912' title='bbox 2198 5874 2358 5944; x_wconf 86' lang='lat' dir='ltr'><strong>crob.,</strong></span> <span class='ocrx_word' id='word_1_913' title='bbox 2386 5876 2423 5929; x_wconf 83' lang='grc' dir='ltr'>ι.</span> <span class='ocrx_word' id='word_1_914' title='bbox 2456 5890 2473 5928; x_wconf 93' lang='grc' dir='ltr'><strong>ι</strong></span> <span class='ocrx_word' id='word_1_915' title='bbox 2505 5872 2796 5945; x_wconf 83' lang='lat' dir='ltr'><strong>Saturnal.,</strong></span> <span class='ocrx_word' id='word_1_916' title='bbox 2840 5891 2889 5930; x_wconf 86' lang='lat' dir='ltr'><strong>c.</strong></span> <span class='ocrx_word' id='word_1_917' title='bbox 2934 5875 3023 5945; x_wconf 75' lang='lat' dir='ltr'><strong>il,</strong></span> <span class='ocrx_word' id='word_1_918' title='bbox 3167 5874 3306 5942; x_wconf 79' lang='lat'><strong>223;</strong></span> <span class='ocrx_word' id='word_1_919' title='bbox 3347 5873 3647 5944; x_wconf 47' lang='lat' dir='ltr'><strong>Plutarch&quot;</strong></span> <span class='ocrx_word' id='word_1_920' title='bbox 3689 5874 3793 5931; x_wconf 83' lang='lat' dir='ltr'><strong>Pa-</strong></span> 
     </span>
    </p>
   </div>
  </div>
