3980 6274
171 346 277 401 569

1451 344 1516 399 IN
1555 342 1927 415 ARNOBIUM,
1970 345 2123 403 CAP.
2166 347 2304 407 XVI.

3354 353 3457 408 570

165 460 365 527 rallel.,
395 470 522 516 tom.
549 476 610 528 ιι,
641 478 694 533 ρ.
723 462 858 530 ὃιὸς
892 461 1037 519 Serv.
1067 463 1121 518 in
1141 464 1180 518 ι.
1209 479 1224 518 ι
1266 461 1507 530 ιΕηεὶιί.,
1541 479 1653 518 vers
1694 462 1758 517 ιε

1866 463 2211 537 Tritogeniam
2232 510 2246 533 ,
2276 468 2411 536 quod
2449 478 2523 522 ter
2562 474 2616 523 in
2662 483 2796 523 anno
2824 476 3061 523 naturam
3090 475 3278 536 mutet,
3308 482 3456 535 vere,

170 567 218 612 et
246 556 361 630 15).

240 650 375 706 Cum
422 660 501 707 tot
545 667 676 724 ergo
720 653 918 709 ethnici
969 653 1251 711 habuerint
1292 652 1564 718 Junones,
1595 650 1679 709 vel
1711 665 1768 708 nt

168 742 392 801 Servius
418 746 522 805 ait.
552 744 821 800 Junonnm
855 748 1073 801 numina
1096 789 1112 814 ,
1156 746 1280 800 inde
1311 756 1551 816 pro‘ecto
1579 755 1768 799 auctor

169 844 359 890 noster
383 835 604 892 Conlicit
637 837 753 892 illas
773 853 982 905 omnes,
1011 849 1170 910 alque
1198 839 1366 908 ipsam
1389 854 1622 908 qunque,
1647 853 1765 909 qua:

166 925 321 982 Jovis
350 943 510 983 soror
535 939 589 984 et
617 931 811 998 conjnx
847 930 1041 998 ubique
1072 930 1480 1000 pra-dicabatur,
1509 930 1638 985 deas
1660 931 1764 985 dici

168 1034 279 1075 non
310 1036 491 1089 posse,
517 1022 561 1077 si
592 1021 731 1077 Juno
755 1023 905 1092 juxta
926 1024 1088 1095 gra-ci
1115 1023 1346 1079 nominis
1368 1024 1763 1097 etymologiam,

166 1122 224 1168 et
244 1114 477 1183 plurium
508 1115 957 1184 Opinionem,aer
978 1116 1159 1183 fuerit,
1190 1132 1313 1171 nam
1345 1132 1438 1171 aer
1456 1131 1559 1171 non
1586 1128 1765 1186 potest

165 1222 287 1264 esse
307 1209 476 1275 deus;
500 1225 628 1282 ergo
655 1212 800 1268 nttlla
827 1211 968 1267 Juno
997 1213 1098 1268 dea
1128 1224 1231 1269 est.

771 1346 1057 1386 Αιιτιουιιιε
1100 1346 1160 1386 ll.

165 1462 422 1523 Quomodo
443 1464 687 1515 Arnobius
707 1468 933 1517 ostendat
954 1469 1098 1518 deam
1125 1482 1300 1519 revera
1325 1482 1420 1519 non
1441 1482 1553 1519 esse.
1580 1470 1763 1519 Miner-

233 1540 340 1592 vam
367 1541 428 1577 ex
454 1531 597 1578 variis
619 1530 874 1591 gentilium
897 1533 1203 1592 Opinionihns
1224 1533 1287 1580 de
1312 1532 1390 1582 illa
1411 1548 1439 1581 e
1461 1533 1599 1582 Jovis
1622 1546 1765 1583 cure-

229 1590 661 1716 ἓξοσοῦτῗοὲμοιιιὶδ
683 1599 736 1642 et
756 1590 980 1642 Victoria:
998 1593 1112 1657 ﬁlia,
1129 1597 1209 1645 ubi
1230 1596 1293 1645 de
1305 1598 1510 1645 nominis
1529 1596 1763 1647 Minerva)

274 1667 314 1716 .y
414 1667 444 1702 ο
483 1667 542 1705 ia.

240 1778 399 1834 Venit
431 1781 701 1839 Arnobius
730 1782 797 1839 ad
825 1784 1140 1851 Minervam,
1160 1801 1224 1840 ac
1248 1785 1427 1842 Granii
1454 1788 1763 1842 testimonio

1867 568 2071 625 aestate,
2102 560 2319 632 hyeme;
2346 572 2391 615 et
2420 561 2703 633 Glaucopin
2747 562 2882 629 dici,
2924 579 3027 617 non
3072 562 3208 634 quod
3251 561 3461 635 glaucos

1867 653 2039 707 oculos
2082 655 2262 709 habent
2287 657 2569 729 (insulsum
2598 657 2730 711 enim
2756 658 2853 712 hoc
2879 656 3055 726 esse),
3087 657 3177 709 sed
3208 656 3331 724 quia
3374 670 3462 709 aer

1866 750 2050 819 glauco
2078 750 2142 802 sit
2168 759 2393 823 aspectu.

1939 842 2186 897 Servium
2221 844 2341 897 huic
2372 842 2746 914 adjungamns,
2775 842 2865 913 qui
2900 842 2951 896 in
2985 842 3095 897 suis
3138 841 3204 896 ad
3250 839 3458 911 Virgilii

1868 936 2134 993 Eueidcn
2180 939 2587 993 commentariis
2633 938 2894 1008 scripsit:
2942 956 2961 989 ι
3014 937 3316 993 Potestates
3367 944 3460 991 aut

1869 1046 2101 1092 terrena:
2128 1045 2287 1096 sunt,
2317 1044 2410 1090 aut
2437 1036 2601 1091 aerice
2634 1053 2646 1088 :
2674 1035 2770 1090 sed
2801 1036 2924 1105 quia
2963 1032 3133 1088 aether
3171 1031 3308 1102 ignis
3340 1039 3455 1095 est,

1868 1132 1990 1186 ideo
2022 1133 2075 1186 in
2103 1131 2443 1186 :etheriarum
2491 1137 2815 1199 potestatum
2837 1126 3049 1197 templis
3085 1125 3222 1196 ignis
3250 1135 3364 1190 est;
3400 1133 3459 1178 ut

1866 1224 2127 1279 reddatur
2164 1226 2243 1278 eis
2274 1223 2449 1294 imago
2477 1224 2557 1277 sui
2588 1222 2862 1278 elementi.
2890 1220 2987 1275 Est
3013 1229 3190 1274 autem
3224 1217 3275 1273 in
3315 1224 3456 1271 tem-

1865 1317 1956 1386 plo
1981 1316 2150 1382 .lovis,
2180 1316 2302 1387 quia
2331 1317 2501 1371 :etber
2530 1327 2612 1370 est
2639 1316 2912 1381 Minervae,
2945 1329 3064 1385 qua:
3089 1327 3250 1382 supra
3283 1310 3455 1367 aethe-

1866 1425 1978 1464 rem
2004 1420 2106 1465 est.
2136 1410 2285 1465 Unde
2312 1411 2477 1478 patris
2501 1409 2568 1465 de
2584 1411 2759 1479 capite
2783 1416 3059 1480 procreata
3081 1419 3200 1463 esse
3216 1406 3411 1461 dicitur
3430 1423 3450 1457 ι

1867 1504 2063 1579 (Serm,
2092 1507 2147 1559 in
2194 1507 2231 1561 ι.
2281 1522 2335 1561 tv
2388 1505 2629 1569 /Eneid.,
2675 1523 2728 1575 p.
2771 1506 2920 1575 526).
2965 1503 3202 1574 Denique
3248 1502 3455 1558 Macro-

1867 1597 1986 1651 hins
2017 1608 2198 1651 narrat
2230 1598 2297 1653 ah
2326 1598 2414 1663 iis,
2445 1598 2533 1668 qui
2562 1597 2894 1667 diligentius,
2928 1598 3002 1650 uti
3036 1595 3277 1665 putabat,
3309 1593 3455 1649 veri-

1868 1698 2028 1744 tatem
2059 1692 2409 1761 quaerebant,
2441 1692 2580 1744 hanc
2623 1690 2800 1743 datam
2849 1689 3013 1743 fuisse
3059 1689 3320 1742 rationem
3361 1701 3457 1742 cur

1865 1781 2106 1837 Minerva
2158 1782 2295 1838 dicta
2352 1783 2512 1837 fuerit
2565 1795 2831 1836 summum
2884 1779 3102 1836 aetheris
3150 1790 3453 1834 cacumen:

166 1870 363 1942 probat
409 1873 753 1930 Aristotelem
802 1875 1050 1933 docuisse
1092 1894 1209 1934 eam
1251 1894 1372 1934 esse
1401 1878 1626 1934 Lunam.
1655 1879 1762 1934 Alii
1792 1863 1839 1923 Β
1871 1893 1891 1926 «
1927 1874 2077 1942 Esse,
2115 1895 2133 1927 ι
2169 1875 2361 1946 inquit,
2398 1894 2416 1926 ι
2456 1874 2690 1929 medium
2722 1872 2921 1928 a‘thera
2953 1870 3162 1933 Jovem,
3190 1870 3456 1927 lunonem

167 1974 346 2021 tamen
375 1968 446 2023 ab
474 1967 629 2039 hujus
654 1971 908 2041 Opinione
953 1984 1329 2039 recesserunt,
1363 1975 1643 2045 palamque
1677 1990 1766 2028 as-

166 2070 456 2113 seruerunt
484 2058 628 2124 illam
660 2078 783 2118 esse
808 2063 1088 2119 astherium
1138 2068 1393 2121 verticem
1419 2106 1435 2133 ,
1469 2077 1522 2122 et
1552 2066 1765 2121 summi-

167 2155 306 2218 tatis,
334 2163 394 2209 ut
419 2156 495 2209 ait
519 2157 809 2223 Arnobius,
840 2160 981 2213 illius
1006 2177 1277 2215 summam.
1310 2161 1414 2215 Alii
1448 2162 1762 2216 memoriam

166 2261 288 2302 esse
319 2248 641 2304 voluerunt:
678 2271 695 2303 ι
726 2251 900 2318 Unde,
938 2271 957 2303 ι
993 2254 1186 2323 inquit,
1217 2273 1236 2306 ι
1276 2270 1472 2309 nomen
1499 2254 1760 2319 Minerva,

165 2339 317 2412 quasi
358 2341 604 2415 quaedam
643 2342 966 2401 Meminerva
1011 2346 1299 2403 fortnatum
1345 2359 1427 2402 est
1470 2368 1489 2400 ›
1524 2347 1763 2419 (Arnob.,

165 2434 204 2487 ι.
224 2448 307 2498 ιιι,
325 2453 381 2503 p.
415 2435 561 2503 H8).
582 2435 663 2491 Ad
696 2438 1001 2494 Aristotelis
1047 2455 1174 2494 vero
1198 2442 1518 2496 sententiam
1543 2445 1765 2512 propius

164 2529 397 2584 accessit
427 2528 757 2600 Porphyrius
779 2571 795 2596 ,
827 2543 882 2586 ut
914 2533 1081 2603 liquet
1109 2549 1173 2588 ex
1202 2534 1382 2590 verbis
1409 2534 1525 2605 ejus
1552 2541 1622 2588 ab
1653 2536 1764 2590 En-

163 2620 319 2677 sehio
352 2622 435 2676 sic
477 2624 815 2693 transcriptis
844 2623 1083 2693 (Euseb,
1115 2626 1152 2681 ι.
1196 2642 1252 2681 ιιι
1285 2625 1522 2697 Prwpar.
1554 2644 1760 2700 evang.,

162 2729 208 2767 c.
243 2715 332 2777 Η,
362 2732 418 2785 ρ.
454 2715 578 2786 115)
602 2715 792 2793 εὈπιρ
823 2718 878 2774 δὲ
905 2718 1145 2775 Ἀπόλλων
1175 2723 1224 2775 ἐν
1254 2722 1393 2795 ἡλίῳ.
1420 2728 1575 2779 τοῦτο
1593 2722 1763 2783 Ἀθήνη

163 2811 213 2864 ἓν
236 2810 437 2885 σελήνῃ.
470 2810 587 2869 ἔστι
613 2814 713 2889 γὰρ
742 2822 834 2874 τῆς
863 2818 1155 2889 φρονήσεως
1183 2816 1461 2886 σύμϐολον,
1485 2816 1658 2874 Ἀθηνᾶ
1684 2836 1762 2875 τις

160 2898 317 2958 οὖσα.
351 2902 501 2971 Quod
530 2917 699 2960 autem
724 2898 789 2960 in.
819 2908 927 2961 sole
955 2907 1171 2977 Apollo,
1201 2908 1296 2961 hoc
1320 2911 1485 2978 ipsum
1530 2908 1763 2964 Minerva

158 2996 215 3050 in
240 2996 368 3050 luna
392 3006 488 3063 est,
517 2997 653 3067 quod
690 2997 782 3052 illa
816 2998 1102 3068 prudentie
1147 2999 1430 3070 symbolum
1473 3000 1635 3055 instar
1674 3018 1763 3056 cu-

151 3088 369 3160 jusdam
406 3087 652 3143 Minervae
689 3090 773 3145 sit.
818 3092 1151 3161 Augustinus
1179 3107 1308 3147 vero
1337 3102 1618 3162 utramque
1648 3095 1763 3165 opi-

159 3186 405 3252 nionem,
429 3185 499 3241 ab
520 3187 643 3242 aliis
665 3188 963 3255 defensam,
990 3198 1045 3245 et
1068 3202 1327 3245 assertain
1353 3190 1494 3247 hunc
1527 3193 1762 3262 explicat

1865 1981 1994 2019 vero
2039 1967 2271 2021 medium
2318 1967 2520 2021 aethera
2548 1981 2668 2022 cum
2705 1976 2843 2020 terra
2865 2005 2880 2027 ,
2909 1973 2964 2018 et
2990 1962 3282 2018 Minervam
3312 1976 3459 2017 sum-

1867 2076 2011 2114 mum
2044 2062 2265 2116 :etlieris
2292 2076 2575 2127 cacumen,
2608 2076 2674 2115 eo
2699 2069 3017 2131 argumento
3048 2067 3290 2124 utuntur,
3317 2055 3458 2128 quod

1865 2152 2219 2222 Tarquinius,
2258 2154 2522 2208 Demarati
2555 2153 2818 2208 Corinthii
2866 2152 3004 2206 lilius
3028 2193 3044 2217 ,
3073 2149 3459 2206 Sammbraciis

1867 2248 2214 2318 religionibus
2258 2248 2483 2315 mystice
2521 2248 2793 2310 imbutus,
2824 2261 2933 2301 uno
2982 2245 3212 2314 templo,
3251 2259 3315 2299 ac
3359 2243 3459 2300 sub
3508 2241 3520 2252 ’

1866 2342 2067 2397 eodem'
2082 2352 2227 2398 tecm
2258 2344 2473 2400 numina
2503 2351 2795 2398 memorata
2819 2340 3096 2412 coiijungit
3124 2360 3144 2395 ι
3173 2339 3456 2415 (Macr-0b.,
3480 2386 3485 2391 ,

1868 2435 1904 2490 ι.
1937 2452 1993 2491 ιιι
2022 2435 2292 2493 Saturnal.
2345 2454 2392 2491 c.
2421 2436 2503 2510 lt).
2534 2436 2640 2493 Sed
2697 2436 2843 2502 vide,
2892 2450 3098 2506 qtttcso,
3144 2434 3330 2506 quanti
3366 2448 3457 2490 ro-

1865 2530 2013 2586 boris
2038 2532 2105 2584 sit
2132 2530 2234 2586 boc
2264 2541 2657 2601 argumentum.

1939 2622 2106 2676 Porro
2138 2633 2314 2678 autem
2348 2622 2570 2678 Vossius
2600 2632 2748 2693 putat
2791 2620 3041 2677 ethnicos
3079 2620 3331 2675 Minerva:
3358 2634 3458 2676 no-

1868 2716 2012 2771 mine
2057 2717 2387 2772 intellexisse
2416 2716 2636 2772 aetheris
2666 2715 2865 2785 Deique
2894 2714 2999 2768 vim
3027 2713 3077 2767 in
3108 2712 3327 2769 homine
3350 2755 3366 2779 ,
3396 2727 3459 2769 ac

1866 2811 2203 2881 potissimum
2253 2812 2566 2866 memoriam
2598 2809 2820 2880 ejusque
2848 2808 3036 2864 {tntum
3067 2851 3082 2876 ,
3120 2806 3455 2876 prudentiam

1867 2901 2069 2975 (Voss.,
2105 2904 2143 2958 ι.
2184 2921 2221 2958 ιι
2243 2905 2306 2958 de
2330 2904 2475 2975 Orig.
2503 2914 2548 2958 et
2578 2903 2739 2975 Prog.
2772 2902 2979 2969 idolol.,
3007 2919 3054 2955 c.
3093 2901 3187 2962 42.
3221 2917 3274 2969 p.
3302 2899 3455 2973 ἐπι).

1866 2997 1937 3052 At
1966 2996 2017 3051 id
2037 3040 2051 3060 ,
2081 3012 2143 3051 ac
2173 2996 2419 3051 eamdem
2457 3012 2670 3067 quoque
2711 2995 3001 3050 Minervam
3047 2982 3271 3059 Mentis,
3300 2994 3455 3050 sicuti

1864 3090 1942 3143 ait
1986 3090 2256 3144 Arnobius
2280 3131 2295 3152 ,
2325 3090 2483 3143 tiliam
2531 3098 2887 3158 nuncupatam
2921 3086 3082 3143 fuisse
3103 3130 3116 3151 ,
3148 3088 3456 3144 continuari

1868 3198 2025 3253 posse
2060 3184 2349 3237 arbitratur
2378 3183 2461 3237 bis
2506 3181 2646 3253 apud
2682 3182 2746 3238 Α.
2780 3181 3009 3237 Gellium
3042 3176 3246 3235 Afranii
3284 3181 3455 3236 versi-

158 3281 217 3336 in
251 3280 469 3335 "indum
505 3298 519 3334 :
559 3300 579 3333 ι
610 3281 937 3349 Minervam,
962 3285 1085 3354 quia
1124 3300 1240 3339 eam
1283 3285 1531 3341 humanis
1557 3250 1760 3343 artibus
1788 3250 1833 3314 ς·
1865 3282 1985 3348 bus,
2041 3281 2235 3352 quibus
2285 3280 2613 3352 Sapientiam
2670 3295 2798 3334 usus
2855 3288 2909 3334 et
2963 3277 3238 3333 memoria!
3288 3276 3453 3333 [illam

159 3387 598 3449 prmposnernnt,
630 3395 732 3435 nec
774 3381 1097 3437 invenerunt
1125 3384 1358 3450 stellam,
1401 3385 1491 3441 ubi
1516 3401 1631 3441 eam
1660 3403 1759 3459 po-

158 3479 378 3536 nerent,
397 3471 641 3527 eamdem
668 3472 749 3528 vel
766 3488 1033 3528 summum
1056 3477 1277 3540 aethera,
1300 3478 1381 3531 vel
1405 3468 1758 3536 etiamlunam

157 3563 437 3619 dixerunt.
474 3585 494 3617 ι
528 3566 592 3620 Et
621 3567 780 3634 paulo
809 3577 964 3636 post:
990 3587 1010 3620 ι
1042 3568 1273 3624 Minerva
1303 3586 1543 3627 summus
1566 3573 1756 3640 mtber,

156 3668 213 3714 et
242 3657 479 3714 Minerva
512 3657 697 3714 itidem
728 3659 874 3724 luna,
906 3676 1067 3732 quam
1096 3677 1218 3717 esse
1246 3665 1297 3719 in
1324 3665 1545 3719 aetheris
1575 3667 1761 3722 intimo

157 3753 335 3809 limite
373 3755 682 3809 existimant
711 3775 730 3807 ι
772 3755 1047 3828 (August.,
1068 3758 1194 3812 Lvn
1219 3762 1281 3813 de
1308 3758 1483 3826 Civit.,
1514 3779 1629 3834 cap.
1669 3765 1755 3829 lli,

156 3866 212 3917 ρ.
246 3848 394 3916 174).
429 3847 697 3904 Diodorus
742 3859 921 3903 autem
972 3848 1205 3916 Siculus,
1239 3853 1325 3907 ubi
1379 3854 1446 3908 de
1477 3853 1760 3925 Egyptio-

154 3957 277 3997 rnm
298 3942 590 4012 theologia,
608 3943 885 3996 memoriae
905 3943 1121 3997 tradidit
1156 3946 1268 3999 aeii
1294 3961 1488 4001 nomen
1507 3947 1759 4003 Minerva:

154 4032 381 4098 datum,
414 4041 470 4087 et
515 4032 640 4089 inde
685 4032 906 4099 factum,
940 4043 994 4088 ut
1022 4035 1208 4105 virgo,
1251 4051 1317 4090 ex
1360 4036 1513 4091 Jovis
1557 4040 1761 4094 vertice

155 4137 274 4182 orta
301 4168 316 4191 ,
348 4141 413 4182 ac
439 4125 746 4197 Tritogenia
772 4168 786 4192 ,
819 4137 873 4181 et
902 4125 1189 4197 Glaucopis
1229 4128 1368 4184 dicta
1413 4131 1504 4183 sit.
1540 4131 1759 4188 Diodori

155 4235 323 4290 porro
354 4220 517 4275 verba
549 4221 591 4274 si
623 4220 803 4291 legere
830 4220 986 4285 velis,
1020 4220 1089 4275 ab
1117 4220 1352 4277 EuSt-bio
1380 4225 1459 4278 sic
1485 4222 1757 4294 descripta

155 4312 402 4367 invenies
448 4311 708 4383 (Diodor.
765 4312 959 4377 Sicul.,
1010 4311 1099 4366 lib.
1149 4329 1167 4367 1
1209 4313 1481 4379 Biblioth.,
1521 4333 1641 4388 pag.
1691 4320 1755 4383 8;

157 4405 372 4466 Euseb.,
402 4406 442 4459 ι.
471 4420 529 4460 ιιι
572 4404 864 4474 Praeparat.
899 4420 1077 4476 evang.
1106 4422 1153 4459 c.
1183 4406 1239 4473 ὅ,
1266 4424 1390 4479 pag.
1414 4406 1506 4478 89)
1538 4426 1552 4463 :
1578 4411 1673 4465 Τὸν
1703 4408 1758 4465 δὲ

152 4502 281 4578 ἀέρα
330 4501 757 4574 προσαγορεῦσαί
800 4519 952 4569 φασιν
977 4497 1207 4564 Ἀθηνᾶν,
1263 4501 1758 4576 μεθερμηνευομένης

151 4601 244 4654 τῆς
267 4594 467 4657 λέξεων
505 4596 592 4645 καὶ
618 4593 728 4651 Διὸς
755 4592 1016 4665 θυγατέρα
1042 4594 1250 4662 νομίσαι
1275 4594 1489 4657 ταύτην,
1519 4597 1605 4647 καὶ
1624 4614 1755 4667 παρ·
1777 4638 1832 4697 D

153 4685 283 4738 θὲνον
314 4683 718 4741 ὑποστήσασθαι
746 4680 828 4737 διά
856 4702 911 4736 τε
949 4685 1007 4737 τὸ
1048 4679 1300 4758 ἄφθαρτον
1337 4679 1463 4739 εἶναι
1491 4687 1642 4756 φύσει
1670 4687 1753 4740 τὸν

151 4778 327 4855 ἀέρα,,
357 4776 546 4831 καὶτὸν
566 4776 846 4847 ἀκρότατον
873 4776 1082 4844 ἐπέχειν
1124 4775 1277 4829 τόπον
1314 4781 1408 4830 τοῦ
1453 4778 1755 4847 σύμπαντος

152 4868 370 4941 κόσμου.
401 4865 575 4946 διόπερ
601 4870 656 4923 ἐκ
686 4877 776 4929 τῆς
806 4875 1026 4943 κορυφῆς
1079 4872 1171 4920 τοῦ
1218 4868 1324 4928 Διὸς
1367 4868 1757 4941 μυθολογηθῆναι

152 4961 341 5021 Mign
358 4962 551 5020 ταύτην
570 4961 822 5031 γενέσθαι.
844 4961 1136 5032 ὠνομάσθαι
1148 4957 1200 5014 δέ
1212 4960 1371 5018 αὐτήν
1387 4963 1754 5035 Τριτογένειαν,

152 5058 255 5113 ἀπὸ
279 5063 375 5112 τοῦ
420 5060 532 5132 τρὶς
577 5055 906 5128 μεταϐάλλειν
934 5055 1066 5130 αὐτῇ
1111 5060 1200 5114 τήν
1251 5056 1400 5126 φύσιν
1442 5054 1555 5109 κατ’
1582 5057 1753 5109 ἐνιαυ-

151 5150 254 5210 τὸν.
289 5148 461 5225 ἔαρος,
489 5152 576 5203 καὶ
603 5149 777 5223 θέρους
802 5150 888 5202 καὶ
912 5154 1188 5219 χειμῶνος·
1216 5147 1452 5218 λέγεσθαι
1498 5145 1552 5201 δὲ
1592 5148 1750 5206 αὐτὴν

150 5244 566 5317 καὶγλαυκῶπιν,
592 5242 698 5312 οὐχ
725 5242 902 5314 ὥσπερ
946 5238 1064 5296 ἔνιοι
1102 5247 1201 5296 τῶν
1244 5238 1451 5298 ἐλλὴνων
1472 5239 1749 5304 ὑπέλαϐον,

150 5338 255 5392 ἀπὸ
274 5342 369 5391 τοῦ
397 5338 517 5395 τοὺς
543 5335 824 5408 ὀφθαλμοὺς
843 5334 1098 5407 γλαυκοὺς
1138 5334 1310 5401 (τοῦτο
1338 5336 1429 5405 μὲν
1455 5335 1556 5405 γὰρ
1584 5334 1753 5393 cunei;

151 5428 451 5508 ὑπάρχει),
487 5429 591 5484 ἀλλ’
622 5430 722 5485 ἀπὸ
761 5434 854 5489 τοῦ
893 5430 976 5483 τὸν
1018 5430 1145 5503 ἀέρα
1184 5432 1285 5486 τήν
1313 5426 1566 5504 πρόσοψιν
1608 5425 1751 5498 ἔχειν

152 5524 453 5600 ἔγγλαυκον.
487 5523 607 5576 Aeri
636 5531 824 5584 autem,
859 5520 1102 5575 Minerva:
1132 5538 1311 5575 nomen
1351 5524 1575 5593 quadam
1617 5523 1752 5577 vocis

150 5616 573 5687 interpretatione
599 5615 886 5669 attribuisse
904 5655 918 5679 ,
948 5614 1193 5684 levisque
1220 5610 1381 5682 ﬁliam
1426 5615 1558 5669 Itane
1585 5624 1629 5669 et
1649 5618 1751 5669 vir-

149 5711 319 5781 ginem
347 5710 540 5779 putari,
574 5724 632 5763 eo
659 5707 795 5778 quod
815 5725 903 5761 aer
928 5718 1112 5762 natura
1157 5710 1477 5778 corruptioni
1518 5727 1619 5764 non
1654 5710 1747 5763 ob-

150 5803 338 5855 noxius
367 5801 455 5866 sit,
486 5810 532 5853 et
555 5815 812 5853 summum
857 5798 1082 5853 universi
1106 5799 1297 5861 ,locum
1339 5812 1566 5871 occupet.
1600 5800 1747 5856 Unde

148 5899 305 5954 etiam
332 5896 509 5968 fabula
531 5912 557 5950 e
576 5893 720 5950 Iovis
745 5894 927 5950 vertice
945 5893 1089 5949 illam
1111 5902 1331 5948 enatam.
1366 5891 1550 5948 Voeari
1575 5907 1741 5951 autem

1861 3374 2089 3429 cecinit:

1957 3492 2086 3542 Usus
2102 3504 2183 3543 me
2204 3494 2398 3554 genuit,
2419 3496 2581 3554 mater
2605 3491 2801 3553 peperit
2819 3490 3074 3554 memoria,

1954 3555 2187 3619 Saphiam
2211 3553 2382 3606 vocant
2400 3567 2480 3603 me
2506 3553 2681 3611 Graeci,
2709 3566 2794 3603 vos
2816 3553 3120 3615 sapientiam.

2392 3636 2557 3703 (Gell.,
2579 3636 2658 3688 lib.
2687 3651 2769 3686 xm
2794 3639 2937 3688 Noct.
2960 3634 3126 3698 Attia,
3151 3647 3263 3697 cap.
3285 3633 3361 3697 8.)

1861 3746 2128 3803 Caeterum
2162 3746 2369 3801 tametsi
2398 3743 2751 3816 Porphyrius.
2771 3742 2843 3797 titi
2878 3742 3034 3813 paulo
3054 3752 3179 3796 ante
3201 3739 3452 3807 vidimus,

1862 3842 2093 3910 dixerit,
2140 3840 2595 3911 quemadmodum
2645 3837 2836 3910 Apollo
2882 3838 2934 3892 in
2981 3836 3096 3893 sole
3139 3845 3261 3904 est,
3291 3836 3368 3892 sic
3399 3836 3452 3891 in
3488 3855 3510 3867 ·

1862 3936 1986 3989 luna
2012 3974 2026 3999 ,
2057 3934 2357 4003 prudentite
2401 3932 2688 4004 symbolo,
2716 3947 2836 3990 esse
2885 3930 3177 3986 Minervam
3199 3974 3214 3998 ,
3250 3930 3455 3986 Macro-

1862 4029 1980 4084 bius
2008 4039 2186 4082 tamen
2219 4027 2363 4081 aliud
2402 4025 2609 4097 profert
2646 4027 2790 4081 illius
2818 4026 3181 4081 testimonium
3203 4068 3218 4091 ,
3246 4042 3354 4096 qtto
3383 4025 3456 4081 si-

1860 4121 2131 4193 gniﬁcavit
2163 4120 2301 4174 hanc
2329 4121 2497 4191 ipsam
2529 4119 2821 4174 Minervam
2854 4134 2975 4175 e~se
3016 4120 3144 4173 solis
3168 4120 3449 4185 virtutem,

1860 4230 1981 4285 quae
2009 4214 2347 4285 prudentiam
2376 4212 2683 4268 hominibus
2719 4214 2976 4283 impertit.
3010 4198 3134 4267 Harl:
3158 4211 3301 4266 enim
3333 4222 3456 4267 sunt

1861 4307 2116 4363 Macrobii
2139 4308 2300 4362 verba
2326 4326 2339 4362 :
2371 4325 2388 4358 ι
2421 4306 2753 4378 Porphyrius
2776 4313 3001 4360 testatur
3020 4304 3311 4358 Minervam
3333 4316 3455 4359 esse

1861 4402 2113 4455 virtutem
2145 4401 2308 4467 solis,
2343 4415 2460 4466 qum
2503 4398 2751 4453 humanis
2800 4396 3069 4451 mentibus
3110 4397 3451 4466 prudentiam

1861 4494 2252 4550 subministrat.
2287 4492 2415 4547 Nam
2446 4490 2572 4544 ideo
2606 4489 2720 4542 hare
2749 4488 2848 4542 dea
2869 4530 2883 4554 ,
2916 4486 3064 4541 Jovis
3106 4487 3283 4556 capite
3323 4502 3450 4557 pro-

1860 4599 2021 4659 gnata
2056 4576 2405 4649 memoratur,
2437 4583 2487 4639 id
2529 4591 2651 4647 cst,
2691 4582 2756 4636 de
2803 4596 3008 4635 summa
3036 4580 3254 4635 mtheris
3302 4590 3454 4650 parte

1858 4681 2033 4746 edita;
2058 4680 2198 4733 unde
2226 4679 2375 4748 origo
2402 4674 2532 4729 solis
2557 4682 2641 4729 est
2674 4694 2693 4726 )
2733 4672 3012 4745 (Macrob.,
3042 4673 3079 4727 l.
3110 4689 3128 4728 ι
3157 4671 3451 4743 Saturnal.,

1860 4788 1907 4826 c.
1940 4773 2029 4835 t7,
2062 4789 2113 4841 ρ.
2142 4769 2294 4840 262).

1874 4868 1875 4871 “
1934 4867 1977 4921 Τ
1982 4864 2292 4920 antnmdem
2319 4877 2449 4933 ergo
2475 4861 2677 4917 ethnici
2705 4861 2772 4917 de
2802 4860 2959 4932 hujus
2989 4859 3222 4916 nominis
3248 4869 3455 4933 etymo-

1863 4962 2036 5033 logia,
2067 4968 2329 5030 quantum
2360 4957 2427 5012 de
2457 4958 2570 5026 ipsa
2598 4958 2899 5013 variabant.
2930 4956 3155 5026 Quidam
3183 4957 3327 5013 enim
3353 5000 3367 5022 ,
3397 4964 3456 5011 ut

1859 5056 1935 5109 ait
1980 5053 2267 5113 Arnobius,
2304 5066 2498 5106 nomen
2548 5068 2575 5104 a
2621 5053 2911 5116 memoria,
2941 5063 3117 5107 ortum
3147 5053 3450 5114 voluerunt,

1858 5149 2005 5218 quasi
2034 5145 2269 5218 quaedam
2317 5144 2650 5200 Meminerva.
2681 5144 2927 5201 Ciceroni
2972 5154 3148 5199 autem
3193 5144 3269 5199 sic
3298 5144 3452 5199 idicta

1858 5243 2092 5305 videtur,
2135 5242 2271 5312 quod
2310 5242 2385 5296 vel
2426 5242 2705 5304 minueret,
2746 5241 2823 5294 vel
2870 5242 3177 5303 minaretur;
3222 5237 3450 5305 Isidoro,

1858 5334 2013 5405 quasi
2040 5333 2133 5386 dea
2163 5345 2215 5387 et
2246 5350 2431 5388 munus
2456 5334 2652 5387 artium
2678 5334 2969 5395 variarum,
3002 5346 3121 5401 qua:
3145 5331 3211 5385 ab
3241 5330 3326 5385 illa
3363 5330 3449 5385 itt-

1857 5438 2031 5483 venta:
2080 5427 2495 5482 venditabantur
2530 5426 2755 5497 (Cicer.,
2788 5427 2825 5481 ι.
2860 5442 2895 5480 ιι
2940 5427 3003 5479 de
3045 5424 3236 5481 Natur.
3278 5420 3445 5490 ἄρον..

1862 5539 1913 5591 p.
1943 5520 2050 5577 224
2072 5562 2088 5588 ,
2120 5520 2212 5575 lin.
2243 5521 2354 5585 ‘20;
2395 5520 2551 5585 Isid.,
2583 5522 2621 5574 l.
2651 5536 2741 5574 vttt
2789 5518 3013 5590 0rigin.,
3042 5536 3088 5573 ε.
3125 5519 3212 5585 li)
3242 5539 3256 5575 :
3286 5520 3449 5575 Festo

1857 5615 2122 5685 denique,
2152 5617 2292 5686 quod
2325 5617 2462 5670 bene
2492 5622 2726 5669 moneat.
2763 5632 2782 5665 ι
2818 5614 2967 5668 llanc
2991 5614 3164 5675 enim.
3196 5634 3215 5666 ι
3251 5615 3444 5688 inquit,

1863 5726 1882 5760 ι
1919 5708 2106 5778 pagani
2156 5721 2252 5775 pro
2297 5705 2559 5776 sapientia
2605 5704 2897 5774 ponebant.
2931 5706 3255 5761 Corniﬁcius
3279 5723 3443 5777 vero,

1855 5804 1996 5874 quod
2029 5804 2279 5871 tingatur,
2315 5803 2667 5872 pingaturqtte
2694 5801 2951 5856 minitans
2979 5802 3164 5864 armis.
3195 5805 3444 5860 eamdem

1852 5895 2051 5950 dictam
2074 5901 2223 5964 putat
2253 5912 2272 5945 ι
2303 5892 2496 5964 (Fest.,
2529 5892 2734 5948 adverb.
2766 5892 3193 5967 utnenvs).Quae
3222 5896 3440 5968 quidem
