4000 6278
549 305 625 362 ἰῖί

526 417 797 491 Cornificii
838 421 1024 477 eadem
1056 435 1117 477 ac
1147 419 1421 476 Ciceronis
1444 425 1564 486 est,
1594 414 1915 491 etymologia
1936 456 1951 481 ,
1986 426 2105 487 qua:
2132 413 2184 475 Α

527 511 594 568 ab
618 512 712 569 illo
739 514 1054 586 explicatur.

598 609 669 663 At
715 605 934 661 Vossius
980 608 1035 662 in
1086 604 1232 667 Festi
1281 606 1603 662 sententiam
1649 606 1817 677 magis
1849 603 2107 667 inclinat,

526 711 816 774 censetqne
844 702 1065 757 verbum
1115 718 1292 756 moneo
1312 745 1326 768 ,
1356 701 1425 757 ab
1450 701 1734 771 antiquiori
1766 716 1938 755 meneo
1959 700 2107 756 deri-

525 806 744 853 t'atum:
798 804 854 851 et
885 811 913 849 a
954 812 1151 861 meneo,
1189 795 1406 858 mentio,
1434 795 1658 859 memini,
1703 811 1914 860 memor,
1954 795 2107 847 renti—

525 891 713 957 niscor,
746 900 908 963 atque
934 892 1006 947 ita
1035 891 1230 948 factum
1261 908 1454 948 nomen
1492 892 1734 947 Mcnerva
1758 935 1774 960 ,
1821 907 1884 947 ac
1914 891 2109 948 deinde

522 982 756 1038 Minerva
811 982 1035 1053 (Vass.,
1090 986 1178 1039 lib.
1209 1002 1244 1043 ιι
1298 986 1359 1040 de
1390 984 1533 1057 Orig.
1583 995 1627 1041 et
1656 984 1842 1056 Progr.
1891 985 2104 1050 idolol.,

523 1095 638 1150 cap.
697 1077 798 1147 42,
853 1096 976 1151 pag.
1019 1079 1123 1136 271
1161 1091 1209 1135 et
1253 1083 1437 1152 seqq.).
1486 1080 1562 1136 lbi
1610 1097 1772 1152 porro
1817 1082 1908 1136 ille
1957 1082 2107 1153 plura

522 1172 827 1245 congessit,
882 1174 1075 1243 quibus
1112 1189 1173 1229 ea
1234 1190 1352 1245 qua:
1399 1173 1468 1228 ab
1516 1173 1753 1228 Arnobio
1782 1173 1923 1228 dicta
1968 1173 2107 1228 vidi-

523 1279 643 1319 mus
663 1306 678 1329 ,
722 1263 923 1321 diserte
958 1266 1306 1322 enucleantur
1330 1276 1381 1322 et
1408 1266 1771 1324 stabiliuutur.

592 1355 707 1411 Jam
735 1373 863 1413 vero
886 1360 984 1414 etsi
1015 1361 1224 1433 penitus
1248 1370 1546 1416 taceremus
1566 1401 1581 1427 ,
1620 1360 1740 1432 quis
1774 1368 1875 1427 est,
1899 1376 2101 1432 quaeso,

521 1450 612 1519 qui
657 1466 763 1505 non
812 1450 958 1505 videt
996 1468 1101 1523 quo
1134 1453 1256 1524 jure
1304 1454 1444 1509 idem
1477 1454 1744 1509 Arnobius
1772 1464 1956 1509 noster
1986 1454 2109 1507 hinc

522 1541 771 1597 conficiat
807 1544 1004 1599 nullam
1061 1560 1282 1616 prorsus
1326 1546 1493 1613 fuisse
1540 1546 1873 1613 Minervam,
1917 1546 2107 1602 Mentis

520 1644 614 1690 aut
641 1636 891 1692 Victoriae
937 1637 1138 1707 filiam,
1191 1640 1388 1694 nullam
1434 1656 1500 1695 ex
1540 1640 1688 1695 Jovis
1746 1650 1923 1695 natam
1950 1657 2105 1697 cere-

521 1728 642 1796 bro,
694 1729 1045 1786 inventricem
1093 1730 1258 1797 oleae,
1315 1735 1585 1804 variisque
1614 1735 1820 1788 artibus
1851 1744 1905 1789 et
1946 1733 2107 1789 disci-

522 1821 682 1892 plinis
709 1821 1014 1893 praefectum
1055 1834 1108 1879 et
1146 1825 1439 1893 eruditam,
1482 1827 1574 1881 sed
1620 1844 1732 1882 rem
1772 1829 2068 1883 naturalem
2091 1870 2107 1897 ,
2140 1806 2188 1871 Β

522 1931 642 1988 qua:
667 1915 766 1970 dea
790 1917 972 1988 utique
996 1933 1119 1975 esse
1150 1919 1374 1990 nequit?
1401 1919 1641 1989 (Aruob.,
1670 1920 1757 1975 lib.
1776 1936 1850 1987 ιιι,
1872 1940 1926 1993 ρ.
1959 1920 2111 1992 118.)

596 2014 667 2066 At
686 2027 791 2082 quo
819 2012 1016 2069 clarius
1038 2056 1053 2079 ,
1101 2030 1162 2069 ex
1208 2015 1467 2070 hactenus
1513 2015 1673 2071 dictis
1696 2028 1910 2070 constat
1938 2017 2112 2070 ethni-

523 2119 617 2161 cos
670 2106 966 2162 credidisse
994 2108 1138 2163 illam
1187 2108 1377 2163 Mentis
1432 2108 1635 2174 filiam,
1665 2119 1823 2180 atque
1854 2125 1920 2164 ex
1964 2108 2113 2164 Jovis

428 2216 431 2219 '
523 2199 749 2273 cerebro
790 2211 1006 2270 natam,
1048 2218 1113 2258 eo
1152 2201 1427 2259 difficilius
1457 2203 1713 2275 probatu,
1760 2219 1864 2276 qua
1907 2205 2113 2261 ratione

523 2294 631 2351 illia
699 2292 946 2350 Victoria:
1010 2296 1076 2351 ab
1127 2297 1367 2352 Arnobio
1427 2297 1652 2351 dicatur.
1711 2295 1992 2370 Dionysius
2032 2298 2110 2350 si-

522 2386 738 2459 quidem
768 2388 1210 2444 Halicarnasseus
1247 2400 1433 2445 narrat
1464 2388 1645 2460 (Dion.
1702 2389 1869 2444 (Iulio.
1892 2431 1908 2457 ,
1942 2391 2012 2444 lib
2056 2407 2109 2457 t,

522 2495 642 2549 pag.
696 2479 789 2550 26)
833 2499 847 2534 :
891 2484 1040 2541 Νίκην
1086 2481 1141 2538 δέ
1184 2482 1419 2558 Ἀρκάδες
1467 2484 1807 2557 μυθολογοῦσι
1858 2484 2111 2548 Πάλαντος

522 2567 648 2629 εἶναι
699 2575 953 2652 θυγατέρα
997 2582 1087 2630 τοῦ
1136 2578 1412 2638 Λυκάονος.
1442 2578 1591 2650 τιμὰς
1613 2575 1668 2633 δὲ
1686 2577 1812 2656 παρ’
1842 2580 2112 2653 ἀνθρώπων

522 2666 583 2728 ἃς
627 2672 713 2725 καὶ
738 2666 862 2739 ’ἔχει
886 2675 993 2735 νῦν,
1020 2669 1222 2733 Ἀθηνᾶς
1259 2670 1497 2742 βουλήσει
1522 2670 1711 2735 λαϐεῖν,
1732 2673 1994 2744 ’γενομένην
2021 2680 2112 2732 τῆς·

521 2763 636 2817 θεοῦ
662 2764 968 2838 σύντρογον,
990 2762 1191 2825 δοθῆναι
1218 2768 1318 2841 γὰρ
1345 2767 1493 2826 εὐθὺς
1509 2766 1609 2820 ἀπὸ
1628 2774 1775 2840 γονῆς
1804 2772 1893 2825 τήν
1914 2765 2111 2824 Ἀθηνᾶν

520 2854 731 2909 Πάλαντρ
762 2857 864 2910 ἀπὸ
892 2858 1021 2920 Διὸς,
1050 2861 1137 2912 καὶ
1164 2858 1287 2933 παρ’
1318 2860 1507 2931 ἐκείνῳ,
1536 2860 1661 2919 τέως
1710 2862 1779 2921 εἰς
1827 2861 1965 2936 ὥραν
1995 2861 2110 2935 ἀφί-

524 2968 661 3014 κετο,
684 2958 954 3023 τραφῆναι.
1005 2947 1280 3005 Victoriam
1329 2963 1501 3006 autem
1540 2953 1763 3007 Arcades
1807 2954 2113 3023 fabulantur

521 3040 686 3109 ﬁliam
704 3036 962 3109 Palantis,
982 3048 1220 3115 prognati
1234 3045 1473 3119 Lycaone
1491 3063 1510 3101 :
1526 3059 1572 3103 et
1597 3048 1812 3103 honores
1831 3065 1958 3120 quos
1974 3065 2110 3103 nunc

522 3138 662 3208 apud
703 3138 931 3195 homines
970 3139 1150 3204 habet,
1202 3153 1527 3197 consecutam
1550 3182 1565 3207 ,
1604 3141 1837 3195 Minerva
1856 3142 2103 3211 jubente,

520 3230 656 3301 quod
680 3247 797 3285 cum
824 3230 920 3285 hac
950 3232 1045 3285 dea
1073 3232 1227 3286 simul
1256 3234 1473 3287 educata
1500 3236 1585 3288 sit.
1630 3235 1669 3287 Α
1697 3232 1827 3289 Jove
1851 3236 1985 3288 enim
2030 3252 2108 3290 re-

521 3338 640 3376 cens
669 3334 844 3377 natam
868 3325 1281 3379 commendatum
1314 3343 1421 3380 esse
1454 3326 1668 3382 Palanti
1690 3371 1703 3393 ,
1733 3340 1781 3382 et
1805 3330 1944 3399 apud
1966 3331 2113 3387 illum

522 3417 808 3481 educatam,
826 3420 950 3473 dum
971 3420 1266 3474 adoleverit.
1297 3421 1500 3488 Quibus
1520 3433 1663 3476 certe
1695 3423 1867 3477 verbis
1898 3424 2111 3492 planum

522 3509 613 3565 ille
638 3510 764 3565 facit
791 3511 1080 3567 Minervam
1112 3528 1219 3573 non
1242 3530 1363 3570 esse
1394 3515 1558 3573 tiliam
1587 3515 1855 3582 Victoriae,
1876 3518 1969 3572 sed
1992 3528 2113 3571 tan-

523 3604 802 3667 tummodo
834 3620 956 3659 cum
978 3606 1068 3660 illa
1092 3606 1400 3665 educatam.
1446 3608 1711 3665 Pracvium
1760 3609 2113 3665 nihilominus

522 3697 796 3767 opinionis
842 3713 956 3754 suae
998 3711 1326 3756 assertorem
1360 3701 1628 3757 Arnobius
1672 3702 1861 3757 habuit
1907 3703 2113 3760 Pansa-

524 3793 701 3859 niam,
757 3794 846 3860 qui
896 3794 1104 3849 dixerat
1164 3794 1481 3863 (Pansam,
1532 3797 1621 3851 lib.
1676 3813 1722 3864 I,
1767 3815 1886 3869 pag.
1938 3797 2050 3867 40)
2099 3814 2113 3852 :

522 3889 616 3939 Rati
644 3884 815 3956 ἕτερον
843 3888 1058 3942 ἐνταῦθα
1103 3888 1234 3964 ἱερὸν
1263 3887 1465 3949 Ἀθηνᾶς·
1490 3892 1785 3951 πεποίηται,
1811 3890 2118 3962 καλουμένης

522 3980 693 4040 Νίκης.
734 3977 967 4031 Alterum
1017 3979 1202 4034 ibidem
1226 3991 1299 4035 est
1347 3980 1617 4034 delubrum
1670 3981 1948 4048 Minerva),
2005 3982 2110 4048 cui,

532 4069 774 4125 Victoria:
822 4083 1232 4143 cognomentum.
1287 4072 1345 4128 ln
1386 4074 1618 4144 quodam
1673 4085 1851 4129 autem
1879 4075 2116 4145 Orphei,

522 4168 598 4219 uti
648 4166 984 4230 inscribitur,
1018 4166 1215 4238 hymno
1247 4166 1336 4220 illa
1370 4175 1589 4221 vocatur
1626 4170 1859 4247 νικηφὸρε
1903 4167 2113 4240 δαῖμον,

532 4258 813 4314 Victoriam
871 4265 1041 4332 ferens
1087 4260 1288 4314 damon
1343 4259 1642 4333 (Orpheus,
1720 4272 1843 4315 tant.
1893 4279 1909 4316 t
1964 4262 2113 4317 Poet.

521 4369 714 4425 grtec.,
768 4372 889 4427 pag.
932 4354 1080 4426 509).
1106 4356 1176 4411 At
1228 4355 1351 4411 hinc
1400 4355 1626 4411 Arnobii
1669 4358 1906 4411 narratio
1960 4357 2118 4427 plane

523 4449 806 4517 firmatur,
850 4451 894 4505 si
948 4451 1063 4521 ejus
1105 4451 1158 4505 in
1204 4459 1354 4505 textu
1413 4451 1682 4521 legeretur
1723 4470 1735 4506 :
1770 4469 1789 4502 ι
1825 4450 1983 4507 Nulla
2036 4460 2121 4507 est

523 4556 654 4613 ergo
685 4541 879 4597 Mentis
923 4542 1062 4607 tilia,
1110 4542 1254 4597 nulla
1308 4543 1567 4598 Victoria.
1601 4561 1621 4595 ι
1650 4542 1704 4598 Si
1760 4558 1888 4598 vero
1929 4544 2116 4613 legen-

522 4634 650 4689 dum
693 4635 797 4699 sit,
844 4634 1009 4690 Nulla
1056 4635 1327 4702 Victoriae,
1375 4635 1629 4691 videlicet
1659 4635 1796 4700 tilia,
1835 4636 2111 4705 expende,

525 4744 738 4799 quasso,
796 4738 973 4785 utrum
1016 4729 1133 4785 htec
1180 4729 1364 4798 opinio
1415 4729 1540 4783 inde
1581 4730 1845 4791 invaluit.
1894 4729 2035 4799 quod
2083 4746 2114 4785 a

527 4821 730 4890 templo
762 4821 980 4891 ipsius,
1011 4837 1129 4891 qua:
1164 4821 1396 4876 Victoria
1430 4823 1861 4891 nuncupabatur,
1916 4836 2119 4891 cogno-

527 4913 727 4968 minata
775 4923 886 4980 est,
918 4922 1010 4968 aut
1051 4914 1175 4984 quia
1222 4924 1520 4984 pugnantes
1559 4917 1676 4985 ejus
1705 4914 1907 4969 auxilio
1948 4916 2116 4969 victo-

524 5007 659 5060 riam
705 5015 982 5075 reportare
1020 5030 1025 5035 ο
1044 5005 1373 5059 ferebantur.
1647 4986 1653 4997 ’

597 5099 783 5170 Longe
819 5114 981 5169 porro
1012 5099 1276 5169 vulgatius
1301 5109 1355 5152 et
1384 5098 1565 5154 n0titts
1612 5110 1695 5154 est
1724 5100 1889 5167 illam,
1930 5116 2118 5172 quem-

525 5193 817 5250 admodum
859 5192 986 5246 alibi
1019 5192 1353 5247 ostendimus
1385 5193 1598 5263 (Supr.,
1628 5211 1745 5264 cap.
1788 5194 1841 5262 9,
1891 5206 1990 5249 art.
2036 5192 2115 5269 Ξ),

526 5290 659 5343 olea:
694 5297 751 5343 et
798 5286 1023 5340 aliarum
1051 5326 1065 5350 ,
1106 5286 1244 5340 sicut
1295 5285 1559 5341 Diodorus
1607 5288 1818 5342 Siculus
1864 5299 2116 5356 testatur,

526 5383 877 5453 plurimarum
906 5382 1101 5436 artium
1130 5382 1323 5435 dictam
1352 5380 1521 5438 fuisse
1567 5383 1938 5441 inventricem.
1986 5386 2116 5443 Nam

528 5476 654 5532 inde
688 5476 779 5530 ille
832 5476 1107 5531 Concludit
1136 5496 1148 5530 :
1180 5476 1277 5552 Ἀφ’
1305 5474 1372 5531 ὧν
1391 5477 1625 5553 Ἐργάνην
1666 5482 1824 5539 αὐτὴν
1850 5502 2118 5557 προσαγο-

528 5574 769 5648 ρεύεσθαι
797 5569 1037 5643 (Diodor.
1073 5572 1238 5626 Sicut.
1267 5614 1281 5636 ,
1333 5573 1420 5626 lib.
1455 5589 1540 5639 ιιι,
1590 5572 1834 5628 Bibliot/r.
1860 5616 1874 5637 ,
1907 5593 1953 5643 ρ.
1991 5577 2114 5645 14⁵2,

529 5674 575 5716 et
624 5662 712 5715 lib.
760 5679 824 5729 v,
868 5680 985 5749 pag.
1014 5663 1177 5736 255),
1214 5664 1355 5720 unde
1407 5681 1629 5735 ergana,
1667 5678 1762 5719 seu
1801 5666 1981 5735 opifex
2030 5684 2117 5722 vo-

530 5756 735 5809 citatur.

588 5844 871 5902 'Casterum
895 5856 1149 5919 quantum
1174 5848 1226 5905 in
1247 5847 1349 5905 hoc
1377 5847 1599 5904 Arnobii
1623 5851 2086 5918 argumentatione
2103 5895 2121 5921 ,

1730 289 2175 361 DISSERTATIO
2214 291 2493 355 PREVIA

3698 290 3829 349 572

2208 426 2311 482 qua
2365 411 2503 466 hanc.
2528 409 2774 483 aliosque
2801 408 2953 467 ﬁctos
3003 422 3033 465 s
3054 408 3346 481 gentilibus
3372 408 3504 466 deos
3525 408 3779 479 explodit
3802 451 3823 475 ,

2211 502 2468 575 ponderis
2514 504 2582 557 sit
2632 518 2694 557 ac
2751 501 2980 568 virium,
3030 502 3151 571 quis
3206 511 3327 567 est,
3371 500 3461 571 qui
3514 500 3824 556 confestim

2210 610 2319 649 non
2370 592 2804 649 animadvertat?
2867 596 2937 647 At
3004 591 3134 646 illud
3192 601 3454 662 przeterea
3521 593 3825 662 perspicue

2213 688 2470 760 probatur
2521 687 2589 742 ab
2648 686 2881 742 Eusebio
2931 695 2985 742 et
3029 681 3365 756 Augustino,
3422 683 3513 755 qui
3585 700 3653 739 ex
3714 684 3825 739 iis—

2210 781 2331 837 dem
2375 782 2537 835 variis
2578 779 2917 835 ethnicorum
2952 777 3021 835 de
3053 781 3323 843 Saturno,
3358 776 3521 843 Jove,
3566 776 3819 840 lunone,

2211 884 2264 928 ct
2299 874 2534 929 Minerva
2577 872 2956 943 opinionibus,
3009 886 3105 927 eos
3149 885 3421 940 nunquam
3460 867 3596 923 deos
3645 870 3822 927 fuisse

2209 965 2582 1021 demonstrant
2608 965 2845 1040 (Euseb.,
2872 965 2963 1020 lib.
2997 981 3057 1020 ιιι
3097 963 3339 1034 Prtepar.
3377 980 3585 1035 evang.,
3615 980 3663 1017 c.
3717 962 3818 1028 10,

2210 1076 2328 1133 pag.
2363 1058 2501 1126 £07;
2539 1058 2757 1130 August.
2787 1098 2803 1125 ,
2836 1057 2922 1112 lib.
2952 1072 3002 1111 tv
3030 1056 3094 1111 de
3120 1055 3270 1112 Civit.
3295 1098 3310 1121 ,
3336 1065 3438 1110 art.
3471 1042 3537 1110 10
3557 1096 3573 1120 ,
3604 1072 3660 1124 p.
3689 1053 3815 1124 95).

2799 1189 3088 1231 ABTICULUS
3125 1190 3206 1230 Ill.

2209 1314 2457 1375 Quomodo
2482 1312 2724 1363 Arnobius
2747 1311 2863 1373 illud
2888 1314 3046 1364 adhuc
3062 1313 3288 1362 ostendat
3310 1325 3372 1362 ex
3394 1312 3627 1374 Neptuno
3648 1310 3821 1375 Stygii

2269 1376 2440 1434 fratre,
2469 1379 2716 1438 pistricum
2741 1378 2955 1436 domino,
2983 1390 3246 1425 ntamarum
3280 1384 3332 1425 et
3357 1376 3619 1438 gurgitum
3653 1383 3821 1423 mota-

2270 1448 2378 1490 tore
2402 1455 2413 1489 :
2439 1437 2555 1488 item
2581 1452 2645 1488 ex
2666 1439 2907 1489 Mercurio
2923 1441 3271 1496 (laduceatore,
3290 1437 3523 1502 Cyllenio.
3545 1441 3825 1486 verborum

2271 1510 2322 1553 et
2360 1506 2606 1551 nominum
2646 1504 2923 1561 inventore,
2950 1518 3004 1550 ac
3031 1509 3272 1550 mutatore
3296 1499 3618 1549 nundinarum
3638 1538 3651 1553 .
3677 1513 3825 1547 mer-

2270 1566 2414 1629 cium,
2433 1572 2487 1629 et
2502 1565 2931 1629 conitttgrciot'uttr;
2958 1572 3102 1629 atque
3118 1565 3263 1629 etiam
3276 1563 3482 1629 cerere,
3499 1576 3611 1628 quas
3632 1562 3820 1629 :l'crra,

2269 1628 2444 1689 Magna
2470 1627 2643 1684 Mater,
2669 1626 2818 1675 Vesta
2838 1662 2852 1685 ,
2885 1625 2985 1688 Ops
3006 1625 3036 1685 ,⁷
3061 1636 3111 1676 et
3136 1627 3487 1689 Saturuiiuxor
3513 1625 3786 1689 vocabatur
3808 1639 3822 1671 :

2267 1686 2439 1803 ulliiGle
2465 1689 2757 1753 etymologia
2780 1686 3025 1739 nominum
3047 1689 3293 1752 Neptuni,
3316 1688 3565 1748 Mercurii,
3588 1686 3822 1747 Cereris,

2274 1767 2304 1803 e
2396 1762 2532 1803 estw.

2274 1760 2328 1804 et
2355 1760 2532 1804 VCSl‘oU.

2287 1878 2453 1935 Nobis
2504 1880 2801 1934 Arnobium
2841 1878 2978 1933 alios
3001 1876 3277 1947 gentilium
3329 1876 3462 1932 deos
3515 1890 3825 1932 recensen-

2218 1986 2324 2028 tem
2353 1974 2705 2043 sequentibus
2734 1972 2969 2028 occurrit
2999 1972 3310 2042 Neptunus,
3360 1985 3524 2041 quem
3568 1969 3821 2037 ethnici,

2214 2068 2388 2137 inquit
2433 2067 2557 2132 ille,
2613 2066 2749 2138 quod
2802 2082 2936 2134 aqua
2990 2065 3147 2119 nubat
3187 2076 3411 2129 terram,
3471 2078 3539 2119 eo
3590 2064 3827 2119 nomine

2214 2151 2619 2231 appellaverunt
2671 2159 2883 2228 (Arnob.
2913 2201 2929 2225 ,
2973 2160 3064 2215 lib.
3113 2175 3202 2223 ιιι,
3249 2174 3368 2228 pag.
3425 2157 3571 2227 118).
3626 2156 3824 2227 Neque

2214 2262 2361 2309 certe
2403 2252 2519 2307 lucc
2543 2253 2868 2324 etymologia
2910 2260 3137 2321 patrono
3171 2248 3568 2319 defensoreque
3608 2249 3819 2304 caruit.

2214 2346 2472 2414 Quamvis
2502 2346 2645 2400 enim
2677 2344 2869 2399 Cicero
2911 2344 3144 2414 Neptuni
3175 2358 3372 2398 nomen
3396 2358 3425 2395 ι
3458 2342 3659 2407 nando,
3689 2343 3823 2413 qui-

2214 2439 2438 2494 busdam
2468 2438 2661 2492 litteris
2689 2438 2960 2507 paululum
2986 2438 3312 2502 immutatis,
3338 2435 3577 2491 Isidorus
3598 2451 3628 2490 a
3666 2435 3824 2492 nube

2212 2534 2364 2602 quasi
2387 2540 2633 2598 tonante,
2689 2531 2777 2585 alii
2819 2547 2848 2584 a
2894 2530 3061 2586 verbo
3088 2531 3251 2586 etiam
3298 2545 3478 2600 graeco
3511 2532 3708 2587 νίπτειν
3734 2530 3823 2584 la.

2214 2640 2375 2688 vare,
2429 2624 2668 2691 abluere,
2701 2624 2984 2679 deductum
3039 2624 3235 2690 velint;
3289 2623 3461 2678 Varro
3503 2633 3686 2678 tamen
3724 2622 3822 2678 di-

2213 2726 2359 2773 serte
2384 2717 2520 2772 dixit
2549 2735 2563 2769 :
2607 2737 2624 2769 ι
2659 2716 2943 2786 Neptunus
2979 2716 3120 2786 quod
3174 2732 3322 2770 mare
3348 2725 3524 2772 terras
3550 2716 3815 2782 obnubit,

2212 2820 2273 2867 ut
2318 2811 2488 2866 nubes
2535 2810 2768 2876 caelum,
2815 2824 2845 2864 a
2898 2818 3097 2879 uuptu,
3128 2808 3179 2867 id
3218 2817 3336 2874 est,
3392 2810 3725 2878 opertione,
3755 2817 3821 2863 ut

2213 2902 2415 2973 antiqui
2438 2942 2453 2967 ,
2503 2917 2531 2955 a
2563 2918 2669 2972 quo
2696 2901 2921 2971 nuptiae,
2974 2910 3279 2972 nuptusqne
3301 2901 3476 2957 dictus
3521 2921 3540 2954 ι
3576 2901 3771 2973 (Cicer.
3797 2943 3817 2967 ,

2214 2996 2302 3049 lib.
2350 3011 2385 3050 ιι
2427 2996 2492 3049 de
2542 2994 2737 3048 Natur.
2768 2994 2914 3049 deor.
2935 3032 2952 3060 ,
2986 3010 3108 3066 pag.
3139 2994 3281 3058 29.4;
3318 2991 3543 3061 Isidem,
3570 2993 3659 3047 lib.
3692 3007 3816 3061 vttt,

2217 3088 2436 3160 Origin;
2477 3087 2627 3142 Verr.
2650 3128 2663 3153 ,
2695 3088 2784 3141 lib.
2819 3103 2873 3141 tv
2899 3087 2963 3141 de
3004 3085 3159 3157 Ling.
3214 3086 3308 3140 lat.
3332 3128 3348 3153 ,
3380 3103 3505 3158 pag.
3534 3086 3649 3157 18).

2138 3201 2184 3264 C
2286 3182 2446 3251 Atqui
2495 3182 2542 3236 si
2593 3181 2647 3236 id
2695 3197 2881 3236 verum
2931 3180 3035 3247 sit,
3085 3181 3162 3235 ait
3207 3180 3520 3246 Arnobius,
3567 3180 3822 3236 concidit

2213 3274 2457 3345 profecto
2491 3273 2625 3329 deus
2683 3273 2999 3343 Neptunus,
3046 3273 3114 3329 ab
3162 3272 3393 3329 ethnicis
3439 3274 3614 3328 dictus
3641 3274 3820 3330 frater

2216 3370 2403 3441 Stygii,
2450 3369 2499 3422 id
2554 3380 2671 3432 est,
2716 3368 2992 3433 Plutonis,
3054 3378 3109 3423 et
3158 3367 3310 3424 lovis
3356 3382 3685 3439 germanus,
3745 3369 3820 3425 de

2214 3465 2408 3534 quibus
2433 3464 2541 3533 jam
2582 3462 2959 3518 disseruimus.
3011 3462 3175 3519 Addit
3223 3463 3426 3518 ironice
3471 3473 3660 3518 auctor
3707 3478 3816 3518 no-

2216 3568 2362 3615 8ter:
2392 3576 2411 3610 ι
2448 3556 2687 3614 Tridenti
2739 3565 2977 3612 armatus
3000 3597 3015 3622 ,
3052 3556 3329 3626 pistricum
3377 3555 3629 3611 dominus
3653 3596 3669 3618 ,
3725 3567 3816 3611 at-

2216 3668 2356 3722 que,
2393 3666 2686 3707 mmnarum
2706 3694 2721 3719 ,
2758 3667 2852 3707 rex
2877 3651 3144 3708 salsorum
3174 3651 3444 3722 gurgitum
3493 3668 3514 3703 ι
3552 3650 3776 3721 (Arnob.
3800 3693 3819 3720 ,

2220 3748 2316 3802 loc.
2349 3745 2466 3819 cit.)
2488 3789 2502 3813 ,
2530 3747 2728 3812 idest,
2762 3745 2926 3801 maris
2947 3754 3003 3801 et
3032 3745 3201 3815 pelagi
3226 3787 3240 3811 ,
3270 3746 3343 3800 uti
3368 3745 3531 3814 liquet
3560 3742 3647 3801 his
3688 3759 3820 3801 car-

2193 3828 2454 3896 minibus
2481 3882 2496 3906 ,
2547 3839 2739 3908 quibus
2761 3837 3016 3908 Virgilius
3044 3837 3196 3892 illum
3239 3836 3319 3894 sic
3363 3835 3675 3906 loquentem
3732 3838 3822 3892 in-

2219 3933 2404 3989 duxit:

2310 4046 2421 4099 Non
2442 4050 2509 4100 illi
2534 4050 2795 4112 imperium
2818 4048 2978 4113 pelagi
3003 4060 3284 4112 saevumque
3309 4047 3593 4107 tridentem,

2313 4112 2413 4163 Sed
2437 4114 2557 4164 mihi
2578 4122 2712 4163 sorte
2735 4114 2918 4163 datum.

2582 4194 2809 4262 (Virgil.,
2830 4195 2914 4249 lib.
2939 4212 2958 4247 ι
2982 4194 3197 4257 ιΕηεὶά.,
3224 4209 3352 4249 vers.
3378 4195 3471 4247 142
3492 4200 3539 4247 et
3559 4196 3716 4261 seqq.)

2222 4306 2415 4383 Pistrix
2463 4316 2667 4368 autem,
2715 4306 2876 4375 piscis
2930 4315 3013 4361 est
3048 4321 3271 4377 magnus
3330 4320 3423 4360 seu
3472 4303 3651 4359 bellua
3699 4319 3824 4359 ma-

2220 4402 2373 4468 rina,
2406 4415 2565 4471 quam
2595 4398 2836 4454 nonnulli
2882 4398 3126 4453 balenam
3172 4413 3292 4454 esse
3329 4397 3682 4453 arbitrantur.
3739 4397 3827 4454 De

2220 4495 2441 4566 pistrice
2469 4494 2621 4564 plura
2666 4494 2720 4548 in
2749 4491 2897 4547 Arati
2929 4492 3334 4564 phoenomenis,
3366 4506 3434 4547 ex
3459 4491 3656 4562 quibus
3699 4491 3822 4548 haec

2144 4589 2198 4652 Ι)
2222 4587 2513 4658 selegimus
2543 4602 2559 4641 :

2309 4700 2664 4752 Andromedam
2688 4708 2851 4751 tamen
2878 4699 3139 4765 explorans
3160 4700 3264 4751 fera
3276 4712 3513 4765 quaerere
3538 4701 3719 4763 pistrix

2312 4765 2504 4827 Pergit,
2531 4773 2581 4814 et
2602 4777 2760 4827 usque
2784 4767 2924 4816 sitam
2950 4764 3132 4813 validas
3156 4764 3396 4827 aquilonis
3419 4765 3478 4813 ad
3502 4778 3645 4815 auras

2311 4827 2497 4879 Cterula
2522 4829 2733 4891 vestigat
2756 4827 2887 4877 finita
2912 4828 2960 4876 in
2986 4827 3203 4891 partibus
3225 4829 3393 4877 austri.

2737 4911 2823 4974 (In
2850 4910 3006 4962 Cicer.
3033 4911 3253 4975 Fragm.,
3273 4923 3386 4973 pag.
3412 4911 3474 4960 5'5
3496 4916 3541 4963 et
3562 4911 3725 4978 seqq.)

2222 5015 2390 5071 Magna
2431 5030 2644 5087 quoque
2678 5016 2917 5072 marinus
2945 5016 3107 5085 piscis
3135 5022 3218 5070 est
3238 5057 3252 5079 ,
3285 5016 3375 5086 qui
3416 5029 3592 5086 grmce
3622 5019 3819 5088 μαὶνις,

2226 5124 2256 5164 a
2286 5110 2543 5165 Romanis
2586 5110 2744 5169 hodie
2773 5109 2993 5164 mtenola
3027 5116 3267 5163 vocatur.
3297 5109 3488 5164 Cicero
3517 5116 3699 5163 autem
3736 5111 3823 5164 his

2226 5204 2404 5258 verbis
2442 5203 2583 5258 illius
2614 5203 2899 5257 meminit:
2933 5220 2952 5253 ‹
2990 5201 3092 5269 Qui
3118 5202 3449 5271 voluptatem
3480 5201 3650 5271 ipsam
3678 5217 3818 5256 con-

2229 5302 2500 5362 temnunt,
2546 5295 2612 5348 iis
2660 5294 2787 5348 licet
2833 5293 3015 5349 dicere
3062 5308 3123 5349 se
3165 5295 3574 5364 ancipenserem
3624 5310 3823 5352 maenaa

2228 5401 2335 5440 non
2382 5397 2710 5455 anteponere
2745 5404 2765 5438 ›
2824 5384 3049 5459 (Cicer.,
3077 5386 3167 5441 lib.
3204 5402 3244 5442 ιι
3279 5387 3343 5441 de
3371 5384 3542 5440 Finib.
3575 5429 3589 5451 ,
3624 5405 3678 5458 p.
3723 5388 3819 5453 66,

2226 5478 2319 5533 lin.
2354 5478 2467 5549 5i).
2504 5478 2829 5534 Mentionem
2873 5480 3033 5534 etiam
3063 5481 3179 5549 ejus
3215 5478 3345 5533 facit
3379 5479 3674 5535 Athenians
3696 5521 3712 5547 ,
3766 5493 3823 5537 et

2225 5570 2422 5642 saepius
2453 5570 2699 5635 Plinius,
2741 5571 2830 5640 qui
2882 5586 2979 5625 nos
3033 5571 3192 5626 docet
3228 5570 3427 5642 quibus
3475 5570 3713 5636 morbis,
3766 5583 3824 5628 et

2224 5661 2496 5734 quomodo
2523 5662 2759 5716 remedia
2790 5677 2853 5716 ex
2882 5664 2985 5717 hoc
3011 5664 3157 5731 pisce
3176 5662 3529 5717 conficiantur
3560 5661 3774 5734 (Athen.
3802 5707 3818 5732 ,

2225 5755 2312 5810 lib.
2347 5770 2419 5809 vn
2446 5753 2761 5823 Deinosoph.
2782 5794 2796 5820 ,
2826 5771 2945 5826 pag.
2977 5755 3112 5821 515;
3146 5753 3287 5809 Plin.
3309 5797 3323 5821 ,
3351 5754 3440 5808 lib.
3470 5769 3622 5819 xxvr,
3672 5752 3812 5809 llist.

2233 5856 2449 5913 natum,
2501 5862 2616 5919 cap.
2672 5861 2747 5913 tv,
2778 5863 2897 5919 pag.
2960 5846 3106 5913 4&8;
3162 5846 3252 5902 lib'.
3310 5860 3491 5913 xxvn,
3529 5860 3650 5915 sap.
3694 5846 3821 5918 101,
