3980 6284
158 212 232 259 ..τ

232 374 337 437 573

1397 381 1465 439 1N
1504 381 1874 451 ARNOBIUM,
1916 380 2065 439 CAP.
2107 382 2247 441 XVI.

3395 382 3501 441 574

230 510 352 566 pog.
380 492 507 560 512,
538 504 587 549 et
615 495 705 550 lib.
728 511 915 563 xxxii,
958 513 1073 570 asp.
1113 498 1148 554 8
1190 508 1236 554 et
1279 515 1420 570 mp,
1460 514 1587 569 pag.
1617 498 1723 555 858
1769 508 1814 555 et
1841 498 2103 565 ACicero
2146 500 2373 571 (Cicer.,
2418 502 2507 557 δι.
2540 517 2596 557 ιιι
2645 502 2711 555 de
2762 500 2955 557 Natur.
2999 501 3142 556 deor.
3186 515 3311 572 pag.
3362 498 3498 565 248,

229 586 415 658 mm).
443 585 657 645 Videsis
679 588 1038 645 Rondeletum
1085 591 1177 646 lib.
1223 607 1289 656 ν,
1337 604 1455 662 cap.
1490 592 1575 646 l5.
1624 590 1817 647 Aldro-

230 680 502 748 randum,
543 694 602 739 et
652 683 785 739 alios
831 683 901 741 de
928 684 1136 742 duobus
1165 685 1268 741 illis
1291 686 1558 757 piscibus,
1599 686 1818 757 pistrice

228 781 287 828 et
334 789 530 832 utens.

300 866 562 923 Ethnicus
590 870 769 940 igitur,
801 871 940 927 haud
970 872 1187 943 illepide
1209 872 1349 930 ridet
1374 870 1665 941 Arnobius,
1686 875 1815 935 dum

230 960 542 1031 Neptunum
605 966 880 1034 pistricum
931 976 987 1022 et
1043 979 1338 1023 manarum
1390 968 1711 1035 dominum,‘
1754 982 1818 1023 ae

228 1056 496 1111 salsorum
541 1058 848 1128 gurgitum,
892 1048 1341 1131 tremelntndique
1368 1061 1469 1116 sali
1496 1068 1817 1121 mutatorem

230 1160 426 1215 vocat,
497 1152 623 1223 quia
683 1153 832 1208 illum
892 1155 1064 1210 insani
1116 1154 1190 1210 illi
1243 1154 1488 1210 homines
1544 1155 1714 1226 pelagi
1762 1163 1819 1211 et

227 1243 397 1303 maris
421 1258 603 1314 regem
645 1247 788 1301 serio
816 1246 1177 1317 appellabant.
1209 1246 1343 1303 Nam
1388 1257 1583 1318 prmter
1626 1249 1819 1303 citatos

230 1332 439 1407 Virgilii
467 1353 675 1404 versus,
719 1339 974 1408 scriptum
1000 1356 1030 1395 a
1066 1340 1325 1397 Cicerone
1353 1342 1581 1412 legimus
1612 1361 1626 1396 :
1662 1360 1683 1394 ί
1715 1343 1817 1396 Da-

228 1437 348 1484 tum
375 1440 456 1485 est
480 1431 729 1503 Neptuno
758 1436 1016 1501 alterum,
1044 1435 1228 1502 lovis,
1262 1446 1320 1489 nt
1366 1436 1584 1503 volunt,
1628 1435 1810 1501 fratri,

228 1522 557 1579 maritimum
611 1540 771 1581 omne
810 1542 1065 1597 regnum,
1112 1543 1415 1598 nomenque
1461 1529 1813 1597 productum,

227 1624 289 1669 ut
315 1614 584 1671 Portunus
614 1633 641 1671 a
676 1627 832 1688 portu
856 1661 871 1687 ,
913 1620 994 1675 sic
1016 1620 1294 1691 Neptunus
1319 1637 1350 1675 a
1381 1621 1596 1689 nando,
1627 1624 1817 1692 paulu-

226 1706 341 1763 lum
400 1710 588 1779 primis
633 1710 829 1767 litteris
880 1714 1174 1768 immutatis
1211 1732 1231 1767 ι
1273 1712 1493 1783 (Cicer.,
1548 1715 1637 1769 lib.
1692 1732 1728 1771 ιι
1757 1715 1821 1770 de

228 1801 425 1856 Νίκην.
457 1803 599 1858 deor.
622 1847 637 1871 ,
684 1820 807 1876 pag.
837 1805 979 1873 224,
1027 1805 1120 1861 lin.
1167 1806 1243 1879 1).
1276 1806 1446 1875 Quam
1478 1808 1649 1864 bellus
1688 1822 1817 1880 ergo

1918 593 2012 669 lin.
2067 592 2159 664 9),
2216 594 2362 665 leges
2406 602 2460 649 et
2502 594 2702 649 litteras
2753 593 3034 649 tradidisse
3087 590 3395 659 ferebatur,
3435 592 3505 649 de

1917 700 2023 757 quo
2052 701 2148 742 nos
2176 687 2339 742 ailibi.
2387 682 2621 758 Denique
2644 727 2661 752 ,
2708 703 2728 738 t
2772 684 3129 741 nundinarum
3151 723 3165 751 ,
3200 686 3459 741 mercium
3486 721 3501 752 ,

1917 774 2469 849 commerciorumque
2522 788 2786 842 mutator;
2866 796 2884 831 ι
2936 777 3058 846 quia
3122 777 3342 844 ethnici,
3400 776 3508 833 sic-

1919 870 1992 924 uti
2046 878 2111 925 ex
2156 859 2452 943 Augustino
2478 881 2529 927 et
2583 862 2790 926 isidoro
2840 871 2998 942 paulo
3037 880 3162 925 ante
3227 869 3505 924 annotavi-

1918 978 2073 1027 mus,
2115 965 2492 1021 existimabant
2547 980 2668 1021 eum
2723 965 2989 1022 mercibus
3044 978 3298 1036 praeesse.
3352 962 3506 1020 Unde

1919 1058 2138 1114 Servius
2171 1076 2183 1111 :
2221 1077 2239 1114 α
2272 1060 2367 1115 Hic
2389 1061 2547 1116 etiam
2570 1103 2585 1129 ,
2622 1078 2641 1113 ι
2673 1062 2878 1131 inquit,
2940 1081 2959 1113 ι
3008 1060 3336 1116 mercimonii
3370 1058 3506 1115 deus

1917 1161 2002 1207 est
2040 1171 2057 1205 ι
2103 1154 2275 1227 (Serv.
2313 1154 2411 1208 loc.
2464 1157 2598 1227 cit).
2663 1155 2799 1223 Quin
2841 1155 3005 1209 immo
3044 1153 3234 1208 Festus
3278 1168 3307 1207 a
3351 1153 3506 1208 nobis

1918 1247 2080 1316 paulo
2124 1257 2247 1302 ante
2289 1248 2482 1302 citatus
2504 1291 2517 1311 ,
2551 1249 2844 1304 arbitratur
2890 1248 3014 1303 inde
3044 1247 3330 1302 formatum
3361 1245 3505 1301 illius

1920 1356 2116 1397 nomen
2142 1382 2157 1407 ,
2215 1342 2367 1413 cujus
2414 1342 2551 1397 hanc
2595 1344 2769 1397 reddit
2833 1345 3143 1398 rationem:
3182 1359 3203 1393 ι
3236 1341 3387 1396 Hunc
3429 1349 3508 1395 et-

1916 1436 2059 1489 enim
2091 1438 2427 1506 negotiorum
2448 1436 2682 1490 omnium
2711 1435 3086 1491 existimabant
3113 1446 3232 1489 esse
3258 1434 3438 1488 deum.
3479 1452 3500 1485 ι

1918 1526 2085 1600 (Fest.
2110 1570 2125 1593 ,
2152 1529 2220 1580 ad
2246 1529 2449 1583 verbum
2474 1526 2833 1601 Iliencuaws.)
2855 1529 3026 1583 Porro
3054 1537 3233 1582 autem
3257 1525 3509 1595 Augusti-

1918 1634 2020 1674 nus
2040 1612 2110 1688 ex
2142 1622 2230 1675 illa
2263 1621 2781 1693 priorietymologia,
2811 1632 2863 1675 et
2884 1621 3223 1677 ethnicorum
3251 1619 3507 1690 opinione

1917 1713 2159 1770 eamdem
2186 1755 2201 1781 ,
2233 1723 2391 1784 atque
2422 1715 2690 1770 Arnobius
2709 1757 2724 1780 ,
2750 1710 3148 1772 conclusionem
3177 1712 3319 1769 elicit
3349 1730 3363 1766 :
3402 1728 3422 1763 ι
3449 1707 3504 1767 Si

1918 1820 2047 1877 ergo
2093 1802 2387 1862 Mercurius
2434 1807 2580 1878 ipse,
2624 1828 2642 1860 ι
2678 1809 2883 1878 inquit,
2936 1825 2954 1859 ι
2993 1820 3174 1862 sermo
3213 1816 3296 1862 est
3343 1806 3503 1861 etiam

224 1896 322 1953 ille
346 1898 518 1967 deus,
546 1900 637 1970 qui
663 1910 813 1955 natat
840 1914 934 1971 per
962 1900 1159 1956 ﬂuctus
1182 1904 1372 1968 maris,
1405 1902 1690 1974 solumque
1729 1918 1814 1959 re-
1843 1893 1890 1953 B
1918 1901 2046 1972 ipsis
2080 1903 2457 1959 conﬁtentibus
2478 1946 2493 1971 ,
2524 1904 2654 1958 deus
2700 1917 2804 1957 non
2847 1911 2931 1957 est
2975 1920 2993 1953 ι
3032 1900 3271 1973 (August.
3295 1941 3309 1964 ,
3357 1900 3445 1953 lib.
3475 1914 3508 1951 ν

222 1990 306 2059 git
332 1990 478 2046 illius
504 1991 830 2060 imperium?

298 2081 440 2137 Tum
481 2083 679 2139 deinde
704 2083 977 2143 Arnobius
1018 2085 1096 2140 sio
1132 2087 1472 2159 prosequitur
1502 2103 1515 2141 :
1550 2105 1570 2139 α
1606 2087 1815 2143 Mercu-

224 2176 345 2231 rius
384 2176 548 2231 etiam
596 2180 751 2248 quasi
797 2180 1015 2250 quidam
1066 2181 1425 2237 medicnrrius
1469 2183 1645 2239 dictus
1695 2192 1813 2250 est,

222 2280 280 2325 et
311 2269 457 2341 quod
482 2272 620 2327 inter
649 2272 934 2343 loquentes
972 2273 1107 2329 duos
1133 2275 1307 2331 media
1340 2284 1553 2341 currat,
1595 2284 1651 2331 et
1678 2277 1818 2331 reci-

222 2377 487 2435 prucetur
513 2370 721 2431 oratio,
756 2369 987 2424 nominis
1018 2370 1175 2440 hujus
1218 2372 1537 2427 concinnata
1566 2380 1651 2427 est
1688 2386 1819 2441 qua-

223 2459 353 2515 litas
387 2474 409 2515 ι
440 2456 697 2534 (Arnum,
724 2463 817 2517 lib.
846 2475 936 2527 ut,
987 2478 1107 2534 pag.
1159 2463 1307 2531 118).
1364 2464 1528 2519 Favet
1580 2463 1820 2519 Arnobio

222 2554 596 2623 Augusuinus,
667 2556 758 2627 qui
818 2556 869 2610 id
930 2558 1089 2626 paulo
1135 2558 1455 2625 explicatius
1510 2557 1756 2615 edisserit
1802 2574 1818 2615 ι

228 2666 249 2700 t
304 2644 641 2718 Mercurius,
707 2668 727 2702 ι
783 2652 987 2720 inquit,
1057 2668 1077 2702 ι
1131 2651 1281 2721 quasi
1332 2652 1545 2706 medius
1595 2664 1820 2708 currens

221 2743 433 2799 dieitur
480 2745 823 2815 appellatus,
875 2746 1019 2817 quod
1069 2761 1248 2800 sermo
1304 2756 1488 2801 currat
1533 2748 1673 2802 inter
1719 2748 1818 2803 ho-

216 2836 406 2890 mines
456 2838 703 2903 medius;
759 2837 883 2893 ideo
924 2838 1111 2917 Ε’ρμῆς
1157 2850 1365 2907 grtece,
1415 2840 1557 2908 quod
1598 2852 1817 2908 sermo,

220 2929 313 2985 vel
363 2928 738 2998 interpretatio
762 2972 778 2997 ,
829 2945 949 3001 qua:
985 2934 1167 3001 utique
1208 2931 1275 2985 ad
1323 2944 1627 2987 sermonem
1659 2934 1821 3001 perti-

216 3023 394 3088 tinet,
446 3023 684 3098 ἑρμηνεία
733 3024 949 3090 dicitur,
997 3026 1118 3081 ideo
1167 3034 1221 3080 et
1277 3026 1546 3081 mercibus
1577 3042 1815 3098 prtesse,

220 3116 351 3186 quia
378 3115 522 3171 inter
558 3119 855 3173 rendentes
885 3128 941 3173 et
971 3127 1215 3175 ementes
1262 3134 1441 3175 sermo
1473 3120 1525 3174 tit
1557 3120 1764 3176 medius
1795 3139 1815 3175 ι

1917 1999 1980 2053 de
2002 1998 2153 2054 Civil.
2184 2015 2300 2068 cap.
2333 2000 2431 2063 12,
2468 2015 2584 2069 pag.
2617 1996 2765 2068 175).

1990 2093 2161 2149 Simili
2191 2092 2700 2165 planeargnmento
2728 2097 2919 2146 auctor
2961 2097 3148 2145 noster
3189 2087 3405 2143 Cereris
3429 2086 3510 2143 dio

1918 2186 2188 2242 vinitatem
2216 2188 2294 2242 sic
2337 2186 2530 2242 evertit
2559 2202 2573 2239 :
2606 2205 2625 2238 t
2659 2185 2880 2240 Terram
2926 2183 3141 2255 quidam
3190 2197 3222 2238 e
3260 2180 3442 2249 vobis,
3484 2197 3505 2234 ι

1920 2279 1990 2333 ita
2023 2278 2112 2333 ille
2144 2279 2399 2349 loquitur,
2460 2296 2479 2329 ι
2531 2277 2673 2348 quod
2724 2277 2937 2331 cunctis
2986 2274 3219 2329 sufﬁciat
3259 2275 3510 2328 animan-

1921 2369 2064 2424 tibus
2094 2371 2293 2424 victum
2317 2413 2331 2436 ,
2360 2369 2581 2424 Matrem
2612 2384 2735 2426 esse
2764 2368 3017 2423 dixerunt
3049 2380 3318 2437 magnam;
3363 2381 3515 2420 eam-

1920 2464 2045 2519 dem
2083 2463 2223 2520 banc
2270 2465 2507 2532 aliquot,
2557 2464 2699 2534 quod
2731 2464 3044 2518 salutarium
3088 2462 3351 2516 seminum
3392 2458 3510 2515 fru-

1920 2575 2041 2630 gem
2072 2568 2256 2629 gerat,
2288 2559 2541 2613 Cererem
2569 2573 2690 2613 esse
2723 2559 3101 2629 pronuntiant;
3131 2555 3371 2611 nunnnlli
3411 2570 3510 2608 att-

1923 2660 2029 2707 tetn
2061 2650 2278 2706 Vestam
2302 2694 2315 2716 ,
2345 2652 2487 2722 quod
2527 2652 2578 2706 in
2611 2652 2811 2706 mundo
2841 2658 2947 2705 stet
2985 2651 3121 2717 sola,
3151 2650 3363 2705 czeteris
3393 2649 3511 2718 ejus

1922 2743 2166 2814 partibus
2192 2743 2490 2798 mobilitate
2515 2744 2567 2798 in
2593 2755 2851 2814 perpetua
2875 2736 3246 2797 constitutis.)
3266 2740 3508 2814 (Arnob.,

1923 2836 2010 2891 lib.
2039 2852 2129 2900 lii,
2178 2853 2296 2910 pag.
2339 2836 2488 2909 H9.)
2537 2837 2761 2892 Terram
2802 2853 2931 2893 vero
2960 2851 3083 2892 esse
3121 2835 3405 2900 Cererem,
3457 2844 3513 2891 et

1922 2931 2083 3001 paulo
2112 2930 2247 2984 infra
2279 2931 2676 2987 observandum
2701 2974 2715 2996 ,
2760 2941 2814 2987 et
2851 2931 2935 2987 his
2962 2946 3105 2986 nunc
3146 2931 3365 3002 probari
3407 2945 3508 3001 po-

1925 3022 2317 3079 testClceronis
2334 3024 2531 3089 verbis,
2554 3025 2749 3094 quibus
2770 3025 2925 3079 allata
2950 3026 3017 3079 ab
3035 3023 3275 3080 Arnobio
3294 3023 3509 3079 Cereris

1924 3119 2241 3189 etymologia
2274 3118 2624 3173 conﬁrmatur
2652 3136 2665 3171 :
2702 3135 2721 3168 ε
2757 3117 2927 3172 Mater
2960 3126 3137 3171 autem
3169 3125 3270 3182 est,
3298 3135 3317 3169 ι
3341 3116 3512 3186 inquit

218 3210 500 3281 (Attg‘ttst.,
534 3210 622 3265 lib.
651 3227 724 3266 vn
761 3213 825 3266 de
858 3210 1031 3279 Civit.,
1088 3228 1203 3284 cap.
1236 3215 1322 3277 11,
1359 3228 1477 3285 pag.
1511 3213 1657 3287 173).
1689 3215 1819 3282 Quae
1857 3279 1891 3287 _
1922 3214 2032 3279 ille,
2068 3230 2088 3265 ‹
2121 3229 2149 3268 a
2197 3214 2447 3284 gerendis
2494 3214 2730 3283 irngihus
2761 3213 2955 3275 Ceres,
3001 3220 3271 3282 tamquam
3316 3226 3508 3282 geres,

218 3279 447 3372 quidem
497 3303 779 3373 Augustini
830 3304 1011 3370 verba,
1067 3279 1159 3360 δᾶ·
1182 3279 1552 3378 ettpltcandam
1598 3279 1821 3376 hujusce
1848 3279 1893 3343 θ
1925 3320 2158 3375 casuque
2191 3279 2357 3377 prima
2393 3279 2781 3360 litteraitidem
2809 3304 3107 3368 immutata,
3131 3279 3205 3356 tut
3232 3318 3259 3355 a
3284 3279 3507 3357 ϐιηθεὶς.

223 3397 470 3452 nominis
518 3400 899 3469 etymologiam
947 3400 1183 3455 Isidorus
1222 3409 1409 3472 postea
1461 3403 1816 3471 trauscripsit.

222 3490 427 3545 Festus
468 3502 652 3546 veroa
683 3494 953 3548 mercibus
997 3495 1103 3551 huc
1151 3500 1346 3549 nomen
1376 3490 1454 3548 illi
1511 3496 1820 3566 impositum

221 3585 505 3654 Opinatur.
562 3584 733 3640 Aliter
782 3597 959 3642 tamen
1014 3588 1233 3645 Servius
1280 3607 1293 3643 :
1353 3609 1373 3643 ι
1436 3590 1573 3658 Alii,
1631 3610 1651 3643 ι
1704 3593 1816 3658 ait,

227 3695 249 3727 ι
282 3675 615 3731 Mercurium
640 3678 797 3749 quasi
842 3679 1225 3736 ntedi‘currium
1252 3725 1267 3749 ,
1297 3698 1327 3737 a
1375 3680 1578 3738 Latinis
1619 3685 1818 3739 dictum

224 3766 453 3831 volunt,
480 3770 626 3838 quod
666 3771 807 3827 inter
844 3773 1040 3829 omium
1072 3785 1126 3828 et
1157 3776 1355 3832 inferos
1385 3792 1601 3848 semper
1639 3779 1819 3833 incur-

224 3868 317 3913 rat.
350 3877 371 3911 ο
406 3857 661 3933 (ἴσασι-η
694 3863 782 3918 lib.
813 3880 903 3919 vni
952 3866 1100 3936 Orig.
1129 3880 1244 3939 cup.
1279 3870 1365 3936 11;
1397 3869 1540 3926 Fest.
1583 3870 1650 3924 ad
1680 3871 1833 3927 verb:

222 3952 564 4020 Masculus;
593 3955 739 4010 Serv.
759 3958 811 4010 in
835 3959 921 4012 lib.
946 3974 1035 4013 vni
1056 3959 1273 4016 Ᾰόηεὶά.
1295 3979 1405 4016 vers
1429 3960 1531 4018 158
1557 3974 1601 4017 et
1627 3964 1817 4035 seqq).

224 4046 313 4100 Ab
356 4045 451 4100 illo
494 4056 672 4103 autem
712 4050 813 4105 ista
866 4053 1147 4109 observata
1181 4062 1334 4120 sunt,
1367 4058 1419 4111 itt
1464 4058 1562 4112 hos
1611 4044 1820 4129 Virgilii

223 4152 454 4208 versas,
488 4143 681 4212 quibus
728 4160 824 4210 ea,
876 4162 994 4217 quas
1034 4156 1222 4205 auctor
1262 4160 1448 4207 noster
1491 4152 1767 4226 subiungit
1794 4195 1809 4220 ,

218 4233 586 4304 expiica'ntor.
626 4237 783 4294 Canit
827 4241 1025 4313 quippe
1055 4252 1211 4317 poeta
1243 4263 1256 4300 :

318 4324 474 4400 Yubis
500 4329 767 4400 Mercurius
786 4341 926 4396 pater
950 4340 1043 4395 est,
1066 4351 1216 4400 quem
1237 4339 1436 4390 candida
1459 4336 1585 4393 Maia

319 4388 541 4454 Cyllene,
563 4393 733 4456 gelido
755 4388 1047 4461 conceptum
1075 4388 1258 4453 vertice
1283 4388 1424 4454 ludii.

632 4463 859 4532 (ἵει-θίμ
888 4467 969 4519 lib.
996 4486 1075 4521 vm
1098 4474 1317 4537 Eneti,
1345 4489 1470 4528 vers.
1497 4477 1631 4541 158.)

291 4544 437 4613 Quid
455 4556 632 4602 autem
658 4592 673 4615 ,
693 4553 770 4604 uti
787 4554 902 4606 loco
920 4555 1084 4608 citato
1107 4557 1288 4611 subdit
1304 4559 1594 4624 Arnobius,
1618 4578 1683 4616 ex
1715 4560 1816 4620 hac

1921 3401 2052 3455 Nam
2084 3401 2150 3455 ab
2179 3400 2251 3455 illi
2281 3412 2491 3471 quoque
2518 3404 2752 3476 Δημήτηρ
2775 3441 2787 3461 ,
2820 3397 2970 3461 quasi
3005 3401 3238 3473 γημὴτηρ
3270 3395 3510 3450 nomina-

1923 3500 1972 3546 ta
1995 3502 2079 3546 est
2101 3504 2121 3544 ι
2164 3491 2347 3561 (Cicer.
2374 3535 2386 3557 ,
2412 3492 2474 3545 de
2502 3491 2629 3546 Not.
2659 3492 2823 3557 deor.,
2841 3490 2929 3544 lib.
2956 3505 3013 3547 ιι.
3033 3505 3155 3559 pag.
3175 3488 3322 3557 22.5).
3357 3486 3511 3542 Atde

1926 3585 2099 3640 Vestae
2128 3587 2347 3639 nomine
2374 3584 2569 3640 ibidem
2601 3584 2759 3652 paulo
2790 3589 2909 3652 post
2929 3578 3045 3635 hinc
3061 3580 3257 3635 habet:
3287 3597 3305 3630 ‹
3332 3579 3512 3632 Vestae

1922 3693 2117 3732 nomen
2145 3691 2173 3731 a
2203 3677 2438 3743 Griecis;
2475 3688 2535 3730 ea
2567 3684 2649 3730 eSt
2675 3676 2819 3730 enim
2845 3716 2860 3738 ,
2913 3688 3033 3745 qua:
3081 3674 3149 3728 ab
3197 3672 3302 3727 illis
3333 3671 3512 3727 Ἐστία

1922 3771 2117 3826 dicitur
2164 3790 2183 3824 ι
2215 3770 2378 3841 (Ibid.
2401 3812 2414 3834 ,
2464 3770 2556 3823 lin.
2594 3767 2704 3841 15).
2740 3764 2828 3825 Sic
2861 3779 3037 3823 autem
3074 3780 3251 3836 graece
3295 3782 3323 3818 a
3363 3775 3512 3819 vete-

1921 3865 2069 3918 ribus
2114 3871 2302 3919 rncata
2348 3870 2464 3925 est,
2511 3864 2583 3916 ait
2615 3862 2919 3915 i’ltarnuttts
2968 3857 3249 3931 (Pharum.
3276 3901 3291 3923 ,
3336 3856 3508 3912 Cerer.

1921 3967 1967 4010 et
1999 3952 2163 4027 Vest.)
2187 3998 2201 4022 ,
2226 3957 2328 4011 ἀπὸ
2357 3958 2449 4010 τοῦ
2479 3956 2686 4009 ἑστάναι
2709 3995 2723 4019 ,
2753 3953 2895 4023 quod
2923 3963 3005 4007 cst
3031 3960 3178 4007 stare
3207 3966 3268 4005 ac
3295 3952 3509 4015 sistere;

1920 4052 2039 4121 quia
2071 4058 2178 4106 stat
2205 4060 2302 4121 per
2330 4064 2420 4105 res
2447 4049 2744 4104 universas.
2772 4048 2838 4101 Et
2866 4045 2917 4101 id
2944 4044 3162 4117 quidem
3181 4044 3403 4100 Ovidius
3430 4042 3514 4098 itis
3568 4095 3577 4105 ,

1922 4145 2165 4201 versibus
2193 4143 2515 4214 signiﬁcavit
2544 4156 2557 4197 :

2014 4258 2123 4309 Stat
2144 4260 2193 4310 vi
2217 4263 2351 4307 terra
2372 4270 2479 4317 sua,
2511 4257 2558 4306 vi
2583 4254 2754 4305 stando
2777 4253 2927 4304 Vesta
2954 4258 3170 4313 vocatur,

2074 4320 2325 4384 Causaque
2351 4334 2439 4383 per
2462 4319 2597 4371 Graii
2623 4318 2827 4369 numinis
2851 4329 2961 4366 esse
2989 4324 3166 4378 potest.

2499 4386 2683 4450 (Ovid.,
2712 4384 2793 4436 lib.
2820 4400 2869 4435 Vl
2892 4384 3105 4444 Fastor.,
3132 4396 3256 4435 vers.
3283 4384 3418 4450 551.)

1921 4476 1999 4532 11ιὶ
2024 4480 2203 4533 utilem
2233 4448 2460 4530 ille'non
2487 4448 2663 4527 solum
2696 4470 2875 4524 Vesta:
2902 4469 3285 4539 etymologiam
3314 4448 3515 4522 conﬁr-

1921 4581 2064 4638 mat,
2107 4569 2203 4627 sed
2231 4580 2349 4623 eam
2386 4578 2598 4635 quoque
2626 4560 2872 4621 eamdem
2915 4575 3035 4615 esse
3060 4574 3123 4614 ac
3171 4572 3367 4613 terram
3416 4575 3514 4615 seu

217 4640 537 4711 opinionum
585 4645 843 4701 varietate
862 4687 878 4712 ,
922 4660 977 4702 et
1022 4649 1354 4709 dissentione
1379 4655 1523 4712 aliud
1550 4658 1811 4730 sequitur,
1839 4665 1892 4726 Ι)
1921 4664 2189 4719 tellurem.
2209 4658 2363 4729 Quod
2392 4657 2614 4729 quidem
2635 4655 2782 4725 prius
2807 4654 2891 4709 his
2911 4651 3240 4707 carminibus
3264 4652 3510 4709 dixerat:

214 4732 323 4787 nisi
355 4731 500 4803 quod
522 4734 751 4791 aboletur
793 4748 838 4793 et
864 4743 1175 4811 extinguitur
1218 4744 1477 4800 caducitor
1523 4749 1610 4802 ille
1635 4747 1810 4821 Cylle-

216 4828 336 4881 nius
364 4828 420 4880 in
458 4828 631 4900 algida
659 4834 805 4903 {usus
831 4842 1023 4898 monte,
1071 4839 1519 4906 quemadmodum
1569 4852 1714 4912 patet
1742 4858 1808 4899 ex

216 4936 344 4975 mox
375 4922 553 4977 citatis
580 4922 787 4995 Virgilii
814 4928 1143 4983 carminibus
1166 4970 1182 4996 ,
1235 4930 1300 4984 ad
1332 4947 1468 5000 quos
1495 4933 1645 4989 illum
1692 4937 1809 4991 col-

215 5012 453 5070 lineasse
489 5014 629 5070 haud
658 5015 932 5075 immerito
958 5020 1060 5074 dici
1090 5025 1300 5090 potest?
1342 5023 1619 5080 Ca‘ducitor
1653 5044 1802 5098 vero,

214 5106 302 5161 vel
354 5107 534 5177 potius
602 5107 926 5165 caduceator
991 5112 1301 5184 dicebatur,
1373 5118 1527 5188 quia,
1578 5128 1639 5174 ut
1691 5125 1808 5177 ani-

214 5200 502 5257 madvertit
553 5201 801 5270 Servius,
868 5207 1064 5285 aliique
1110 5209 1247 5264 bene
1292 5212 1441 5266 multi
1503 5230 1516 5267 :
1573 5232 1592 5267 t
1629 5215 1808 5273 Cadu-

215 5309 372 5350 ceum
426 5295 551 5351 illia
575 5296 680 5352 deo
705 5299 1027 5370 assignatur,
1052 5301 1193 5368 quod
1228 5300 1330 5359 ﬁde
1371 5306 1575 5374 media,
1621 5307 1807 5365 hostes

214 5387 268 5443 in
308 5388 599 5444 amicitiam
630 5391 933 5460 conducat,
966 5408 1086 5464 quae
1118 5396 1266 5467 virga
1296 5396 1416 5452 ideo
1465 5401 1805 5471 serpentibus

215 5479 415 5550 illigata
468 5490 582 5550 est,
637 5492 693 5536 ut
745 5483 883 5539 sicut
927 5485 999 5539 illi
1061 5487 1214 5542 obliti
1260 5491 1451 5545 veneni
1501 5491 1580 5546 sui
1639 5495 1690 5547 in
1743 5508 1804 5549 se

215 5584 451 5643 coeunt,
493 5576 562 5631 ita
594 5577 796 5646 hostes,
838 5581 1156 5651 contemptis
1184 5592 1238 5639 et
1283 5583 1541 5654 depositis
1571 5587 1801 5643 inimici-

219 5666 324 5736 tiis,
354 5668 421 5723 ad
444 5670 736 5725 amicitiam
782 5683 1119 5728 revertantur
1155 5695 1173 5727 ι
1213 5675 1387 5745 (Serv.
1442 5679 1541 5734 loc.
1573 5682 1710 5747 cit.).

224 5756 229 5759 “
288 5760 449 5819 Addit
496 5773 682 5818 auctor
720 5774 905 5819 noster
938 5784 951 5820 :
991 5784 1009 5817 ί
1045 5764 1342 5824 Verborum
1392 5773 1722 5843 excogitator
1747 5784 1804 5832 et

221 5853 494 5909 nominum
552 5874 572 5905 ι
630 5853 773 5911 idem
827 5855 1139 5917 Mercurius.
1191 5859 1323 5917 Nam
1370 5863 1507 5920 sicut
1548 5864 1803 5925 observat

2004 4778 2157 4828 Vesta
2181 4775 2353 4825 eadem
2379 4778 2475 4830 est,
2493 4783 2603 4834 qua
2628 4775 2779 4834 terra,
2803 4767 2978 4818 subest
2995 4766 3117 4827 vigil
3140 4768 3272 4829 ignis
3289 4769 3511 4832 utrique,

2069 4837 2354 4902 Significant
2375 4830 2545 4885 sedem
2570 4842 2701 4882 terra
2723 4830 2958 4891 focusque
2984 4842 3141 4881 suam.

1915 4926 1984 4981 Et
2005 4923 2143 4981 "ma
2180 4942 2193 4979 =
2397 4991 2461 5042 Et
2483 4988 2633 5041 tellus
2648 4988 2903 5053 Vestaque
2925 5002 3109 5038 numen
3131 4988 3262 5040 idem
3290 4996 3384 5040 est.

2930 5070 3070 5136 (Ibid
3079 5108 3112 5131 .,
3136 5085 3261 5123 vers.
3284 5071 3417 5135 271.)

1917 5164 2110 5221 Ovidio
2162 5169 2341 5218 autem
2385 5158 2808 5228 adstipulatores
2863 5157 3129 5213 accedunt
3166 5156 3391 5212 Servius
3456 5167 3515 5212 et

1918 5258 2248 5330 Augustinus
2274 5299 2286 5319 ,
2333 5270 2471 5325 quos
2512 5254 2664 5308 adire
2698 5253 2854 5307 facile
2895 5250 3128 5321 puteris,
3162 5260 3322 5320 atque
3347 5251 3510 5304 etiam

1917 5351 2224 5414 Giraldum,
2258 5347 2540 5418 Lipsium,
2587 5358 2650 5399 ac
2692 5344 2940 5399 Vossium
2990 5343 3164 5416 (Serv.
3192 5385 3207 5409 .
3252 5344 3305 5396 in
3337 5344 3425 5397 lib.
3460 5360 3513 5398 tv

1920 5443 2174 5510 Endd.,
2213 5442 2357 5506 297;
2406 5440 2654 5510 August,
2685 5436 2776 5490 lib.
2830 5451 2905 5490 vit
2946 5435 3010 5489 de
3052 5433 3231 5499 Civit.,
3275 5452 3375 5507 cup
3420 5437 3509 5503 16,

1919 5556 2042 5611 pag.
2068 5538 2206 5602 474;
2240 5532 2444 5589 Girald.
2467 5575 2483 5597 ,
2513 5531 2785 5602 Syutagm.
2816 5531 2887 5593 6;
2916 5529 3063 5600 Lips.
3087 5571 3104 5595 ,
3135 5529 3203 5584 lib
3234 5532 3296 5584 de
3335 5530 3471 5589 Vest.
3492 5574 3509 5599 ,

1916 5650 2034 5700 cap.
2067 5632 2121 5696 i;
2153 5627 2298 5682 Voss.
2328 5625 2421 5679 lib.
2449 5639 2484 5677 ιι
2514 5622 2706 5692 Progr.
2736 5620 2864 5676 idol.
2884 5663 2899 5685 ,
2930 5638 3046 5692 cap.
3069 5621 3163 5694 59)
3183 5663 3195 5685 ,
3220 5624 3331 5694 qui,
3367 5640 3510 5695 pra:-

1918 5736 2002 5781 tcr
2028 5723 2132 5778 alia
2160 5720 2315 5789 plura
2338 5760 2351 5784 ,
2388 5718 2485 5769 hos
2510 5712 2675 5767 citant
2723 5712 2997 5783 Euripidis
3029 5729 3224 5773 versus
3248 5734 3263 5772 ε

2136 5824 2212 5864 Καὶ
2232 5826 2324 5861 Νι
2340 5822 2467 5871 wing,
2489 5808 2625 5858 ἑστὴν
2646 5813 2690 5855 δὶ
2710 5819 2748 5856 α’
2771 5818 2808 5857 oi
2828 5821 2937 5872 copi.

2138 5885 2269 5939 βροτοὶ
2288 5884 2457 5923 καλοῦσιν
2478 5882 2607 5930 quimus
2632 5882 2666 5920 ιν
2692 5881 2829 5932 cluet.
