4000 6290
469 378 572 436 575

650 501 713 552 Et
735 506 866 553 terra
888 504 1061 560 mater,
1092 497 1341 561 Vestaque
1357 496 1680 560 sapientibus,

654 565 870 622 Vocaris,
898 563 1004 625 ipso
1026 562 1284 612 considens
1306 563 1356 613 in
1381 564 1593 612 aethere.

468 668 629 741 Atqui
676 670 865 725 horum
889 670 1206 740 scriptorum
1230 681 1387 739 atquc
1409 669 1567 725 etiam
1599 667 1827 723 Lucretii
1848 709 1863 728 ,
1896 682 2056 736 quem

467 762 616 818 adire
666 762 867 833 p0teris
898 761 1155 831 (Lucret.,
1207 763 1295 816 lib.
1334 778 1399 827 ιι,
1456 779 1585 816 vers.
1618 763 1722 817 597
1775 771 1821 816 et
1875 777 2049 831 δέσμῃ,

470 871 603 910 vers.
635 855 741 912 995
790 866 838 910 et
877 853 1044 928 seqq.)
1068 897 1084 922 ,
1123 855 1412 911 autoritate
1457 867 1509 911 et
1555 853 1860 909 testimonio
1891 854 2056 922 liquet

465 949 648 1020 utique
673 948 807 1005 illud
832 949 1171 1005 verissimum
1199 965 1320 1005 esse
1342 991 1357 1014 ,
1382 948 1521 1018 quod
1548 949 1614 1003 ab
1643 947 1881 1003 Arnobio
1906 961 2055 1001 assu-

465 1044 668 1108 mitur,
722 1044 860 1099 trina
908 1043 1023 1098 haec
1065 1043 1285 1098 numina
1326 1042 1470 1097 nulla
1522 1056 1675 1107 esse,
1724 1039 2053 1110 quandoqui-

464 1135 584 1191 dem
630 1136 699 1191 iis
754 1145 924 1201 terra,
984 1152 1103 1207 qua:
1153 1136 1348 1191 divina:
1406 1133 1792 1206 proculdubio,
1847 1144 2054 1188 natura:

464 1244 569 1284 non
602 1238 725 1296 εει,
758 1231 872 1285 sola
898 1229 1247 1301 significatur.

533 1319 895 1388 Quamobrem
958 1322 1229 1378 Arnobius
1300 1330 1483 1376 noster
1524 1320 1645 1390 jure
1693 1320 1885 1377 merito
1936 1319 2053 1375 haec

461 1414 803 1467 continenter
840 1412 1034 1481 adjecit
1066 1432 1080 1466 :
1119 1431 1137 1463 ‹
1171 1412 1287 1469 Νοιι
1309 1413 1421 1484 ipsa
1453 1414 1622 1469 Mater
1649 1412 1809 1468 deum
1835 1454 1851 1477 ,
1893 1428 2052 1483 quam

459 1503 698 1574 Nigidius
743 1514 985 1561 autumat
1034 1508 1434 1563 matrimonium
1497 1509 1732 1563 tenuisse
1791 1508 2048 1573 Saturni,

460 1597 559 1653 dea
579 1607 723 1655 recte
762 1601 962 1670 poterit
1004 1602 1336 1671 nuncupari;
1383 1596 1647 1672 siquidem
1692 1601 1848 1657 unius
1892 1611 2050 1657 terra:

461 1690 577 1747 hac
602 1701 727 1746 sunt
758 1692 936 1748 omnia
966 1694 1182 1749 nomina
1242 1713 1261 1747 ι
1291 1694 1506 1766 (Arnob.
1531 1734 1545 1757 ,
1569 1695 1661 1752 lib.
1695 1711 1782 1758 ιιι,
1816 1712 1867 1763 p.
1899 1692 2047 1763 119).

457 1783 646 1840 Nonne
666 1794 843 1840 autem
892 1785 1033 1840 idem
1072 1787 1230 1842 etiam
1263 1802 1293 1841 a
1311 1787 1553 1843 Varrone
1582 1787 1731 1843 hisce
1761 1787 1938 1843 verbis
1963 1801 2053 1841 as-

1672 376 2119 435 DISSERTATIO
2147 376 2429 435 PREVIA

2081 500 2133 559 Λ
2156 511 2187 550 ε
2209 495 2435 550 nubibus
2484 495 2738 550 nascitur.
2768 494 2921 552 Unde
2947 494 3111 550 etiam
3142 494 3406 550 Homerus
3452 491 3585 547 dicit
3634 506 3778 546 eum

3653 371 3782 431 576

2158 588 2225 643 de
2253 601 2377 643 aere
2409 588 2794 659 praecipitatum
2826 588 2879 643 in
2911 597 3121 656 terras,
3149 587 3291 657 quod
3336 600 3499 642 omne
3550 583 3776 640 fulmen

2157 680 2226 733 de
2255 695 2380 736 aere
2437 680 2578 735 cadit
2617 700 2636 732 ι
2669 679 2877 749 (Serm,
2930 681 2983 734 in
3052 679 3140 735 lib.
3187 684 3278 735 νἰιι
3336 668 3601 744 κΕηεὶά.,’
3640 694 3779 749 pag.

2156 772 2300 843 512).
2332 772 2480 827 Ηίιιιε
2506 788 2646 844 pone
2670 774 2912 844 sequitur
2936 773 3171 827 lsidorus
3192 813 3207 837 ,
3239 771 3328 841 qui
3356 771 3544 827 eadem
3579 772 3780 841 priora

2156 879 2291 935 pene
2333 865 2509 919 omnia
2562 864 2704 919 illius
2749 864 2910 920 verba
2967 865 3179 934 repetit.
3229 862 3370 930 Quid
3401 877 3561 929 vero,
3608 859 3775 932 quod

2156 957 2294 1013 idem
2322 957 2539 1013 Servius
2577 967 2733 1014 antea
2762 958 2969 1014 dixerat
2998 976 3011 1013 :
3058 977 3077 1010 ι
3113 958 3433 1029 Plerumque
3460 956 3775 1012 Vulcanum

2159 1050 2406 1120 ponimus
2438 1064 2531 1119 pro
2563 1051 2726 1122 igne?
2764 1070 2783 1104 ι
2822 1052 3146 1121 Augustinus
3192 1066 3366 1105 vero:
3404 1068 3423 1100 ι
3461 1048 3776 1104 Vulcanum

2153 1143 2339 1196 Volunt
2393 1143 2565 1213 ignem
2613 1144 2796 1198 mundi
2835 1163 2853 1197 ι
2930 1143 3188 1217 (Isidem,
3248 1143 3332 1197 lib.
3379 1157 3472 1196 vm
3527 1140 3774 1212 0rigin.,

2153 1249 2268 1305 cap.
2295 1236 2377 1301 11,
2406 1251 2420 1299 ;
2471 1234 2645 1301 Sam,
2674 1236 2727 1289 in
2755 1234 2845 1290 lib.
2877 1252 2892 1289 ι
2923 1233 3165 1299 Ᾰίιιεὶάη
3191 1251 3313 1305 pag.
3345 1233 3481 1299 180;
3511 1233 3772 1304 Augus!.,

2154 1326 2240 1384 lib.
2275 1343 2347 1381 vn
2375 1328 2439 1381 de
2461 1327 2633 1391 Civil.,
2663 1345 2780 1397 cap.
2801 1328 3015 1400 lii,pag.
3051 1325 3203 1397 164).
3790 1342 3799 1355 ·

2226 1421 2406 1494 Neque
2433 1424 2485 1478 id
2517 1424 2741 1494 probatu
2768 1424 3067 1491 difﬁcilius,
3099 1422 3242 1494 quod
3263 1421 3540 1493 subjuugit
3577 1430 3777 1476 auctor

2154 1524 2357 1582 noster,
2390 1515 2651 1571 Venerem
2673 1556 2688 1578 ,
2723 1535 2742 1569 ι
2775 1516 2916 1586 quod
2944 1516 3009 1570 ad
3053 1524 3275 1571 cunctos
3306 1515 3521 1581 veniat,
3561 1529 3771 1568 ι-ιιιιιι-

2154 1618 2403 1678 cupatam
2451 1610 2713 1682 (Arnob.,
2753 1610 2840 1665 lib.
2871 1625 2964 1675 ιιι,
3017 1625 3136 1680 pag.
3169 1606 3317 1680 219).
3370 1608 3449 1663 Ex
3494 1607 3780 1662 Cicerone

2154 1700 2414 1770 siquidem
2444 1702 2571 1757 illud
2601 1702 2944 1771 desumptum
2974 1700 3218 1767 videtur,
3260 1701 3351 1770 qui
3377 1700 3582 1756 diserte
3627 1715 3771 1769 pro-

2161 1793 2371 1848 nuntiat
2402 1813 2415 1849 :
2454 1813 2472 1846 ι
2508 1794 2641 1861 Quae
2672 1777 2847 1849 autem
2876 1795 2943 1847 ad
2971 1808 3060 1849 res
3083 1808 3271 1848 omnes
3298 1792 3538 1857 veniret,
3580 1789 3778 1846 Vene-

457 1878 698 1933 seritur:
735 1896 757 1931 ι
793 1874 957 1934 Terra
988 1878 1122 1950 Ops,
1170 1880 1313 1950 quod
1347 1880 1436 1936 hic
1465 1896 1624 1936 omne
1651 1895 1806 1951 opus,
1851 1890 1906 1935 et
1951 1879 2051 1935 hac
2082 1888 2129 1949 Β
2157 1901 2269 1939 rem
2295 1887 2461 1942 nostri
2494 1888 2940 1953 nominaverunt,
2967 1898 3129 1956 atque
3154 1902 3222 1942 ex
3259 1902 3322 1942 ea
3349 1887 3527 1956 potius
3565 1901 3781 1941 venus-

458 1985 596 2038 0pus
621 1973 687 2024 ad
720 1970 1039 2038 viventium;
1088 1982 1143 2027 et
1169 1973 1289 2029 ideo
1319 1974 1514 2028 dicitur
1540 1974 1648 2045 Ops
1671 1985 1842 2030 mater
1863 2017 1878 2040 ,
1910 1973 2055 2045 quod

459 2074 602 2121 terra
631 2066 851 2121 nutriat.
885 2066 1009 2122 Haec
1036 2068 1178 2123 enim
1208 2068 1365 2124 terris
1393 2077 1580 2138 gentes
1610 2083 1798 2124 omnes
1826 2070 2052 2139 peperit,

458 2168 515 2215 et
542 2160 768 2215 resumit
796 2158 1008 2225 denuo,
1039 2172 1161 2231 quae
1189 2162 1282 2215 dat
1323 2161 1562 2229 cibaria,
1595 2170 1652 2215 ut
1694 2162 1770 2216 ait
1814 2161 2051 2226 Ennius,

458 2267 577 2320 qua:
609 2250 749 2322 quod
772 2251 908 2323 gerit
931 2250 1131 2323 fruges,
1158 2250 1323 2308 Ceres
1349 2272 1367 2305 ι
1388 2252 1597 2326 (Varr.,
1629 2251 1717 2307 lib.
1748 2267 1804 2307 tv
1818 2252 1881 2307 de
1898 2250 2050 2323 Ling.

459 2343 585 2410 lal.,
632 2360 755 2415 pag.
803 2342 916 2416 16).
969 2344 1100 2413 Quis
1147 2353 1326 2400 autem
1374 2346 1578 2412 nescit,
1613 2345 1755 2414 quod
1809 2344 1970 2400 etiam
2024 2361 2055 2401 a

458 2436 618 2491 nobis
664 2451 827 2506 supra
876 2445 1116 2492 notatum
1166 2445 1249 2492 est
1294 2436 1504 2508 (Snpr.,
1543 2453 1659 2503 cap.
1723 2435 1786 2501 9,
1822 2444 1922 2490 art.
1955 2436 2051 2506 5),

458 2526 630 2599 Opem
658 2529 727 2584 ab
770 2529 1001 2585 ethnicis
1038 2530 1236 2584 dictam
1264 2529 1483 2586 Saturni
1513 2531 1776 2587 uxorem?

532 2623 603 2677 At
627 2638 843 2693 quoquo
871 2624 1091 2678 nomine
1133 2634 1396 2692 vocetur,
1428 2626 1472 2679 si
1502 2635 1644 2680 terra
1671 2633 1782 2690 est,
1815 2640 1914 2680 nec
1956 2625 2053 2679 dea

465 2727 583 2783 est,
634 2732 702 2773 ne
750 2731 874 2773 esse
919 2726 1115 2788 poteSI.
1162 2717 1329 2773 Recte
1366 2734 1494 2789 ergo
1533 2719 1865 2789 Augustinus
1912 2730 2057 2789 post-

464 2824 624 2881 quam
678 2809 800 2865 aliis
851 2811 1093 2881 ejusdem
1138 2811 1398 2867 Varronis
1445 2813 1627 2868 verbis
1689 2813 2057 2882 comprobavit

463 2905 708 2961 eamdem
740 2920 860 2960 esse
886 2905 1131 2961 tellurem
1154 2947 1170 2973 ,
1201 2905 1420 2961 Matrem
1452 2922 1695 2977 magnam
1717 2949 1733 2974 ,
1756 2918 1811 2962 et
1848 2906 2015 2977 Opem
2035 2948 2051 2975 ,

471 3011 596 3052 cum
626 2996 865 3053 Arnobio
894 3006 1080 3054 nostro
1126 2999 1433 3054 concludit:
1472 3018 1491 3052 ι
1526 3000 1581 3056 Si
1622 3017 1752 3072 ergo
1804 3016 1908 3055 una
1953 3001 2052 3057 dea

472 3100 588 3157 est,
619 3105 739 3160 quae
792 3091 1007 3159 quidem
1052 3092 1293 3146 consulta
1337 3093 1596 3158 veritate,
1644 3108 1743 3148 nec
1784 3093 1896 3164 ipsa
1936 3102 2053 3159 est,

466 3181 685 3238 interim
720 3183 847 3255 quid
885 3185 993 3239 itur
1037 3185 1089 3238 iu
1132 3184 1327 3239 multas
1372 3203 1391 3237 ι
1448 3184 1687 3257 (August.
1733 3185 1821 3239 lib.
1873 3201 1941 3239 vtt
1993 3185 2057 3239 de

2156 1986 2238 2034 tas
2258 2021 2271 2042 ,
2299 1995 2456 2049 quam
2502 1980 2684 2036 Venus
2711 1996 2774 2036 ex
2821 1988 3106 2036 venustate
3140 1999 3160 2033 ι
3219 1979 3449 2046 (Ciam,
3481 1979 3571 2034 lib.
3603 1994 3644 2033 ιι
3705 1980 3782 2032 de

2159 2069 2350 2126 Natur.
2380 2072 2548 2140 deor.,
2580 2090 2699 2144 pag.
2724 2071 2852 2139 224,
2880 2073 2972 2127 lin.
3009 2071 3127 2141 27).
3161 2072 3297 2127 Aliis
3340 2080 3518 2127 tamen
3547 2072 3617 2126 de
3660 2071 3779 2126 hu—

2153 2164 2239 2235 jus
2276 2166 2423 2221 vocis
2467 2177 2648 2237 etymo
2705 2167 2861 2222 aliter
2886 2167 3084 2222 visum.
3112 2166 3246 2221 Nam
3295 2165 3469 2221 Varro
3521 2180 3551 2220 a
3596 2164 3777 2221 verbo

2158 2261 2375 2328 antiquo
2400 2260 2563 2323 vicre,
2595 2273 2690 2314 seu
2717 2260 2938 2323 vincire,
2969 2258 3096 2313 illud
3128 2257 3380 2323 deducit,
3402 2256 3543 2327 quod
3573 2256 3768 2312 Venus

2162 2368 2269 2407 non
2299 2352 2514 2423 quidem
2558 2353 2772 2408 vincere
2794 2394 2807 2409 .
2836 2352 2930 2408 sed
2961 2352 3165 2407 vincire
3191 2360 3248 2408 et
3275 2352 3463 2406 vinciri
3494 2349 3773 2422 pudendis

2156 2448 2361 2502 scilicet
2379 2447 2607 2501 vinculis
2630 2448 2742 2516 ipsa
2770 2446 2899 2501 velit
2921 2445 3132 2518 (Varr.,
3163 2444 3256 2500 lib.
3286 2461 3338 2500 IV
3366 2445 3430 2500 de
3457 2443 3613 2516 Ling.
3644 2442 3771 2509 lat.,

2156 2540 2397 2612 pag.i‘2).
2443 2540 2676 2594 Isidorus
2706 2553 2876 2594 vero:
2925 2557 2944 2590 ι
2992 2537 3203 2604 Venus,
3255 2558 3274 2590 ι
3321 2538 3521 2608 inquit,
3573 2554 3593 2587 ι
3641 2536 3776 2591 inde

2157 2634 2318 2695 dicta,
2351 2633 2493 2704 quod
2524 2634 2641 2688 siue
2662 2632 2714 2686 vi
2761 2631 2955 2704 (aliter
3000 2630 3145 2701 viro)
3198 2629 3396 2686 femina
3444 2644 3567 2685 esse
3610 2629 3775 2700 virgo

2158 2742 2264 2780 non
2290 2725 2500 2780 desinat
2533 2745 2552 2778 ι
2585 2724 2840 2798 (Ιεὶάονη
2870 2724 2961 2779 lib.
2989 2739 3081 2777 vttt
3141 2721 3344 2795 Origin.
3371 2738 3488 2793 cap.
3517 2721 3632 2792 11).
3659 2720 3774 2776 Sed

2158 2818 2396 2874 Arnobio
2425 2818 2563 2872 haud
2597 2818 2819 2873 forsitan
2859 2817 3130 2871 immerito
3162 2816 3491 2887 probabilior
3525 2818 3640 2870 visa
3682 2821 3770 2872 est

2158 2909 2439 2966 Ciceronis
2467 2910 2667 2979 opinio.

2232 3002 2426 3058 Verum
2452 3019 2558 3073 quo
2580 3002 2800 3073 propius
2828 3001 2902 3056 ibi
2942 3001 3008 3056 ad
3032 3016 3153 3056 eum
3175 3000 3417 3067 accedit,
3449 3012 3515 3056 eu
3543 3001 3764 3071 longius

2160 3096 2211 3151 in
2241 3098 2342 3151 hoc
2367 3096 2621 3151 recedere
2647 3096 2891 3155 videtur,
2925 3094 3068 3163 quod
3097 3094 3363 3150 subnectit
3388 3094 3515 3150 inde
3558 3109 3771 3166 cogno—

2160 3190 2415 3243 minatam
2468 3187 2867 3257 Proserpinam,
2898 3187 3021 3255 quia
3052 3196 3168 3241 sata
3217 3189 3269 3241 in
3322 3187 3494 3244 lucem
3546 3203 3773 3258 proser—

457 3274 606 3330 Civit.
627 3319 641 3343 ,
671 3292 788 3350 cap.
819 3276 923 3343 24,
955 3294 1075 3348 pag.
1110 3276 1274 3349 i80)?
1296 3276 1481 3347 Neque
1519 3279 1621 3332 sibi
1656 3278 1787 3332 sinit
1819 3294 2044 3347 respon-
2072 3275 2117 3336 C
2149 3291 2284 3352 punt
2311 3280 2565 3350 (Arnob,
2597 3280 2686 3333 lib.
2719 3295 2806 3344 ιιι,
2839 3295 2958 3349 pag.
2988 3279 3137 3350 119).
3176 3278 3295 3333 Vult
3323 3281 3523 3350 quippe
3550 3280 3764 3337 latinus

457 3366 574 3423 deri
600 3367 847 3425 ethnicos
873 3384 979 3424 non
1011 3370 1242 3425 absurde
1274 3370 1670 3441 censuisse/eas
1708 3369 1890 3439 plures
1929 3385 2051 3426 esse

457 3459 618 3525 deas,
649 3462 903 3531 quoniam
936 3463 987 3515 in
1020 3476 1123 3516 una
1146 3462 1443 3531 eademque
1470 3460 1568 3516 dea
1600 3475 1687 3515 res
1715 3465 1898 3531 plures
1925 3476 2048 3517 esse

458 3562 701 3624 p08sunt.
746 3552 878 3608 Nam
927 3553 1010 3608 his
1054 3553 1198 3611 illico
1239 3553 1520 3610 occurrit:
1555 3571 1575 3604 σ
1618 3553 1684 3608 Ει
1713 3555 1984 3622 concedo,
2024 3574 2043 3608 ι

458 3647 674 3717 inquit,
713 3664 732 3697 ‹
770 3648 820 3701 ἰιι
856 3663 961 3702 nuo
989 3648 1210 3703 homine
1251 3662 1373 3703 esse
1418 3661 1505 3703 res
1542 3647 1749 3718 plures,
1795 3649 2051 3718 numquid

460 3739 581 3795 ideo
631 3750 686 3796 et
733 3740 979 3797 homines
1018 3742 1234 3812 plures?
1285 3741 1373 3798 Sic
1419 3743 1471 3796 in
1519 3758 1621 3796 una
1650 3742 1753 3797 dea
1794 3757 1914 3798 esse
1965 3758 2052 3798 res

458 3833 678 3905 plures,
709 3836 965 3905 numquid
1008 3835 1130 3891 ideo
1173 3847 1227 3891 et
1259 3836 1391 3892 deas
1423 3837 1642 3906 plures?
1681 3836 1878 3892 Verum
1916 3838 2053 3894 sicut

462 3928 679 3995 volunt,
725 3928 1001 3994 dividant,
1035 3928 1306 3995 cohilent,
1337 3930 1725 3999 multiplicent,
1762 3930 2046 3999 replicent,

460 4019 735 4089 implicent
770 4039 788 4072 ι
827 4019 1037 4092 (Ibid)
1096 4020 1269 4076 Tanto
1294 4022 1436 4077 enim
1468 4025 1667 4078 certius
1687 4032 1932 4079 evertent
1955 4023 2054 4077 ali-

461 4109 616 4181 cujus
641 4110 976 4168 divinitatem
997 4154 1012 4180 ,
1042 4121 1242 4182 quanto
1277 4114 1447 4184 magis
1486 4129 1603 4169 eam
1644 4114 2051 4187 multiplicatam

466 4204 755 4262 voluerint.

1054 4339 1347 4382 ARTICULUS
1386 4341 1457 4381 IV.

462 4456 567 4517 Qua
607 4460 795 4510 ratione
836 4462 1085 4512 Arnobius
1135 4463 1361 4513 ostendat
1393 4461 1561 4513 falsam
1600 4472 1712 4511 esse
1750 4460 2056 4511 divinitatem

521 4518 721 4588 Vulcani
738 4563 751 4582 ,
777 4525 858 4588 qui
879 4526 1036 4588 ignis;
1063 4524 1293 4583 Veneris,
1317 4539 1427 4588 qua:
1454 4524 1776 4588 Proserpina;
1801 4524 1945 4588 solis,
1972 4527 2057 4584 qui

522 4581 673 4633 Liber
696 4594 747 4650 et
769 4581 972 4649 Apollo;
998 4581 1188 4646 Dianae,
1209 4581 1318 4650 quae
1336 4581 1490 4639 Ceres
1514 4594 1567 4636 et
1585 4581 1721 4636 Luna
1744 4581 2053 4650 dicebantur;

519 4653 668 4713 atque
705 4646 909 4699 aliorum
950 4652 1162 4713 omnium
1190 4646 1441 4699 numinum
1463 4690 1476 4707 ,
1501 4650 1615 4713 quia
1658 4650 1823 4711 plures
1865 4649 2048 4713 ethnici

522 4710 746 4776 mundum
767 4724 884 4776 esse
908 4711 1084 4776 animal
1107 4713 1362 4776 quoidam,
1388 4727 1443 4763 ac
1474 4710 1619 4776 (lcum
1658 4710 1769 4761 esse
1795 4712 2050 4776 esistima-

521 4770 671 4839 bant:
694 4775 881 4839 ubi__de
908 4770 1203 4839 etymologia
1244 4770 1490 4825 nominum
1514 4774 1716 4824 Vulcani
1745 4782 1797 4823 et
1820 4774 2049 4834 Veneris,

522 4847 579 4884 ac
597 4833 662 4884 de
682 4834 907 4899 Apolline
931 4833 1146 4886 murium
1170 4840 1410 4900 pernicie.

536 4959 659 5014 'l‘ria
684 4960 786 5016 alia
807 4962 1146 5019 ethnicorum
1186 4966 1404 5020 numina
1442 5006 1458 5032 ,
1491 4963 1785 5022 Vulcanum
1808 5008 1823 5031 ,
1877 4965 2052 5021 Vene-

460 5066 575 5106 rem
626 5064 680 5108 et
721 5053 1099 5124 Proserpinam
1156 5056 1346 5112 eodem
1392 5060 1801 5127 argumentandi
1851 5073 2052 5130 genere
2096 5096 2107 5107 ι

463 5147 731 5203 Arnobius
752 5164 818 5202 ex
843 5148 1067 5203 deorum
1089 5148 1217 5204 albo
1237 5148 1536 5205 eradendos
1564 5164 1682 5206 esse
1704 5150 1907 5221 liquido
1927 5165 2056 5206 cou-

460 5244 627 5298 vincit
678 5243 934 5312 (Arnob,
964 5243 1052 5299 lib.
1084 5259 1161 5306 ιιι,
1190 5262 1310 5314 pag.
1341 5243 1487 5316 119).
1541 5244 1831 5299 Vulcanum
1880 5245 2053 5300 enim-

462 5352 591 5392 vero
618 5338 793 5405 ignem
821 5352 941 5393 esse
965 5338 1307 5393 adserebant.
1333 5338 1492 5393 Visne
1513 5338 1562 5392 id
1586 5340 1678 5393 tibi
1702 5340 1925 5393 testibus
1946 5340 2052 5394 sal-

464 5440 572 5484 tem
614 5430 931 5500 quihu~dam
966 5432 1220 5500 probari?
1251 5432 1329 5486 En
1356 5432 1506 5486 adest
1526 5431 1735 5499 Varro,
1765 5432 1917 5499 cujus
1939 5434 2052 5486 haec

462 5524 576 5593 ipsa
598 5532 723 5577 sunt
752 5524 910 5578 verba
937 5542 951 5577 :
982 5544 1001 5577 ι
1041 5526 1122 5579 Ab
1154 5526 1290 5595 ignis
1310 5525 1419 5595 jam
1447 5525 1649 5596 majore
1681 5525 1728 5578 vi
1750 5540 1813 5578 ac
1843 5524 2053 5579 violen-

438 5616 538 5698 .tia
591 5615 862 5672 Vulcnnus
904 5618 1077 5675 dictus
1116 5640 1133 5671 ι
1171 5619 1364 5695 (ναι.⁷
1398 5620 1486 5674 lib.
1534 5635 1582 5672 tv
1636 5619 1700 5671 de
1739 5618 1893 5689 Ling.
1936 5618 2054 5683 lat.,

463 5724 587 5777 pag.
622 5708 733 5779 18).
782 5710 1007 5766 Accedit
1028 5711 1265 5775 Servius,
1315 5714 1406 5782 qui
1456 5711 1629 5766 adhuc
1655 5708 1965 5780 expressius
2004 5708 2056 5764 id

469 5798 686 5853 tradidit
720 5817 732 5851 :
773 5819 791 5851 ι
830 5800 1097 5858 Vulcanus
1151 5806 1287 5874 ignis
1326 5814 1443 5869 εει,
1474 5813 1527 5858 ει
1552 5802 1727 5857 dictus
1756 5800 2053 5866 Vulcanus,

468 5889 622 5957 quasi
672 5889 990 5961 Volcianos,
1022 5895 1163 5965 quod
1194 5911 1291 5965 per
1318 5910 1497 5951 aerem
1530 5894 1694 5951 volet.
1720 5893 1860 5966 Ignis
1913 5892 2054 5949 enim

2154 3384 2335 3429 orator
2380 3373 2760 3442 Proserpinam
2819 3387 3119 3443 graecorum
3169 3387 3290 3427 esse
3336 3389 3572 3439 nomen;
3619 3393 3639 3425 ι
3688 3375 3771 3432 Ea

2154 3478 2236 3525 est
2264 3469 2405 3523 cnim
2429 3508 2443 3531 ,
2485 3486 2503 3518 ›
2536 3466 2643 3531 ait,
2691 3485 2709 3518 ‹
2737 3482 2854 3536 quae
2885 3468 3166 3543 Περσεφόνη
3183 3481 3361 3537 graece
3412 3469 3728 3524 nominatur
3749 3512 3765 3535 ,

2154 3574 2313 3630 quam
2365 3559 2572 3627 frugum
2616 3572 2800 3612 semen
2845 3572 2967 3613 esse
3024 3559 3247 3624 volunt,
3280 3558 3773 3632 absconditamque

2155 3651 2322 3721 quaeri
2352 3667 2379 3701 a
2412 3658 2583 3704 matre
2618 3667 2636 3701 ι
2676 3648 2900 3721 (Cicer.,
2955 3649 3078 3715 loc.,
3129 3652 3243 3712 cit..
3269 3651 3364 3705 lin.
3394 3650 3473 3722 6).
3509 3652 3771 3708 Attamen

2155 3745 2290 3799 alios
2334 3743 2604 3797 Arnobius
2657 3741 2841 3796 habuit
2899 3743 3191 3803 sententiae,
3234 3759 3344 3798 sua:
3395 3746 3664 3813 asseclas,
3713 3758 3774 3803 et

2140 3840 2414 3893 .i‘autores.
2486 3835 2619 3890 Nam
2653 3851 2682 3889 a
2732 3834 2974 3890 Varrone
3014 3836 3118 3892 hoc
3150 3837 3341 3892 litteris
3389 3839 3775 3910 consignatum

2158 3932 2406 3999 legimus.
2444 3949 2462 3981 ι
2498 3928 2818 3998 Proserpina
2852 3929 3024 3993 dicta,
3053 3929 3194 3998 quod
3224 3941 3282 3983 ut
3307 3945 3553 3999 serpens,
3601 3932 3773 3989 modo

2157 4028 2209 4082 in
2239 4028 2504 4090 dextram,
2529 4022 2690 4079 modo
2728 4026 2777 4077 in
2807 4022 3079 4077 sinistram
3107 4035 3313 4092 partem
3342 4023 3448 4080 late
3492 4038 3769 4082 movetur.

2159 4121 2390 4190 Serpere
2433 4127 2489 4173 et
2539 4131 2854 4187 proserpere
2900 4115 3041 4171 idem
3095 4116 3365 4183 dicebant,
3407 4127 3465 4173 ut
3497 4119 3722 4177 Plautus
3750 4165 3768 4184 ,

2158 4215 2247 4285 qui
2277 4214 2460 4269 scribit
2486 4229 2500 4265 :
2524 4212 2671 4282 quasi
2697 4214 3021 4282 proserpens
3064 4210 3233 4265 bestia
3270 4230 3290 4264 ι
3343 4211 3565 4279 (Varr.,
3591 4214 3684 4269 lib.
3712 4232 3771 4271 tv

2158 4308 2223 4361 de
2251 4305 2404 4378 Ling.
2432 4305 2552 4370 lat.,
2579 4321 2702 4375 pag.
2740 4304 2850 4373 i7).
2880 4302 3120 4358 ‘Brevius
3140 4303 3387 4374 quidem,
3418 4308 3513 4361 sed
3539 4308 3765 4376 clarius,

2158 4400 2227 4455 ad
2253 4398 2596 4468 auctorisque
2625 4396 2791 4451 nostri
2826 4405 3059 4451 mentem
3098 4396 3556 4452 accommodatius
3587 4397 3768 4455 Isido-

2158 4508 2253 4549 rus
2272 4492 2407 4547 dixit
2447 4510 2460 4546 :
2500 4509 2519 4541 α
2558 4489 2876 4558 Proserpina
2897 4530 2912 4552 ,
2941 4486 3082 4557 quod
3109 4503 3175 4542 ex
3214 4504 3274 4543 ea
3308 4500 3622 4560 proserpant
3653 4489 3769 4547 fru-

2158 4600 2273 4658 ges.
2312 4604 2330 4635 ι
2358 4585 2530 4638 Antea
2551 4596 2680 4635 vero
2706 4580 3029 4647 Augustinus
3059 4596 3074 4633 :
3112 4598 3131 4630 ι
3166 4580 3210 4633 A
3236 4581 3601 4651 proserpcndo
3628 4581 3769 4638 Pro-

2077 4662 2370 4747 Dserpina
2418 4674 2560 4729 dicta
2607 4693 2625 4725 ι
2672 4671 2923 4742 (lsidor.,
2979 4671 3068 4725 lib.
3122 4687 3213 4726 vut
3272 4672 3495 4744 ()rigin.,
3549 4676 3762 4745 cap.8;

2161 4772 2405 4840 Augusz.,
2434 4768 2522 4824 lib.
2546 4783 2618 4822 vu
2659 4766 2722 4821 de
2764 4765 2934 4833 Civit.,
2968 4782 3085 4835 cap.
3115 4766 3207 4832 ΞΟ,
3241 4783 3362 4838 pag.
3398 4767 3547 4840 ιιι).
3584 4769 3767 4841 Atque

2161 4866 2352 4921 horum
2384 4863 2646 4919 sententia
2677 4861 2994 4932 quibusdam
3015 4901 3030 4925 ,
3065 4860 3225 4915 etiam
3256 4859 3567 4918 Ciceronem
3592 4880 3759 4920 num-

2161 4978 2320 5032 quam
2348 4976 2454 5015 uon
2479 4958 2884 5023 admirantibus,
2920 4955 3086 5026 magis
3107 4971 3261 5027 quam
3283 4957 3509 5029 ipsumet
3533 4955 3762 5015 Cicero-

2163 5054 2318 5110 niaua
2342 5054 2554 5124 placuit.

2236 5146 2372 5203 Cum
2401 5146 2590 5201 codem
2626 5158 2785 5212 porro
2815 5142 3111 5213 Augustino
3157 5142 3279 5198 hinc
3305 5145 3438 5199 scite
3488 5144 3764 5203 Arnobius

2165 5240 2327 5295 infert
2367 5239 2433 5293 ab
2461 5238 2688 5293 ethnicis
2716 5235 2826 5290 tolli
2855 5236 2922 5291 de
2949 5235 3126 5290 medio
3155 5235 3253 5290 tria
3298 5214 3534 5305 ipsorum
3582 5242 3763 5294 numi-

2164 5346 2229 5388 na
2269 5351 2287 5383 ι
2341 5329 2593 5401 (Χνηοὸ.,
2643 5327 2730 5382 lib.
2763 5344 2857 5394 ιιι,
2891 5345 3009 5396 pag.
3042 5326 3191 5400 519).
3240 5329 3564 5397 Vulcanum,
3594 5348 3761 5400 quem

2162 5438 2351 5481 omnes
2383 5423 2517 5492 ignis
2544 5421 2897 5486 elementum;
2932 5419 3196 5476 Venerem
3219 5464 3235 5489 ,
3276 5438 3432 5491 quam
3477 5423 3761 5482 libidinem

2162 5532 2260 5587 per
2287 5525 2475 5570 cuncta
2499 5513 2789 5566 animantia
2820 5510 3100 5579 diil‘usam;
3133 5522 3186 5567 et
3210 5513 3625 5583 Proserpinam,
3651 5534 3762 5587 qua

2163 5608 2342 5677 fruges
2373 5622 2433 5661 ac
2461 5606 2699 5673 germina
2728 5604 3122 5659 subcreseeutia
3156 5607 3356 5660 moveri
3388 5606 3757 5665 venditabant.

2162 5698 2427 5769 Quidquid
2455 5698 2729 5753 enimvero
2755 5697 2822 5751 tle
2845 5696 2947 5751 illis
2986 5696 3072 5750 alii
3114 5698 3268 5754 aliter
3288 5698 3582 5765 sentirent,
3617 5698 3759 5755 falso

2161 5793 2348 5848 falsius
2377 5800 2494 5846 erat
2537 5790 2683 5855 illos,
2739 5804 2873 5860 quos
2905 5805 2991 5844 res
3042 5800 3250 5847 creatas
3292 5805 3413 5848 esse
3463 5791 3756 5863 dicebant,

2162 5898 2408 5955 suprema
2434 5884 2607 5955 aliqua
2636 5882 2913 5940 divinitate
2938 5881 3179 5954 donari,
3410 5878 3419 5886 ”
3556 5882 3559 5883 ⁷
