  <div class='ocr_page' id='page_1' title='image "/cluster/home/n/w/nwhite01/storage/ocr_20150623/5/umn.31951002477299b/298.png"; bbox 0 0 3980 6284; ppageno 0'>
   <div class='ocr_carea' id='block_1_1' title="bbox 218 363 318 420">
    <p class='ocr_par' dir='ltr' id='par_1_1' title="bbox 218 363 318 420">
     <span class='ocr_line' id='line_1_1' title="bbox 218 363 318 420; baseline -0.03 0"><span class='ocrx_word' id='word_1_1' title='bbox 218 363 318 420; x_wconf 76' lang='grc'><strong>5⁸17</strong></span> 
     </span>
    </p>
   </div>
   <div class='ocr_carea' id='block_1_2' title="bbox 1415 357 2282 426">
    <p class='ocr_par' dir='ltr' id='par_1_2' title="bbox 1415 357 2282 426">
     <span class='ocr_line' id='line_1_2' title="bbox 1415 357 2282 426; baseline 0.005 -10"><span class='ocrx_word' id='word_1_2' title='bbox 1415 362 1479 417; x_wconf 78' lang='lat' dir='ltr'><strong>IN</strong></span> <span class='ocrx_word' id='word_1_3' title='bbox 1519 357 1892 426; x_wconf 78' lang='lat' dir='ltr'><strong>ARNOBIUM,</strong></span> <span class='ocrx_word' id='word_1_4' title='bbox 1932 360 2086 419; x_wconf 83' lang='lat' dir='ltr'><strong>CAP.</strong></span> <span class='ocrx_word' id='word_1_5' title='bbox 2119 360 2282 420; x_wconf 79' lang='lat' dir='ltr'><strong>XVII.</strong></span> 
     </span>
    </p>
   </div>
   <div class='ocr_carea' id='block_1_3' title="bbox 3403 366 3509 428">
    <p class='ocr_par' dir='ltr' id='par_1_3' title="bbox 3403 366 3509 428">
     <span class='ocr_line' id='line_1_3' title="bbox 3403 366 3509 428; baseline 0.019 -2"><span class='ocrx_word' id='word_1_6' title='bbox 3403 366 3509 428; x_wconf 82' lang='lat'><strong>578</strong></span> 
     </span>
    </p>
   </div>
   <div class='ocr_carea' id='block_1_4' title="bbox 287 475 1803 555">
    <p class='ocr_par' dir='ltr' id='par_1_4' title="bbox 287 478 1803 552">
     <span class='ocr_line' id='line_1_4' title="bbox 287 478 1803 552; baseline -0.003 -15"><span class='ocrx_word' id='word_1_7' title='bbox 287 479 640 551; x_wconf 76' lang='lat' dir='ltr'><strong>Prosequitur</strong></span> <span class='ocrx_word' id='word_1_8' title='bbox 669 479 936 536; x_wconf 81' lang='lat' dir='ltr'><strong>Arnobius</strong></span> <span class='ocrx_word' id='word_1_9' title='bbox 971 478 992 551; x_wconf 87' lang='lat'><strong>(</strong></span> <span class='ocrx_word' id='word_1_10' title='bbox 1005 478 1202 552; x_wconf 83' lang='lat' dir='ltr'><strong>1bid.),</strong></span> <span class='ocrx_word' id='word_1_11' title='bbox 1227 493 1281 534; x_wconf 85' lang='lat' dir='ltr'><strong>et</strong></span> <span class='ocrx_word' id='word_1_12' title='bbox 1306 480 1470 543; x_wconf 84' lang='lat' dir='ltr'><strong>instat</strong></span> <span class='ocrx_word' id='word_1_13' title='bbox 1494 481 1562 533; x_wconf 86' lang='lat' dir='ltr'><strong>ab</strong></span> <span class='ocrx_word' id='word_1_14' title='bbox 1581 478 1803 535; x_wconf 76' lang='lat' dir='ltr'><strong>ethnicis</strong></span> 
     </span>
    </p>
   </div>
   <div class='ocr_carea' id='block_1_5' title="bbox 1916 475 3505 555">
    <p class='ocr_par' dir='ltr' id='par_1_5' title="bbox 1916 478 3505 555">
     <span class='ocr_line' id='line_1_5' title="bbox 1916 478 3505 555; baseline 0.006 -24"><span class='ocrx_word' id='word_1_15' title='bbox 1916 478 2005 532; x_wconf 91' lang='lat' dir='ltr'><strong>lib.</strong></span> <span class='ocrx_word' id='word_1_16' title='bbox 2056 495 2137 543; x_wconf 86' lang='grc' dir='ltr'><strong>ιν,</strong></span> <span class='ocrx_word' id='word_1_17' title='bbox 2165 497 2283 550; x_wconf 85' lang='lat' dir='ltr'><strong>pag.</strong></span> <span class='ocrx_word' id='word_1_18' title='bbox 2319 479 2455 546; x_wconf 75' lang='lat'><strong>195;</strong></span> <span class='ocrx_word' id='word_1_19' title='bbox 2505 480 2762 546; x_wconf 64' lang='lat' dir='ltr'><strong>Pansam,</strong></span> <span class='ocrx_word' id='word_1_20' title='bbox 2806 481 2895 537; x_wconf 91' lang='lat' dir='ltr'><strong>lib.</strong></span> <span class='ocrx_word' id='word_1_21' title='bbox 2940 496 3018 547; x_wconf 60' lang='grc' dir='ltr'>ιχ,</span> <span class='ocrx_word' id='word_1_22' title='bbox 3053 498 3171 555; x_wconf 88' lang='lat' dir='ltr'><strong>pag.</strong></span> <span class='ocrx_word' id='word_1_23' title='bbox 3201 484 3341 552; x_wconf 72' lang='lat'><strong>285;</strong></span> <span class='ocrx_word' id='word_1_24' title='bbox 3378 483 3505 541; x_wconf 84' lang='lat' dir='ltr'><strong>Nat.</strong></span> 
     </span>
    </p>
   </div>
   <div class='ocr_carea' id='block_1_6' title="bbox 214 572 1807 645">
    <p class='ocr_par' dir='ltr' id='par_1_6' title="bbox 214 572 1807 645">
     <span class='ocr_line' id='line_1_6' title="bbox 214 572 1807 645; baseline -0.003 -17"><span class='ocrx_word' id='word_1_25' title='bbox 214 573 412 645; x_wconf 76' lang='lat' dir='ltr'><strong>passim</strong></span> <span class='ocrx_word' id='word_1_26' title='bbox 434 572 671 642; x_wconf 86' lang='lat' dir='ltr'><strong>jactitari</strong></span> <span class='ocrx_word' id='word_1_27' title='bbox 698 572 946 627; x_wconf 90' lang='lat' dir='ltr'><strong>eumdem</strong></span> <span class='ocrx_word' id='word_1_28' title='bbox 970 588 1089 627; x_wconf 86' lang='lat' dir='ltr'><strong>esse</strong></span> <span class='ocrx_word' id='word_1_29' title='bbox 1112 572 1322 639; x_wconf 90' lang='lat' dir='ltr'><strong>Solem,</strong></span> <span class='ocrx_word' id='word_1_30' title='bbox 1347 582 1506 643; x_wconf 82' lang='lat' dir='ltr'><strong>atque</strong></span> <span class='ocrx_word' id='word_1_31' title='bbox 1534 572 1807 637; x_wconf 89' lang='lat' dir='ltr'><strong>Liberum,</strong></span> 
     </span>
    </p>
   </div>
   <div class='ocr_carea' id='block_1_7' title="bbox 212 662 1812 733">
    <p class='ocr_par' dir='ltr' id='par_1_7' title="bbox 212 662 1812 733">
     <span class='ocr_line' id='line_1_7' title="bbox 212 662 1812 733; baseline -0.002 -14"><span class='ocrx_word' id='word_1_32' title='bbox 212 677 269 719; x_wconf 92' lang='lat' dir='ltr'><strong>et</strong></span> <span class='ocrx_word' id='word_1_33' title='bbox 294 663 620 733; x_wconf 76' lang='lat' dir='ltr'><strong>Apollinem.</strong></span> <span class='ocrx_word' id='word_1_34' title='bbox 663 662 963 718; x_wconf 78' lang='lat' dir='ltr'><strong>Macrobius</strong></span> <span class='ocrx_word' id='word_1_35' title='bbox 990 663 1186 733; x_wconf 81' lang='lat' dir='ltr'><strong>quippe</strong></span> <span class='ocrx_word' id='word_1_36' title='bbox 1218 662 1269 717; x_wconf 90' lang='lat' dir='ltr'><strong>id</strong></span> <span class='ocrx_word' id='word_1_37' title='bbox 1298 678 1405 717; x_wconf 89' lang='lat' dir='ltr'><strong>non</strong></span> <span class='ocrx_word' id='word_1_38' title='bbox 1449 664 1620 717; x_wconf 88' lang='lat' dir='ltr'><strong>solum</strong></span> <span class='ocrx_word' id='word_1_39' title='bbox 1653 662 1812 717; x_wconf 87' lang='lat' dir='ltr'><strong>Euri—</strong></span> 
     </span>
    </p>
   </div>
   <div class='ocr_carea' id='block_1_8' title="bbox 214 756 1811 830">
    <p class='ocr_par' dir='ltr' id='par_1_8' title="bbox 214 756 1811 830">
     <span class='ocr_line' id='line_1_8' title="bbox 214 756 1811 830; baseline -0.002 -17"><span class='ocrx_word' id='word_1_40' title='bbox 214 758 350 830; x_wconf 87' lang='lat' dir='ltr'><strong>pidis</strong></span> <span class='ocrx_word' id='word_1_41' title='bbox 389 768 446 814; x_wconf 90' lang='lat' dir='ltr'><strong>et</strong></span> <span class='ocrx_word' id='word_1_42' title='bbox 473 756 717 828; x_wconf 61' lang='lat' dir='ltr'><strong>IEscltyli</strong></span> <span class='ocrx_word' id='word_1_43' title='bbox 746 757 1082 819; x_wconf 85' lang='lat' dir='ltr'><strong>testimonio.</strong></span> <span class='ocrx_word' id='word_1_44' title='bbox 1103 756 1198 812; x_wconf 85' lang='lat' dir='ltr'><strong>sed</strong></span> <span class='ocrx_word' id='word_1_45' title='bbox 1228 756 1390 811; x_wconf 86' lang='lat' dir='ltr'><strong>variis</strong></span> <span class='ocrx_word' id='word_1_46' title='bbox 1412 772 1625 827; x_wconf 78' lang='lat' dir='ltr'><strong>qunque</strong></span> <span class='ocrx_word' id='word_1_47' title='bbox 1646 757 1811 810; x_wconf 55' lang='lat' dir='ltr'><strong>ratio.</strong></span> 
     </span>
    </p>
   </div>
   <div class='ocr_carea' id='block_1_9' title="bbox 212 849 1809 921">
    <p class='ocr_par' dir='ltr' id='par_1_9' title="bbox 212 849 1809 921">
     <span class='ocr_line' id='line_1_9' title="bbox 212 849 1809 921; baseline -0.001 -15"><span class='ocrx_word' id='word_1_48' title='bbox 212 852 369 907; x_wconf 89' lang='lat' dir='ltr'><strong>nibus</strong></span> <span class='ocrx_word' id='word_1_49' title='bbox 398 852 625 920; x_wconf 89' lang='lat' dir='ltr'><strong>probare</strong></span> <span class='ocrx_word' id='word_1_50' title='bbox 654 859 876 905; x_wconf 89' lang='lat' dir='ltr'><strong>conatus</strong></span> <span class='ocrx_word' id='word_1_51' title='bbox 901 861 983 905; x_wconf 89' lang='lat' dir='ltr'><strong>est</strong></span> <span class='ocrx_word' id='word_1_52' title='bbox 1010 849 1290 921; x_wconf 62' lang='lat' dir='ltr'><strong>(Macrob,</strong></span> <span class='ocrx_word' id='word_1_53' title='bbox 1318 849 1405 903; x_wconf 86' lang='lat' dir='ltr'><strong>lib.</strong></span> <span class='ocrx_word' id='word_1_54' title='bbox 1438 867 1474 905; x_wconf 88' lang='lat' dir='ltr'><strong>tt</strong></span> <span class='ocrx_word' id='word_1_55' title='bbox 1519 850 1809 918; x_wconf 86' lang='lat' dir='ltr'><strong>Salurnal.,</strong></span> 
     </span>
    </p>
   </div>
   <div class='ocr_carea' id='block_1_10' title="bbox 211 943 1815 1019">
    <p class='ocr_par' dir='ltr' id='par_1_10' title="bbox 211 943 1815 1019">
     <span class='ocr_line' id='line_1_10' title="bbox 211 943 1815 1019; baseline -0.002 -18"><span class='ocrx_word' id='word_1_56' title='bbox 211 947 430 1019; x_wconf 83' lang='lat' dir='ltr'><strong>cap.18,</strong></span> <span class='ocrx_word' id='word_1_57' title='bbox 465 962 584 1015; x_wconf 83' lang='lat' dir='ltr'><strong>pag.</strong></span> <span class='ocrx_word' id='word_1_58' title='bbox 611 944 764 1017; x_wconf 75' lang='grc'><strong>265).</strong></span> <span class='ocrx_word' id='word_1_59' title='bbox 794 944 1064 999; x_wconf 73' lang='lat' dir='ltr'><strong>Memoria:</strong></span> <span class='ocrx_word' id='word_1_60' title='bbox 1094 952 1272 999; x_wconf 91' lang='lat' dir='ltr'><strong>autem</strong></span> <span class='ocrx_word' id='word_1_61' title='bbox 1316 944 1534 1000; x_wconf 80' lang='lat' dir='ltr'><strong>Servius</strong></span> <span class='ocrx_word' id='word_1_62' title='bbox 1584 943 1815 1014; x_wconf 88' lang='lat' dir='ltr'><strong>prodidit</strong></span> 
     </span>
    </p>
   </div>
   <div class='ocr_carea' id='block_1_11' title="bbox 211 1035 1815 1107">
    <p class='ocr_par' dir='ltr' id='par_1_11' title="bbox 211 1035 1815 1107">
     <span class='ocr_line' id='line_1_11' title="bbox 211 1035 1815 1107; baseline -0.003 -14"><span class='ocrx_word' id='word_1_63' title='bbox 211 1039 338 1094; x_wconf 90' lang='lat' dir='ltr'><strong>illud</strong></span> <span class='ocrx_word' id='word_1_64' title='bbox 368 1039 537 1093; x_wconf 75' lang='lat' dir='ltr'><strong>fuisse</strong></span> <span class='ocrx_word' id='word_1_65' title='bbox 559 1038 628 1092; x_wconf 88' lang='lat' dir='ltr'><strong>ab</strong></span> <span class='ocrx_word' id='word_1_66' title='bbox 658 1036 855 1092; x_wconf 91' lang='lat' dir='ltr'><strong>Stoicis</strong></span> <span class='ocrx_word' id='word_1_67' title='bbox 873 1049 926 1091; x_wconf 93' lang='lat' dir='ltr'><strong>et</strong></span> <span class='ocrx_word' id='word_1_68' title='bbox 952 1035 1250 1107; x_wconf 80' lang='lat' dir='ltr'><strong>Porphyrio</strong></span> <span class='ocrx_word' id='word_1_69' title='bbox 1270 1035 1541 1090; x_wconf 87' lang='lat' dir='ltr'><strong>adsertum</strong></span> <span class='ocrx_word' id='word_1_70' title='bbox 1578 1054 1590 1089; x_wconf 90' lang='lat'>:</span> <span class='ocrx_word' id='word_1_71' title='bbox 1628 1056 1645 1087; x_wconf 83' lang='grc' dir='ltr'><strong>ι</strong></span> <span class='ocrx_word' id='word_1_72' title='bbox 1673 1035 1815 1091; x_wconf 89' lang='lat' dir='ltr'><strong>Stoi-</strong></span> 
     </span>
    </p>
   </div>
   <div class='ocr_carea' id='block_1_12' title="bbox 209 1129 1810 1203">
    <p class='ocr_par' dir='ltr' id='par_1_12' title="bbox 209 1129 1810 1203">
     <span class='ocr_line' id='line_1_12' title="bbox 209 1129 1810 1203; baseline -0.002 -17"><span class='ocrx_word' id='word_1_73' title='bbox 209 1134 291 1199; x_wconf 87' lang='lat' dir='ltr'><strong>ci,</strong></span> <span class='ocrx_word' id='word_1_74' title='bbox 335 1151 354 1185; x_wconf 82' lang='grc' dir='ltr'><strong>ι</strong></span> <span class='ocrx_word' id='word_1_75' title='bbox 388 1131 592 1203; x_wconf 91' lang='lat' dir='ltr'><strong>inquit,</strong></span> <span class='ocrx_word' id='word_1_76' title='bbox 648 1150 668 1183; x_wconf 78' lang='grc' dir='ltr'><strong>ι</strong></span> <span class='ocrx_word' id='word_1_77' title='bbox 703 1130 955 1186; x_wconf 90' lang='lat' dir='ltr'><strong>eumdem</strong></span> <span class='ocrx_word' id='word_1_78' title='bbox 981 1129 1159 1187; x_wconf 88' lang='lat' dir='ltr'><strong>Solem</strong></span> <span class='ocrx_word' id='word_1_79' title='bbox 1184 1173 1198 1192; x_wconf 91' lang='lat'><strong>.</strong></span> <span class='ocrx_word' id='word_1_80' title='bbox 1228 1132 1477 1186; x_wconf 86' lang='lat' dir='ltr'><strong>eumdem</strong></span> <span class='ocrx_word' id='word_1_81' title='bbox 1522 1130 1772 1185; x_wconf 86' lang='lat' dir='ltr'><strong>Liberum</strong></span> <span class='ocrx_word' id='word_1_82' title='bbox 1795 1172 1810 1196; x_wconf 97' lang='lat'><strong>,</strong></span> 
     </span>
    </p>
   </div>
   <div class='ocr_carea' id='block_1_13' title="bbox 212 1224 1816 1294">
    <p class='ocr_par' dir='ltr' id='par_1_13' title="bbox 212 1224 1816 1294">
     <span class='ocr_line' id='line_1_13' title="bbox 212 1224 1816 1294; baseline -0.001 -14"><span class='ocrx_word' id='word_1_83' title='bbox 212 1225 466 1281; x_wconf 85' lang='lat' dir='ltr'><strong>eumdem</strong></span> <span class='ocrx_word' id='word_1_84' title='bbox 494 1225 797 1294; x_wconf 88' lang='lat' dir='ltr'><strong>Apollinem</strong></span> <span class='ocrx_word' id='word_1_85' title='bbox 845 1234 1056 1279; x_wconf 85' lang='lat' dir='ltr'><strong>vocant.</strong></span> <span class='ocrx_word' id='word_1_86' title='bbox 1096 1244 1115 1275; x_wconf 79' lang='grc' dir='ltr'><strong>ι</strong></span> <span class='ocrx_word' id='word_1_87' title='bbox 1146 1224 1301 1279; x_wconf 84' lang='lat' dir='ltr'><strong>Prius</strong></span> <span class='ocrx_word' id='word_1_88' title='bbox 1339 1241 1467 1281; x_wconf 89' lang='lat' dir='ltr'><strong>vero</strong></span> <span class='ocrx_word' id='word_1_89' title='bbox 1498 1243 1510 1278; x_wconf 88' lang='lat'><strong>:</strong></span> <span class='ocrx_word' id='word_1_90' title='bbox 1541 1245 1559 1277; x_wconf 86' lang='grc' dir='ltr'><strong>ι</strong></span> <span class='ocrx_word' id='word_1_91' title='bbox 1592 1225 1816 1280; x_wconf 91' lang='lat' dir='ltr'><strong>Constat</strong></span> 
     </span>
    </p>
   </div>
   <div class='ocr_carea' id='block_1_14' title="bbox 209 1317 1811 1390">
    <p class='ocr_par' dir='ltr' id='par_1_14' title="bbox 209 1317 1811 1390">
     <span class='ocr_line' id='line_1_14' title="bbox 209 1317 1811 1390; baseline -0.001 -17"><span class='ocrx_word' id='word_1_92' title='bbox 209 1318 504 1374; x_wconf 88' lang='lat' dir='ltr'><strong>secundum</strong></span> <span class='ocrx_word' id='word_1_93' title='bbox 538 1317 816 1390; x_wconf 87' lang='lat' dir='ltr'><strong>Porphyrii</strong></span> <span class='ocrx_word' id='word_1_94' title='bbox 842 1318 1034 1372; x_wconf 89' lang='lat' dir='ltr'><strong>librum</strong></span> <span class='ocrx_word' id='word_1_95' title='bbox 1061 1359 1077 1383; x_wconf 94' lang='lat'><strong>,</strong></span> <span class='ocrx_word' id='word_1_96' title='bbox 1108 1332 1266 1388; x_wconf 82' lang='lat' dir='ltr'><strong>quem</strong></span> <span class='ocrx_word' id='word_1_97' title='bbox 1290 1317 1472 1373; x_wconf 86' lang='lat' dir='ltr'>Solem</span> <span class='ocrx_word' id='word_1_98' title='bbox 1502 1319 1811 1389; x_wconf 87' lang='lat' dir='ltr'><strong>appellavit,</strong></span> 
     </span>
    </p>
   </div>
   <div class='ocr_carea' id='block_1_15' title="bbox 210 1410 1816 1483">
    <p class='ocr_par' dir='ltr' id='par_1_15' title="bbox 210 1410 1816 1483">
     <span class='ocr_line' id='line_1_15' title="bbox 210 1410 1816 1483; baseline 0.001 -17"><span class='ocrx_word' id='word_1_99' title='bbox 210 1411 476 1483; x_wconf 90' lang='lat' dir='ltr'><strong>triplicem</strong></span> <span class='ocrx_word' id='word_1_100' title='bbox 503 1426 628 1467; x_wconf 87' lang='lat' dir='ltr'><strong>esse</strong></span> <span class='ocrx_word' id='word_1_101' title='bbox 654 1410 920 1481; x_wconf 86' lang='lat' dir='ltr'><strong>Apollinis</strong></span> <span class='ocrx_word' id='word_1_102' title='bbox 953 1420 1274 1482; x_wconf 88' lang='lat' dir='ltr'><strong>potestatem</strong></span> <span class='ocrx_word' id='word_1_103' title='bbox 1294 1454 1309 1479; x_wconf 91' lang='lat'><strong>,</strong></span> <span class='ocrx_word' id='word_1_104' title='bbox 1339 1423 1394 1467; x_wconf 89' lang='lat' dir='ltr'><strong>et</strong></span> <span class='ocrx_word' id='word_1_105' title='bbox 1415 1413 1662 1468; x_wconf 87' lang='lat' dir='ltr'><strong>eumdem</strong></span> <span class='ocrx_word' id='word_1_106' title='bbox 1694 1427 1816 1468; x_wconf 89' lang='lat' dir='ltr'><strong>esse</strong></span> 
     </span>
    </p>
   </div>
   <div class='ocr_carea' id='block_1_16' title="bbox 207 1504 1819 1578">
    <p class='ocr_par' dir='ltr' id='par_1_16' title="bbox 207 1504 1819 1578">
     <span class='ocr_line' id='line_1_16' title="bbox 207 1504 1819 1578; baseline -0.001 -17"><span class='ocrx_word' id='word_1_107' title='bbox 207 1504 390 1561; x_wconf 83' lang='lat' dir='ltr'><strong>Solem</strong></span> <span class='ocrx_word' id='word_1_108' title='bbox 416 1506 554 1578; x_wconf 88' lang='lat' dir='ltr'><strong>apud</strong></span> <span class='ocrx_word' id='word_1_109' title='bbox 575 1520 826 1575; x_wconf 89' lang='lat' dir='ltr'><strong>superos,</strong></span> <span class='ocrx_word' id='word_1_110' title='bbox 850 1506 1100 1561; x_wconf 88' lang='lat' dir='ltr'><strong>Liberum</strong></span> <span class='ocrx_word' id='word_1_111' title='bbox 1131 1517 1337 1575; x_wconf 86' lang='lat' dir='ltr'><strong>patrem</strong></span> <span class='ocrx_word' id='word_1_112' title='bbox 1360 1508 1414 1561; x_wconf 89' lang='lat' dir='ltr'><strong>in</strong></span> <span class='ocrx_word' id='word_1_113' title='bbox 1443 1507 1622 1569; x_wconf 86' lang='lat' dir='ltr'><strong>terris,</strong></span> <span class='ocrx_word' id='word_1_114' title='bbox 1652 1506 1819 1576; x_wconf 75' lang='lat' dir='ltr'><strong>Apol-</strong></span> 
     </span>
    </p>
   </div>
   <div class='ocr_carea' id='block_1_17' title="bbox 204 1597 1817 1670">
    <p class='ocr_par' dir='ltr' id='par_1_17' title="bbox 204 1597 1817 1670">
     <span class='ocr_line' id='line_1_17' title="bbox 204 1597 1817 1670; baseline 0 -17"><span class='ocrx_word' id='word_1_115' title='bbox 204 1597 371 1654; x_wconf 87' lang='lat' dir='ltr'><strong>linem</strong></span> <span class='ocrx_word' id='word_1_116' title='bbox 425 1598 569 1669; x_wconf 84' lang='lat' dir='ltr'><strong>apud</strong></span> <span class='ocrx_word' id='word_1_117' title='bbox 604 1598 806 1654; x_wconf 83' lang='lat' dir='ltr'><strong>inferos</strong></span> <span class='ocrx_word' id='word_1_118' title='bbox 842 1617 862 1650; x_wconf 76' lang='grc' dir='ltr'><strong>ι</strong></span> <span class='ocrx_word' id='word_1_119' title='bbox 914 1598 1123 1669; x_wconf 65' lang='lat' dir='ltr'><strong>(Serm,</strong></span> <span class='ocrx_word' id='word_1_120' title='bbox 1150 1598 1204 1652; x_wconf 86' lang='lat' dir='ltr'><strong>in</strong></span> <span class='ocrx_word' id='word_1_121' title='bbox 1245 1598 1331 1652; x_wconf 86' lang='lat' dir='ltr'><strong>lib.</strong></span> <span class='ocrx_word' id='word_1_122' title='bbox 1373 1615 1390 1653; x_wconf 92' lang='grc' dir='ltr'><strong>ι</strong></span> <span class='ocrx_word' id='word_1_123' title='bbox 1423 1598 1635 1670; x_wconf 65' lang='lat' dir='ltr'><strong>Georg,</strong></span> <span class='ocrx_word' id='word_1_124' title='bbox 1684 1616 1817 1654; x_wconf 65' lang='lat' dir='ltr'><strong>vers.</strong></span> 
     </span>
    </p>
   </div>
   <div class='ocr_carea' id='block_1_18' title="bbox 205 1693 1815 1767">
    <p class='ocr_par' dir='ltr' id='par_1_18' title="bbox 205 1693 1815 1767">
     <span class='ocr_line' id='line_1_18' title="bbox 205 1693 1815 1767; baseline -0.001 -17"><span class='ocrx_word' id='word_1_125' title='bbox 205 1696 296 1762; x_wconf 85' lang='lat'><strong>17,</strong></span> <span class='ocrx_word' id='word_1_126' title='bbox 325 1713 447 1767; x_wconf 88' lang='lat' dir='ltr'><strong>pag.</strong></span> <span class='ocrx_word' id='word_1_127' title='bbox 488 1696 586 1763; x_wconf 82' lang='lat'><strong>59;</strong></span> <span class='ocrx_word' id='word_1_128' title='bbox 616 1695 670 1750; x_wconf 84' lang='lat' dir='ltr'><strong>in</strong></span> <span class='ocrx_word' id='word_1_129' title='bbox 695 1695 860 1760; x_wconf 83' lang='lat' dir='ltr'><strong>quint.</strong></span> <span class='ocrx_word' id='word_1_130' title='bbox 894 1693 1037 1767; x_wconf 82' lang='lat' dir='ltr'><strong>Virg.</strong></span> <span class='ocrx_word' id='word_1_131' title='bbox 1070 1694 1255 1766; x_wconf 83' lang='lat' dir='ltr'><strong>eclog.,</strong></span> <span class='ocrx_word' id='word_1_132' title='bbox 1285 1711 1416 1753; x_wconf 80' lang='lat' dir='ltr'><strong>vers.</strong></span> <span class='ocrx_word' id='word_1_133' title='bbox 1445 1694 1535 1761; x_wconf 66' lang='lat'><strong>64,</strong></span> <span class='ocrx_word' id='word_1_134' title='bbox 1560 1712 1680 1766; x_wconf 87' lang='lat' dir='ltr'><strong>pag.</strong></span> <span class='ocrx_word' id='word_1_135' title='bbox 1699 1694 1815 1766; x_wconf 73' lang='lat'><strong>27).</strong></span> 
     </span>
    </p>
   </div>
   <div class='ocr_carea' id='block_1_19' title="bbox 274 1789 1806 1861">
    <p class='ocr_par' dir='ltr' id='par_1_19' title="bbox 274 1789 1806 1861">
     <span class='ocr_line' id='line_1_19' title="bbox 274 1789 1806 1861; baseline -0.002 -15"><span class='ocrx_word' id='word_1_136' title='bbox 274 1791 550 1846; x_wconf 75' lang='lat' dir='ltr'><strong>Arnobius</strong></span> <span class='ocrx_word' id='word_1_137' title='bbox 579 1791 761 1861; x_wconf 86' lang='lat' dir='ltr'><strong>itaque</strong></span> <span class='ocrx_word' id='word_1_138' title='bbox 798 1805 865 1845; x_wconf 84' lang='lat' dir='ltr'><strong>ex</strong></span> <span class='ocrx_word' id='word_1_139' title='bbox 898 1789 997 1844; x_wconf 86' lang='lat' dir='ltr'><strong>hac</strong></span> <span class='ocrx_word' id='word_1_140' title='bbox 1031 1791 1231 1859; x_wconf 87' lang='lat' dir='ltr'><strong>vulgari</strong></span> <span class='ocrx_word' id='word_1_141' title='bbox 1256 1790 1536 1860; x_wconf 79' lang='lat' dir='ltr'><strong>gentilium</strong></span> <span class='ocrx_word' id='word_1_142' title='bbox 1584 1805 1806 1859; x_wconf 88' lang='lat' dir='ltr'><strong>persua-</strong></span> 
     </span>
    </p>
   </div>
   <div class='ocr_carea' id='block_1_20' title="bbox 1916 568 2840 646">
    <p class='ocr_par' dir='ltr' id='par_1_20' title="bbox 1916 568 2840 646">
     <span class='ocr_line' id='line_1_20' title="bbox 1916 568 2840 646; baseline 0.009 -24"><span class='ocrx_word' id='word_1_143' title='bbox 1916 568 2083 637; x_wconf 83' lang='lat' dir='ltr'><strong>Com.,</strong></span> <span class='ocrx_word' id='word_1_144' title='bbox 2119 571 2206 624; x_wconf 86' lang='lat' dir='ltr'><strong>lib.</strong></span> <span class='ocrx_word' id='word_1_145' title='bbox 2232 588 2282 626; x_wconf 86' lang='lat' dir='ltr'><strong>vt</strong></span> <span class='ocrx_word' id='word_1_146' title='bbox 2313 570 2557 643; x_wconf 81' lang='lat' dir='ltr'><strong>Mythol.,</strong></span> <span class='ocrx_word' id='word_1_147' title='bbox 2580 590 2696 643; x_wconf 90' lang='lat' dir='ltr'><strong>cap.</strong></span> <span class='ocrx_word' id='word_1_148' title='bbox 2720 571 2840 646; x_wconf 67' lang='grc'><strong>24).</strong></span> 
     </span>
    </p>
   </div>
   <div class='ocr_carea' id='block_1_21' title="bbox 1987 664 3494 740">
    <p class='ocr_par' dir='ltr' id='par_1_21' title="bbox 1987 664 3494 740">
     <span class='ocr_line' id='line_1_21' title="bbox 1987 664 3494 740; baseline 0.007 -22"><span class='ocrx_word' id='word_1_149' title='bbox 1987 664 2267 721; x_wconf 88' lang='lat' dir='ltr'><strong>Postremo</strong></span> <span class='ocrx_word' id='word_1_150' title='bbox 2299 667 2561 723; x_wconf 79' lang='lat' dir='ltr'><strong>Arnobius</strong></span> <span class='ocrx_word' id='word_1_151' title='bbox 2586 668 2689 722; x_wconf 89' lang='lat' dir='ltr'><strong>alia</strong></span> <span class='ocrx_word' id='word_1_152' title='bbox 2729 670 2965 739; x_wconf 79' lang='lat' dir='ltr'><strong>generali</strong></span> <span class='ocrx_word' id='word_1_153' title='bbox 2994 672 3204 727; x_wconf 84' lang='lat' dir='ltr'><strong>ratione</strong></span> <span class='ocrx_word' id='word_1_154' title='bbox 3247 683 3494 740; x_wconf 89' lang='lat' dir='ltr'><strong>cunctos,</strong></span> 
     </span>
    </p>
   </div>
   <div class='ocr_carea' id='block_1_22' title="bbox 1911 756 3510 833">
    <p class='ocr_par' dir='ltr' id='par_1_22' title="bbox 1911 756 3510 833">
     <span class='ocr_line' id='line_1_22' title="bbox 1911 756 3510 833; baseline 0.009 -22"><span class='ocrx_word' id='word_1_155' title='bbox 1911 756 2021 826; x_wconf 89' lang='lat' dir='ltr'><strong>jam</strong></span> <span class='ocrx_word' id='word_1_156' title='bbox 2048 774 2075 811; x_wconf 88' lang='lat' dir='ltr'><strong>a</strong></span> <span class='ocrx_word' id='word_1_157' title='bbox 2106 760 2259 816; x_wconf 87' lang='lat' dir='ltr'><strong>nobis</strong></span> <span class='ocrx_word' id='word_1_158' title='bbox 2284 771 2642 827; x_wconf 85' lang='lat' dir='ltr'><strong>memoratos,</strong></span> <span class='ocrx_word' id='word_1_159' title='bbox 2684 764 2958 833; x_wconf 78' lang='lat' dir='ltr'><strong>gentilium</strong></span> <span class='ocrx_word' id='word_1_160' title='bbox 2980 765 3048 821; x_wconf 91' lang='lat' dir='ltr'><strong>de</strong></span> <span class='ocrx_word' id='word_1_161' title='bbox 3075 765 3177 821; x_wconf 92' lang='lat' dir='ltr'><strong>diis</strong></span> <span class='ocrx_word' id='word_1_162' title='bbox 3202 768 3315 823; x_wconf 90' lang='lat' dir='ltr'><strong>suis</strong></span> <span class='ocrx_word' id='word_1_163' title='bbox 3357 783 3510 825; x_wconf 88' lang='lat' dir='ltr'><strong>erro-</strong></span> 
     </span>
    </p>
   </div>
   <div class='ocr_carea' id='block_1_23' title="bbox 1916 852 3506 931">
    <p class='ocr_par' dir='ltr' id='par_1_23' title="bbox 1916 852 3506 931">
     <span class='ocr_line' id='line_1_23' title="bbox 1916 852 3506 931; baseline 0.008 -29"><span class='ocrx_word' id='word_1_164' title='bbox 1916 865 2004 904; x_wconf 86' lang='lat' dir='ltr'><strong>res</strong></span> <span class='ocrx_word' id='word_1_165' title='bbox 2033 854 2271 906; x_wconf 83' lang='lat' dir='ltr'><strong>concutit</strong></span> <span class='ocrx_word' id='word_1_166' title='bbox 2297 868 2358 906; x_wconf 88' lang='lat' dir='ltr'><strong>ac</strong></span> <span class='ocrx_word' id='word_1_167' title='bbox 2385 852 2613 907; x_wconf 84' lang='lat' dir='ltr'><strong>destruit</strong></span> <span class='ocrx_word' id='word_1_168' title='bbox 2642 852 2868 923; x_wconf 80' lang='lat' dir='ltr'><strong>(Arnob.</strong></span> <span class='ocrx_word' id='word_1_169' title='bbox 2891 897 2904 920; x_wconf 86' lang='lat'><strong>,</strong></span> <span class='ocrx_word' id='word_1_170' title='bbox 2939 857 3027 912; x_wconf 89' lang='lat' dir='ltr'><strong>lib.</strong></span> <span class='ocrx_word' id='word_1_171' title='bbox 3057 874 3135 922; x_wconf 88' lang='lat' dir='ltr'><strong>nt,</strong></span> <span class='ocrx_word' id='word_1_172' title='bbox 3184 875 3305 930; x_wconf 87' lang='lat' dir='ltr'><strong>pag,</strong></span> <span class='ocrx_word' id='word_1_173' title='bbox 3358 859 3506 931; x_wconf 71' lang='lat'><strong>120).</strong></span> 
     </span>
    </p>
   </div>
   <div class='ocr_carea' id='block_1_24' title="bbox 1917 942 3513 1018">
    <p class='ocr_par' dir='ltr' id='par_1_24' title="bbox 1917 942 3513 1018">
     <span class='ocr_line' id='line_1_24' title="bbox 1917 942 3513 1018; baseline 0.009 -22"><span class='ocrx_word' id='word_1_174' title='bbox 1917 942 2361 1014; x_wconf 77' lang='lat' dir='ltr'><strong>PhiloSOpborum</strong></span> <span class='ocrx_word' id='word_1_175' title='bbox 2407 948 2586 1008; x_wconf 87' lang='lat' dir='ltr'><strong>enim.</strong></span> <span class='ocrx_word' id='word_1_176' title='bbox 2639 948 2835 1018; x_wconf 89' lang='lat' dir='ltr'><strong>inquit,</strong></span> <span class='ocrx_word' id='word_1_177' title='bbox 2865 949 3160 1006; x_wconf 68' lang='grc' dir='ltr'><strong>(1001.ἱὸδὶιηὶ</strong></span> <span class='ocrx_word' id='word_1_178' title='bbox 3188 953 3513 1010; x_wconf 88' lang='lat' dir='ltr'><strong>etcredide-</strong></span> 
     </span>
    </p>
   </div>
   <div class='ocr_carea' id='block_1_25' title="bbox 1918 1038 3511 1103">
    <p class='ocr_par' dir='ltr' id='par_1_25' title="bbox 1918 1038 3511 1103">
     <span class='ocr_line' id='line_1_25' title="bbox 1918 1038 3511 1103; baseline 0.009 -15"><span class='ocrx_word' id='word_1_179' title='bbox 1918 1045 2069 1101; x_wconf 87' lang='lat' dir='ltr'><strong>runt,</strong></span> <span class='ocrx_word' id='word_1_180' title='bbox 2092 1046 2144 1091; x_wconf 90' lang='lat' dir='ltr'><strong>et</strong></span> <span class='ocrx_word' id='word_1_181' title='bbox 2173 1038 2530 1093; x_wconf 84' lang='lat' dir='ltr'><strong>deliniverunt</strong></span> <span class='ocrx_word' id='word_1_182' title='bbox 2576 1041 2830 1095; x_wconf 87' lang='lat' dir='ltr'><strong>ntundum</strong></span> <span class='ocrx_word' id='word_1_183' title='bbox 2856 1057 2978 1098; x_wconf 87' lang='lat' dir='ltr'><strong>esse</strong></span> <span class='ocrx_word' id='word_1_184' title='bbox 3004 1045 3203 1099; x_wconf 90' lang='lat' dir='ltr'><strong>animal</strong></span> <span class='ocrx_word' id='word_1_185' title='bbox 3242 1046 3511 1103; x_wconf 81' lang='lat' dir='ltr'><strong>rationale</strong></span> 
     </span>
    </p>
   </div>
   <div class='ocr_carea' id='block_1_26' title="bbox 1918 1129 3512 1207">
    <p class='ocr_par' dir='ltr' id='par_1_26' title="bbox 1918 1129 3512 1207">
     <span class='ocr_line' id='line_1_26' title="bbox 1918 1129 3512 1207; baseline 0.008 -24"><span class='ocrx_word' id='word_1_186' title='bbox 1918 1140 1972 1183; x_wconf 91' lang='lat' dir='ltr'><strong>et</strong></span> <span class='ocrx_word' id='word_1_187' title='bbox 1994 1129 2228 1199; x_wconf 80' lang='lat' dir='ltr'><strong>sapiens.</strong></span> <span class='ocrx_word' id='word_1_188' title='bbox 2261 1131 2365 1186; x_wconf 88' lang='lat' dir='ltr'><strong>Sed</strong></span> <span class='ocrx_word' id='word_1_189' title='bbox 2396 1131 2537 1187; x_wconf 87' lang='lat' dir='ltr'><strong>itane</strong></span> <span class='ocrx_word' id='word_1_190' title='bbox 2575 1146 2760 1202; x_wconf 80' lang='lat' dir='ltr'><strong>arguet</strong></span> <span class='ocrx_word' id='word_1_191' title='bbox 2803 1135 3014 1204; x_wconf 82' lang='lat' dir='ltr'><strong>aliquis,</strong></span> <span class='ocrx_word' id='word_1_192' title='bbox 3040 1152 3128 1193; x_wconf 91' lang='lat' dir='ltr'><strong>res</strong></span> <span class='ocrx_word' id='word_1_193' title='bbox 3148 1153 3210 1193; x_wconf 90' lang='lat' dir='ltr'><strong>se</strong></span> <span class='ocrx_word' id='word_1_194' title='bbox 3234 1137 3415 1207; x_wconf 85' lang='lat' dir='ltr'><strong>habet,</strong></span> <span class='ocrx_word' id='word_1_195' title='bbox 3447 1155 3512 1196; x_wconf 89' lang='lat' dir='ltr'><strong>ac</strong></span> 
     </span>
    </p>
   </div>
   <div class='ocr_carea' id='block_1_27' title="bbox 1918 1221 3511 1299">
    <p class='ocr_par' dir='ltr' id='par_1_27' title="bbox 1918 1221 3511 1299">
     <span class='ocr_line' id='line_1_27' title="bbox 1918 1221 3511 1299; baseline 0.009 -26"><span class='ocrx_word' id='word_1_196' title='bbox 1918 1221 2133 1291; x_wconf 86' lang='lat' dir='ltr'><strong>quinam</strong></span> <span class='ocrx_word' id='word_1_197' title='bbox 2167 1223 2238 1277; x_wconf 91' lang='lat' dir='ltr'><strong>illi</strong></span> <span class='ocrx_word' id='word_1_198' title='bbox 2268 1224 2395 1289; x_wconf 90' lang='lat' dir='ltr'><strong>sint,</strong></span> <span class='ocrx_word' id='word_1_199' title='bbox 2431 1224 2822 1279; x_wconf 82' lang='lat' dir='ltr'><strong>nobisindica?</strong></span> <span class='ocrx_word' id='word_1_200' title='bbox 2859 1226 3001 1281; x_wconf 85' lang='lat' dir='ltr'><strong>Nihil</strong></span> <span class='ocrx_word' id='word_1_201' title='bbox 3025 1227 3168 1283; x_wconf 91' lang='lat' dir='ltr'><strong>dictu</strong></span> <span class='ocrx_word' id='word_1_202' title='bbox 3192 1230 3511 1299; x_wconf 85' lang='lat' dir='ltr'><strong>promptius.</strong></span> 
     </span>
    </p>
   </div>
   <div class='ocr_carea' id='block_1_28' title="bbox 1917 1311 3512 1380">
    <p class='ocr_par' dir='ltr' id='par_1_28' title="bbox 1917 1311 3512 1380">
     <span class='ocr_line' id='line_1_28' title="bbox 1917 1311 3512 1380; baseline 0.008 -15"><span class='ocrx_word' id='word_1_203' title='bbox 1917 1311 2050 1366; x_wconf 89' lang='lat' dir='ltr'><strong>Nam</strong></span> <span class='ocrx_word' id='word_1_204' title='bbox 2080 1313 2197 1369; x_wconf 67' lang='lat' dir='ltr'><strong>hazc</strong></span> <span class='ocrx_word' id='word_1_205' title='bbox 2240 1330 2347 1369; x_wconf 91' lang='lat' dir='ltr'><strong>non</strong></span> <span class='ocrx_word' id='word_1_206' title='bbox 2374 1315 2549 1370; x_wconf 90' lang='lat' dir='ltr'><strong>solum</strong></span> <span class='ocrx_word' id='word_1_207' title='bbox 2578 1316 2838 1380; x_wconf 81' lang='lat' dir='ltr'><strong>Platonis.</strong></span> <span class='ocrx_word' id='word_1_208' title='bbox 2870 1319 2942 1373; x_wconf 84' lang='grc' dir='ltr'>ιιιί</span> <span class='ocrx_word' id='word_1_209' title='bbox 2965 1335 3030 1375; x_wconf 76' lang='lat' dir='ltr'><strong>ex</strong></span> <span class='ocrx_word' id='word_1_210' title='bbox 3059 1319 3338 1378; x_wconf 82' lang='lat' dir='ltr'><strong>Ciceronis</strong></span> <span class='ocrx_word' id='word_1_211' title='bbox 3364 1322 3512 1379; x_wconf 85' lang='lat' dir='ltr'><strong>libris</strong></span> 
     </span>
    </p>
   </div>
   <div class='ocr_carea' id='block_1_29' title="bbox 1920 1405 3513 1485">
    <p class='ocr_par' dir='ltr' id='par_1_29' title="bbox 1920 1405 3513 1485">
     <span class='ocr_line' id='line_1_29' title="bbox 1920 1405 3513 1485; baseline 0.009 -27"><span class='ocrx_word' id='word_1_212' title='bbox 1920 1405 2110 1475; x_wconf 88' lang='lat' dir='ltr'><strong>liquet,</strong></span> <span class='ocrx_word' id='word_1_213' title='bbox 2165 1422 2350 1463; x_wconf 82' lang='lat' dir='ltr'><strong>verum</strong></span> <span class='ocrx_word' id='word_1_214' title='bbox 2402 1408 2560 1463; x_wconf 86' lang='lat' dir='ltr'><strong>etiam</strong></span> <span class='ocrx_word' id='word_1_215' title='bbox 2614 1409 2866 1479; x_wconf 83' lang='lat' dir='ltr'><strong>Zenonis,</strong></span> <span class='ocrx_word' id='word_1_216' title='bbox 2915 1411 3323 1485; x_wconf 86' lang='lat' dir='ltr'><strong>Stoicorumque</strong></span> <span class='ocrx_word' id='word_1_217' title='bbox 3367 1415 3513 1473; x_wconf 90' lang='lat' dir='ltr'><strong>illius</strong></span> 
     </span>
    </p>
   </div>
   <div class='ocr_carea' id='block_1_30' title="bbox 1918 1502 3510 1575">
    <p class='ocr_par' dir='ltr' id='par_1_30' title="bbox 1918 1502 3510 1575">
     <span class='ocr_line' id='line_1_30' title="bbox 1918 1502 3510 1575; baseline 0.007 -22"><span class='ocrx_word' id='word_1_218' title='bbox 1918 1508 2267 1567; x_wconf 84' lang='lat' dir='ltr'><strong>sectatorum,</strong></span> <span class='ocrx_word' id='word_1_219' title='bbox 2301 1502 2455 1557; x_wconf 91' lang='lat' dir='ltr'><strong>sicuti</strong></span> <span class='ocrx_word' id='word_1_220' title='bbox 2495 1518 2562 1557; x_wconf 78' lang='lat' dir='ltr'><strong>ex</strong></span> <span class='ocrx_word' id='word_1_221' title='bbox 2588 1503 2850 1559; x_wconf 86' lang='lat' dir='ltr'><strong>Cicerone</strong></span> <span class='ocrx_word' id='word_1_222' title='bbox 2870 1545 2886 1571; x_wconf 95' lang='lat'><strong>,</strong></span> <span class='ocrx_word' id='word_1_223' title='bbox 2915 1504 3224 1569; x_wconf 85' lang='lat' dir='ltr'><strong>Lactantio,</strong></span> <span class='ocrx_word' id='word_1_224' title='bbox 3255 1505 3470 1564; x_wconf 90' lang='lat' dir='ltr'><strong>Laertio</strong></span> <span class='ocrx_word' id='word_1_225' title='bbox 3494 1549 3510 1575; x_wconf 93' lang='lat'><strong>,</strong></span> 
     </span>
    </p>
   </div>
   <div class='ocr_carea' id='block_1_31' title="bbox 1919 1592 3512 1670">
    <p class='ocr_par' dir='ltr' id='par_1_31' title="bbox 1919 1592 3512 1670">
     <span class='ocr_line' id='line_1_31' title="bbox 1919 1592 3512 1670; baseline 0.006 -23"><span class='ocrx_word' id='word_1_226' title='bbox 1919 1592 2124 1663; x_wconf 87' lang='lat' dir='ltr'><strong>Lipsio,</strong></span> <span class='ocrx_word' id='word_1_227' title='bbox 2154 1595 2378 1664; x_wconf 88' lang='lat' dir='ltr'><strong>aliisque</strong></span> <span class='ocrx_word' id='word_1_228' title='bbox 2403 1596 2659 1652; x_wconf 87' lang='lat' dir='ltr'><strong>discimus</strong></span> <span class='ocrx_word' id='word_1_229' title='bbox 2683 1638 2699 1663; x_wconf 96' lang='lat'><strong>,</strong></span> <span class='ocrx_word' id='word_1_230' title='bbox 2736 1598 2963 1668; x_wconf 86' lang='lat' dir='ltr'><strong>genuina</strong></span> <span class='ocrx_word' id='word_1_231' title='bbox 2993 1608 3356 1670; x_wconf 75' lang='lat' dir='ltr'><strong>ccitstansque</strong></span> <span class='ocrx_word' id='word_1_232' title='bbox 3383 1617 3512 1657; x_wconf 77' lang='lat' dir='ltr'><strong>sen-</strong></span> 
     </span>
    </p>
   </div>
   <div class='ocr_carea' id='block_1_32' title="bbox 1923 1686 3512 1763">
    <p class='ocr_par' dir='ltr' id='par_1_32' title="bbox 1923 1686 3512 1763">
     <span class='ocr_line' id='line_1_32' title="bbox 1923 1686 3512 1763; baseline 0.005 -22"><span class='ocrx_word' id='word_1_233' title='bbox 1923 1687 2084 1742; x_wconf 85' lang='lat' dir='ltr'><strong>tentia</strong></span> <span class='ocrx_word' id='word_1_234' title='bbox 2103 1687 2201 1742; x_wconf 83' lang='lat' dir='ltr'><strong>fuit</strong></span> <span class='ocrx_word' id='word_1_235' title='bbox 2225 1686 2425 1759; x_wconf 85' lang='lat' dir='ltr'><strong>(Plato,</strong></span> <span class='ocrx_word' id='word_1_236' title='bbox 2455 1690 2508 1742; x_wconf 88' lang='lat' dir='ltr'><strong>iu</strong></span> <span class='ocrx_word' id='word_1_237' title='bbox 2536 1688 2750 1754; x_wconf 79' lang='lat' dir='ltr'><strong>Timwo,</strong></span> <span class='ocrx_word' id='word_1_238' title='bbox 2803 1701 2924 1745; x_wconf 83' lang='lat' dir='ltr'><strong>tom.</strong></span> <span class='ocrx_word' id='word_1_239' title='bbox 2958 1706 3036 1755; x_wconf 66' lang='lat' dir='ltr'><strong>tu,</strong></span> <span class='ocrx_word' id='word_1_240' title='bbox 3068 1707 3184 1763; x_wconf 86' lang='lat' dir='ltr'><strong>pag.</strong></span> <span class='ocrx_word' id='word_1_241' title='bbox 3214 1694 3281 1760; x_wconf 87' lang='lat'><strong>0;</strong></span> <span class='ocrx_word' id='word_1_242' title='bbox 3322 1691 3512 1762; x_wconf 82' lang='lat' dir='ltr'><strong>Cicer.,</strong></span> 
     </span>
    </p>
   </div>
   <div class='ocr_carea' id='block_1_33' title="bbox 1923 1778 3511 1855">
    <p class='ocr_par' dir='ltr' id='par_1_33' title="bbox 1923 1778 3511 1855">
     <span class='ocr_line' id='line_1_33' title="bbox 1923 1778 3511 1855; baseline 0.007 -23"><span class='ocrx_word' id='word_1_243' title='bbox 1923 1778 2012 1834; x_wconf 88' lang='lat' dir='ltr'><strong>lib.</strong></span> <span class='ocrx_word' id='word_1_244' title='bbox 2036 1796 2053 1834; x_wconf 91' lang='grc' dir='ltr'><strong>ι</strong></span> <span class='ocrx_word' id='word_1_245' title='bbox 2081 1780 2145 1834; x_wconf 84' lang='lat' dir='ltr'><strong>de</strong></span> <span class='ocrx_word' id='word_1_246' title='bbox 2175 1778 2365 1836; x_wconf 83' lang='lat' dir='ltr'><strong>Natur.</strong></span> <span class='ocrx_word' id='word_1_247' title='bbox 2385 1782 2689 1855; x_wconf 86' lang='lat' dir='ltr'><strong>deor.,pag.</strong></span> <span class='ocrx_word' id='word_1_248' title='bbox 2718 1783 2853 1852; x_wconf 91' lang='lat'><strong>199;</strong></span> <span class='ocrx_word' id='word_1_249' title='bbox 2883 1785 3024 1850; x_wconf 84' lang='lat' dir='ltr'><strong>item,</strong></span> <span class='ocrx_word' id='word_1_250' title='bbox 3045 1784 3180 1838; x_wconf 86' lang='lat' dir='ltr'><strong>idem</strong></span> <span class='ocrx_word' id='word_1_251' title='bbox 3201 1785 3331 1854; x_wconf 69' lang='lat' dir='ltr'><strong>Cm,</strong></span> <span class='ocrx_word' id='word_1_252' title='bbox 3349 1786 3436 1842; x_wconf 88' lang='lat' dir='ltr'><strong>lib.</strong></span> <span class='ocrx_word' id='word_1_253' title='bbox 3474 1802 3511 1843; x_wconf 94' lang='grc' dir='ltr'><strong>ιι</strong></span> 
     </span>
    </p>
   </div>
   <div class='ocr_carea' id='block_1_34' title="bbox 201 1864 1803 1955">
    <p class='ocr_par' dir='ltr' id='par_1_34' title="bbox 201 1881 1803 1955">
     <span class='ocr_line' id='line_1_34' title="bbox 201 1881 1803 1955; baseline -0.001 -16"><span class='ocrx_word' id='word_1_254' title='bbox 201 1885 356 1939; x_wconf 85' lang='lat' dir='ltr'><strong>sione</strong></span> <span class='ocrx_word' id='word_1_255' title='bbox 404 1884 562 1955; x_wconf 87' lang='lat' dir='ltr'><strong>plane</strong></span> <span class='ocrx_word' id='word_1_256' title='bbox 591 1881 899 1938; x_wconf 83' lang='lat' dir='ltr'><strong>conﬁcitab</strong></span> <span class='ocrx_word' id='word_1_257' title='bbox 929 1882 1033 1936; x_wconf 88' lang='lat' dir='ltr'><strong>illis</strong></span> <span class='ocrx_word' id='word_1_258' title='bbox 1057 1881 1298 1936; x_wconf 89' lang='lat' dir='ltr'><strong>imminui</strong></span> <span class='ocrx_word' id='word_1_259' title='bbox 1326 1882 1549 1937; x_wconf 89' lang='lat' dir='ltr'><strong>deorum</strong></span> <span class='ocrx_word' id='word_1_260' title='bbox 1617 1897 1803 1937; x_wconf 90' lang='lat' dir='ltr'><strong>nume-</strong></span> 
     </span>
    </p>
   </div>
   <div class='ocr_carea' id='block_1_35' title="bbox 1916 1864 3508 1955">
    <p class='ocr_par' dir='ltr' id='par_1_35' title="bbox 1916 1871 3508 1951">
     <span class='ocr_line' id='line_1_35' title="bbox 1916 1871 3508 1951; baseline 0.008 -25"><span class='ocrx_word' id='word_1_261' title='bbox 1916 1875 1978 1927; x_wconf 84' lang='lat' dir='ltr'><strong>de</strong></span> <span class='ocrx_word' id='word_1_262' title='bbox 2018 1871 2147 1927; x_wconf 85' lang='lat' dir='ltr'><strong>Nat.</strong></span> <span class='ocrx_word' id='word_1_263' title='bbox 2174 1874 2339 1937; x_wconf 86' lang='lat' dir='ltr'><strong>deor.,</strong></span> <span class='ocrx_word' id='word_1_264' title='bbox 2370 1892 2492 1946; x_wconf 85' lang='lat' dir='ltr'><strong>pag.</strong></span> <span class='ocrx_word' id='word_1_265' title='bbox 2515 1874 2643 1940; x_wconf 68' lang='grc'><strong>216,</strong></span> <span class='ocrx_word' id='word_1_266' title='bbox 2667 1886 2714 1930; x_wconf 89' lang='lat' dir='ltr'><strong>et</strong></span> <span class='ocrx_word' id='word_1_267' title='bbox 2738 1893 2898 1947; x_wconf 80' lang='lat' dir='ltr'><strong>seqq.;</strong></span> <span class='ocrx_word' id='word_1_268' title='bbox 2924 1888 2970 1931; x_wconf 83' lang='lat' dir='ltr'><strong>et</strong></span> <span class='ocrx_word' id='word_1_269' title='bbox 2996 1877 3082 1931; x_wconf 89' lang='lat' dir='ltr'><strong>lib.</strong></span> <span class='ocrx_word' id='word_1_270' title='bbox 3109 1894 3185 1944; x_wconf 91' lang='grc' dir='ltr'>ιιι,</span> <span class='ocrx_word' id='word_1_271' title='bbox 3215 1896 3335 1951; x_wconf 88' lang='lat' dir='ltr'><strong>pag.</strong></span> <span class='ocrx_word' id='word_1_272' title='bbox 3370 1880 3508 1948; x_wconf 67' lang='lat'><strong>245;</strong></span> 
     </span>
    </p>
   </div>
   <div class='ocr_carea' id='block_1_36' title="bbox 204 1975 1811 2045">
    <p class='ocr_par' dir='ltr' id='par_1_36' title="bbox 204 1975 1811 2045">
     <span class='ocr_line' id='line_1_36' title="bbox 204 1975 1811 2045; baseline -0.001 -14"><span class='ocrx_word' id='word_1_273' title='bbox 204 1993 324 2031; x_wconf 89' lang='lat' dir='ltr'><strong>rum</strong></span> <span class='ocrx_word' id='word_1_274' title='bbox 343 2019 358 2044; x_wconf 92' lang='lat'><strong>,</strong></span> <span class='ocrx_word' id='word_1_275' title='bbox 391 1992 456 2031; x_wconf 90' lang='lat' dir='ltr'><strong>ac</strong></span> <span class='ocrx_word' id='word_1_276' title='bbox 477 1976 682 2031; x_wconf 89' lang='lat' dir='ltr'><strong>nullum</strong></span> <span class='ocrx_word' id='word_1_277' title='bbox 704 1990 954 2045; x_wconf 90' lang='lat' dir='ltr'><strong>umquam</strong></span> <span class='ocrx_word' id='word_1_278' title='bbox 983 1975 1037 2029; x_wconf 91' lang='lat' dir='ltr'><strong>in</strong></span> <span class='ocrx_word' id='word_1_279' title='bbox 1066 1991 1244 2030; x_wconf 89' lang='lat' dir='ltr'><strong>rerum</strong></span> <span class='ocrx_word' id='word_1_280' title='bbox 1276 1985 1462 2028; x_wconf 88' lang='lat' dir='ltr'><strong>natura</strong></span> <span class='ocrx_word' id='word_1_281' title='bbox 1503 1976 1773 2030; x_wconf 81' lang='lat' dir='ltr'><strong>exstitisse</strong></span> <span class='ocrx_word' id='word_1_282' title='bbox 1796 2017 1811 2042; x_wconf 96' lang='lat'><strong>,</strong></span> 
     </span>
    </p>
   </div>
   <div class='ocr_carea' id='block_1_37' title="bbox 200 2066 1810 2139">
    <p class='ocr_par' dir='ltr' id='par_1_37' title="bbox 200 2066 1810 2139">
     <span class='ocr_line' id='line_1_37' title="bbox 200 2066 1810 2139; baseline -0.001 -15"><span class='ocrx_word' id='word_1_283' title='bbox 200 2084 383 2139; x_wconf 89' lang='lat' dir='ltr'><strong>neque</strong></span> <span class='ocrx_word' id='word_1_284' title='bbox 434 2068 723 2132; x_wconf 85' lang='lat' dir='ltr'><strong>Liberum,</strong></span> <span class='ocrx_word' id='word_1_285' title='bbox 780 2083 847 2123; x_wconf 80' lang='lat' dir='ltr'><strong>ex</strong></span> <span class='ocrx_word' id='word_1_286' title='bbox 897 2066 1150 2133; x_wconf 90' lang='lat' dir='ltr'><strong>Semele,</strong></span> <span class='ocrx_word' id='word_1_287' title='bbox 1204 2068 1279 2121; x_wconf 90' lang='lat' dir='ltr'><strong>uti</strong></span> <span class='ocrx_word' id='word_1_288' title='bbox 1326 2083 1485 2135; x_wconf 83' lang='lat' dir='ltr'><strong>supra</strong></span> <span class='ocrx_word' id='word_1_289' title='bbox 1539 2066 1810 2134; x_wconf 83' lang='lat' dir='ltr'><strong>diximus,</strong></span> 
     </span>
    </p>
   </div>
   <div class='ocr_carea' id='block_1_38' title="bbox 194 2158 1807 2231">
    <p class='ocr_par' dir='ltr' id='par_1_38' title="bbox 194 2158 1807 2231">
     <span class='ocr_line' id='line_1_38' title="bbox 194 2158 1807 2231; baseline -0.002 -14"><span class='ocrx_word' id='word_1_290' title='bbox 194 2161 523 2226; x_wconf 87' lang='lat' dir='ltr'><strong>oriundum;</strong></span> <span class='ocrx_word' id='word_1_291' title='bbox 575 2176 749 2230; x_wconf 88' lang='lat' dir='ltr'><strong>neque</strong></span> <span class='ocrx_word' id='word_1_292' title='bbox 797 2160 1103 2230; x_wconf 78' lang='lat' dir='ltr'><strong>Apollinem</strong></span> <span class='ocrx_word' id='word_1_293' title='bbox 1138 2158 1423 2231; x_wconf 85' lang='lat' dir='ltr'><strong>Pythium,</strong></span> <span class='ocrx_word' id='word_1_294' title='bbox 1454 2169 1508 2214; x_wconf 90' lang='lat' dir='ltr'><strong>et</strong></span> <span class='ocrx_word' id='word_1_295' title='bbox 1553 2160 1807 2225; x_wconf 86' lang='lat' dir='ltr'><strong>murium,</strong></span> 
     </span>
    </p>
   </div>
   <div class='ocr_carea' id='block_1_39' title="bbox 200 2252 1813 2323">
    <p class='ocr_par' dir='ltr' id='par_1_39' title="bbox 200 2252 1813 2323">
     <span class='ocr_line' id='line_1_39' title="bbox 200 2252 1813 2323; baseline -0.001 -14"><span class='ocrx_word' id='word_1_296' title='bbox 200 2265 259 2309; x_wconf 90' lang='lat' dir='ltr'><strong>ut</strong></span> <span class='ocrx_word' id='word_1_297' title='bbox 304 2254 449 2311; x_wconf 88' lang='lat' dir='ltr'><strong>idem</strong></span> <span class='ocrx_word' id='word_1_298' title='bbox 499 2264 688 2308; x_wconf 87' lang='lat' dir='ltr'><strong>auctor</strong></span> <span class='ocrx_word' id='word_1_299' title='bbox 735 2262 917 2307; x_wconf 88' lang='lat' dir='ltr'><strong>noster</strong></span> <span class='ocrx_word' id='word_1_300' title='bbox 944 2253 1209 2322; x_wconf 89' lang='lat' dir='ltr'><strong>loquitur,</strong></span> <span class='ocrx_word' id='word_1_301' title='bbox 1252 2252 1558 2323; x_wconf 80' lang='lat' dir='ltr'><strong>perniciem,</strong></span> <span class='ocrx_word' id='word_1_302' title='bbox 1592 2254 1660 2309; x_wconf 92' lang='lat' dir='ltr'><strong>de</strong></span> <span class='ocrx_word' id='word_1_303' title='bbox 1706 2267 1813 2323; x_wconf 91' lang='lat' dir='ltr'><strong>quo</strong></span> 
     </span>
    </p>
   </div>
   <div class='ocr_carea' id='block_1_40' title="bbox 196 2343 1809 2416">
    <p class='ocr_par' dir='ltr' id='par_1_40' title="bbox 196 2343 1809 2416">
     <span class='ocr_line' id='line_1_40' title="bbox 196 2343 1809 2416; baseline -0.002 -16"><span class='ocrx_word' id='word_1_304' title='bbox 196 2359 300 2401; x_wconf 91' lang='lat' dir='ltr'><strong>nos</strong></span> <span class='ocrx_word' id='word_1_305' title='bbox 329 2345 455 2401; x_wconf 75' lang='lat' dir='ltr'><strong>alibi</strong></span> <span class='ocrx_word' id='word_1_306' title='bbox 485 2345 692 2416; x_wconf 90' lang='lat' dir='ltr'><strong>egimus</strong></span> <span class='ocrx_word' id='word_1_307' title='bbox 747 2343 901 2416; x_wconf 88' lang='lat' dir='ltr'><strong>(tom.</strong></span> <span class='ocrx_word' id='word_1_308' title='bbox 936 2360 973 2399; x_wconf 89' lang='grc' dir='ltr'><strong>ιι</strong></span> <span class='ocrx_word' id='word_1_309' title='bbox 997 2344 1276 2416; x_wconf 86' lang='lat' dir='ltr'><strong>Apparat.,</strong></span> <span class='ocrx_word' id='word_1_310' title='bbox 1322 2343 1413 2399; x_wconf 90' lang='lat' dir='ltr'><strong>lib.</strong></span> <span class='ocrx_word' id='word_1_311' title='bbox 1445 2360 1502 2398; x_wconf 88' lang='grc' dir='ltr'><strong>ιιι</strong></span> <span class='ocrx_word' id='word_1_312' title='bbox 1532 2361 1546 2409; x_wconf 91' lang='grc'><strong>;</strong></span> <span class='ocrx_word' id='word_1_313' title='bbox 1580 2345 1809 2411; x_wconf 61' lang='grc' dir='ltr'><strong>(ἥπατι,</strong></span> 
     </span>
    </p>
   </div>
   <div class='ocr_carea' id='block_1_41' title="bbox 194 2438 1811 2509">
    <p class='ocr_par' dir='ltr' id='par_1_41' title="bbox 194 2438 1811 2509">
     <span class='ocr_line' id='line_1_41' title="bbox 194 2438 1811 2509; baseline 0.001 -17"><span class='ocrx_word' id='word_1_314' title='bbox 194 2458 318 2509; x_wconf 85' lang='lat' dir='ltr'><strong>cap.</strong></span> <span class='ocrx_word' id='word_1_315' title='bbox 345 2439 403 2506; x_wconf 89' lang='lat'><strong>9,</strong></span> <span class='ocrx_word' id='word_1_316' title='bbox 452 2450 553 2494; x_wconf 88' lang='lat' dir='ltr'><strong>art.</strong></span> <span class='ocrx_word' id='word_1_317' title='bbox 581 2440 633 2503; x_wconf 89' lang='grc'><strong>1,</strong></span> <span class='ocrx_word' id='word_1_318' title='bbox 667 2456 787 2509; x_wconf 90' lang='lat' dir='ltr'><strong>pag.</strong></span> <span class='ocrx_word' id='word_1_319' title='bbox 824 2438 972 2507; x_wconf 77' lang='grc'><strong>754).</strong></span> <span class='ocrx_word' id='word_1_320' title='bbox 998 2438 1327 2508; x_wconf 76' lang='lat' dir='ltr'><strong>Augustinus</strong></span> <span class='ocrx_word' id='word_1_321' title='bbox 1358 2453 1486 2493; x_wconf 89' lang='lat' dir='ltr'><strong>vero</strong></span> <span class='ocrx_word' id='word_1_322' title='bbox 1515 2453 1581 2492; x_wconf 78' lang='lat' dir='ltr'><strong>ex</strong></span> <span class='ocrx_word' id='word_1_323' title='bbox 1620 2438 1811 2493; x_wconf 90' lang='lat' dir='ltr'><strong>iisdem</strong></span> 
     </span>
    </p>
   </div>
   <div class='ocr_carea' id='block_1_42' title="bbox 192 2531 1811 2603">
    <p class='ocr_par' dir='ltr' id='par_1_42' title="bbox 192 2531 1811 2603">
     <span class='ocr_line' id='line_1_42' title="bbox 192 2531 1811 2603; baseline 0 -15"><span class='ocrx_word' id='word_1_324' title='bbox 192 2533 477 2603; x_wconf 81' lang='lat' dir='ltr'><strong>gentilium</strong></span> <span class='ocrx_word' id='word_1_325' title='bbox 531 2531 872 2603; x_wconf 87' lang='lat' dir='ltr'><strong>opinionibus</strong></span> <span class='ocrx_word' id='word_1_326' title='bbox 922 2532 1125 2602; x_wconf 74' lang='lat' dir='ltr'><strong>colligit</strong></span> <span class='ocrx_word' id='word_1_327' title='bbox 1154 2548 1220 2586; x_wconf 83' lang='lat' dir='ltr'><strong>ex</strong></span> <span class='ocrx_word' id='word_1_328' title='bbox 1263 2547 1368 2586; x_wconf 90' lang='lat' dir='ltr'><strong>una</strong></span> <span class='ocrx_word' id='word_1_329' title='bbox 1406 2531 1699 2603; x_wconf 87' lang='lat' dir='ltr'><strong>eademque</strong></span> <span class='ocrx_word' id='word_1_330' title='bbox 1752 2549 1811 2588; x_wconf 92' lang='lat' dir='ltr'><strong>re</strong></span> 
     </span>
    </p>
   </div>
   <div class='ocr_carea' id='block_1_43' title="bbox 193 2621 1808 2695">
    <p class='ocr_par' dir='ltr' id='par_1_43' title="bbox 193 2621 1808 2695">
     <span class='ocr_line' id='line_1_43' title="bbox 193 2621 1808 2695; baseline -0.001 -15"><span class='ocrx_word' id='word_1_331' title='bbox 193 2626 436 2680; x_wconf 85' lang='lat' dir='ltr'><strong>naturali</strong></span> <span class='ocrx_word' id='word_1_332' title='bbox 469 2625 649 2695; x_wconf 91' lang='lat' dir='ltr'><strong>plures</strong></span> <span class='ocrx_word' id='word_1_333' title='bbox 670 2624 886 2694; x_wconf 91' lang='lat' dir='ltr'><strong>quidem</strong></span> <span class='ocrx_word' id='word_1_334' title='bbox 928 2623 997 2678; x_wconf 90' lang='lat' dir='ltr'><strong>ab</strong></span> <span class='ocrx_word' id='word_1_335' title='bbox 1042 2621 1149 2676; x_wconf 88' lang='lat' dir='ltr'><strong>illis</strong></span> <span class='ocrx_word' id='word_1_336' title='bbox 1176 2624 1344 2678; x_wconf 79' lang='lat' dir='ltr'><strong>iactos</strong></span> <span class='ocrx_word' id='word_1_337' title='bbox 1369 2637 1490 2679; x_wconf 89' lang='lat' dir='ltr'><strong>esse</strong></span> <span class='ocrx_word' id='word_1_338' title='bbox 1511 2624 1640 2678; x_wconf 87' lang='lat' dir='ltr'><strong>deos</strong></span> <span class='ocrx_word' id='word_1_339' title='bbox 1660 2666 1675 2692; x_wconf 95' lang='lat'><strong>,</strong></span> <span class='ocrx_word' id='word_1_340' title='bbox 1715 2623 1808 2679; x_wconf 81' lang='lat' dir='ltr'><strong>sed</strong></span> 
     </span>
    </p>
   </div>
   <div class='ocr_carea' id='block_1_44' title="bbox 203 2708 1100 2790">
    <p class='ocr_par' dir='ltr' id='par_1_44' title="bbox 203 2708 1100 2790">
     <span class='ocr_line' id='line_1_44' title="bbox 203 2708 1100 2790; baseline -0.007 -15"><span class='ocrx_word' id='word_1_341' title='bbox 203 2708 381 2775; x_wconf 66' lang='lat' dir='ltr'><strong>falsits</strong></span> <span class='ocrx_word' id='word_1_342' title='bbox 410 2718 567 2790; x_wconf 88' lang='lat' dir='ltr'><strong>plane</strong></span> <span class='ocrx_word' id='word_1_343' title='bbox 605 2726 660 2773; x_wconf 91' lang='lat' dir='ltr'><strong>et</strong></span> <span class='ocrx_word' id='word_1_344' title='bbox 680 2716 1100 2773; x_wconf 91' lang='lat' dir='ltr'><strong>commentitios.</strong></span> 
     </span>
    </p>
   </div>
   <div class='ocr_carea' id='block_1_45' title="bbox 262 2808 1803 2881">
    <p class='ocr_par' dir='ltr' id='par_1_45' title="bbox 262 2808 1803 2881">
     <span class='ocr_line' id='line_1_45' title="bbox 262 2808 1803 2881; baseline -0.002 -16"><span class='ocrx_word' id='word_1_345' title='bbox 262 2812 406 2881; x_wconf 81' lang='lat' dir='ltr'><strong>Quid</strong></span> <span class='ocrx_word' id='word_1_346' title='bbox 437 2809 627 2881; x_wconf 87' lang='lat' dir='ltr'><strong>plura?</strong></span> <span class='ocrx_word' id='word_1_347' title='bbox 651 2808 767 2864; x_wconf 88' lang='lat' dir='ltr'><strong>Non</strong></span> <span class='ocrx_word' id='word_1_348' title='bbox 798 2809 1021 2876; x_wconf 87' lang='lat' dir='ltr'><strong>indocti,</strong></span> <span class='ocrx_word' id='word_1_349' title='bbox 1048 2808 1121 2863; x_wconf 88' lang='lat' dir='ltr'><strong>uti</strong></span> <span class='ocrx_word' id='word_1_350' title='bbox 1151 2808 1228 2863; x_wconf 86' lang='lat' dir='ltr'><strong>ait</strong></span> <span class='ocrx_word' id='word_1_351' title='bbox 1258 2808 1529 2865; x_wconf 83' lang='lat' dir='ltr'><strong>Arnobius</strong></span> <span class='ocrx_word' id='word_1_352' title='bbox 1552 2808 1803 2880; x_wconf 85' lang='lat' dir='ltr'><strong>(Arnob.,</strong></span> 
     </span>
    </p>
   </div>
   <div class='ocr_carea' id='block_1_46' title="bbox 191 2901 1806 2977">
    <p class='ocr_par' dir='ltr' id='par_1_46' title="bbox 191 2901 1806 2977">
     <span class='ocr_line' id='line_1_46' title="bbox 191 2901 1806 2977; baseline -0.002 -17"><span class='ocrx_word' id='word_1_353' title='bbox 191 2906 282 2961; x_wconf 88' lang='lat' dir='ltr'><strong>lib.</strong></span> <span class='ocrx_word' id='word_1_354' title='bbox 318 2920 399 2970; x_wconf 88' lang='grc' dir='ltr'>ιιι,</span> <span class='ocrx_word' id='word_1_355' title='bbox 431 2922 553 2977; x_wconf 87' lang='lat' dir='ltr'><strong>pag.</strong></span> <span class='ocrx_word' id='word_1_356' title='bbox 592 2903 744 2974; x_wconf 88' lang='lat'><strong>119),</strong></span> <span class='ocrx_word' id='word_1_357' title='bbox 773 2902 915 2973; x_wconf 90' lang='lat' dir='ltr'><strong>apud</strong></span> <span class='ocrx_word' id='word_1_358' title='bbox 961 2901 1191 2973; x_wconf 80' lang='lat' dir='ltr'><strong>gentiles</strong></span> <span class='ocrx_word' id='word_1_359' title='bbox 1223 2902 1317 2955; x_wconf 88' lang='lat' dir='ltr'><strong>viri</strong></span> <span class='ocrx_word' id='word_1_360' title='bbox 1363 2901 1631 2957; x_wconf 69' lang='lat' dir='ltr'><strong>docebant</strong></span> <span class='ocrx_word' id='word_1_361' title='bbox 1687 2903 1806 2974; x_wconf 84' lang='lat' dir='ltr'><strong>Dia-</strong></span> 
     </span>
    </p>
   </div>
   <div class='ocr_carea' id='block_1_47' title="bbox 190 2996 1802 3065">
    <p class='ocr_par' dir='ltr' id='par_1_47' title="bbox 190 2996 1802 3065">
     <span class='ocr_line' id='line_1_47' title="bbox 190 2996 1802 3065; baseline -0.003 -11"><span class='ocrx_word' id='word_1_362' title='bbox 190 3015 341 3063; x_wconf 89' lang='lat' dir='ltr'><strong>nam,</strong></span> <span class='ocrx_word' id='word_1_363' title='bbox 370 2996 650 3064; x_wconf 84' lang='lat' dir='ltr'><strong>Cererem,</strong></span> <span class='ocrx_word' id='word_1_364' title='bbox 706 3005 762 3052; x_wconf 90' lang='lat' dir='ltr'><strong>et</strong></span> <span class='ocrx_word' id='word_1_365' title='bbox 809 2996 1013 3050; x_wconf 86' lang='lat' dir='ltr'><strong>Lunam</strong></span> <span class='ocrx_word' id='word_1_366' title='bbox 1061 3004 1171 3050; x_wconf 89' lang='lat' dir='ltr'><strong>tres</strong></span> <span class='ocrx_word' id='word_1_367' title='bbox 1213 3009 1319 3050; x_wconf 88' lang='lat' dir='ltr'><strong>non</strong></span> <span class='ocrx_word' id='word_1_368' title='bbox 1351 3011 1474 3051; x_wconf 90' lang='lat' dir='ltr'><strong>esse</strong></span> <span class='ocrx_word' id='word_1_369' title='bbox 1506 3010 1764 3065; x_wconf 84' lang='lat' dir='ltr'><strong>personas</strong></span> <span class='ocrx_word' id='word_1_370' title='bbox 1786 3038 1802 3063; x_wconf 93' lang='lat'><strong>,</strong></span> 
     </span>
    </p>
   </div>
   <div class='ocr_carea' id='block_1_48' title="bbox 190 3088 1805 3157">
    <p class='ocr_par' dir='ltr' id='par_1_48' title="bbox 190 3088 1805 3157">
     <span class='ocr_line' id='line_1_48' title="bbox 190 3088 1805 3157; baseline -0.002 -11"><span class='ocrx_word' id='word_1_371' title='bbox 190 3106 220 3146; x_wconf 92' lang='lat' dir='ltr'><strong>a</strong></span> <span class='ocrx_word' id='word_1_372' title='bbox 248 3107 312 3147; x_wconf 92' lang='lat' dir='ltr'><strong>se</strong></span> <span class='ocrx_word' id='word_1_373' title='bbox 337 3091 567 3147; x_wconf 85' lang='lat' dir='ltr'><strong>invicem</strong></span> <span class='ocrx_word' id='word_1_374' title='bbox 608 3090 910 3155; x_wconf 86' lang='lat' dir='ltr'><strong>distinctas,</strong></span> <span class='ocrx_word' id='word_1_375' title='bbox 964 3088 1058 3143; x_wconf 90' lang='lat' dir='ltr'><strong>sed</strong></span> <span class='ocrx_word' id='word_1_376' title='bbox 1090 3088 1283 3157; x_wconf 88' lang='lat' dir='ltr'><strong>triplici</strong></span> <span class='ocrx_word' id='word_1_377' title='bbox 1308 3088 1408 3142; x_wconf 88' lang='lat' dir='ltr'><strong>hoc</strong></span> <span class='ocrx_word' id='word_1_378' title='bbox 1431 3089 1646 3143; x_wconf 89' lang='lat' dir='ltr'><strong>nomine</strong></span> <span class='ocrx_word' id='word_1_379' title='bbox 1698 3088 1805 3143; x_wconf 90' lang='lat' dir='ltr'><strong>Lu-</strong></span> 
     </span>
    </p>
   </div>
   <div class='ocr_carea' id='block_1_49' title="bbox 190 3182 1804 3257">
    <p class='ocr_par' dir='ltr' id='par_1_49' title="bbox 190 3182 1804 3257">
     <span class='ocr_line' id='line_1_49' title="bbox 190 3182 1804 3257; baseline -0.002 -15"><span class='ocrx_word' id='word_1_380' title='bbox 190 3201 318 3243; x_wconf 86' lang='lat' dir='ltr'><strong>nam</strong></span> <span class='ocrx_word' id='word_1_381' title='bbox 339 3185 620 3257; x_wconf 57' lang='lat' dir='ltr'><strong>appullari.</strong></span> <span class='ocrx_word' id='word_1_382' title='bbox 644 3183 716 3239; x_wconf 89' lang='lat' dir='ltr'><strong>At</strong></span> <span class='ocrx_word' id='word_1_383' title='bbox 742 3184 883 3239; x_wconf 91' lang='lat' dir='ltr'><strong>docti</strong></span> <span class='ocrx_word' id='word_1_384' title='bbox 915 3182 989 3237; x_wconf 91' lang='lat' dir='ltr'><strong>illi</strong></span> <span class='ocrx_word' id='word_1_385' title='bbox 1020 3182 1265 3237; x_wconf 88' lang='lat' dir='ltr'><strong>homines</strong></span> <span class='ocrx_word' id='word_1_386' title='bbox 1290 3192 1441 3238; x_wconf 90' lang='lat' dir='ltr'><strong>erant</strong></span> <span class='ocrx_word' id='word_1_387' title='bbox 1470 3182 1610 3236; x_wconf 86' lang='lat' dir='ltr'><strong>haud</strong></span> <span class='ocrx_word' id='word_1_388' title='bbox 1640 3182 1804 3238; x_wconf 91' lang='lat' dir='ltr'><strong>dubio</strong></span> 
     </span>
    </p>
   </div>
   <div class='ocr_carea' id='block_1_50' title="bbox 1929 1965 3508 2043">
    <p class='ocr_par' dir='ltr' id='par_1_50' title="bbox 1929 1965 3508 2043">
     <span class='ocr_line' id='line_1_50' title="bbox 1929 1965 3508 2043; baseline 0.007 -24"><span class='ocrx_word' id='word_1_389' title='bbox 1929 1965 2192 2034; x_wconf 85' lang='lat' dir='ltr'><strong>Lactant.,</strong></span> <span class='ocrx_word' id='word_1_390' title='bbox 2223 1967 2310 2021; x_wconf 87' lang='lat' dir='ltr'><strong>lib.</strong></span> <span class='ocrx_word' id='word_1_391' title='bbox 2337 1984 2408 2037; x_wconf 88' lang='grc' dir='ltr'><strong>ιι,</strong></span> <span class='ocrx_word' id='word_1_392' title='bbox 2452 1986 2570 2037; x_wconf 86' lang='lat' dir='ltr'><strong>cap.</strong></span> <span class='ocrx_word' id='word_1_393' title='bbox 2602 1970 2653 2035; x_wconf 81' lang='grc'><strong>5,</strong></span> <span class='ocrx_word' id='word_1_394' title='bbox 2694 1987 2813 2041; x_wconf 88' lang='lat' dir='ltr'><strong>pag.</strong></span> <span class='ocrx_word' id='word_1_395' title='bbox 2863 1970 3003 2037; x_wconf 88' lang='lat'><strong>166;</strong></span> <span class='ocrx_word' id='word_1_396' title='bbox 3034 1971 3235 2039; x_wconf 84' lang='lat' dir='ltr'><strong>Laert.,</strong></span> <span class='ocrx_word' id='word_1_397' title='bbox 3279 1972 3368 2028; x_wconf 86' lang='lat' dir='ltr'><strong>lib.</strong></span> <span class='ocrx_word' id='word_1_398' title='bbox 3404 1991 3508 2043; x_wconf 85' lang='lat' dir='ltr'><strong>vn,</strong></span> 
     </span>
    </p>
   </div>
   <div class='ocr_carea' id='block_1_51' title="bbox 1919 2060 3510 2136">
    <p class='ocr_par' dir='ltr' id='par_1_51' title="bbox 1919 2060 3510 2136">
     <span class='ocr_line' id='line_1_51' title="bbox 1919 2060 3510 2136; baseline 0.005 -21"><span class='ocrx_word' id='word_1_399' title='bbox 1919 2060 1947 2134; x_wconf 84' lang='lat'>§</span> <span class='ocrx_word' id='word_1_400' title='bbox 1974 2061 2075 2116; x_wconf 72' lang='grc'><strong>142</strong></span> <span class='ocrx_word' id='word_1_401' title='bbox 2092 2073 2138 2116; x_wconf 85' lang='lat' dir='ltr'><strong>et</strong></span> <span class='ocrx_word' id='word_1_402' title='bbox 2163 2078 2301 2131; x_wconf 80' lang='lat' dir='ltr'><strong>seqq.</strong></span> <span class='ocrx_word' id='word_1_403' title='bbox 2321 2079 2337 2130; x_wconf 91' lang='lat'><strong>;</strong></span> <span class='ocrx_word' id='word_1_404' title='bbox 2359 2060 2500 2133; x_wconf 84' lang='lat' dir='ltr'><strong>Lips.</strong></span> <span class='ocrx_word' id='word_1_405' title='bbox 2529 2063 2782 2118; x_wconf 73' lang='lat' dir='ltr'><strong>disseruit.</strong></span> <span class='ocrx_word' id='word_1_406' title='bbox 2809 2064 2874 2120; x_wconf 86' lang='grc'><strong>10</strong></span> <span class='ocrx_word' id='word_1_407' title='bbox 2889 2064 2950 2118; x_wconf 87' lang='lat' dir='ltr'><strong>de</strong></span> <span class='ocrx_word' id='word_1_408' title='bbox 2981 2064 3145 2136; x_wconf 79' lang='lat' dir='ltr'><strong>Pitys.</strong></span> <span class='ocrx_word' id='word_1_409' title='bbox 3174 2064 3361 2129; x_wconf 85' lang='lat' dir='ltr'><strong>Stoic..</strong></span> <span class='ocrx_word' id='word_1_410' title='bbox 3384 2076 3510 2123; x_wconf 84' lang='lat' dir='ltr'><strong>tam.</strong></span> 
     </span>
    </p>
   </div>
   <div class='ocr_carea' id='block_1_52' title="bbox 1915 2154 3513 2226">
    <p class='ocr_par' dir='ltr' id='par_1_52' title="bbox 1915 2154 3513 2226">
     <span class='ocr_line' id='line_1_52' title="bbox 1915 2154 3513 2226; baseline 0.005 -18"><span class='ocrx_word' id='word_1_411' title='bbox 1915 2170 1986 2220; x_wconf 86' lang='lat' dir='ltr'><strong>tv,</strong></span> <span class='ocrx_word' id='word_1_412' title='bbox 2016 2171 2137 2225; x_wconf 85' lang='lat' dir='ltr'><strong>pag.</strong></span> <span class='ocrx_word' id='word_1_413' title='bbox 2171 2154 2274 2209; x_wconf 82' lang='grc'>569</span> <span class='ocrx_word' id='word_1_414' title='bbox 2301 2167 2347 2209; x_wconf 84' lang='lat' dir='ltr'><strong>et</strong></span> <span class='ocrx_word' id='word_1_415' title='bbox 2377 2154 2567 2226; x_wconf 61' lang='grc' dir='ltr'><strong>δίειμι).</strong></span> <span class='ocrx_word' id='word_1_416' title='bbox 2593 2157 2758 2226; x_wconf 82' lang='lat' dir='ltr'><strong>Atqui</strong></span> <span class='ocrx_word' id='word_1_417' title='bbox 2785 2156 2830 2211; x_wconf 92' lang='lat' dir='ltr'><strong>si</strong></span> <span class='ocrx_word' id='word_1_418' title='bbox 2861 2156 3096 2212; x_wconf 89' lang='lat' dir='ltr'><strong>mundus</strong></span> <span class='ocrx_word' id='word_1_419' title='bbox 3139 2157 3399 2215; x_wconf 84' lang='lat' dir='ltr'><strong>rationale</strong></span> <span class='ocrx_word' id='word_1_420' title='bbox 3441 2160 3513 2216; x_wconf 89' lang='lat' dir='ltr'><strong>sit</strong></span> 
     </span>
    </p>
   </div>
   <div class='ocr_carea' id='block_1_53' title="bbox 1913 2234 3509 2319">
    <p class='ocr_par' dir='ltr' id='par_1_53' title="bbox 1913 2234 3509 2319">
     <span class='ocr_line' id='line_1_53' title="bbox 1913 2234 3509 2319; baseline 0.006 -19"><span class='ocrx_word' id='word_1_421' title='bbox 1913 2246 2135 2313; x_wconf 87' lang='lat' dir='ltr'><strong>animal,</strong></span> <span class='ocrx_word' id='word_1_422' title='bbox 2159 2246 2283 2302; x_wconf 90' lang='lat' dir='ltr'><strong>inde</strong></span> <span class='ocrx_word' id='word_1_423' title='bbox 2310 2250 2615 2304; x_wconf 87' lang='lat' dir='ltr'><strong>necessario</strong></span> <span class='ocrx_word' id='word_1_424' title='bbox 2662 2250 2903 2319; x_wconf 75' lang='lat' dir='ltr'><strong>sequitur</strong></span> <span class='ocrx_word' id='word_1_425' title='bbox 2950 2252 3141 2315; x_wconf 88' lang='lat' dir='ltr'><strong>solem,</strong></span> <span class='ocrx_word' id='word_1_426' title='bbox 3173 2251 3378 2316; x_wconf 86' lang='lat' dir='ltr'><strong>lunam,</strong></span> <span class='ocrx_word' id='word_1_427' title='bbox 3406 2234 3509 2310; x_wconf 81' lang='lat' dir='ltr'><strong>lel-</strong></span> 
     </span>
    </p>
   </div>
   <div class='ocr_carea' id='block_1_54' title="bbox 1913 2332 3512 2405">
    <p class='ocr_par' dir='ltr' id='par_1_54' title="bbox 1913 2332 3512 2405">
     <span class='ocr_line' id='line_1_54' title="bbox 1913 2332 3512 2405; baseline 0.005 -19"><span class='ocrx_word' id='word_1_428' title='bbox 1913 2332 2083 2387; x_wconf 90' lang='lat' dir='ltr'><strong>lurem</strong></span> <span class='ocrx_word' id='word_1_429' title='bbox 2105 2373 2121 2397; x_wconf 93' lang='lat'><strong>,</strong></span> <span class='ocrx_word' id='word_1_430' title='bbox 2153 2332 2388 2403; x_wconf 88' lang='lat' dir='ltr'><strong>aliasque</strong></span> <span class='ocrx_word' id='word_1_431' title='bbox 2416 2335 2597 2389; x_wconf 87' lang='lat' dir='ltr'><strong>mundi</strong></span> <span class='ocrx_word' id='word_1_432' title='bbox 2621 2344 2831 2405; x_wconf 88' lang='lat' dir='ltr'><strong>partes,</strong></span> <span class='ocrx_word' id='word_1_433' title='bbox 2861 2337 2975 2390; x_wconf 87' lang='lat' dir='ltr'><strong>sive</strong></span> <span class='ocrx_word' id='word_1_434' title='bbox 2995 2352 3093 2392; x_wconf 90' lang='lat' dir='ltr'><strong>suo</strong></span> <span class='ocrx_word' id='word_1_435' title='bbox 3115 2377 3129 2401; x_wconf 89' lang='lat'><strong>,</strong></span> <span class='ocrx_word' id='word_1_436' title='bbox 3171 2339 3286 2393; x_wconf 90' lang='lat' dir='ltr'><strong>sive</strong></span> <span class='ocrx_word' id='word_1_437' title='bbox 3302 2337 3408 2392; x_wconf 86' lang='lat' dir='ltr'><strong>alio</strong></span> <span class='ocrx_word' id='word_1_438' title='bbox 3453 2345 3512 2394; x_wconf 78' lang='lat' dir='ltr'><strong>ut</strong></span> 
     </span>
    </p>
   </div>
   <div class='ocr_carea' id='block_1_55' title="bbox 1913 2425 3509 2500">
    <p class='ocr_par' dir='ltr' id='par_1_55' title="bbox 1913 2425 3509 2500">
     <span class='ocr_line' id='line_1_55' title="bbox 1913 2425 3509 2500; baseline 0.006 -22"><span class='ocrx_word' id='word_1_439' title='bbox 1913 2425 2161 2490; x_wconf 86' lang='lat' dir='ltr'><strong>vidimur,</strong></span> <span class='ocrx_word' id='word_1_440' title='bbox 2192 2429 2408 2484; x_wconf 89' lang='lat' dir='ltr'><strong>nomine</strong></span> <span class='ocrx_word' id='word_1_441' title='bbox 2436 2441 2826 2500; x_wconf 89' lang='lat' dir='ltr'><strong>nuncupentur,</strong></span> <span class='ocrx_word' id='word_1_442' title='bbox 2857 2428 2994 2486; x_wconf 79' lang='lat' dir='ltr'><strong>falso</strong></span> <span class='ocrx_word' id='word_1_443' title='bbox 3010 2440 3065 2486; x_wconf 90' lang='lat' dir='ltr'><strong>et</strong></span> <span class='ocrx_word' id='word_1_444' title='bbox 3090 2432 3281 2487; x_wconf 78' lang='lat' dir='ltr'><strong>frustra</strong></span> <span class='ocrx_word' id='word_1_445' title='bbox 3304 2433 3374 2489; x_wconf 88' lang='lat' dir='ltr'><strong>ab</strong></span> <span class='ocrx_word' id='word_1_446' title='bbox 3404 2433 3509 2488; x_wconf 89' lang='lat' dir='ltr'><strong>illis</strong></span> 
     </span>
    </p>
   </div>
   <div class='ocr_carea' id='block_1_56' title="bbox 1913 2521 3507 2604">
    <p class='ocr_par' dir='ltr' id='par_1_56' title="bbox 1913 2521 3507 2604">
     <span class='ocr_line' id='line_1_56' title="bbox 1913 2521 3507 2604; baseline 0.004 -28"><span class='ocrx_word' id='word_1_447' title='bbox 1913 2521 1965 2576; x_wconf 90' lang='lat' dir='ltr'><strong>in</strong></span> <span class='ocrx_word' id='word_1_448' title='bbox 1995 2521 2217 2601; x_wconf 82' lang='lat' dir='ltr'><strong>deorum</strong></span> <span class='ocrx_word' id='word_1_449' title='bbox 2248 2539 2527 2578; x_wconf 89' lang='lat' dir='ltr'><strong>numerum</strong></span> <span class='ocrx_word' id='word_1_450' title='bbox 2550 2524 2848 2604; x_wconf 83' lang='lat' dir='ltr'><strong>adgregari.</strong></span> <span class='ocrx_word' id='word_1_451' title='bbox 2870 2524 2969 2592; x_wconf 79' lang='lat' dir='ltr'><strong>Qui</strong></span> <span class='ocrx_word' id='word_1_452' title='bbox 2993 2525 3106 2580; x_wconf 89' lang='lat' dir='ltr'><strong>lieri</strong></span> <span class='ocrx_word' id='word_1_453' title='bbox 3133 2527 3273 2581; x_wconf 90' lang='lat' dir='ltr'><strong>enim</strong></span> <span class='ocrx_word' id='word_1_454' title='bbox 3307 2534 3507 2597; x_wconf 87' lang='lat' dir='ltr'><strong>potest,</strong></span> 
     </span>
    </p>
   </div>
   <div class='ocr_carea' id='block_1_57' title="bbox 1913 2615 3509 2691">
    <p class='ocr_par' dir='ltr' id='par_1_57' title="bbox 1913 2615 3509 2691">
     <span class='ocr_line' id='line_1_57' title="bbox 1913 2615 3509 2691; baseline 0.004 -21"><span class='ocrx_word' id='word_1_455' title='bbox 1913 2625 1972 2670; x_wconf 92' lang='lat' dir='ltr'><strong>ut</strong></span> <span class='ocrx_word' id='word_1_456' title='bbox 2000 2615 2317 2672; x_wconf 57' lang='lat' dir='ltr'><strong>si&#39;mundus</strong></span> <span class='ocrx_word' id='word_1_457' title='bbox 2341 2634 2502 2672; x_wconf 91' lang='lat' dir='ltr'><strong>unum</strong></span> <span class='ocrx_word' id='word_1_458' title='bbox 2526 2618 2597 2672; x_wconf 86' lang='lat' dir='ltr'><strong>sit</strong></span> <span class='ocrx_word' id='word_1_459' title='bbox 2621 2619 2840 2682; x_wconf 89' lang='lat' dir='ltr'><strong>animal,</strong></span> <span class='ocrx_word' id='word_1_460' title='bbox 2872 2619 3011 2674; x_wconf 90' lang='lat' dir='ltr'><strong>sicut</strong></span> <span class='ocrx_word' id='word_1_461' title='bbox 3037 2619 3323 2691; x_wconf 80' lang='lat' dir='ltr'><strong>singularis</strong></span> <span class='ocrx_word' id='word_1_462' title='bbox 3350 2621 3509 2691; x_wconf 65' lang='lat' dir='ltr'><strong>qutli-</strong></span> 
     </span>
    </p>
   </div>
   <div class='ocr_carea' id='block_1_58' title="bbox 1911 2708 3509 2786">
    <p class='ocr_par' dir='ltr' id='par_1_58' title="bbox 1911 2708 3509 2786">
     <span class='ocr_line' id='line_1_58' title="bbox 1911 2708 3509 2786; baseline 0.004 -22"><span class='ocrx_word' id='word_1_463' title='bbox 1911 2708 2002 2764; x_wconf 88' lang='lat' dir='ltr'><strong>bet</strong></span> <span class='ocrx_word' id='word_1_464' title='bbox 2055 2708 2254 2777; x_wconf 89' lang='lat' dir='ltr'><strong>homo,</strong></span> <span class='ocrx_word' id='word_1_465' title='bbox 2288 2711 2340 2765; x_wconf 92' lang='lat' dir='ltr'><strong>in</strong></span> <span class='ocrx_word' id='word_1_466' title='bbox 2389 2712 2563 2765; x_wconf 90' lang='lat' dir='ltr'><strong>varias</strong></span> <span class='ocrx_word' id='word_1_467' title='bbox 2608 2711 2879 2766; x_wconf 91' lang='lat' dir='ltr'><strong>sciudatur</strong></span> <span class='ocrx_word' id='word_1_468' title='bbox 2931 2720 3142 2783; x_wconf 85' lang='lat' dir='ltr'><strong>partes,</strong></span> <span class='ocrx_word' id='word_1_469' title='bbox 3193 2713 3509 2786; x_wconf 85' lang='lat' dir='ltr'><strong>diversaque</strong></span> 
     </span>
    </p>
   </div>
   <div class='ocr_carea' id='block_1_59' title="bbox 1912 2801 3508 2875">
    <p class='ocr_par' dir='ltr' id='par_1_59' title="bbox 1912 2801 3508 2875">
     <span class='ocr_line' id='line_1_59' title="bbox 1912 2801 3508 2875; baseline 0.006 -20"><span class='ocrx_word' id='word_1_470' title='bbox 1912 2801 2176 2868; x_wconf 86' lang='lat' dir='ltr'><strong>membra,</strong></span> <span class='ocrx_word' id='word_1_471' title='bbox 2206 2819 2324 2871; x_wconf 72' lang='lat' dir='ltr'><strong>quae</strong></span> <span class='ocrx_word' id='word_1_472' title='bbox 2349 2803 2556 2874; x_wconf 91' lang='lat' dir='ltr'><strong>singula</strong></span> <span class='ocrx_word' id='word_1_473' title='bbox 2587 2804 2694 2858; x_wconf 91' lang='lat' dir='ltr'><strong>sint</strong></span> <span class='ocrx_word' id='word_1_474' title='bbox 2719 2805 2934 2875; x_wconf 89' lang='lat' dir='ltr'><strong>aliquod</strong></span> <span class='ocrx_word' id='word_1_475' title='bbox 2958 2804 3026 2861; x_wconf 88' lang='lat' dir='ltr'><strong>ab</strong></span> <span class='ocrx_word' id='word_1_476' title='bbox 3048 2806 3170 2860; x_wconf 90' lang='lat' dir='ltr'><strong>aliis</strong></span> <span class='ocrx_word' id='word_1_477' title='bbox 3197 2806 3508 2864; x_wconf 84' lang='lat' dir='ltr'><strong>distinctum</strong></span> 
     </span>
    </p>
   </div>
   <div class='ocr_carea' id='block_1_60' title="bbox 1908 2879 3509 2969">
    <p class='ocr_par' dir='ltr' id='par_1_60' title="bbox 1908 2879 3509 2969">
     <span class='ocr_line' id='line_1_60' title="bbox 1908 2879 3509 2969; baseline 0.006 -24"><span class='ocrx_word' id='word_1_478' title='bbox 1908 2893 2139 2958; x_wconf 84' lang='lat' dir='ltr'><strong>animal,</strong></span> <span class='ocrx_word' id='word_1_479' title='bbox 2193 2903 2374 2965; x_wconf 90' lang='lat' dir='ltr'><strong>atque,</strong></span> <span class='ocrx_word' id='word_1_480' title='bbox 2422 2906 2478 2949; x_wconf 93' lang='lat' dir='ltr'><strong>ut</strong></span> <span class='ocrx_word' id='word_1_481' title='bbox 2516 2896 2739 2962; x_wconf 89' lang='lat' dir='ltr'><strong>volunt,</strong></span> <span class='ocrx_word' id='word_1_482' title='bbox 2770 2913 2907 2952; x_wconf 91' lang='lat' dir='ltr'><strong>unus</strong></span> <span class='ocrx_word' id='word_1_483' title='bbox 2935 2907 2989 2952; x_wconf 90' lang='lat' dir='ltr'><strong>et</strong></span> <span class='ocrx_word' id='word_1_484' title='bbox 3010 2899 3296 2969; x_wconf 89' lang='lat' dir='ltr'><strong>singularis</strong></span> <span class='ocrx_word' id='word_1_485' title='bbox 3343 2879 3509 2955; x_wconf 61' lang='lat' dir='ltr'><strong>Deus:</strong></span> 
     </span>
    </p>
   </div>
   <div class='ocr_carea' id='block_1_61' title="bbox 1907 2982 3507 3058">
    <p class='ocr_par' dir='ltr' id='par_1_61' title="bbox 1907 2982 3507 3058">
     <span class='ocr_line' id='line_1_61' title="bbox 1907 2982 3507 3058; baseline 0.005 -19"><span class='ocrx_word' id='word_1_486' title='bbox 1907 2982 2084 3040; x_wconf 81' lang='lat' dir='ltr'><strong>Simili</strong></span> <span class='ocrx_word' id='word_1_487' title='bbox 2128 3001 2341 3056; x_wconf 86' lang='lat' dir='ltr'><strong>quoque</strong></span> <span class='ocrx_word' id='word_1_488' title='bbox 2372 2987 2532 3042; x_wconf 91' lang='lat' dir='ltr'><strong>modo</strong></span> <span class='ocrx_word' id='word_1_489' title='bbox 2575 2998 2978 3058; x_wconf 80' lang='lat' dir='ltr'><strong>argumentatur</strong></span> <span class='ocrx_word' id='word_1_490' title='bbox 3008 2989 3317 3046; x_wconf 83' lang='lat' dir='ltr'><strong>Lactantius</strong></span> <span class='ocrx_word' id='word_1_491' title='bbox 3346 3008 3360 3045; x_wconf 87' lang='lat'><strong>:</strong></span> <span class='ocrx_word' id='word_1_492' title='bbox 3395 3009 3413 3043; x_wconf 78' lang='grc' dir='ltr'><strong>ι</strong></span> <span class='ocrx_word' id='word_1_493' title='bbox 3451 2991 3507 3049; x_wconf 92' lang='lat' dir='ltr'><strong>Si</strong></span> 
     </span>
    </p>
   </div>
   <div class='ocr_carea' id='block_1_62' title="bbox 1908 3077 3506 3154">
    <p class='ocr_par' dir='ltr' id='par_1_62' title="bbox 1908 3077 3506 3154">
     <span class='ocr_line' id='line_1_62' title="bbox 1908 3077 3506 3154; baseline 0.005 -21"><span class='ocrx_word' id='word_1_494' title='bbox 1908 3077 2043 3133; x_wconf 88' lang='lat' dir='ltr'><strong>deus</strong></span> <span class='ocrx_word' id='word_1_495' title='bbox 2069 3079 2299 3136; x_wconf 85' lang='lat' dir='ltr'><strong>mundus</strong></span> <span class='ocrx_word' id='word_1_496' title='bbox 2339 3090 2449 3147; x_wconf 90' lang='lat' dir='ltr'><strong>est;</strong></span> <span class='ocrx_word' id='word_1_497' title='bbox 2500 3097 2632 3153; x_wconf 88' lang='lat' dir='ltr'><strong>ergo</strong></span> <span class='ocrx_word' id='word_1_498' title='bbox 2659 3083 2836 3137; x_wconf 86' lang='lat' dir='ltr'><strong>omnia</strong></span> <span class='ocrx_word' id='word_1_499' title='bbox 2861 3082 2946 3137; x_wconf 92' lang='lat' dir='ltr'><strong>illa</strong></span> <span class='ocrx_word' id='word_1_500' title='bbox 2971 3124 2986 3149; x_wconf 96' lang='lat'><strong>,</strong></span> <span class='ocrx_word' id='word_1_501' title='bbox 3018 3101 3137 3154; x_wconf 74' lang='lat' dir='ltr'><strong>qua:</strong></span> <span class='ocrx_word' id='word_1_502' title='bbox 3171 3095 3301 3140; x_wconf 91' lang='lat' dir='ltr'><strong>sunt</strong></span> <span class='ocrx_word' id='word_1_503' title='bbox 3329 3086 3380 3140; x_wconf 91' lang='lat' dir='ltr'><strong>in</strong></span> <span class='ocrx_word' id='word_1_504' title='bbox 3403 3101 3468 3141; x_wconf 91' lang='lat' dir='ltr'><strong>eo</strong></span> <span class='ocrx_word' id='word_1_505' title='bbox 3490 3126 3506 3151; x_wconf 89' lang='lat'><strong>,</strong></span> 
     </span>
    </p>
   </div>
   <div class='ocr_carea' id='block_1_63' title="bbox 1907 3172 3509 3248">
    <p class='ocr_par' dir='ltr' id='par_1_63' title="bbox 1907 3172 3509 3248">
     <span class='ocr_line' id='line_1_63' title="bbox 1907 3172 3509 3248; baseline 0.005 -22"><span class='ocrx_word' id='word_1_506' title='bbox 1907 3172 1981 3226; x_wconf 90' lang='lat' dir='ltr'><strong>dii</strong></span> <span class='ocrx_word' id='word_1_507' title='bbox 2013 3188 2116 3228; x_wconf 92' lang='lat' dir='ltr'><strong>non</strong></span> <span class='ocrx_word' id='word_1_508' title='bbox 2146 3185 2293 3241; x_wconf 88' lang='lat' dir='ltr'><strong>sunt,</strong></span> <span class='ocrx_word' id='word_1_509' title='bbox 2350 3174 2444 3230; x_wconf 86' lang='lat' dir='ltr'><strong>sed</strong></span> <span class='ocrx_word' id='word_1_510' title='bbox 2494 3174 2579 3230; x_wconf 91' lang='lat' dir='ltr'><strong>dei</strong></span> <span class='ocrx_word' id='word_1_511' title='bbox 2634 3177 2906 3242; x_wconf 88' lang='lat' dir='ltr'><strong>membra;</strong></span> <span class='ocrx_word' id='word_1_512' title='bbox 2939 3192 3060 3248; x_wconf 68' lang='lat' dir='ltr'><strong>qua:</strong></span> <span class='ocrx_word' id='word_1_513' title='bbox 3112 3179 3295 3248; x_wconf 89' lang='lat' dir='ltr'><strong>utique</strong></span> <span class='ocrx_word' id='word_1_514' title='bbox 3341 3179 3509 3235; x_wconf 90' lang='lat' dir='ltr'><strong>solius</strong></span> 
     </span>
    </p>
   </div>
   <div class='ocr_carea' id='block_1_64' title="bbox 190 3250 1803 3349">
    <p class='ocr_par' dir='ltr' id='par_1_64' title="bbox 190 3250 1801 3349">
     <span class='ocr_line' id='line_1_64' title="bbox 190 3250 1801 3349; baseline -0.004 -12"><span class='ocrx_word' id='word_1_515' title='bbox 190 3250 454 3337; x_wconf 88' lang='lat' dir='ltr'><strong>Stoici</strong></span> <span class='ocrx_word' id='word_1_516' title='bbox 469 3277 661 3349; x_wconf 86' lang='lat' dir='ltr'><strong>quibus</strong></span> <span class='ocrx_word' id='word_1_517' title='bbox 686 3276 804 3331; x_wconf 72' lang='lat' dir='ltr'><strong>haec</strong></span> <span class='ocrx_word' id='word_1_518' title='bbox 823 3276 1040 3332; x_wconf 86' lang='lat' dir='ltr'><strong>Servius</strong></span> <span class='ocrx_word' id='word_1_519' title='bbox 1058 3285 1238 3329; x_wconf 85' lang='lat' dir='ltr'><strong>narrat</strong></span> <span class='ocrx_word' id='word_1_520' title='bbox 1261 3292 1275 3329; x_wconf 87' lang='lat'><strong>:</strong></span> <span class='ocrx_word' id='word_1_521' title='bbox 1314 3296 1332 3327; x_wconf 79' lang='grc' dir='ltr'><strong>ι</strong></span> <span class='ocrx_word' id='word_1_522' title='bbox 1368 3275 1535 3331; x_wconf 89' lang='lat' dir='ltr'><strong>Stoici</strong></span> <span class='ocrx_word' id='word_1_523' title='bbox 1555 3275 1801 3330; x_wconf 87' lang='lat' dir='ltr'><strong>eumdem</strong></span> 
     </span>
    </p>
   </div>
   <div class='ocr_carea' id='block_1_65' title="bbox 1916 3250 3510 3349">
    <p class='ocr_par' dir='ltr' id='par_1_65' title="bbox 1916 3264 3510 3340">
     <span class='ocr_line' id='line_1_65' title="bbox 1916 3264 3510 3340; baseline 0.006 -20"><span class='ocrx_word' id='word_1_524' title='bbox 1916 3264 2002 3320; x_wconf 88' lang='lat' dir='ltr'><strong>Dci</strong></span> <span class='ocrx_word' id='word_1_525' title='bbox 2060 3282 2256 3321; x_wconf 90' lang='lat' dir='ltr'><strong>nomen</strong></span> <span class='ocrx_word' id='word_1_526' title='bbox 2313 3269 2561 3338; x_wconf 89' lang='lat' dir='ltr'><strong>accipere</strong></span> <span class='ocrx_word' id='word_1_527' title='bbox 2604 3283 2712 3325; x_wconf 91' lang='lat' dir='ltr'><strong>non</strong></span> <span class='ocrx_word' id='word_1_528' title='bbox 2740 3279 2981 3340; x_wconf 91' lang='lat' dir='ltr'><strong>possunt.</strong></span> <span class='ocrx_word' id='word_1_529' title='bbox 3023 3270 3133 3327; x_wconf 87' lang='lat' dir='ltr'><strong>Nec</strong></span> <span class='ocrx_word' id='word_1_530' title='bbox 3172 3272 3314 3327; x_wconf 88' lang='lat' dir='ltr'><strong>enim</strong></span> <span class='ocrx_word' id='word_1_531' title='bbox 3361 3282 3510 3330; x_wconf 90' lang='lat' dir='ltr'><strong>recte</strong></span> 
     </span>
    </p>
   </div>
   <div class='ocr_carea' id='block_1_66' title="bbox 188 3366 1804 3434">
    <p class='ocr_par' dir='ltr' id='par_1_66' title="bbox 188 3366 1804 3434">
     <span class='ocr_line' id='line_1_66' title="bbox 188 3366 1804 3434; baseline -0.004 -6"><span class='ocrx_word' id='word_1_532' title='bbox 188 3372 498 3428; x_wconf 82' lang='lat' dir='ltr'><strong>Solem.....</strong></span> <span class='ocrx_word' id='word_1_533' title='bbox 556 3367 920 3425; x_wconf 85' lang='lat' dir='ltr'><strong>ltemLunum</strong></span> <span class='ocrx_word' id='word_1_534' title='bbox 949 3367 1194 3423; x_wconf 82' lang='lat' dir='ltr'><strong>eamdem</strong></span> <span class='ocrx_word' id='word_1_535' title='bbox 1251 3366 1506 3434; x_wconf 84' lang='lat' dir='ltr'><strong>Dianam,</strong></span> <span class='ocrx_word' id='word_1_536' title='bbox 1559 3366 1804 3423; x_wconf 86' lang='lat' dir='ltr'><strong>eamdem</strong></span> 
     </span>
    </p>
   </div>
   <div class='ocr_carea' id='block_1_67' title="bbox 196 3462 1802 3534">
    <p class='ocr_par' dir='ltr' id='par_1_67' title="bbox 196 3462 1802 3534">
     <span class='ocr_line' id='line_1_67' title="bbox 196 3462 1802 3534; baseline -0.005 -9"><span class='ocrx_word' id='word_1_537' title='bbox 196 3468 496 3534; x_wconf 84' lang='lat' dir='ltr'><strong>Cererem,</strong></span> <span class='ocrx_word' id='word_1_538' title='bbox 525 3464 770 3521; x_wconf 86' lang='lat' dir='ltr'><strong>eamdem</strong></span> <span class='ocrx_word' id='word_1_539' title='bbox 799 3462 1095 3531; x_wconf 77' lang='lat' dir='ltr'><strong>lunonem,</strong></span> <span class='ocrx_word' id='word_1_540' title='bbox 1141 3464 1386 3519; x_wconf 89' lang='lat' dir='ltr'><strong>eamdem</strong></span> <span class='ocrx_word' id='word_1_541' title='bbox 1429 3464 1802 3532; x_wconf 87' lang='lat' dir='ltr'><strong>Proserpinam</strong></span> 
     </span>
    </p>
   </div>
   <div class='ocr_carea' id='block_1_68' title="bbox 190 3554 1803 3627">
    <p class='ocr_par' dir='ltr' id='par_1_68' title="bbox 190 3554 1803 3627">
     <span class='ocr_line' id='line_1_68' title="bbox 190 3554 1803 3627; baseline -0.004 -9"><span class='ocrx_word' id='word_1_542' title='bbox 190 3564 421 3627; x_wconf 84' lang='lat' dir='ltr'><strong>dicunt;</strong></span> <span class='ocrx_word' id='word_1_543' title='bbox 469 3557 764 3615; x_wconf 83' lang='lat' dir='ltr'><strong>secundum</strong></span> <span class='ocrx_word' id='word_1_544' title='bbox 793 3573 928 3627; x_wconf 90' lang='lat' dir='ltr'><strong>quos</strong></span> <span class='ocrx_word' id='word_1_545' title='bbox 981 3554 1233 3627; x_wconf 77' lang='lat' dir='ltr'><strong>Virgilius</strong></span> <span class='ocrx_word' id='word_1_546' title='bbox 1274 3572 1371 3627; x_wconf 91' lang='lat' dir='ltr'><strong>pro</strong></span> <span class='ocrx_word' id='word_1_547' title='bbox 1401 3557 1517 3612; x_wconf 92' lang='lat' dir='ltr'><strong>sole</strong></span> <span class='ocrx_word' id='word_1_548' title='bbox 1545 3565 1601 3611; x_wconf 90' lang='lat' dir='ltr'><strong>et</strong></span> <span class='ocrx_word' id='word_1_549' title='bbox 1648 3557 1803 3624; x_wconf 91' lang='lat' dir='ltr'><strong>luna,</strong></span> 
     </span>
    </p>
   </div>
   <div class='ocr_carea' id='block_1_69' title="bbox 191 3636 1805 3720">
    <p class='ocr_par' dir='ltr' id='par_1_69' title="bbox 191 3636 1805 3720">
     <span class='ocr_line' id='line_1_69' title="bbox 191 3636 1805 3720; baseline -0.004 -10"><span class='ocrx_word' id='word_1_550' title='bbox 191 3655 450 3710; x_wconf 77' lang='lat' dir='ltr'><strong>Liberum</strong></span> <span class='ocrx_word' id='word_1_551' title='bbox 490 3661 546 3708; x_wconf 91' lang='lat' dir='ltr'><strong>et</strong></span> <span class='ocrx_word' id='word_1_552' title='bbox 583 3652 838 3707; x_wconf 88' lang='lat' dir='ltr'><strong>Cererem</strong></span> <span class='ocrx_word' id='word_1_553' title='bbox 879 3650 1148 3704; x_wconf 72' lang='lat' dir='ltr'><strong>invocavut</strong></span> <span class='ocrx_word' id='word_1_554' title='bbox 1193 3670 1210 3697; x_wconf 84' lang='grc' dir='ltr'><strong>ι</strong></span> <span class='ocrx_word' id='word_1_555' title='bbox 1258 3650 1283 3720; x_wconf 92' lang='grc'><strong><em>(</em></strong></span> <span class='ocrx_word' id='word_1_556' title='bbox 1306 3650 1495 3717; x_wconf 62' lang='lat' dir='ltr'><strong>Serm,</strong></span> <span class='ocrx_word' id='word_1_557' title='bbox 1545 3636 1599 3703; x_wconf 72' lang='lat' dir='ltr'><strong>in</strong></span> <span class='ocrx_word' id='word_1_558' title='bbox 1649 3650 1739 3704; x_wconf 87' lang='lat' dir='ltr'><strong>lib.</strong></span> <span class='ocrx_word' id='word_1_559' title='bbox 1786 3665 1805 3703; x_wconf 94' lang='grc' dir='ltr'><strong>ι</strong></span> 
     </span>
    </p>
   </div>
   <div class='ocr_carea' id='block_1_70' title="bbox 193 3740 1806 3819">
    <p class='ocr_par' dir='ltr' id='par_1_70' title="bbox 193 3740 1806 3819">
     <span class='ocr_line' id='line_1_70' title="bbox 193 3740 1806 3819; baseline -0.005 -14"><span class='ocrx_word' id='word_1_560' title='bbox 193 3746 412 3819; x_wconf 60' lang='grc' dir='ltr'><strong>(ἐευνρη</strong></span> <span class='ocrx_word' id='word_1_561' title='bbox 441 3760 572 3800; x_wconf 72' lang='lat' dir='ltr'><strong>vere.</strong></span> <span class='ocrx_word' id='word_1_562' title='bbox 602 3744 657 3814; x_wconf 91' lang='lat'><strong>7)</strong></span> <span class='ocrx_word' id='word_1_563' title='bbox 686 3760 701 3808; x_wconf 93' lang='lat'><strong>;</strong></span> <span class='ocrx_word' id='word_1_564' title='bbox 732 3751 790 3797; x_wconf 90' lang='lat' dir='ltr'><strong>at</strong></span> <span class='ocrx_word' id='word_1_565' title='bbox 827 3740 930 3796; x_wconf 87' lang='lat' dir='ltr'><strong>hoc</strong></span> <span class='ocrx_word' id='word_1_566' title='bbox 968 3756 1181 3812; x_wconf 91' lang='lat' dir='ltr'><strong>quoque</strong></span> <span class='ocrx_word' id='word_1_567' title='bbox 1211 3743 1455 3796; x_wconf 90' lang='lat' dir='ltr'><strong>ultimum</strong></span> <span class='ocrx_word' id='word_1_568' title='bbox 1504 3741 1806 3798; x_wconf 87' lang='lat' dir='ltr'><strong>Macrobius</strong></span> 
     </span>
    </p>
   </div>
   <div class='ocr_carea' id='block_1_71' title="bbox 194 3837 1803 3910">
    <p class='ocr_par' dir='ltr' id='par_1_71' title="bbox 194 3837 1803 3910">
     <span class='ocr_line' id='line_1_71' title="bbox 194 3837 1803 3910; baseline -0.002 -12"><span class='ocrx_word' id='word_1_569' title='bbox 194 3839 529 3898; x_wconf 84' lang='lat' dir='ltr'><strong>observavit.</strong></span> <span class='ocrx_word' id='word_1_570' title='bbox 554 3837 886 3910; x_wconf 78' lang='lat' dir='ltr'><strong>Augustinus</strong></span> <span class='ocrx_word' id='word_1_571' title='bbox 912 3850 1041 3892; x_wconf 90' lang='lat' dir='ltr'><strong>vero</strong></span> <span class='ocrx_word' id='word_1_572' title='bbox 1075 3855 1088 3890; x_wconf 92' lang='lat'>:</span> <span class='ocrx_word' id='word_1_573' title='bbox 1123 3855 1143 3888; x_wconf 74' lang='grc' dir='ltr'><strong>ι</strong></span> <span class='ocrx_word' id='word_1_574' title='bbox 1178 3837 1602 3906; x_wconf 88' lang='lat' dir='ltr'><strong>Apollinem..,..</strong></span> <span class='ocrx_word' id='word_1_575' title='bbox 1625 3839 1803 3895; x_wconf 83' lang='lat' dir='ltr'><strong>Solem</strong></span> 
     </span>
    </p>
   </div>
   <div class='ocr_carea' id='block_1_72' title="bbox 193 3932 1807 4003">
    <p class='ocr_par' dir='ltr' id='par_1_72' title="bbox 193 3932 1807 4003">
     <span class='ocr_line' id='line_1_72' title="bbox 193 3932 1807 4003; baseline -0.003 -10"><span class='ocrx_word' id='word_1_576' title='bbox 193 3952 322 3993; x_wconf 87' lang='lat' dir='ltr'><strong>esse</strong></span> <span class='ocrx_word' id='word_1_577' title='bbox 369 3934 659 3999; x_wconf 78' lang='lat' dir='ltr'><strong>dixerunt,</strong></span> <span class='ocrx_word' id='word_1_578' title='bbox 696 3932 1023 3999; x_wconf 87' lang='lat' dir='ltr'><strong>Dianamque</strong></span> <span class='ocrx_word' id='word_1_579' title='bbox 1044 3946 1354 4002; x_wconf 89' lang='lat' dir='ltr'><strong>germanam</strong></span> <span class='ocrx_word' id='word_1_580' title='bbox 1399 3933 1514 4003; x_wconf 89' lang='lat' dir='ltr'><strong>ejus</strong></span> <span class='ocrx_word' id='word_1_581' title='bbox 1559 3934 1807 3989; x_wconf 87' lang='lat' dir='ltr'><strong>similiter</strong></span> 
     </span>
    </p>
   </div>
   <div class='ocr_carea' id='block_1_73' title="bbox 191 4023 1799 4097">
    <p class='ocr_par' dir='ltr' id='par_1_73' title="bbox 191 4023 1799 4097">
     <span class='ocr_line' id='line_1_73' title="bbox 191 4023 1799 4097; baseline -0.004 -11"><span class='ocrx_word' id='word_1_582' title='bbox 191 4030 502 4095; x_wconf 87' lang='lat' dir='ltr'><strong>Lunam,et</strong></span> <span class='ocrx_word' id='word_1_583' title='bbox 521 4026 728 4082; x_wconf 86' lang='lat' dir='ltr'><strong>viarum</strong></span> <span class='ocrx_word' id='word_1_584' title='bbox 755 4023 1036 4097; x_wconf 64' lang='lat' dir='ltr'><strong>prmsidem</strong></span> <span class='ocrx_word' id='word_1_585' title='bbox 1062 4044 1080 4077; x_wconf 85' lang='grc' dir='ltr'><strong>ι</strong></span> <span class='ocrx_word' id='word_1_586' title='bbox 1113 4024 1486 4097; x_wconf 74' lang='lat' dir='ltr'><strong>(Macrob.,lib</strong></span> <span class='ocrx_word' id='word_1_587' title='bbox 1527 4043 1543 4079; x_wconf 94' lang='grc' dir='ltr'><strong>ι</strong></span> <span class='ocrx_word' id='word_1_588' title='bbox 1584 4026 1799 4082; x_wconf 84' lang='lat' dir='ltr'><strong>Saturn.</strong></span> 
     </span>
    </p>
   </div>
   <div class='ocr_carea' id='block_1_74' title="bbox 193 4118 1801 4194">
    <p class='ocr_par' dir='ltr' id='par_1_74' title="bbox 193 4118 1801 4194">
     <span class='ocr_line' id='line_1_74' title="bbox 193 4118 1801 4194; baseline -0.003 -14"><span class='ocrx_word' id='word_1_589' title='bbox 193 4141 310 4192; x_wconf 82' lang='lat' dir='ltr'><strong>cap.</strong></span> <span class='ocrx_word' id='word_1_590' title='bbox 346 4124 436 4189; x_wconf 89' lang='lat'><strong>18,</strong></span> <span class='ocrx_word' id='word_1_591' title='bbox 465 4139 584 4194; x_wconf 87' lang='lat' dir='ltr'><strong>pag.</strong></span> <span class='ocrx_word' id='word_1_592' title='bbox 605 4121 713 4177; x_wconf 72' lang='lat'><strong>266</strong></span> <span class='ocrx_word' id='word_1_593' title='bbox 738 4137 752 4188; x_wconf 92' lang='lat'><strong>;</strong></span> <span class='ocrx_word' id='word_1_594' title='bbox 783 4122 1022 4190; x_wconf 77' lang='lat' dir='ltr'><strong>August.,</strong></span> <span class='ocrx_word' id='word_1_595' title='bbox 1043 4119 1133 4173; x_wconf 85' lang='lat' dir='ltr'><strong>lib.</strong></span> <span class='ocrx_word' id='word_1_596' title='bbox 1166 4134 1238 4173; x_wconf 87' lang='lat' dir='ltr'><strong>vn</strong></span> <span class='ocrx_word' id='word_1_597' title='bbox 1286 4119 1350 4174; x_wconf 85' lang='lat' dir='ltr'><strong>de</strong></span> <span class='ocrx_word' id='word_1_598' title='bbox 1374 4118 1547 4186; x_wconf 60' lang='grc' dir='ltr'>σιω,</span> <span class='ocrx_word' id='word_1_599' title='bbox 1572 4138 1687 4191; x_wconf 90' lang='lat' dir='ltr'><strong>cap.</strong></span> <span class='ocrx_word' id='word_1_600' title='bbox 1716 4120 1801 4188; x_wconf 87' lang='grc'><strong>16,</strong></span> 
     </span>
    </p>
   </div>
   <div class='ocr_carea' id='block_1_75' title="bbox 192 4214 501 4290">
    <p class='ocr_par' dir='ltr' id='par_1_75' title="bbox 192 4214 501 4290">
     <span class='ocr_line' id='line_1_75' title="bbox 192 4214 501 4290; baseline 0 -20"><span class='ocrx_word' id='word_1_601' title='bbox 192 4234 314 4290; x_wconf 83' lang='lat' dir='ltr'><strong>pag.</strong></span> <span class='ocrx_word' id='word_1_602' title='bbox 352 4214 501 4287; x_wconf 74' lang='grc'><strong>174).</strong></span> 
     </span>
    </p>
   </div>
   <div class='ocr_carea' id='block_1_76' title="bbox 265 4305 1797 4378">
    <p class='ocr_par' dir='ltr' id='par_1_76' title="bbox 265 4305 1797 4378">
     <span class='ocr_line' id='line_1_76' title="bbox 265 4305 1797 4378; baseline -0.002 -13"><span class='ocrx_word' id='word_1_603' title='bbox 265 4310 429 4378; x_wconf 74' lang='lat' dir='ltr'><strong>Atqui</strong></span> <span class='ocrx_word' id='word_1_604' title='bbox 457 4308 504 4362; x_wconf 89' lang='lat' dir='ltr'><strong>si</strong></span> <span class='ocrx_word' id='word_1_605' title='bbox 536 4308 702 4362; x_wconf 89' lang='lat' dir='ltr'><strong>Diana</strong></span> <span class='ocrx_word' id='word_1_606' title='bbox 732 4316 785 4362; x_wconf 91' lang='lat' dir='ltr'><strong>et</strong></span> <span class='ocrx_word' id='word_1_607' title='bbox 811 4306 974 4362; x_wconf 88' lang='lat' dir='ltr'><strong>Ceres</strong></span> <span class='ocrx_word' id='word_1_608' title='bbox 997 4305 1128 4362; x_wconf 90' lang='lat' dir='ltr'><strong>illud</strong></span> <span class='ocrx_word' id='word_1_609' title='bbox 1173 4321 1362 4361; x_wconf 89' lang='lat' dir='ltr'><strong>revera</strong></span> <span class='ocrx_word' id='word_1_610' title='bbox 1412 4307 1521 4361; x_wconf 91' lang='lat' dir='ltr'><strong>sint</strong></span> <span class='ocrx_word' id='word_1_611' title='bbox 1559 4315 1797 4374; x_wconf 90' lang='lat' dir='ltr'><strong>astrum,</strong></span> 
     </span>
    </p>
   </div>
   <div class='ocr_carea' id='block_1_77' title="bbox 193 4400 1793 4477">
    <p class='ocr_par' dir='ltr' id='par_1_77' title="bbox 193 4400 1793 4477">
     <span class='ocr_line' id='line_1_77' title="bbox 193 4400 1793 4477; baseline -0.003 -17"><span class='ocrx_word' id='word_1_612' title='bbox 193 4402 338 4477; x_wconf 88' lang='lat' dir='ltr'><strong>quod</strong></span> <span class='ocrx_word' id='word_1_613' title='bbox 360 4403 488 4458; x_wconf 88' lang='lat' dir='ltr'><strong>luna</strong></span> <span class='ocrx_word' id='word_1_614' title='bbox 516 4410 738 4457; x_wconf 82' lang='lat' dir='ltr'><strong>vocatur</strong></span> <span class='ocrx_word' id='word_1_615' title='bbox 760 4441 776 4469; x_wconf 88' lang='lat'><strong>,</strong></span> <span class='ocrx_word' id='word_1_616' title='bbox 806 4400 931 4456; x_wconf 92' lang='lat' dir='ltr'><strong>inde</strong></span> <span class='ocrx_word' id='word_1_617' title='bbox 979 4400 1249 4456; x_wconf 85' lang='lat' dir='ltr'><strong>Arnobius</strong></span> <span class='ocrx_word' id='word_1_618' title='bbox 1276 4400 1477 4470; x_wconf 89' lang='lat' dir='ltr'><strong>optimc</strong></span> <span class='ocrx_word' id='word_1_619' title='bbox 1507 4402 1683 4471; x_wconf 85' lang='lat' dir='ltr'><strong>arguit</strong></span> <span class='ocrx_word' id='word_1_620' title='bbox 1706 4417 1793 4456; x_wconf 81' lang='lat' dir='ltr'><strong>ex-</strong></span> 
     </span>
    </p>
   </div>
   <div class='ocr_carea' id='block_1_78' title="bbox 193 4492 1800 4570">
    <p class='ocr_par' dir='ltr' id='par_1_78' title="bbox 193 4492 1800 4570">
     <span class='ocr_line' id='line_1_78' title="bbox 193 4492 1800 4570; baseline -0.003 -16"><span class='ocrx_word' id='word_1_621' title='bbox 193 4497 542 4570; x_wconf 87' lang='lat' dir='ltr'><strong>tinguendatn</strong></span> <span class='ocrx_word' id='word_1_622' title='bbox 591 4495 813 4550; x_wconf 91' lang='lat' dir='ltr'><strong>omnino</strong></span> <span class='ocrx_word' id='word_1_623' title='bbox 837 4535 852 4559; x_wconf 91' lang='lat'><strong>,</strong></span> <span class='ocrx_word' id='word_1_624' title='bbox 880 4504 936 4549; x_wconf 92' lang='lat' dir='ltr'><strong>et</strong></span> <span class='ocrx_word' id='word_1_625' title='bbox 962 4495 1174 4563; x_wconf 88' lang='lat' dir='ltr'><strong>penitus</strong></span> <span class='ocrx_word' id='word_1_626' title='bbox 1215 4492 1498 4550; x_wconf 88' lang='lat' dir='ltr'><strong>delendam</strong></span> <span class='ocrx_word' id='word_1_627' title='bbox 1526 4509 1650 4551; x_wconf 85' lang='lat' dir='ltr'><strong>esse</strong></span> <span class='ocrx_word' id='word_1_628' title='bbox 1695 4510 1800 4550; x_wconf 91' lang='lat' dir='ltr'><strong>non</strong></span> 
     </span>
    </p>
   </div>
   <div class='ocr_carea' id='block_1_79' title="bbox 189 4586 1797 4659">
    <p class='ocr_par' dir='ltr' id='par_1_79' title="bbox 189 4586 1797 4659">
     <span class='ocr_line' id='line_1_79' title="bbox 189 4586 1797 4659; baseline -0.004 -10"><span class='ocrx_word' id='word_1_629' title='bbox 189 4594 368 4649; x_wconf 88' lang='lat' dir='ltr'><strong>solum</strong></span> <span class='ocrx_word' id='word_1_630' title='bbox 410 4591 701 4655; x_wconf 88' lang='lat' dir='ltr'><strong>Cererem,</strong></span> <span class='ocrx_word' id='word_1_631' title='bbox 750 4587 995 4659; x_wconf 88' lang='lat' dir='ltr'><strong>frugum,</strong></span> <span class='ocrx_word' id='word_1_632' title='bbox 1042 4587 1117 4642; x_wconf 87' lang='lat' dir='ltr'><strong>uti</strong></span> <span class='ocrx_word' id='word_1_633' title='bbox 1166 4586 1543 4657; x_wconf 86' lang='lat' dir='ltr'><strong>opinabantur,</strong></span> <span class='ocrx_word' id='word_1_634' title='bbox 1597 4596 1650 4642; x_wconf 91' lang='lat' dir='ltr'><strong>et</strong></span> <span class='ocrx_word' id='word_1_635' title='bbox 1671 4586 1797 4642; x_wconf 88' lang='lat' dir='ltr'><strong>alibi</strong></span> 
     </span>
    </p>
   </div>
   <div class='ocr_carea' id='block_1_80' title="bbox 189 4679 1789 4754">
    <p class='ocr_par' dir='ltr' id='par_1_80' title="bbox 189 4679 1789 4754">
     <span class='ocr_line' id='line_1_80' title="bbox 189 4679 1789 4754; baseline -0.008 -9"><span class='ocrx_word' id='word_1_636' title='bbox 189 4686 597 4745; x_wconf 78' lang='lat' dir='ltr'><strong>observavimus</strong></span> <span class='ocrx_word' id='word_1_637' title='bbox 645 4682 893 4754; x_wconf 66' lang='lat' dir='ltr'><strong>(visceri.</strong></span> <span class='ocrx_word' id='word_1_638' title='bbox 946 4681 999 4734; x_wconf 86' lang='lat' dir='ltr'><strong>in</strong></span> <span class='ocrx_word' id='word_1_639' title='bbox 1045 4679 1269 4747; x_wconf 63' lang='lat' dir='ltr'><strong>Mirum,</strong></span> <span class='ocrx_word' id='word_1_640' title='bbox 1314 4697 1430 4751; x_wconf 87' lang='lat' dir='ltr'><strong>cap.</strong></span> <span class='ocrx_word' id='word_1_641' title='bbox 1466 4680 1552 4745; x_wconf 83' lang='grc'><strong>15,</strong></span> <span class='ocrx_word' id='word_1_642' title='bbox 1583 4688 1682 4734; x_wconf 83' lang='lat' dir='ltr'><strong>art.</strong></span> <span class='ocrx_word' id='word_1_643' title='bbox 1716 4682 1789 4750; x_wconf 88' lang='grc'><strong>1),</strong></span> 
     </span>
    </p>
   </div>
   <div class='ocr_carea' id='block_1_81' title="bbox 191 4771 1793 4843">
    <p class='ocr_par' dir='ltr' id='par_1_81' title="bbox 191 4771 1793 4843">
     <span class='ocr_line' id='line_1_81' title="bbox 191 4771 1793 4843; baseline -0.007 -6"><span class='ocrx_word' id='word_1_644' title='bbox 191 4778 583 4842; x_wconf 87' lang='lat' dir='ltr'><strong>inventricem;</strong></span> <span class='ocrx_word' id='word_1_645' title='bbox 614 4775 709 4832; x_wconf 89' lang='lat' dir='ltr'><strong>sed</strong></span> <span class='ocrx_word' id='word_1_646' title='bbox 776 4774 1000 4829; x_wconf 83' lang='lat' dir='ltr'><strong>Dianam</strong></span> <span class='ocrx_word' id='word_1_647' title='bbox 1045 4788 1293 4842; x_wconf 88' lang='lat' dir='ltr'><strong>quoque,</strong></span> <span class='ocrx_word' id='word_1_648' title='bbox 1342 4771 1608 4843; x_wconf 86' lang='lat' dir='ltr'><strong>Apollinis</strong></span> <span class='ocrx_word' id='word_1_649' title='bbox 1656 4787 1793 4842; x_wconf 90' lang='lat' dir='ltr'><strong>ger-</strong></span> 
     </span>
    </p>
   </div>
   <div class='ocr_carea' id='block_1_82' title="bbox 189 4864 1791 4937">
    <p class='ocr_par' dir='ltr' id='par_1_82' title="bbox 189 4864 1791 4937">
     <span class='ocr_line' id='line_1_82' title="bbox 189 4864 1791 4937; baseline -0.007 -6"><span class='ocrx_word' id='word_1_650' title='bbox 189 4888 427 4936; x_wconf 89' lang='lat' dir='ltr'><strong>manam,</strong></span> <span class='ocrx_word' id='word_1_651' title='bbox 461 4873 533 4926; x_wconf 92' lang='lat' dir='ltr'><strong>uti</strong></span> <span class='ocrx_word' id='word_1_652' title='bbox 560 4872 751 4925; x_wconf 88' lang='lat' dir='ltr'><strong>citatus</strong></span> <span class='ocrx_word' id='word_1_653' title='bbox 788 4867 945 4937; x_wconf 86' lang='lat' dir='ltr'><strong>paulo</strong></span> <span class='ocrx_word' id='word_1_654' title='bbox 990 4877 1115 4920; x_wconf 90' lang='lat' dir='ltr'><strong>ante</strong></span> <span class='ocrx_word' id='word_1_655' title='bbox 1156 4864 1507 4935; x_wconf 80' lang='lat' dir='ltr'><strong>Augustinus,</strong></span> <span class='ocrx_word' id='word_1_656' title='bbox 1546 4866 1791 4920; x_wconf 88' lang='lat' dir='ltr'><strong>animad-</strong></span> 
     </span>
    </p>
   </div>
   <div class='ocr_carea' id='block_1_83' title="bbox 188 4958 1790 5030">
    <p class='ocr_par' dir='ltr' id='par_1_83' title="bbox 188 4958 1790 5030">
     <span class='ocr_line' id='line_1_83' title="bbox 188 4958 1790 5030; baseline -0.007 -5"><span class='ocrx_word' id='word_1_657' title='bbox 188 4967 371 5025; x_wconf 81' lang='lat' dir='ltr'><strong>vertit.</strong></span> <span class='ocrx_word' id='word_1_658' title='bbox 404 4964 588 5020; x_wconf 87' lang='lat' dir='ltr'><strong>Solum</strong></span> <span class='ocrx_word' id='word_1_659' title='bbox 616 4963 892 5018; x_wconf 88' lang='lat' dir='ltr'><strong>enimvero</strong></span> <span class='ocrx_word' id='word_1_660' title='bbox 925 4967 1173 5030; x_wconf 89' lang='lat' dir='ltr'><strong>superest</strong></span> <span class='ocrx_word' id='word_1_661' title='bbox 1201 4969 1429 5026; x_wconf 90' lang='lat' dir='ltr'><strong>astrum,</strong></span> <span class='ocrx_word' id='word_1_662' title='bbox 1482 4958 1623 5028; x_wconf 89' lang='lat' dir='ltr'><strong>quod</strong></span> <span class='ocrx_word' id='word_1_663' title='bbox 1668 4960 1790 5014; x_wconf 90' lang='lat' dir='ltr'><strong>luna</strong></span> 
     </span>
    </p>
   </div>
   <div class='ocr_carea' id='block_1_84' title="bbox 188 5053 1789 5135">
    <p class='ocr_par' dir='ltr' id='par_1_84' title="bbox 188 5053 1789 5135">
     <span class='ocr_line' id='line_1_84' title="bbox 188 5053 1789 5135; baseline -0.007 -17"><span class='ocrx_word' id='word_1_664' title='bbox 188 5062 407 5135; x_wconf 85' lang='lat' dir='ltr'><strong>quidem</strong></span> <span class='ocrx_word' id='word_1_665' title='bbox 432 5057 767 5130; x_wconf 88' lang='lat' dir='ltr'><strong>appellatur,</strong></span> <span class='ocrx_word' id='word_1_666' title='bbox 814 5055 909 5110; x_wconf 87' lang='lat' dir='ltr'><strong>sed</strong></span> <span class='ocrx_word' id='word_1_667' title='bbox 938 5069 1042 5110; x_wconf 91' lang='lat' dir='ltr'><strong>non</strong></span> <span class='ocrx_word' id='word_1_668' title='bbox 1090 5064 1265 5123; x_wconf 85' lang='lat' dir='ltr'><strong>potest</strong></span> <span class='ocrx_word' id='word_1_669' title='bbox 1307 5067 1429 5109; x_wconf 90' lang='lat' dir='ltr'><strong>esse</strong></span> <span class='ocrx_word' id='word_1_670' title='bbox 1473 5054 1627 5108; x_wconf 89' lang='lat' dir='ltr'><strong>deus.</strong></span> <span class='ocrx_word' id='word_1_671' title='bbox 1661 5053 1789 5108; x_wconf 82' lang='lat' dir='ltr'><strong>Tol-</strong></span> 
     </span>
    </p>
   </div>
   <div class='ocr_carea' id='block_1_85' title="bbox 190 5146 1789 5219">
    <p class='ocr_par' dir='ltr' id='par_1_85' title="bbox 190 5146 1789 5219">
     <span class='ocr_line' id='line_1_85' title="bbox 190 5146 1789 5219; baseline -0.007 -6"><span class='ocrx_word' id='word_1_672' title='bbox 190 5157 345 5213; x_wconf 89' lang='lat' dir='ltr'><strong>lenda</strong></span> <span class='ocrx_word' id='word_1_673' title='bbox 363 5156 528 5210; x_wconf 90' lang='lat' dir='ltr'><strong>etiam</strong></span> <span class='ocrx_word' id='word_1_674' title='bbox 558 5149 789 5208; x_wconf 91' lang='lat' dir='ltr'><strong>emedio</strong></span> <span class='ocrx_word' id='word_1_675' title='bbox 833 5149 997 5203; x_wconf 87' lang='lat' dir='ltr'><strong>Diana</strong></span> <span class='ocrx_word' id='word_1_676' title='bbox 1046 5148 1157 5216; x_wconf 90' lang='lat' dir='ltr'><strong>illa,</strong></span> <span class='ocrx_word' id='word_1_677' title='bbox 1198 5167 1215 5199; x_wconf 85' lang='grc'><strong>‹</strong></span> <span class='ocrx_word' id='word_1_678' title='bbox 1252 5162 1434 5219; x_wconf 84' lang='lat' dir='ltr'><strong>quam,</strong></span> <span class='ocrx_word' id='word_1_679' title='bbox 1476 5167 1495 5199; x_wconf 84' lang='grc' dir='ltr'><strong>ι</strong></span> <span class='ocrx_word' id='word_1_680' title='bbox 1528 5146 1670 5202; x_wconf 89' lang='lat' dir='ltr'><strong>sicut</strong></span> <span class='ocrx_word' id='word_1_681' title='bbox 1714 5148 1789 5202; x_wconf 87' lang='lat' dir='ltr'><strong>ait</strong></span> 
     </span>
    </p>
   </div>
   <div class='ocr_carea' id='block_1_86' title="bbox 194 5241 1789 5317">
    <p class='ocr_par' dir='ltr' id='par_1_86' title="bbox 194 5241 1789 5317">
     <span class='ocr_line' id='line_1_86' title="bbox 194 5241 1789 5317; baseline -0.008 -8"><span class='ocrx_word' id='word_1_682' title='bbox 194 5251 483 5313; x_wconf 80' lang='lat' dir='ltr'><strong>Arnobius,</strong></span> <span class='ocrx_word' id='word_1_683' title='bbox 519 5266 539 5299; x_wconf 74' lang='grc' dir='ltr'><strong>ι</strong></span> <span class='ocrx_word' id='word_1_684' title='bbox 597 5244 865 5317; x_wconf 88' lang='lat' dir='ltr'><strong>quondam</strong></span> <span class='ocrx_word' id='word_1_685' title='bbox 914 5244 1063 5314; x_wconf 90' lang='lat' dir='ltr'><strong>puris</strong></span> <span class='ocrx_word' id='word_1_686' title='bbox 1107 5245 1160 5298; x_wconf 91' lang='lat' dir='ltr'><strong>in</strong></span> <span class='ocrx_word' id='word_1_687' title='bbox 1204 5243 1438 5298; x_wconf 81' lang='lat' dir='ltr'><strong>fontibus</strong></span> <span class='ocrx_word' id='word_1_688' title='bbox 1482 5241 1789 5297; x_wconf 86' lang='lat' dir='ltr'><strong>abluentem</strong></span> 
     </span>
    </p>
   </div>
   <div class='ocr_carea' id='block_1_87' title="bbox 190 5334 1794 5407">
    <p class='ocr_par' dir='ltr' id='par_1_87' title="bbox 190 5334 1794 5407">
     <span class='ocr_line' id='line_1_87' title="bbox 190 5334 1794 5407; baseline -0.007 -7"><span class='ocrx_word' id='word_1_689' title='bbox 190 5344 558 5401; x_wconf 88' lang='lat' dir='ltr'><strong>membrorum</strong></span> <span class='ocrx_word' id='word_1_690' title='bbox 584 5339 772 5394; x_wconf 82' lang='lat' dir='ltr'><strong>sordes</strong></span> <span class='ocrx_word' id='word_1_691' title='bbox 791 5339 1040 5407; x_wconf 83' lang='lat' dir='ltr'><strong>corniger</strong></span> <span class='ocrx_word' id='word_1_692' title='bbox 1063 5336 1154 5391; x_wconf 89' lang='lat' dir='ltr'><strong>ille</strong></span> <span class='ocrx_word' id='word_1_693' title='bbox 1200 5346 1420 5392; x_wconf 86' lang='lat' dir='ltr'><strong>venator</strong></span> <span class='ocrx_word' id='word_1_694' title='bbox 1464 5334 1696 5405; x_wconf 81' lang='lat' dir='ltr'><strong>inspexit</strong></span> <span class='ocrx_word' id='word_1_695' title='bbox 1741 5344 1794 5389; x_wconf 91' lang='lat' dir='ltr'><strong>et</strong></span> 
     </span>
    </p>
   </div>
   <div class='ocr_carea' id='block_1_88' title="bbox 192 5427 1792 5509">
    <p class='ocr_par' dir='ltr' id='par_1_88' title="bbox 192 5427 1792 5509">
     <span class='ocr_line' id='line_1_88' title="bbox 192 5427 1792 5509; baseline -0.009 -14"><span class='ocrx_word' id='word_1_696' title='bbox 192 5454 408 5509; x_wconf 69' lang='lat' dir='ltr'><strong>pinnam</strong></span> <span class='ocrx_word' id='word_1_697' title='bbox 450 5432 777 5490; x_wconf 87' lang='lat' dir='ltr'><strong>curiositatis</strong></span> <span class='ocrx_word' id='word_1_698' title='bbox 806 5431 1010 5486; x_wconf 89' lang='lat' dir='ltr'><strong>invenit</strong></span> <span class='ocrx_word' id='word_1_699' title='bbox 1046 5448 1065 5481; x_wconf 84' lang='grc' dir='ltr'><strong>ι</strong></span> <span class='ocrx_word' id='word_1_700' title='bbox 1107 5428 1292 5501; x_wconf 87' lang='lat' dir='ltr'><strong>(lbid.,</strong></span> <span class='ocrx_word' id='word_1_701' title='bbox 1324 5446 1444 5501; x_wconf 88' lang='lat' dir='ltr'><strong>pag.</strong></span> <span class='ocrx_word' id='word_1_702' title='bbox 1493 5427 1636 5498; x_wconf 69' lang='grc'><strong>120).</strong></span> <span class='ocrx_word' id='word_1_703' title='bbox 1662 5429 1792 5495; x_wconf 79' lang='lat' dir='ltr'><strong>Qui-</strong></span> 
     </span>
    </p>
   </div>
   <div class='ocr_carea' id='block_1_89' title="bbox 190 5523 1797 5596">
    <p class='ocr_par' dir='ltr' id='par_1_89' title="bbox 190 5523 1797 5596">
     <span class='ocr_line' id='line_1_89' title="bbox 190 5523 1797 5596; baseline -0.009 -6"><span class='ocrx_word' id='word_1_704' title='bbox 190 5532 292 5590; x_wconf 88' lang='lat' dir='ltr'><strong>bus</strong></span> <span class='ocrx_word' id='word_1_705' title='bbox 320 5546 456 5587; x_wconf 88' lang='lat' dir='ltr'><strong>sane</strong></span> <span class='ocrx_word' id='word_1_706' title='bbox 483 5528 661 5584; x_wconf 85' lang='lat' dir='ltr'><strong>verbis</strong></span> <span class='ocrx_word' id='word_1_707' title='bbox 676 5525 907 5582; x_wconf 82' lang='lat' dir='ltr'><strong>fabulam</strong></span> <span class='ocrx_word' id='word_1_708' title='bbox 924 5525 1111 5596; x_wconf 90' lang='lat' dir='ltr'><strong>adtigit</strong></span> <span class='ocrx_word' id='word_1_709' title='bbox 1132 5523 1421 5588; x_wconf 64' lang='lat' dir='ltr'><strong>Actaaonis,</strong></span> <span class='ocrx_word' id='word_1_710' title='bbox 1442 5524 1527 5591; x_wconf 88' lang='lat' dir='ltr'><strong>qui</strong></span> <span class='ocrx_word' id='word_1_711' title='bbox 1551 5532 1797 5594; x_wconf 85' lang='lat' dir='ltr'><strong>propter-</strong></span> 
     </span>
    </p>
   </div>
   <div class='ocr_carea' id='block_1_90' title="bbox 191 5619 1797 5700">
    <p class='ocr_par' dir='ltr' id='par_1_90' title="bbox 191 5619 1797 5700">
     <span class='ocr_line' id='line_1_90' title="bbox 191 5619 1797 5700; baseline -0.007 -15"><span class='ocrx_word' id='word_1_712' title='bbox 191 5643 252 5685; x_wconf 84' lang='lat' dir='ltr'><strong>ea</strong></span> <span class='ocrx_word' id='word_1_713' title='bbox 273 5625 422 5700; x_wconf 88' lang='lat' dir='ltr'><strong>quod</strong></span> <span class='ocrx_word' id='word_1_714' title='bbox 455 5625 674 5680; x_wconf 89' lang='lat' dir='ltr'><strong>Dianam</strong></span> <span class='ocrx_word' id='word_1_715' title='bbox 705 5623 968 5676; x_wconf 88' lang='lat' dir='ltr'><strong>lavantem</strong></span> <span class='ocrx_word' id='word_1_716' title='bbox 1015 5619 1357 5687; x_wconf 77' lang='lat' dir='ltr'><strong>vidisset,~in</strong></span> <span class='ocrx_word' id='word_1_717' title='bbox 1405 5634 1624 5676; x_wconf 88' lang='lat' dir='ltr'><strong>cervum</strong></span> <span class='ocrx_word' id='word_1_718' title='bbox 1662 5635 1797 5674; x_wconf 88' lang='lat' dir='ltr'><strong>con-</strong></span> 
     </span>
    </p>
   </div>
   <div class='ocr_carea' id='block_1_91' title="bbox 191 5712 1798 5780">
    <p class='ocr_par' dir='ltr' id='par_1_91' title="bbox 191 5712 1798 5780">
     <span class='ocr_line' id='line_1_91' title="bbox 191 5712 1798 5780; baseline -0.006 -3"><span class='ocrx_word' id='word_1_719' title='bbox 191 5737 387 5777; x_wconf 85' lang='lat' dir='ltr'><strong>versus</strong></span> <span class='ocrx_word' id='word_1_720' title='bbox 446 5733 569 5775; x_wconf 90' lang='lat' dir='ltr'><strong>esse</strong></span> <span class='ocrx_word' id='word_1_721' title='bbox 617 5716 809 5771; x_wconf 83' lang='lat' dir='ltr'><strong>fertur.</strong></span> <span class='ocrx_word' id='word_1_722' title='bbox 872 5714 1081 5769; x_wconf 73' lang='lat' dir='ltr'><strong>Videsis</strong></span> <span class='ocrx_word' id='word_1_723' title='bbox 1146 5712 1393 5769; x_wconf 85' lang='lat' dir='ltr'><strong>Ovidium</strong></span> <span class='ocrx_word' id='word_1_724' title='bbox 1421 5753 1436 5780; x_wconf 91' lang='lat'><strong>,</strong></span> <span class='ocrx_word' id='word_1_725' title='bbox 1503 5713 1798 5769; x_wconf 90' lang='lat' dir='ltr'><strong>Diodorum</strong></span> 
     </span>
    </p>
   </div>
   <div class='ocr_carea' id='block_1_92' title="bbox 193 5806 1800 5878">
    <p class='ocr_par' dir='ltr' id='par_1_92' title="bbox 193 5806 1800 5878">
     <span class='ocr_line' id='line_1_92' title="bbox 193 5806 1800 5878; baseline -0.006 -6"><span class='ocrx_word' id='word_1_726' title='bbox 193 5816 468 5878; x_wconf 83' lang='lat' dir='ltr'><strong>Siculum,</strong></span> <span class='ocrx_word' id='word_1_727' title='bbox 547 5811 898 5875; x_wconf 86' lang='lat' dir='ltr'><strong>Pausaniam,</strong></span> <span class='ocrx_word' id='word_1_728' title='bbox 954 5807 1196 5863; x_wconf 83' lang='lat' dir='ltr'><strong>Natalem</strong></span> <span class='ocrx_word' id='word_1_729' title='bbox 1255 5807 1519 5863; x_wconf 88' lang='lat' dir='ltr'><strong>Comitem</strong></span> <span class='ocrx_word' id='word_1_730' title='bbox 1565 5816 1622 5864; x_wconf 91' lang='lat' dir='ltr'><strong>et</strong></span> <span class='ocrx_word' id='word_1_731' title='bbox 1666 5806 1800 5863; x_wconf 89' lang='lat' dir='ltr'><strong>alios</strong></span> 
     </span>
    </p>
   </div>
   <div class='ocr_carea' id='block_1_93' title="bbox 178 5898 1797 5988">
    <p class='ocr_par' dir='ltr' id='par_1_93' title="bbox 178 5898 1797 5988">
     <span class='ocr_line' id='line_1_93' title="bbox 178 5898 1797 5988; baseline -0.006 -24"><span class='ocrx_word' id='word_1_732' title='bbox 178 5909 400 5988; x_wconf 82' lang='lat' dir='ltr'><strong>_(0vid.,</strong></span> <span class='ocrx_word' id='word_1_733' title='bbox 432 5907 518 5962; x_wconf 85' lang='lat' dir='ltr'><strong>lib.</strong></span> <span class='ocrx_word' id='word_1_734' title='bbox 572 5920 628 5961; x_wconf 89' lang='grc' dir='ltr'><strong>ιιι</strong></span> <span class='ocrx_word' id='word_1_735' title='bbox 672 5900 1046 5971; x_wconf 78' lang='lat' dir='ltr'><strong>Metamorph.,</strong></span> <span class='ocrx_word' id='word_1_736' title='bbox 1096 5899 1200 5969; x_wconf 82' lang='lat' dir='ltr'><strong>fab.</strong></span> <span class='ocrx_word' id='word_1_737' title='bbox 1246 5900 1313 5965; x_wconf 69' lang='lat'><strong>‘2;</strong></span> <span class='ocrx_word' id='word_1_738' title='bbox 1365 5898 1797 5971; x_wconf 75' lang='lat' dir='ltr'><strong>Diodor.Sical.,</strong></span> 
     </span>
    </p>
   </div>
   <div class='ocr_carea' id='block_1_94' title="bbox 1906 3359 3509 3429">
    <p class='ocr_par' dir='ltr' id='par_1_94' title="bbox 1906 3359 3509 3429">
     <span class='ocr_line' id='line_1_94' title="bbox 1906 3359 3509 3429; baseline 0.006 -17"><span class='ocrx_word' id='word_1_739' title='bbox 1906 3359 2026 3429; x_wconf 82' lang='lat' dir='ltr'><strong>quis</strong></span> <span class='ocrx_word' id='word_1_740' title='bbox 2072 3360 2268 3415; x_wconf 80' lang='lat' dir='ltr'><strong>dixerit</strong></span> <span class='ocrx_word' id='word_1_741' title='bbox 2294 3361 2535 3417; x_wconf 90' lang='lat' dir='ltr'><strong>membra</strong></span> <span class='ocrx_word' id='word_1_742' title='bbox 2563 3361 2798 3418; x_wconf 90' lang='lat' dir='ltr'><strong>hominis</strong></span> <span class='ocrx_word' id='word_1_743' title='bbox 2841 3365 2999 3420; x_wconf 90' lang='lat' dir='ltr'><strong>unius</strong></span> <span class='ocrx_word' id='word_1_744' title='bbox 3030 3365 3230 3421; x_wconf 91' lang='lat' dir='ltr'><strong>multos</strong></span> <span class='ocrx_word' id='word_1_745' title='bbox 3260 3366 3509 3422; x_wconf 85' lang='lat' dir='ltr'><strong>homines</strong></span> 
     </span>
    </p>
   </div>
   <div class='ocr_carea' id='block_1_95' title="bbox 1907 3453 3508 3521">
    <p class='ocr_par' dir='ltr' id='par_1_95' title="bbox 1907 3453 3508 3521">
     <span class='ocr_line' id='line_1_95' title="bbox 1907 3453 3508 3521; baseline 0.006 -14"><span class='ocrx_word' id='word_1_746' title='bbox 1907 3467 2047 3507; x_wconf 88' lang='lat' dir='ltr'><strong>esse.</strong></span> <span class='ocrx_word' id='word_1_747' title='bbox 2100 3472 2117 3504; x_wconf 81' lang='grc' dir='ltr'><strong>ι</strong></span> <span class='ocrx_word' id='word_1_748' title='bbox 2161 3453 2302 3521; x_wconf 84' lang='lat' dir='ltr'><strong>Quin</strong></span> <span class='ocrx_word' id='word_1_749' title='bbox 2334 3453 2496 3510; x_wconf 89' lang='lat' dir='ltr'><strong>etiam</strong></span> <span class='ocrx_word' id='word_1_750' title='bbox 2544 3456 2733 3511; x_wconf 87' lang='lat' dir='ltr'><strong>Cicero</strong></span> <span class='ocrx_word' id='word_1_751' title='bbox 2786 3456 2931 3512; x_wconf 92' lang='lat' dir='ltr'><strong>hunc</strong></span> <span class='ocrx_word' id='word_1_752' title='bbox 2978 3473 3216 3515; x_wconf 90' lang='lat' dir='ltr'><strong>errorem</strong></span> <span class='ocrx_word' id='word_1_753' title='bbox 3268 3458 3508 3517; x_wconf 77' lang='lat' dir='ltr'><strong>funditus</strong></span> 
     </span>
    </p>
   </div>
   <div class='ocr_carea' id='block_1_96' title="bbox 1907 3546 3503 3621">
    <p class='ocr_par' dir='ltr' id='par_1_96' title="bbox 1907 3546 3503 3621">
     <span class='ocr_line' id='line_1_96' title="bbox 1907 3546 3503 3621; baseline 0.006 -20"><span class='ocrx_word' id='word_1_754' title='bbox 1907 3546 2121 3601; x_wconf 85' lang='lat' dir='ltr'><strong>evertit.</strong></span> <span class='ocrx_word' id='word_1_755' title='bbox 2151 3547 2291 3618; x_wconf 83' lang='lat' dir='ltr'><strong>Lege</strong></span> <span class='ocrx_word' id='word_1_756' title='bbox 2335 3550 2381 3604; x_wconf 90' lang='lat' dir='ltr'><strong>si</strong></span> <span class='ocrx_word' id='word_1_757' title='bbox 2430 3549 2562 3605; x_wconf 91' lang='lat' dir='ltr'><strong>velis</strong></span> <span class='ocrx_word' id='word_1_758' title='bbox 2584 3593 2599 3618; x_wconf 87' lang='lat'><strong>,</strong></span> <span class='ocrx_word' id='word_1_759' title='bbox 2630 3566 2748 3621; x_wconf 63' lang='lat' dir='ltr'><strong>quat</strong></span> <span class='ocrx_word' id='word_1_760' title='bbox 2775 3550 2842 3606; x_wconf 90' lang='lat' dir='ltr'><strong>ab</strong></span> <span class='ocrx_word' id='word_1_761' title='bbox 2869 3567 2969 3615; x_wconf 91' lang='lat' dir='ltr'><strong>eo,</strong></span> <span class='ocrx_word' id='word_1_762' title='bbox 2998 3564 3051 3607; x_wconf 91' lang='lat' dir='ltr'><strong>et</strong></span> <span class='ocrx_word' id='word_1_763' title='bbox 3076 3555 3120 3608; x_wconf 89' lang='lat' dir='ltr'><strong>si</strong></span> <span class='ocrx_word' id='word_1_764' title='bbox 3142 3553 3354 3610; x_wconf 89' lang='lat' dir='ltr'><strong>animus</strong></span> <span class='ocrx_word' id='word_1_765' title='bbox 3389 3564 3503 3621; x_wconf 90' lang='lat' dir='ltr'><strong>est,</strong></span> 
     </span>
    </p>
   </div>
   <div class='ocr_carea' id='block_1_97' title="bbox 1906 3640 3505 3719">
    <p class='ocr_par' dir='ltr' id='par_1_97' title="bbox 1906 3640 3505 3719">
     <span class='ocr_line' id='line_1_97' title="bbox 1906 3640 3505 3719; baseline 0.006 -26"><span class='ocrx_word' id='word_1_766' title='bbox 1906 3655 2026 3709; x_wconf 76' lang='lat' dir='ltr'><strong>qua:</strong></span> <span class='ocrx_word' id='word_1_767' title='bbox 2055 3640 2124 3695; x_wconf 89' lang='lat' dir='ltr'><strong>ab</strong></span> <span class='ocrx_word' id='word_1_768' title='bbox 2152 3640 2385 3697; x_wconf 85' lang='lat' dir='ltr'><strong>Eusebio</strong></span> <span class='ocrx_word' id='word_1_769' title='bbox 2410 3642 2679 3713; x_wconf 85' lang='lat' dir='ltr'><strong>disputata</strong></span> <span class='ocrx_word' id='word_1_770' title='bbox 2704 3654 2828 3699; x_wconf 90' lang='lat' dir='ltr'><strong>sunt</strong></span> <span class='ocrx_word' id='word_1_771' title='bbox 2856 3642 3140 3717; x_wconf 83' lang='lat' dir='ltr'><strong>(Lactant.,</strong></span> <span class='ocrx_word' id='word_1_772' title='bbox 3169 3647 3259 3703; x_wconf 87' lang='lat' dir='ltr'><strong>lib.</strong></span> <span class='ocrx_word' id='word_1_773' title='bbox 3289 3663 3359 3712; x_wconf 89' lang='grc' dir='ltr'><strong>ιι,</strong></span> <span class='ocrx_word' id='word_1_774' title='bbox 3386 3664 3505 3719; x_wconf 87' lang='lat' dir='ltr'><strong>cap.</strong></span> 
     </span>
    </p>
   </div>
   <div class='ocr_carea' id='block_1_98' title="bbox 1907 3734 3505 3814">
    <p class='ocr_par' dir='ltr' id='par_1_98' title="bbox 1907 3734 3505 3814">
     <span class='ocr_line' id='line_1_98' title="bbox 1907 3734 3505 3814; baseline 0.006 -24"><span class='ocrx_word' id='word_1_775' title='bbox 1907 3734 2119 3814; x_wconf 17' lang='lat' dir='ltr'><strong>5,Vpag.</strong></span> <span class='ocrx_word' id='word_1_776' title='bbox 2146 3736 2277 3800; x_wconf 87' lang='lat'><strong>168;</strong></span> <span class='ocrx_word' id='word_1_777' title='bbox 2308 3737 2496 3803; x_wconf 82' lang='lat' dir='ltr'><strong>Cicer.,</strong></span> <span class='ocrx_word' id='word_1_778' title='bbox 2546 3738 2639 3792; x_wconf 87' lang='lat' dir='ltr'><strong>lib.</strong></span> <span class='ocrx_word' id='word_1_779' title='bbox 2668 3755 2705 3793; x_wconf 92' lang='grc' dir='ltr'><strong>ιι</strong></span> <span class='ocrx_word' id='word_1_780' title='bbox 2726 3739 2789 3794; x_wconf 85' lang='lat' dir='ltr'><strong>de</strong></span> <span class='ocrx_word' id='word_1_781' title='bbox 2815 3737 3012 3794; x_wconf 85' lang='lat' dir='ltr'><strong>Natur.</strong></span> <span class='ocrx_word' id='word_1_782' title='bbox 3041 3742 3210 3804; x_wconf 84' lang='lat' dir='ltr'><strong>deor.,</strong></span> <span class='ocrx_word' id='word_1_783' title='bbox 3233 3759 3355 3814; x_wconf 86' lang='lat' dir='ltr'><strong>pag.</strong></span> <span class='ocrx_word' id='word_1_784' title='bbox 3374 3742 3505 3811; x_wconf 74' lang='grc'><strong>245,</strong></span> 
     </span>
    </p>
   </div>
   <div class='ocr_carea' id='block_1_99' title="bbox 1906 3808 3503 3907">
    <p class='ocr_par' dir='ltr' id='par_1_99' title="bbox 1906 3808 3503 3907">
     <span class='ocr_line' id='line_1_99' title="bbox 1906 3808 3503 3907; baseline 0.008 -28"><span class='ocrx_word' id='word_1_785' title='bbox 1906 3835 1952 3880; x_wconf 85' lang='lat' dir='ltr'><strong>et</strong></span> <span class='ocrx_word' id='word_1_786' title='bbox 1982 3808 2194 3894; x_wconf 76' lang='lat' dir='ltr'><strong>Euseb.,</strong></span> <span class='ocrx_word' id='word_1_787' title='bbox 2224 3827 2313 3883; x_wconf 89' lang='lat' dir='ltr'><strong>lib.</strong></span> <span class='ocrx_word' id='word_1_788' title='bbox 2360 3845 2418 3884; x_wconf 91' lang='grc' dir='ltr'><strong>ιιι</strong></span> <span class='ocrx_word' id='word_1_789' title='bbox 2457 3830 2521 3885; x_wconf 87' lang='lat' dir='ltr'><strong>de</strong></span> <span class='ocrx_word' id='word_1_790' title='bbox 2559 3829 2853 3902; x_wconf 69' lang='lat' dir='ltr'><strong>Praeparat.</strong></span> <span class='ocrx_word' id='word_1_791' title='bbox 2898 3830 3178 3906; x_wconf 85' lang='lat' dir='ltr'><strong>Evangel.,</strong></span> <span class='ocrx_word' id='word_1_792' title='bbox 3402 3808 3503 3904; x_wconf 75' lang='grc'><strong>16,</strong></span> 
     </span>
    </p>
   </div>
   <div class='ocr_carea' id='block_1_100' title="bbox 1906 3924 2442 3998">
    <p class='ocr_par' dir='ltr' id='par_1_100' title="bbox 1906 3924 2442 3998">
     <span class='ocr_line' id='line_1_100' title="bbox 1906 3924 2442 3998; baseline 0.004 -21"><span class='ocrx_word' id='word_1_793' title='bbox 1906 3940 2026 3996; x_wconf 90' lang='lat' dir='ltr'><strong>pag.</strong></span> <span class='ocrx_word' id='word_1_794' title='bbox 2054 3925 2158 3980; x_wconf 79' lang='lat'><strong>105</strong></span> <span class='ocrx_word' id='word_1_795' title='bbox 2182 3935 2231 3979; x_wconf 86' lang='lat' dir='ltr'><strong>et</strong></span> <span class='ocrx_word' id='word_1_796' title='bbox 2256 3924 2442 3998; x_wconf 58' lang='grc' dir='ltr'><strong>δέρᾳ).</strong></span> 
     </span>
    </p>
   </div>
   <div class='ocr_carea' id='block_1_101' title="bbox 2477 4026 2929 4132">
    <p class='ocr_par' dir='ltr' id='par_1_101' title="bbox 2477 4026 2929 4132">
     <span class='ocr_line' id='line_1_101' title="bbox 2477 4026 2929 4132; baseline 0.009 -5"><span class='ocrx_word' id='word_1_797' title='bbox 2477 4070 2704 4130; x_wconf 84' lang='lat' dir='ltr'><strong>CAPUT</strong></span> <span class='ocrx_word' id='word_1_798' title='bbox 2763 4073 2929 4132; x_wconf 82' lang='lat' dir='ltr'><strong>XVII.</strong></span> 
     </span>
    </p>
   </div>
   <div class='ocr_carea' id='block_1_102' title="bbox 1910 4185 3506 4266">
    <p class='ocr_par' dir='ltr' id='par_1_102' title="bbox 1910 4185 3506 4266">
     <span class='ocr_line' id='line_1_102' title="bbox 1910 4185 3506 4266; baseline 0.008 -28"><span class='ocrx_word' id='word_1_799' title='bbox 1910 4186 2177 4253; x_wconf 82' lang='lat' dir='ltr'><strong>Quomodo</strong></span> <span class='ocrx_word' id='word_1_800' title='bbox 2206 4185 2461 4242; x_wconf 79' lang='lat' dir='ltr'><strong>Arnobius</strong></span> <span class='ocrx_word' id='word_1_801' title='bbox 2502 4203 2635 4243; x_wconf 82' lang='lat' dir='ltr'><strong>vana</strong></span> <span class='ocrx_word' id='word_1_802' title='bbox 2664 4190 2727 4243; x_wconf 83' lang='lat' dir='ltr'><strong>de</strong></span> <span class='ocrx_word' id='word_1_803' title='bbox 2754 4192 3023 4261; x_wconf 85' lang='lat' dir='ltr'><strong>gentilium</strong></span> <span class='ocrx_word' id='word_1_804' title='bbox 3063 4193 3160 4249; x_wconf 79' lang='lat' dir='ltr'><strong>diis</strong></span> <span class='ocrx_word' id='word_1_805' title='bbox 3205 4193 3506 4266; x_wconf 78' lang='lat' dir='ltr'><strong>Opinionum</strong></span> 
     </span>
    </p>
   </div>
   <div class='ocr_carea' id='block_1_103' title="bbox 1977 4283 3505 4347">
    <p class='ocr_par' dir='ltr' id='par_1_103' title="bbox 1977 4283 3505 4347">
     <span class='ocr_line' id='line_1_103' title="bbox 1977 4283 3505 4347; baseline 0.008 -12"><span class='ocrx_word' id='word_1_806' title='bbox 1977 4292 2258 4337; x_wconf 84' lang='lat' dir='ltr'><strong>commenta</strong></span> <span class='ocrx_word' id='word_1_807' title='bbox 2285 4299 2347 4338; x_wconf 80' lang='lat' dir='ltr'><strong>ea:</strong></span> <span class='ocrx_word' id='word_1_808' title='bbox 2372 4283 2488 4339; x_wconf 81' lang='lat' dir='ltr'><strong>aliis</strong></span> <span class='ocrx_word' id='word_1_809' title='bbox 2517 4283 2735 4339; x_wconf 60' lang='lat' dir='ltr'><strong>illorum‘</strong></span> <span class='ocrx_word' id='word_1_810' title='bbox 2746 4286 2809 4339; x_wconf 88' lang='lat' dir='ltr'><strong>de</strong></span> <span class='ocrx_word' id='word_1_811' title='bbox 2829 4286 3007 4341; x_wconf 79' lang='lat' dir='ltr'><strong>iisdem</strong></span> <span class='ocrx_word' id='word_1_812' title='bbox 3033 4287 3133 4343; x_wconf 81' lang='lat' dir='ltr'><strong>diis</strong></span> <span class='ocrx_word' id='word_1_813' title='bbox 3158 4289 3265 4344; x_wconf 73' lang='lat' dir='ltr'><strong>suis</strong></span> <span class='ocrx_word' id='word_1_814' title='bbox 3291 4289 3505 4347; x_wconf 82' lang='lat' dir='ltr'><strong>dissen-</strong></span> 
     </span>
    </p>
   </div>
   <div class='ocr_carea' id='block_1_104' title="bbox 2365 4375 3037 4434">
    <p class='ocr_par' dir='ltr' id='par_1_104' title="bbox 2365 4375 3037 4434">
     <span class='ocr_line' id='line_1_104' title="bbox 2365 4375 3037 4434; baseline 0.004 -4"><span class='ocrx_word' id='word_1_815' title='bbox 2365 4375 2591 4430; x_wconf 79' lang='lat' dir='ltr'><strong>sionibus</strong></span> <span class='ocrx_word' id='word_1_816' title='bbox 2617 4376 2788 4431; x_wconf 79' lang='lat' dir='ltr'><strong>adhuc</strong></span> <span class='ocrx_word' id='word_1_817' title='bbox 2826 4387 3037 4434; x_wconf 85' lang='lat' dir='ltr'><strong>evertat.</strong></span> 
     </span>
    </p>
   </div>
   <div class='ocr_carea' id='block_1_105' title="bbox 2436 4508 2963 4549">
    <p class='ocr_par' dir='ltr' id='par_1_105' title="bbox 2436 4508 2963 4549">
     <span class='ocr_line' id='line_1_105' title="bbox 2436 4508 2963 4549; baseline 0 -2"><span class='ocrx_word' id='word_1_818' title='bbox 2436 4508 2728 4549; x_wconf 76' lang='lat' dir='ltr'><strong>ABTICULUS</strong></span> <span class='ocrx_word' id='word_1_819' title='bbox 2753 4509 2963 4549; x_wconf 74' lang='grc' dir='ltr'>Ριιιιιυε.</span> 
     </span>
    </p>
   </div>
   <div class='ocr_carea' id='block_1_106' title="bbox 1902 4622 3502 4694">
    <p class='ocr_par' dir='ltr' id='par_1_106' title="bbox 1902 4622 3502 4694">
     <span class='ocr_line' id='line_1_106' title="bbox 1902 4622 3502 4694; baseline 0.007 -19"><span class='ocrx_word' id='word_1_820' title='bbox 1902 4622 2536 4694; x_wconf 37' lang='grc' dir='ltr'>Εκουιιιιινηιιιειιιιιβιιιιιηι</span> <span class='ocrx_word' id='word_1_821' title='bbox 2576 4627 2812 4694; x_wconf 12' lang='grc' dir='ltr'>Αιιιιριιίἱῄ,</span> <span class='ocrx_word' id='word_1_822' title='bbox 2854 4628 3061 4694; x_wconf 78' lang='lat' dir='ltr'><strong>petitum</strong></span> <span class='ocrx_word' id='word_1_823' title='bbox 3088 4641 3149 4678; x_wconf 79' lang='lat' dir='ltr'><strong>ex</strong></span> <span class='ocrx_word' id='word_1_824' title='bbox 3176 4630 3386 4684; x_wconf 88' lang='lat' dir='ltr'><strong>diversis</strong></span> <span class='ocrx_word' id='word_1_825' title='bbox 3406 4673 3421 4694; x_wconf 91' lang='lat'><strong>,</strong></span> <span class='ocrx_word' id='word_1_826' title='bbox 3446 4642 3502 4687; x_wconf 87' lang='lat' dir='ltr'><strong>et</strong></span> 
     </span>
    </p>
   </div>
   <div class='ocr_carea' id='block_1_107' title="bbox 1968 4690 3499 4756">
    <p class='ocr_par' dir='ltr' id='par_1_107' title="bbox 1968 4690 3499 4756">
     <span class='ocr_line' id='line_1_107' title="bbox 1968 4690 3499 4756; baseline 0.007 -19"><span class='ocrx_word' id='word_1_827' title='bbox 1968 4690 2226 4756; x_wconf 77' lang='lat' dir='ltr'><strong>contrariis</strong></span> <span class='ocrx_word' id='word_1_828' title='bbox 2250 4691 2552 4756; x_wconf 82' lang='lat' dir='ltr'><strong>ethnicorum</strong></span> <span class='ocrx_word' id='word_1_829' title='bbox 2575 4691 2755 4752; x_wconf 71' lang='lat' dir='ltr'><strong>opinio:</strong></span> <span class='ocrx_word' id='word_1_830' title='bbox 2778 4690 2889 4756; x_wconf 81' lang='lat' dir='ltr'><strong>ibus</strong></span> <span class='ocrx_word' id='word_1_831' title='bbox 2910 4691 2978 4756; x_wconf 70' lang='lat' dir='ltr'><strong>de</strong></span> <span class='ocrx_word' id='word_1_832' title='bbox 2992 4690 3246 4756; x_wconf 77' lang='lat' dir='ltr'><strong>Musarum</strong></span> <span class='ocrx_word' id='word_1_833' title='bbox 3281 4690 3499 4756; x_wconf 68' lang='lat' dir='ltr'><strong>parenti-</strong></span> 
     </span>
    </p>
   </div>
   <div class='ocr_carea' id='block_1_108' title="bbox 1963 4752 3500 4813">
    <p class='ocr_par' dir='ltr' id='par_1_108' title="bbox 1963 4752 3500 4813">
     <span class='ocr_line' id='line_1_108' title="bbox 1963 4752 3500 4813; baseline 0.008 -14"><span class='ocrx_word' id='word_1_834' title='bbox 1963 4752 2073 4809; x_wconf 85' lang='lat' dir='ltr'><strong>bus,</strong></span> <span class='ocrx_word' id='word_1_835' title='bbox 2100 4753 2378 4802; x_wconf 84' lang='lat' dir='ltr'><strong>conditione</strong></span> <span class='ocrx_word' id='word_1_836' title='bbox 2417 4760 2469 4801; x_wconf 85' lang='lat' dir='ltr'><strong>et</strong></span> <span class='ocrx_word' id='word_1_837' title='bbox 2492 4766 2719 4813; x_wconf 77' lang='lat' dir='ltr'><strong>numero,</strong></span> <span class='ocrx_word' id='word_1_838' title='bbox 2756 4766 2813 4802; x_wconf 90' lang='lat' dir='ltr'><strong>ac</strong></span> <span class='ocrx_word' id='word_1_839' title='bbox 2833 4754 2897 4802; x_wconf 88' lang='lat' dir='ltr'><strong>de</strong></span> <span class='ocrx_word' id='word_1_840' title='bbox 2934 4752 3031 4804; x_wconf 90' lang='lat' dir='ltr'><strong>diis</strong></span> <span class='ocrx_word' id='word_1_841' title='bbox 3068 4752 3423 4811; x_wconf 85' lang='lat' dir='ltr'><strong>Novensilibus</strong></span> <span class='ocrx_word' id='word_1_842' title='bbox 3445 4768 3500 4812; x_wconf 88' lang='lat' dir='ltr'><strong>et</strong></span> 
     </span>
    </p>
   </div>
   <div class='ocr_carea' id='block_1_109' title="bbox 1961 4812 2873 4877">
    <p class='ocr_par' dir='ltr' id='par_1_109' title="bbox 1961 4812 2873 4877">
     <span class='ocr_line' id='line_1_109' title="bbox 1961 4812 2873 4877; baseline 0.002 -14"><span class='ocrx_word' id='word_1_843' title='bbox 1961 4813 2289 4877; x_wconf 85' lang='lat' dir='ltr'><strong>Indigetibus,</strong></span> <span class='ocrx_word' id='word_1_844' title='bbox 2312 4815 2395 4864; x_wconf 90' lang='lat' dir='ltr'><strong>ubi</strong></span> <span class='ocrx_word' id='word_1_845' title='bbox 2415 4813 2480 4863; x_wconf 92' lang='lat' dir='ltr'><strong>de</strong></span> <span class='ocrx_word' id='word_1_846' title='bbox 2503 4812 2671 4864; x_wconf 64' lang='lat' dir='ltr'><strong>Encas</strong></span> <span class='ocrx_word' id='word_1_847' title='bbox 2695 4812 2873 4867; x_wconf 86' lang='lat' dir='ltr'><strong>morte.</strong></span> 
     </span>
    </p>
   </div>
   <div class='ocr_carea' id='block_1_110' title="bbox 1969 4958 3497 5034">
    <p class='ocr_par' dir='ltr' id='par_1_110' title="bbox 1969 4958 3497 5034">
     <span class='ocr_line' id='line_1_110' title="bbox 1969 4958 3497 5034; baseline 0.005 -20"><span class='ocrx_word' id='word_1_848' title='bbox 1969 4960 2172 5031; x_wconf 77' lang='lat' dir='ltr'><strong>Magna:</strong></span> <span class='ocrx_word' id='word_1_849' title='bbox 2198 4959 2535 5015; x_wconf 90' lang='lat' dir='ltr'><strong>ethnicorum</strong></span> <span class='ocrx_word' id='word_1_850' title='bbox 2574 4958 2642 5015; x_wconf 92' lang='lat' dir='ltr'><strong>de</strong></span> <span class='ocrx_word' id='word_1_851' title='bbox 2670 4976 2778 5016; x_wconf 91' lang='lat' dir='ltr'><strong>uno</strong></span> <span class='ocrx_word' id='word_1_852' title='bbox 2805 4960 3106 5034; x_wconf 88' lang='lat' dir='ltr'><strong>eodemque</strong></span> <span class='ocrx_word' id='word_1_853' title='bbox 3137 4965 3357 5023; x_wconf 90' lang='lat' dir='ltr'><strong>numine</strong></span> <span class='ocrx_word' id='word_1_854' title='bbox 3385 4965 3497 5021; x_wconf 88' lang='lat' dir='ltr'><strong>dis-</strong></span> 
     </span>
    </p>
   </div>
   <div class='ocr_carea' id='block_1_111' title="bbox 1895 5052 3499 5131">
    <p class='ocr_par' dir='ltr' id='par_1_111' title="bbox 1895 5052 3499 5131">
     <span class='ocr_line' id='line_1_111' title="bbox 1895 5052 3499 5131; baseline 0.004 -22"><span class='ocrx_word' id='word_1_855' title='bbox 1895 5053 2173 5110; x_wconf 56' lang='lat' dir='ltr'><strong>sensiones</strong></span> <span class='ocrx_word' id='word_1_856' title='bbox 2198 5053 2343 5107; x_wconf 89' lang='lat' dir='ltr'><strong>aliud</strong></span> <span class='ocrx_word' id='word_1_857' title='bbox 2372 5052 2831 5111; x_wconf 89' lang='lat' dir='ltr'><strong>evidentissimum</strong></span> <span class='ocrx_word' id='word_1_858' title='bbox 2861 5058 3101 5114; x_wconf 88' lang='lat' dir='ltr'><strong>Arnobio</strong></span> <span class='ocrx_word' id='word_1_859' title='bbox 3142 5070 3329 5115; x_wconf 89' lang='lat' dir='ltr'><strong>nostro</strong></span> <span class='ocrx_word' id='word_1_860' title='bbox 3370 5075 3499 5131; x_wconf 51' lang='lat' dir='ltr'><strong>sup‘</strong></span> 
     </span>
    </p>
   </div>
   <div class='ocr_carea' id='block_1_112' title="bbox 1897 5146 3494 5220">
    <p class='ocr_par' dir='ltr' id='par_1_112' title="bbox 1897 5146 3494 5220">
     <span class='ocr_line' id='line_1_112' title="bbox 1897 5146 3494 5220; baseline 0.004 -18"><span class='ocrx_word' id='word_1_861' title='bbox 1897 5146 2135 5215; x_wconf 88' lang='lat' dir='ltr'><strong>peditant</strong></span> <span class='ocrx_word' id='word_1_862' title='bbox 2189 5158 2593 5218; x_wconf 88' lang='lat' dir='ltr'><strong>argumentum,</strong></span> <span class='ocrx_word' id='word_1_863' title='bbox 2646 5164 2752 5220; x_wconf 91' lang='lat' dir='ltr'><strong>quo</strong></span> <span class='ocrx_word' id='word_1_864' title='bbox 2803 5150 2933 5206; x_wconf 85' lang='lat' dir='ltr'><strong>lalsa</strong></span> <span class='ocrx_word' id='word_1_865' title='bbox 2989 5151 3203 5208; x_wconf 90' lang='lat' dir='ltr'><strong>illorum</strong></span> <span class='ocrx_word' id='word_1_866' title='bbox 3253 5154 3494 5209; x_wconf 89' lang='lat' dir='ltr'><strong>omnium</strong></span> 
     </span>
    </p>
   </div>
   <div class='ocr_carea' id='block_1_113' title="bbox 1873 5234 3491 5314">
    <p class='ocr_par' dir='ltr' id='par_1_113' title="bbox 1873 5234 3491 5314">
     <span class='ocr_line' id='line_1_113' title="bbox 1873 5234 3491 5314; baseline 0.006 -22"><span class='ocrx_word' id='word_1_867' title='bbox 1873 5234 2142 5308; x_wconf 77' lang='lat' dir='ltr'><strong>&#39;divinitas</strong></span> <span class='ocrx_word' id='word_1_868' title='bbox 2159 5254 2344 5294; x_wconf 89' lang='lat' dir='ltr'><strong>rursus</strong></span> <span class='ocrx_word' id='word_1_869' title='bbox 2366 5240 2716 5297; x_wconf 89' lang='lat' dir='ltr'><strong>invictissime</strong></span> <span class='ocrx_word' id='word_1_870' title='bbox 2736 5241 3153 5299; x_wconf 88' lang='lat' dir='ltr'><strong>demonstratur.</strong></span> <span class='ocrx_word' id='word_1_871' title='bbox 3168 5244 3302 5313; x_wconf 86' lang='lat' dir='ltr'><strong>Quid</strong></span> <span class='ocrx_word' id='word_1_872' title='bbox 3322 5247 3491 5314; x_wconf 90' lang='lat' dir='ltr'><strong>enim,</strong></span> 
     </span>
    </p>
   </div>
   <div class='ocr_carea' id='block_1_114' title="bbox 1895 5335 3494 5407">
    <p class='ocr_par' dir='ltr' id='par_1_114' title="bbox 1895 5335 3494 5407">
     <span class='ocr_line' id='line_1_114' title="bbox 1895 5335 3494 5407; baseline 0.005 -18"><span class='ocrx_word' id='word_1_873' title='bbox 1895 5350 2098 5406; x_wconf 63' lang='lat' dir='ltr'><strong>qua-so,</strong></span> <span class='ocrx_word' id='word_1_874' title='bbox 2132 5343 2276 5390; x_wconf 89' lang='lat' dir='ltr'><strong>tanta</strong></span> <span class='ocrx_word' id='word_1_875' title='bbox 2304 5336 2389 5390; x_wconf 86' lang='lat' dir='ltr'><strong>illa</strong></span> <span class='ocrx_word' id='word_1_876' title='bbox 2421 5335 2643 5392; x_wconf 87' lang='lat' dir='ltr'><strong>dissidia</strong></span> <span class='ocrx_word' id='word_1_877' title='bbox 2673 5337 2814 5391; x_wconf 90' lang='lat' dir='ltr'><strong>aliud</strong></span> <span class='ocrx_word' id='word_1_878' title='bbox 2850 5338 3094 5407; x_wconf 82' lang='lat' dir='ltr'><strong>probant,</strong></span> <span class='ocrx_word' id='word_1_879' title='bbox 3131 5340 3234 5394; x_wconf 90' lang='lat' dir='ltr'><strong>nisi</strong></span> <span class='ocrx_word' id='word_1_880' title='bbox 3273 5340 3494 5397; x_wconf 89' lang='lat' dir='ltr'><strong>eosdem</strong></span> 
     </span>
    </p>
   </div>
   <div class='ocr_carea' id='block_1_115' title="bbox 1897 5427 3495 5500">
    <p class='ocr_par' dir='ltr' id='par_1_115' title="bbox 1897 5427 3495 5500">
     <span class='ocr_line' id='line_1_115' title="bbox 1897 5427 3495 5500; baseline 0.004 -18"><span class='ocrx_word' id='word_1_881' title='bbox 1897 5429 2144 5489; x_wconf 87' lang='lat' dir='ltr'><strong>ethnicos</strong></span> <span class='ocrx_word' id='word_1_882' title='bbox 2165 5427 2298 5482; x_wconf 88' lang='lat' dir='ltr'><strong>nihil</strong></span> <span class='ocrx_word' id='word_1_883' title='bbox 2327 5428 2394 5483; x_wconf 93' lang='lat' dir='ltr'><strong>de</strong></span> <span class='ocrx_word' id='word_1_884' title='bbox 2414 5444 2793 5500; x_wconf 87' lang='lat' dir='ltr'><strong>quoquumque</strong></span> <span class='ocrx_word' id='word_1_885' title='bbox 2817 5429 2920 5484; x_wconf 92' lang='lat' dir='ltr'><strong>deo</strong></span> <span class='ocrx_word' id='word_1_886' title='bbox 2947 5446 3047 5486; x_wconf 92' lang='lat' dir='ltr'><strong>suo</strong></span> <span class='ocrx_word' id='word_1_887' title='bbox 3078 5430 3332 5487; x_wconf 89' lang='lat' dir='ltr'><strong>habuisse</strong></span> <span class='ocrx_word' id='word_1_888' title='bbox 3356 5432 3495 5489; x_wconf 87' lang='lat' dir='ltr'><strong>certi</strong></span> 
     </span>
    </p>
   </div>
   <div class='ocr_carea' id='block_1_116' title="bbox 1901 5521 3497 5593">
    <p class='ocr_par' dir='ltr' id='par_1_116' title="bbox 1901 5521 3497 5593">
     <span class='ocr_line' id='line_1_116' title="bbox 1901 5521 3497 5593; baseline 0.004 -17"><span class='ocrx_word' id='word_1_889' title='bbox 1901 5531 1957 5576; x_wconf 90' lang='lat' dir='ltr'><strong>et</strong></span> <span class='ocrx_word' id='word_1_890' title='bbox 1975 5523 2238 5589; x_wconf 83' lang='lat' dir='ltr'><strong>explorati</strong></span> <span class='ocrx_word' id='word_1_891' title='bbox 2262 5521 2285 5574; x_wconf 86' lang='lat'><strong>?</strong></span> <span class='ocrx_word' id='word_1_892' title='bbox 2310 5521 2427 5587; x_wconf 88' lang='lat' dir='ltr'><strong>Quo</strong></span> <span class='ocrx_word' id='word_1_893' title='bbox 2455 5536 2584 5592; x_wconf 89' lang='lat' dir='ltr'><strong>ergo</strong></span> <span class='ocrx_word' id='word_1_894' title='bbox 2606 5522 2727 5591; x_wconf 89' lang='lat' dir='ltr'><strong>jure</strong></span> <span class='ocrx_word' id='word_1_895' title='bbox 2755 5532 2849 5576; x_wconf 83' lang='lat' dir='ltr'><strong>eas</strong></span> <span class='ocrx_word' id='word_1_896' title='bbox 2881 5532 3148 5593; x_wconf 87' lang='lat' dir='ltr'><strong>tamquam</strong></span> <span class='ocrx_word' id='word_1_897' title='bbox 3176 5540 3333 5580; x_wconf 89' lang='lat' dir='ltr'><strong>veros</strong></span> <span class='ocrx_word' id='word_1_898' title='bbox 3363 5525 3497 5582; x_wconf 90' lang='lat' dir='ltr'><strong>deos</strong></span> 
     </span>
    </p>
   </div>
   <div class='ocr_carea' id='block_1_117' title="bbox 1901 5614 3497 5688">
    <p class='ocr_par' dir='ltr' id='par_1_117' title="bbox 1901 5614 3497 5688">
     <span class='ocr_line' id='line_1_117' title="bbox 1901 5614 3497 5688; baseline 0.005 -17"><span class='ocrx_word' id='word_1_899' title='bbox 1901 5616 2101 5680; x_wconf 82' lang='lat' dir='ltr'><strong>Colere,</strong></span> <span class='ocrx_word' id='word_1_900' title='bbox 2131 5616 2360 5686; x_wconf 83' lang='lat' dir='ltr'><strong>precari,</strong></span> <span class='ocrx_word' id='word_1_901' title='bbox 2392 5625 2447 5670; x_wconf 89' lang='lat' dir='ltr'><strong>et</strong></span> <span class='ocrx_word' id='word_1_902' title='bbox 2471 5614 2699 5669; x_wconf 84' lang='lat' dir='ltr'><strong>adorare</strong></span> <span class='ocrx_word' id='word_1_903' title='bbox 2725 5623 2998 5684; x_wconf 89' lang='lat' dir='ltr'><strong>poterant,</strong></span> <span class='ocrx_word' id='word_1_904' title='bbox 3028 5616 3099 5674; x_wconf 90' lang='lat' dir='ltr'><strong>de</strong></span> <span class='ocrx_word' id='word_1_905' title='bbox 3124 5618 3320 5688; x_wconf 87' lang='lat' dir='ltr'><strong>quibus</strong></span> <span class='ocrx_word' id='word_1_906' title='bbox 3361 5620 3497 5679; x_wconf 86' lang='lat' dir='ltr'><strong>nihil</strong></span> 
     </span>
    </p>
   </div>
   <div class='ocr_carea' id='block_1_118' title="bbox 1904 5707 3498 5787">
    <p class='ocr_par' dir='ltr' id='par_1_118' title="bbox 1904 5707 3498 5787">
     <span class='ocr_line' id='line_1_118' title="bbox 1904 5707 3498 5787; baseline 0.003 -21"><span class='ocrx_word' id='word_1_907' title='bbox 1904 5710 2243 5766; x_wconf 77' lang='lat' dir='ltr'><strong>manifestum</strong></span> <span class='ocrx_word' id='word_1_908' title='bbox 2275 5719 2331 5765; x_wconf 90' lang='lat' dir='ltr'><strong>et</strong></span> <span class='ocrx_word' id='word_1_909' title='bbox 2358 5707 2709 5764; x_wconf 88' lang='lat' dir='ltr'><strong>indubitatum</strong></span> <span class='ocrx_word' id='word_1_910' title='bbox 2735 5724 2985 5780; x_wconf 87' lang='lat' dir='ltr'><strong>umquam</strong></span> <span class='ocrx_word' id='word_1_911' title='bbox 3018 5726 3080 5768; x_wconf 89' lang='lat' dir='ltr'><strong>se</strong></span> <span class='ocrx_word' id='word_1_912' title='bbox 3104 5715 3384 5785; x_wconf 88' lang='lat' dir='ltr'><strong>accepisse</strong></span> <span class='ocrx_word' id='word_1_913' title='bbox 3406 5732 3498 5787; x_wconf 77' lang='lat' dir='ltr'><strong>pa-</strong></span> 
     </span>
    </p>
   </div>
   <div class='ocr_carea' id='block_1_119' title="bbox 1906 5797 3497 5878">
    <p class='ocr_par' dir='ltr' id='par_1_119' title="bbox 1906 5797 3497 5878">
     <span class='ocr_line' id='line_1_119' title="bbox 1906 5797 3497 5878; baseline 0.005 -20"><span class='ocrx_word' id='word_1_914' title='bbox 1906 5805 2011 5859; x_wconf 87' lang='lat' dir='ltr'><strong>lam</strong></span> <span class='ocrx_word' id='word_1_915' title='bbox 2044 5800 2472 5874; x_wconf 84' lang='lat' dir='ltr'><strong>proﬁtebantur?</strong></span> <span class='ocrx_word' id='word_1_916' title='bbox 2496 5797 2627 5867; x_wconf 82' lang='lat' dir='ltr'><strong>Quis</strong></span> <span class='ocrx_word' id='word_1_917' title='bbox 2655 5808 2834 5857; x_wconf 89' lang='lat' dir='ltr'><strong>autem</strong></span> <span class='ocrx_word' id='word_1_918' title='bbox 2862 5818 2968 5859; x_wconf 90' lang='lat' dir='ltr'><strong>non</strong></span> <span class='ocrx_word' id='word_1_919' title='bbox 2996 5806 3278 5862; x_wconf 88' lang='lat' dir='ltr'><strong>mirabitur</strong></span> <span class='ocrx_word' id='word_1_920' title='bbox 3301 5819 3497 5878; x_wconf 87' lang='lat' dir='ltr'><strong>quanta</strong></span> 
     </span>
    </p>
   </div>
   <div class='ocr_carea' id='block_1_120' title="bbox 1906 5896 3493 5974">
    <p class='ocr_par' dir='ltr' id='par_1_120' title="bbox 1906 5896 3493 5974">
     <span class='ocr_line' id='line_1_120' title="bbox 1906 5896 3493 5974; baseline 0.006 -18"><span class='ocrx_word' id='word_1_921' title='bbox 1906 5900 2108 5958; x_wconf 77' lang='lat' dir='ltr'><strong>fuerint</strong></span> <span class='ocrx_word' id='word_1_922' title='bbox 2127 5900 2340 5957; x_wconf 72' lang='lat' dir='ltr'><strong>illorum</strong></span> <span class='ocrx_word' id='word_1_923' title='bbox 2361 5898 2434 5954; x_wconf 86' lang='lat' dir='ltr'><strong>de</strong></span> <span class='ocrx_word' id='word_1_924' title='bbox 2465 5896 2738 5955; x_wconf 80' lang='lat' dir='ltr'><strong>Musarum</strong></span> <span class='ocrx_word' id='word_1_925' title='bbox 2767 5898 2921 5955; x_wconf 85' lang='lat' dir='ltr'><strong>verbi</strong></span> <span class='ocrx_word' id='word_1_926' title='bbox 2971 5899 3141 5971; x_wconf 83' lang='lat' dir='ltr'><strong>gratia</strong></span> <span class='ocrx_word' id='word_1_927' title='bbox 3183 5905 3493 5974; x_wconf 82' lang='lat' dir='ltr'><strong>parentibus</strong></span> 
     </span>
    </p>
   </div>
  </div>
