3980 6296
494 370 600 435 679

1697 365 2028 425 DISSERTA
2037 362 2148 425 T10
2184 358 2463 423 PRAEVIA

3674 362 3780 422 580

492 495 819 561 conditione,
840 500 1129 548 etnumero
1167 488 1394 544 divortia
1438 501 1654 559 pugnae,
1690 497 1742 541 et
1777 486 2075 541 contentio-
2107 474 2157 546 Α
2181 485 2405 553 Quando
2429 494 2605 542 autem
2640 485 2831 543 Decius
2854 489 3090 558 seipsum
3122 496 3220 560 pro
3247 490 3505 549 Romanis
3545 492 3779 564 legioni-

496 590 627 643 nes?
657 588 893 642 Mnaseas
923 586 1137 655 quippe,
1163 584 1237 637 uti
1268 583 1341 635 ait
1374 582 1638 636 Arnobius
1691 581 1945 653 (Arnob.,
1990 579 2079 633 tib.

2186 577 2284 632 bus
2312 578 2549 644 devovit,
2580 579 2702 634 illos
2726 592 2848 634 cum
2876 581 3120 651 pluribus
3139 582 3259 637 aliis
3279 626 3294 649 ,
3321 591 3457 639 teste
3485 584 3636 638 Livio
3656 624 3671 649 ,
3702 583 3783 638 sic

497 697 575 746 ιιι,
605 697 719 751 pag.
757 677 915 748 121),
948 677 1063 731 illas
1103 690 1166 731 ex
1192 675 1346 730 C(elo
1370 685 1424 729 et
1453 672 1689 735 Tellure,
1721 674 1809 727 alii
1849 688 1915 728 ex
1954 668 2087 728 Jove
2186 669 2511 741 imploravit,
2543 681 2598 727 et
2625 672 2925 728 obtestatus
2967 682 3087 729 est:
3119 693 3138 727 ι
3176 675 3290 729 Divi
3319 674 3660 740 Novensiles,
3705 673 3785 729 dii

494 782 547 828 et
570 773 821 827 Memoria
852 772 935 825 vel
958 770 1134 825 Melite
1158 779 1303 823 ortas
1334 767 1498 823 fuisse
1530 767 1881 823 tradiderunt.
1912 767 2086 837 Aliqui
2187 762 2472 835 indigetes,
2503 764 2609 819 divi
2638 780 2864 836 quorum
2892 778 3129 837 potestas
3152 776 3483 838 nostrorum,
3519 770 3786 825 hostium-

490 881 585 922 eas
607 866 838 936 virgines
858 864 1064 926 dixere,
1092 865 1177 917 alii
1208 872 1439 924 matres;
1472 861 1567 914 has
1586 860 1838 930 Ephorus
1864 873 2088 915 numero
2186 872 2292 928 que
2326 876 2342 908 ι
2377 856 2550 927 (Liv.,
2583 859 2670 913 lib.
2697 873 2788 915 vm
2809 902 2822 924 ,
2855 876 2973 931 cap.
3003 860 3082 934 9).

494 971 626 1022 tres,
654 957 897 1012 Mnaseas
916 964 1165 1026 quatuor,
1195 954 1455 1025 Myrtillus
1476 962 1703 1024 septem,
1731 952 1920 1008 Crates
1943 962 2086 1017 octo,

494 1062 548 1107 et
573 1049 835 1106 Hesiodus
876 1064 1090 1114 novem,
1119 1061 1346 1117 quarum
1392 1046 1609 1100 nomina
1657 1045 1960 1115 singulatim
2006 1054 2089 1100 re-

491 1154 697 1201 censet.
730 1143 953 1199 Servius
980 1153 1158 1197 tamen
1186 1140 1284 1195 has
1310 1154 1500 1195 omnes
1542 1139 1782 1194 diversas
1807 1138 2091 1209 opiniones

494 1237 558 1291 ad
586 1247 693 1291 tres
712 1235 1049 1307 potissimum
1078 1233 1308 1304 redigit:
1339 1250 1359 1283 ι
1389 1232 1585 1294 Musas,
1619 1247 1638 1282 ι
1666 1230 1857 1301 inquit,
1889 1246 1908 1281 ι
1937 1228 2091 1283 multi

492 1344 709 1393 novem,
759 1328 909 1383 multi
954 1337 1097 1391 ceto,
1130 1326 1280 1380 multi
1309 1334 1515 1393 septem
1544 1323 1817 1378 dixerunt.
1856 1339 1876 1373 ι
1906 1321 1977 1376 At
2004 1320 2092 1374 Ci-

496 1439 624 1478 cero
645 1424 953 1491 expressius
972 1420 1133 1475 docet
1159 1419 1359 1489 primas
1375 1426 1608 1488 quatuor
1631 1415 1763 1470 Jove
1783 1414 1975 1480 altero,
2007 1427 2093 1469 se-

492 1513 697 1570 cundas
722 1514 855 1568 Jove
878 1513 1054 1579 tertio,
1090 1511 1208 1565 sive
1232 1509 1472 1565 Cretensi
1500 1514 1554 1562 et
1589 1506 1957 1577 Mnemosyne,
1984 1515 2093 1560 ter—

492 1609 595 1664 tias
612 1608 743 1663 Jove
766 1608 946 1673 tertio,
969 1616 1023 1661 et
1045 1606 1270 1674 Antiopa
1292 1612 1460 1665 ortas,
1477 1619 1604 1673 quas
1623 1599 1878 1665 Pieridas,
1901 1600 2091 1670 inquit,

493 1710 549 1756 et
572 1701 775 1756 Pierias
802 1700 979 1755 solent
1009 1705 1180 1767 poeta:
1206 1696 1474 1766 appellare
1510 1692 1667 1766 (Cia,
1692 1692 1778 1748 lib.
1805 1708 1863 1748 ιιι
1883 1693 1947 1746 de
1978 1690 2094 1745 Na—

495 1804 599 1850 tur.
630 1795 796 1861 ὀισπ,
830 1809 950 1864 pag.
976 1792 1104 1858 247,
1128 1792 1220 1846 lin.
1252 1788 1367 1861 bl).
1396 1788 1504 1846 Sed
1548 1788 1663 1842 haec
1684 1788 1908 1858 quiesuo
1937 1786 2096 1855 longe

2262 949 2532 1005 Manilium
2565 967 2693 1006 vero
2729 955 2859 1007 citat
2902 952 3075 1008 adhuc
3105 950 3374 1011 Arnobius
3400 954 3638 1028 (Arnob.,
3682 957 3786 1011 ioc.

2191 1046 2329 1117 cia),
2366 1049 2456 1117 qui
2483 1048 2696 1118 quidem
2731 1049 2893 1104 hosce
2918 1051 3069 1115 deos,
3101 1051 3239 1106 sicut
3264 1051 3410 1115 Piso,
3434 1066 3625 1107 novem
3666 1065 3790 1107 esse

2190 1139 2553 1207 existimabat,
2586 1141 2683 1196 sed
2708 1142 2903 1212 quibus
2922 1143 3053 1198 solis
3081 1143 3287 1212 Jupiter
3313 1145 3549 1199 fulminis
3572 1145 3653 1198 sui
3672 1143 3791 1214 jac-

2192 1232 2339 1285 tandi
2367 1230 2622 1288 detulerit
2649 1242 2991 1304 poteStatem.
3026 1235 3269 1306 Denique
3294 1236 3535 1291 nonnulli
3559 1236 3793 1291 arbitra-

2192 1325 2390 1381 bantur
2419 1327 2541 1382 illos
2567 1342 2635 1382 ex
2662 1327 2971 1383 hominibus
3012 1328 3182 1383 iactos
3214 1342 3335 1384 esse
3359 1328 3490 1384 deos
3515 1370 3531 1397 ,
3562 1332 3750 1398 quales
3771 1372 3790 1398 ,

2149 1436 2154 1449 -
2193 1417 2365 1488 inquit
2385 1418 2656 1473 Arnobius
2675 1460 2690 1483 ,
2719 1428 2876 1475 erant
2901 1419 3188 1487 Hercules,
3217 1420 3473 1475 Romulus
3495 1464 3510 1489 ,
3539 1419 3794 1475 Escula-

2197 1510 2334 1579 pins,
2358 1508 2520 1565 Liber
2538 1521 2592 1566 et
2618 1510 2839 1567 IEneas.
2860 1513 2925 1567 Et
2943 1512 3071 1567 illud
3090 1511 3305 1582 quidem
3338 1512 3421 1567 bis
3441 1510 3797 1567 conﬁrmatur

2198 1604 2371 1661 Servii
2399 1606 2574 1662 verbis
2605 1623 2619 1661 :
2656 1624 2676 1658 ι
2713 1604 2855 1663 Sane
2883 1606 3101 1677 quidem
3132 1614 3348 1661 veteres
3377 1605 3500 1662 illos
3526 1606 3659 1662 deos
3689 1604 3797 1660 No-

2198 1700 2430 1755 vensiles
2454 1700 2660 1765 dicunt,
2691 1701 2885 1769 quibus
2930 1700 3119 1755 met-ita
3151 1698 3365 1755 virtutis
3402 1698 3651 1755 dederint
3694 1714 3800 1754 nu-

2200 1795 2359 1849 minis
2387 1794 2699 1865 dignitatem
2728 1813 2748 1847 ι
2808 1794 3006 1865 (Serm,
3036 1795 3093 1849 in
3128 1794 3220 1849 tib.
3250 1806 3341 1849 vin
3388 1791 3631 1861 Eadm,
3662 1808 3799 1853 vers.

496 1887 667 1942 iusius
693 1886 762 1940 ab
788 1885 924 1939 Lilio
950 1883 1169 1939 Giraldo
1199 1881 1456 1952 peculiari
1477 1881 1544 1935 de
1573 1880 1736 1935 Musis
1758 1889 2097 1951 syntagmatc
2126 1872 2175 1935 B
2204 1887 2326 1953 187,
2364 1903 2483 1959 pag.
2515 1887 2664 1957 498).

498 1988 757 2036 tractatur
807 1978 1065 2050 (Girald.,
1113 1986 1369 2047 syntagm.
1399 1977 1462 2028 de
1511 1972 1697 2037 Musis,
1745 1988 1865 2044 pag.
1905 1973 2005 2027 551
2052 1981 2101 2026 et

498 2074 685 2144 seqq).
715 2074 820 2128 Nos
845 2086 973 2126 vero
996 2072 1063 2126 de
1092 2071 1157 2125 iis
1184 2070 1295 2140 jam
1319 2068 1518 2139 aliquid
1540 2067 1667 2122 alibi
1693 2067 1999 2137 adtigimus.
2031 2064 2103 2121 At

497 2174 645 2223 certe
688 2167 836 2221 vides
883 2173 1140 2235 quantum
1168 2163 1237 2217 de
1289 2163 1475 2215 barum
1523 2161 1788 2215 Musarum
1836 2173 2097 2225 numero,

500 2267 835 2339 parentibus,
863 2276 918 2321 et
941 2264 1247 2318 conditione
1272 2266 1377 2315 non
1410 2259 1600 2320 intimi.
1628 2258 1722 2313 sed
1751 2250 1969 2327 majoris
1996 2258 2100 2310 uti-

500 2372 604 2430 que
631 2357 863 2413 nominis
902 2358 1196 2425 scriptores
1240 2352 1439 2406 ethnici
1488 2351 1626 2405 inter
1652 2362 1712 2405 se
1738 2347 2099 2418 digiadiaren-

499 2454 748 2523 tnr(tom.
775 2464 795 2504 ι
836 2449 1112 2519 Apparet,
1143 2462 1260 2517 pag.
1278 2443 1426 2513 820).
1454 2443 1716 2510 Quoniam
1750 2442 1911 2513 igitur
1939 2440 2101 2497 modo

501 2546 555 2599 lii
584 2543 778 2612 aliique
803 2555 916 2607 eas,
945 2540 1046 2595 sibi
1078 2553 1184 2593 non
1212 2538 1344 2592 satis
1370 2537 1633 2606 cognitas,
1658 2543 1715 2590 et
1742 2535 1870 2590 deas
1895 2534 2096 2602 dicere,

499 2646 553 2692 et
582 2635 704 2690 illas
732 2634 989 2688 inVocare
1015 2629 1296 2701 poterant?

569 2731 754 2800 Neque
774 2731 950 2784 minor
976 2726 1216 2797 proiecto
1252 2733 1370 2781 erat
1393 2725 1603 2779 illorum
1634 2724 1699 2779 de
1718 2722 2101 2780 Novensilibus

500 2829 620 2892 diis,
651 2839 948 2894 eorumque
989 2822 1419 2876 nornenclatione
1446 2826 1500 2875 et
1526 2830 1768 2884 numero,
1799 2833 1861 2873 ac
1879 2817 2102 2888 proinde

498 2924 565 2977 de
604 2921 815 2975 illorum
862 2915 1141 2971 divinitate
1184 2913 1574 2968 controversia.
1603 2911 1830 2978 Quidam
1879 2910 2024 2965 enim
2069 2925 2101 2965 a

500 3012 792 3068 novenario
829 3024 1078 3074 numero,
1108 3008 1197 3079 qui
1240 3014 1301 3061 ut
1327 3005 1521 3060 citatus
1543 3004 1611 3059 ab
1641 3003 1881 3059 Arnobio
1924 3001 2102 3057 Varro

502 3106 716 3162 tradidit
744 3105 981 3173 (Aruab.,
1015 3104 1103 3157 lib.
1147 3117 1233 3169 ιιι,
1267 3114 1386 3173 pag.
1420 3100 1566 3170 122),
1602 3100 1658 3153 in
1689 3096 1967 3153 movendis
2015 3111 2102 3152 rc-

392 3231 398 3238 -
497 3201 599 3255 bus
645 3198 1051 3269 potentissimus
1077 3194 1328 3261 habetur,
1354 3196 1433 3250 sic
1457 3192 1865 3264 cognominatos
1905 3200 2099 3246 cense-

498 3251 766 3355 bant,raiii
788 3305 816 3342 ιι
834 3290 1073 3343 novitate
1091 3298 1296 3351 rerum,
1326 3285 1519 3356 quibus
1540 3294 1634 3340 eos
1659 3296 1891 3354 prmesse
1914 3282 2104 3352 opina-
2128 3251 2174 3318 Ε

498 3384 727 3448 bantur;
758 3378 854 3435 alii
883 3381 953 3435 ab
982 3380 1088 3434 alio
1110 3378 1362 3434 novitatis
1388 3390 1607 3447 genere,
1639 3382 1746 3446 duo
1775 3375 2031 3430 videlicet
2070 3390 2102 3429 a

497 3476 809 3542 victoribus,
841 3485 965 3546 puta
995 3475 1273 3538 Romanis,
1304 3473 1379 3527 uti
1424 3472 1550 3527 alibi
1578 3471 1812 3526 vidimus
1839 3469 2100 3542 (Dissert.

495 3573 549 3625 in
581 3571 802 3636 Minuc.,
846 3586 961 3639 cap.
1010 3567 1099 3633 16,
1127 3578 1226 3621 art.
1256 3566 1340 3639 2),
1371 3568 1422 3621 in
1463 3564 1626 3621 urbes
1666 3579 1793 3619 suas
1814 3578 1877 3619 ac
1903 3563 2105 3633 templa

497 3665 831 3738 adSportari,
882 3680 1019 3719 nova
1066 3663 1452 3719 dedicabantur
1509 3662 1937 3715 consecratione.
1996 3657 2103 3714 Sed

500 3761 650 3831 plura
675 3759 743 3814 de
767 3759 924 3828 hujus
947 3757 1181 3813 nominis
1202 3756 1524 3829 etymologia
1550 3753 1778 3811 Vossius
1797 3765 1851 3810 et
1879 3754 1967 3809 alii
1993 3754 2105 3809 dis-

500 3862 691 3923 putant
719 3849 924 3925 (Voss.,
950 3852 1003 3905 in
1032 3849 1352 3922 Etymolog.,
1383 3848 1451 3902 ad
1471 3849 1607 3903 verb.
1635 3847 1825 3903 Novati
1845 3849 1885 3917 ).

540 3926 545 3931 O
571 3945 704 4001 Tam
729 3944 1061 4000 diversarum
1090 3955 1267 3999 autem
1299 3942 1611 4012 opinionum
1634 3942 1811 3996 varios
1833 3939 2103 3996 Arnobius

504 4039 723 4111 protulit
741 4037 998 4105 fautores,
1020 4053 1084 4092 ac
1107 4038 1334 4108 primum
1355 4035 1569 4106 quidem
1591 4034 1861 4100 Pisonem,
1886 4035 1974 4104 qui
2004 4034 2103 4089 hos

507 4154 526 4185 ι
564 4120 683 4189 esse
709 4133 880 4188 credit
904 4148 1122 4197 novem,
1161 4151 1180 4184 ›
1215 4132 1286 4186 ita
1326 4131 1415 4185 ille
1452 4130 1719 4201 loquitur,
1753 4147 1772 4179 ‹
1807 4129 1859 4183 in
1891 4128 2104 4185 Sabinis

501 4226 642 4297 apud
667 4225 916 4281 Trebiam
940 4225 1260 4280 constitutos
1294 4243 1312 4275 ι
1342 4220 1592 4297 (Arnob.,
1618 4219 1717 4276 loc.
1741 4220 1877 4291 cit.).
1908 4218 2104 4276 Trebia

504 4328 683 4373 autem
706 4317 900 4372 ﬂuvius
920 4324 1128 4371 estnon
1157 4317 1388 4387 procula
1411 4314 1704 4379 Placentia,
1730 4315 1817 4385 qui
1843 4331 1910 4370 ex
1931 4308 2106 4385 Apen-

503 4415 651 4475 nino,
677 4421 734 4466 ut
762 4411 977 4481 scripsit
1006 4409 1221 4475 Strabo,
1269 4409 1320 4464 in
1358 4408 1561 4465 Padum
1602 4407 1808 4463 incidit.
1836 4406 1916 4461 Ad
1963 4407 2105 4462 hunc

503 4521 664 4576 porro
695 4505 913 4561 ﬂuvium
939 4490 1170 4561 Annibal
1200 4503 1510 4574 Scipionem
1537 4501 1815 4558 consulem
1837 4543 1863 4566 ,.
1882 4510 1942 4555 ut
1974 4515 2101 4553 nar-

502 4609 582 4654 rat
610 4600 883 4673 Polybius,
908 4599 1060 4655 clade
1089 4599 1320 4652 maxima
1353 4598 1654 4667 proﬂigavit
1681 4594 1920 4667 (διν-αὑ..
1948 4593 2036 4648 lib.
2067 4609 2101 4646 v
2128 4634 2182 4708 Β

501 4693 710 4764 Geogr.,
748 4710 867 4765 pag.
890 4691 1027 4758 217;
1064 4692 1270 4762 Polyb,
1290 4690 1381 4746 tib.
1410 4705 1468 4744 ιιι
1500 4687 1724 4757 Histor.,
1754 4702 1878 4757 pag.
1907 4686 2034 4752 220,
2058 4694 2106 4740 et

498 4784 683 4858 seqq).
714 4784 867 4842 Unde
904 4786 988 4840 hic
1031 4784 1234 4841 Lucani
1259 4793 1447 4839 Cantus
1473 4781 1721 4855 (Lucam,
1747 4778 1837 4835 lib.
1870 4797 1928 4846 tt,-
1974 4796 2104 4836 vers.

498 4879 568 4934 48
599 4887 645 4932 et
664 4878 828 4948 seqq.)
859 4894 875 4933 :

593 4993 635 5043 Ο
659 4994 850 5043 miserae
874 4994 1039 5048 sortis.
1064 4993 1191 5056 quod
1215 5004 1313 5042 non
1336 4992 1386 5042 hi
1404 4992 1588 5042 Punica
1614 4994 1716 5042 nati

592 5056 839 5120 Tempora
861 5054 1131 5107 Cannarum
1154 5056 1349 5118 fuimus,
1378 5056 1695 5119 Trebiaeque,
1717 5054 1969 5118 juventus.

571 5165 651 5219 De
674 5162 1051 5219 Novensilibus
1075 5175 1204 5216 vero
1230 5161 1336 5215 diis
1354 5162 1546 5216 citatus
1576 5161 1644 5216 ab
1663 5172 1882 5215 auctore
1908 5166 2121 5215 nostro'

499 5259 673 5314 Varro
695 5258 811 5313 iure
832 5256 1151 5312 brevissime
1178 5256 1393 5323 scripsit
1426 5273 1440 5309 :
1475 5274 1494 5306 ι
1530 5253 1804 5321 Ferronia,
1834 5254 2092 5320 Minerva,

500 5351 816 5407 Novensiles
842 5367 869 5404 a
899 5347 1113 5405 Sabinis
1147 5366 1166 5400 ι
1199 5345 1409 5418 (ἵστη,
1454 5348 1543 5403 lib.
1572 5364 1625 5402 ιν
1668 5348 1733 5401 de
1776 5346 1927 5419 Ling.
1977 5347 2095 5410 ιρι..

501 5456 622 5513 pag.
649 5444 745 5507 l6;
775 5442 992 5507 Arnob,
1015 5442 1113 5495 iac.
1136 5441 1248 5506 cit.,
1296 5454 1416 5511 pag.
1466 5439 1619 5509 {22).
1668 5442 1739 5494 At
1779 5437 1951 5493 Alius
1978 5449 2103 5510 post

502 5534 765 5589 Granium
791 5536 887 5589 IIOS
932 5533 1107 5589 Musas
1157 5539 1279 5589 esse
1325 5533 1574 5603 opinatus
1614 5544 1731 5600 est;
1783 5531 2102 5589 Corniﬁcius

505 5643 631 5682 vero
675 5628 965 5682 novitatem
998 5627 1276 5699 prmities,
1309 5627 1528 5682 Cincius
1555 5634 1653 5681 eos
1689 5622 1901 5690 attines,
1928 5626 2019 5695 qui
2072 5641 2103 5681 a

508 5720 818 5786 victoribus,
842 5723 917 5775 uti
942 5723 1102 5790 paulo
1125 5730 1249 5776 ante
1292 5723 1620 5786 monuimus,
1662 5718 1717 5772 in
1768 5717 1930 5773 nrbes
1978 5732 2105 5775 svras

517 5816 843 5864 transvectos
869 5814 1115 5868 solebant
1142 5812 1447 5882 compendii
1475 5822 1661 5877 causa,
1689 5820 1753 5864 ac
1778 5826 1845 5864 ne
1868 5811 1993 5881 quis
2038 5810 2105 5866 il-

520 5901 690 5953 lorum
712 5903 1065 5972 omitteretur,
1098 5904 1205 5959 hoc
1223 5903 1588 5961 Novensiiium
1611 5904 1831 5959 nomine
1847 5904 2104 5962 invocari.

2273 1982 2426 2046 Quod
2468 1994 2601 2037 vero
2640 1982 2707 2038 ad
2750 1991 3079 2040 memoratos
3124 1984 3199 2039 ibi
3236 1984 3305 2039 ab
3348 1993 3573 2039 auctore
3603 1989 3801 2038 nostro

2203 2073 2514 2142 Romulum,
2548 2073 2927 2145 Aisculapium
2954 2087 3011 2132 et
3036 2074 3292 2132 Liberum
3329 2084 3578 2147 spectat,
3612 2074 3685 2131 de
3732 2075 3803 2130 iis

2201 2180 2361 2236 supra
2392 2168 2769 2223 disseruimus.
2802 2168 2878 2224 De
2897 2168 3000 2225 deo
3017 2177 3197 2225 autem
3223 2184 3355 2225 sane
3384 2168 3646 2239 prarclaro
3665 2166 3807 2223 Her-

2198 2261 2323 2314 cule
2352 2260 2469 2315 baec
2494 2261 2690 2317 Cicero
2718 2260 2985 2318 tradidit:
3025 2280 3045 2314 ι
3078 2263 3230 2330 Quos
3251 2264 3320 2319 ab
3340 2262 3652 2318 hominibus
3679 2274 3807 2331 per-

2203 2354 2416 2408 venisse
2445 2354 2581 2408 dicis
2602 2352 2667 2408 ad
2699 2356 2865 2424 deos,
2898 2364 2955 2410 tu
2997 2354 3200 2411 reddes
3236 2356 3506 2411 rationem
3532 2351 3805 2425 quoniad-

2202 2449 2423 2503 modum
2454 2450 2594 2504 idem
2626 2449 2739 2505 ﬁeri
2773 2451 3039 2521 potuerit,
3067 2460 3159 2505 aut
3191 2458 3288 2507 cur
3312 2450 3430 2506 ﬁeri
3466 2448 3720 2514 desierit,
3748 2454 3809 2503 et

2200 2557 2305 2614 ego
2330 2542 2539 2599 discam
2564 2544 2822 2600 libenter.
2847 2544 3131 2613 Quomodo
3148 2554 3292 2601 nunc
3317 2543 3539 2616 quidem
3559 2551 3664 2610 est,
3694 2556 3809 2598 non

2202 2636 2361 2691 video
2389 2650 2495 2707 quo
2527 2646 2690 2708 pacto
2732 2636 2856 2705 ille,
2900 2638 3115 2693 scilicet
3158 2637 3450 2706 Hercules,
3496 2637 3550 2692 in
3580 2636 3809 2692 domum

2204 2738 2464 2783 aeternam
2513 2730 2681 2797 patris
2722 2730 2804 2785 sui
2852 2730 3167 2801 perrenerit
3200 2748 3220 2782 ι
3277 2727 3453 2800 (Cia,
3497 2728 3588 2783 lib.
3636 2743 3694 2783 ιιι
3744 2726 3814 2782 de

2205 2820 2398 2875 Natur.
2427 2824 2597 2883 deuia.
2630 2839 2750 2893 pag.
2780 2822 2905 2889 265,
2940 2824 3033 2877 lin.
3068 2822 3195 2894 38).
3226 2821 3335 2878 Sed
3373 2824 3442 2877 de
3470 2822 3566 2876 illo
3596 2821 3813 2891 hacque

2207 2914 2446 2983 funesta,
2473 2915 2685 2987 deoque
2710 2915 3081 2986 indignissima
3103 2918 3223 2987 ejus
3245 2925 3421 2972 morte
3446 2924 3611 2987 supra
3634 2915 3816 2971 disse-

2205 3010 2415 3063 ruimus
2447 3008 2662 3079 (Supr.,
2693 3024 2810 3079 cap.
2840 3008 2926 3073 l2,
2953 3021 3052 3063 art.
3076 3009 3169 3081 2).

2277 3101 2542 3171 Superest
2577 3104 2799 3173 quintus
2835 3100 2901 3157 ad
2942 3102 3186 3158 Arnobio
3219 3103 3526 3173 appellatus
3563 3101 3773 3157 Encas
3796 3141 3817 3170 ,

2204 3204 2367 3265 quem
2394 3188 2729 3266 Augustinus
2755 3195 2930 3250 tribus
2956 3197 3115 3251 annis
3144 3195 3197 3250 in
3225 3196 3380 3252 Latio
3411 3206 3672 3267 regnasse
3697 3203 3821 3252 tes-

2210 3290 2446 3345 tillcatur
2474 3309 2488 3344 :
2523 3288 2620 3345 sed
2645 3292 2766 3345 cum
2793 3297 2979 3361 postea
3014 3291 3066 3345 in
3110 3291 3321 3361 praelii),
3348 3295 3493 3347 sicut
3519 3292 3821 3363 Dionysius

2210 3381 2689 3447 Halicarnasseus,
2735 3383 2951 3449 Livius,
2996 3392 3187 3437 auctor
3212 3394 3553 3456 ananymus,
3586 3384 3821 3441 Servius

2206 3485 2451 3543 narrant,
2496 3477 2807 3539 cecidisset,
2856 3493 2957 3533 nec
2996 3474 3273 3532 inventum
3308 3474 3502 3534 luisset
3531 3481 3654 3549 ejus
3688 3495 3823 3536 cor-

2209 3583 2327 3638 pus,
2360 3568 2680 3640 jactitarunt
2724 3569 2875 3624 illum
2922 3569 2989 3624 ad
3022 3569 3156 3626 deos
3198 3571 3428 3640 abiisse,
3464 3586 3529 3630 ac
3556 3572 3663 3643 ipsi
3692 3582 3822 3628 tan-

2207 3676 2369 3735 quam
2398 3663 2504 3719 deo
2544 3664 2611 3718 ad
2642 3662 2856 3719 Numici
2901 3664 3141 3720 ﬂuminis
3184 3666 3361 3735 ripas,
3410 3664 3502 3720 ubi
3542 3667 3600 3720 in
3635 3680 3823 3736 pugna

2208 3761 2423 3815 occisus
2446 3758 2657 3824 fuerat,
2690 3761 2947 3832 templum
2975 3760 3383 3818 aediﬁcaverunt
3411 3777 3534 3819 cum
3563 3763 3666 3819 hac
3692 3764 3821 3822 ins-

2208 3854 2518 3925 criptione:
2557 3873 2577 3906 ι
2619 3853 2767 3910 Patri
2817 3856 2920 3912 deo
2947 3852 3200 3927 Indigeti,
3239 3854 3332 3928 Qui
3375 3856 3590 3914 Numici
3637 3861 3824 3917 amnis

2209 3945 2382 4002 undas
2427 3950 2697 4018 temperat
2733 3965 2753 4000 ι
2782 3947 3059 4020 (August.,
3093 3946 3181 4003 lib.
3212 3964 3350 4004 xvm
3379 3950 3444 4005 de
3469 3949 3621 4006 Civil.
3641 3996 3656 4019 ,
3691 3968 3817 4025 cap.

2216 4041 2285 4096 i9
2316 4051 2363 4095 et
2407 4040 2514 4107 21,
2548 4050 2670 4113 pag.
2718 4039 2825 4098 502
2883 4050 2928 4096 et
2970 4040 3108 4111 503;
3159 4039 3381 4114 Diongs.
3424 4041 3639 4111 Helia,
3675 4045 3768 4101 lib.
3804 4064 3826 4104 ι

2210 4138 2381 4209 Antig.
2435 4136 2687 4206 Romam,
2727 4155 2847 4211 pag.
2895 4138 2999 4205 52;
3031 4138 3168 4208 Liu.,
3217 4141 3307 4195 lib.
3352 4157 3371 4197 ι
3414 4136 3643 4211 Hirtam
3673 4145 3826 4214 inut;

2208 4242 2432 4301 auctor.,
2465 4231 2555 4286 lib.
2591 4232 2656 4287 de
2693 4232 2839 4303 Orig.
2869 4243 3005 4304 gent.
3040 4250 3169 4287 rom.
3199 4274 3213 4299 ,
3246 4249 3367 4306 pag.
3408 4234 3548 4301 598;
3582 4235 3732 4292 Serv.
3764 4238 3826 4293 in

2209 4323 2298 4378 lib.
2329 4338 2434 4390 xn;
2466 4322 2709 4390 [Eneidq
2751 4338 2873 4397 pag.
2903 4324 3065 4397 702).
3090 4327 3165 4383 Ea
3194 4336 3423 4399 propter
3446 4328 3700 4388 Tibullus
3729 4345 3825 4388 ce-

2209 4418 2344 4473 cinit
2373 4435 2387 4471 :

2302 4531 2521 4597 Impiger
2545 4530 2721 4591 Enen,
2746 4528 2997 4597 volitantis
3014 4535 3171 4586 frater
3195 4536 3393 4597 amoris,

2365 4592 2537 4646 ’l‘rbica
2552 4597 2647 4661 qui
2675 4595 2890 4661 profugis
2910 4610 3046 4649 sacra
3071 4600 3212 4648 vehis
3235 4592 3437 4649 ratibus.

2303 4656 2413 4728 Jant
2439 4660 2528 4709 tibi
2552 4656 2839 4709 Laurentes
2856 4663 3071 4728 assignat
3094 4662 3478 4728 Jupiter-agros,

2369 4718 2476 4789 iam
2501 4730 2640 4772 vocat
2665 4733 2891 4789 errantes
2914 4718 3105 4788 boSpita
3130 4718 3262 4775 terra
3290 4718 3476 4789 Lares:
3606 4782 3615 4789 ν

2306 4780 2416 4832 Illic
2432 4791 2631 4835 sanctus
2656 4786 2775 4842 eris,
2800 4798 2908 4835 eum
2932 4795 2982 4836 te
3004 4780 3283 4836 veneranda
3307 4788 3504 4840 Numici

2370 4845 2508 4897 Unda
2529 4848 2679 4900 deum
2702 4847 2829 4899 coelo
2853 4851 3048 4900 miserit
3070 4850 3364 4912 Indigetem.

3025 4932 3255 4998 (Tibail.,
3280 4931 3368 4985 lib.
3395 4950 3449 4997 ιι,
3475 4933 3613 5000 Eleg.
3643 4934 3723 5000 ὅ.)

2210 5037 2425 5094 Tibullo
2461 5039 2703 5096 concinit
2739 5037 3003 5108 Ovidius,
3045 5041 3137 5111 qui
3167 5039 3238 5097 de
3270 5041 3466 5097 eodem
3493 5041 3671 5099 Ainea
3700 5042 3819 5101 haec

2209 5131 2434 5187 metrice
2449 5133 2612 5187 etiam
2633 5132 2943 5188 decantavit
2972 5150 2985 5186 :

2300 5243 2580 5310 inisti-stum
2605 5246 2825 5308 genitrix
2848 5245 3015 5297 divino
3036 5261 3216 5310 corpus
3236 5248 3389 5299 odore

2304 5306 2491 5374 ﬁnxit,
2508 5315 2561 5358 et
2584 5306 2845 5374 ambrosia,
2869 5322 2979 5359 cum
3003 5306 3135 5361 dulci
3160 5320 3361 5362 nectare
3386 5313 3560 5374 mixta,

2303 5368 2519 5437 gontigit
2563 5383 2635 5437 o_s,
2660 5371 2895 5437 fecitque
2927 5374 3074 5437 deum
3101 5388 3280 5437 :quem
3307 5376 3445 5423 turba
3471 5368 3664 5434 Quirini

2303 5430 2563 5496 Nuncupat
2587 5430 2882 5497 Indigetem,
2913 5430 3196 5499 temploque
3220 5439 3415 5499 arisque
3439 5430 3656 5502 recepit.

2882 5516 3072 5583 (0vid.,
3099 5517 3185 5572 lib.
3212 5535 3294 5573 xxv
3317 5524 3537 5585 letam,
3562 5524 3587 5586 §
3611 5524 3716 5586 15.)

2284 5624 2486 5680 Verum
2519 5625 2590 5679 ibi
2616 5624 2823 5681 Encas
2852 5642 2883 5682 a
2913 5626 3130 5683 Tibullo
3151 5637 3206 5683 et
3229 5628 3443 5695 Ovidio,
3467 5628 3817 5700 quemadmo-

2211 5717 2341 5774 dum
2379 5734 2409 5771 a
2449 5712 2678 5789 Virgilio
2718 5720 2920 5792 (Virg.,
2964 5720 3056 5775 lib.
3091 5738 3165 5778 xu
3207 5720 3451 5791 Αἰιιείάη
3504 5738 3615 5779 vers
3656 5721 3812 5792 794),

2215 5808 2461 5881 aliisque,
2491 5811 2605 5882 jam
2635 5827 2664 5868 a
2691 5814 2849 5869 nobis
2874 5813 3055 5869 citatis
3082 5817 3461 5887 scriptoribus,
3486 5832 3593 5872 non
3621 5817 3676 5871 in
3701 5814 3815 5872 No-

2218 5904 2528 5975 vensilium,
2561 5905 2656 5963 sed
2698 5900 3001 5979 Indigetum
3037 5909 3271 5966 deorum
3296 5922 3526 5968 numero
3563 5911 3810 5981 ponitur.
