3980 6330
171 392 265 459 581

1420 390 1487 459 lN
1527 395 1902 470 ARNOBIUM,
1944 398 2095 459 CAP.
2139 397 2301 459 XVII.

3363 400 3467 460 382

170 521 237 576 At
258 523 409 574 certe
432 516 705 573 Arnobius
732 516 816 573 his
843 510 972 573 alibi
1012 504 1356 588 subscripsil,
1387 517 1479 573 ubi
1517 518 1770 574 eumdem
1799 532 1852 589 Α
1882 540 1901 573 ι
1932 519 2073 576 Sane
2104 519 2210 575 hoc
2238 519 2359 574 loco
2386 514 2662 592 Virgilius,
2710 527 2926 575 secutus
2968 525 3209 575 veterum
3255 520 3467 590 opinio-

173 614 426 683 .‘Eneatu,
451 627 746 684 suppresso
770 621 950 668 tamen
976 612 1093 683 ejus
1122 612 1365 679 nomine,
1398 622 1451 667 et
1472 613 1608 667 alios
1638 613 1771 669 deos

172 709 249 764 sic
277 706 510 763 irridet:
548 726 567 760 (
600 707 869 780 indigetes
899 707 974 763 illi
995 748 1010 774 ,
1039 708 1131 779 qui
1160 708 1359 763 [lumen
1390 717 1606 779 repunt,
1638 717 1691 763 et
1717 709 1771 763 in

173 802 340 858 alveis
371 802 585 858 Numici
616 818 735 858 cum
770 803 938 862 ramis
966 811 1022 858 et
1063 803 1340 876 pisciculis
1368 802 1570 876 degunt
1604 823 1623 857 ι
1652 801 1774 876 (Ar-

175 897 315 963 nob.,
341 896 431 951 lib.
461 913 501 963 1,
534 913 651 969 pag.
681 896 799 969 20).

242 988 431 1061 Neque
450 991 539 1043 alii
562 989 918 1061 proculdubio
945 990 1019 1046 illi
1045 987 1331 1062 Indigetes,
1362 1005 1522 1061 quam
1556 989 1771 1046 Noven-

174 1085 299 1141 siles
330 1085 406 1140 dii
442 1100 565 1141 esse
596 1084 867 1141 videnlur.
900 1084 1032 1141 Nam
1064 1086 1221 1141 sicuti
1249 1086 1322 1139 ait
1352 1085 1601 1157 Servius,
1632 1104 1650 1136 ι
1686 1085 1774 1140 In-

176 1179 384 1251 digetes
415 1179 635 1249 proprie
656 1187 783 1233 sunt
804 1178 876 1233 dii
899 1195 967 1233 ex
996 1176 1311 1234 hominibus
1337 1176 1466 1233 facti
1486 1218 1502 1243 ,
1536 1179 1689 1250 quasi
1719 1177 1772 1232 in

176 1273 279 1331 diis
323 1281 550 1347 agentes
585 1293 604 1326 ι
647 1273 823 1347 (Serv.
867 1273 920 1328 in
948 1273 1038 1328 lib.
1069 1290 1086 1328 1
1128 1273 1338 1346 Geor-9.,
1369 1290 1424 1346 p.
1462 1270 1579 1348 94).
1613 1272 1776 1329 Tales

177 1375 361 1422 autem
401 1374 557 1423 erant
592 1365 934 1435 Novensiles,
979 1367 1047 1422 de
1085 1367 1279 1438 quibus
1328 1373 1558 1440 egimus.
1614 1367 1777 1422 Addit

177 1461 438 1529 Servius,
486 1480 505 1513 ι
548 1461 788 1518 Ahusive
827 1477 1019 1518 omnes
1056 1461 1131 1518 dii
1176 1464 1506 1534 generaliter
1550 1472 1779 1534 possunt

178 1556 596 1627 dicilndigetes,
631 1566 886 1629 tanquam
927 1558 1124 1612 nullius
1151 1559 1230 1612 rei
1258 1564 1476 1629 egentes
1514 1577 1532 1611 ›
1566 1554 1771 1631 (Idem,

177 1649 232 1703 in
260 1648 352 1704 lib.
382 1665 458 1705 ιιι
501 1646 746 1714 ﬂuent,
782 1664 903 1724 pag.
940 1649 1091 1723 702).
1114 1651 1219 1708 Sed
1265 1650 1381 1707 haec
1425 1650 1645 1722 quidem
1685 1651 1777 1707 ille

182 1744 405 1799 uberius
431 1743 560 1799 alibi
590 1743 863 1799 edisserit.
906 1743 1214 1800 Macrobius
1243 1746 1407 1800 etiam
1440 1744 1675 1814 priorem
1714 1743 1778 1798 il-

127 1820 133 1829 ’
180 1834 283 1892 lius
327 1836 751 1907 explicationem
800 1836 1024 1893 Hesiodi
1072 1838 1392 1892 auctoritate
1445 1838 1776 1892 continuat:

1877 631 2034 683 nem,
2079 615 2382 684 Neptunum
2421 624 2624 669 tantum
2651 655 2666 680 ,
2719 622 2773 668 et
2817 612 3114 685 Apollinem
3148 614 3466 669 nominavit.

1875 701 2133 757 Dicuntur
2157 707 2298 760 enim
2323 706 2376 761 hi
2404 707 2476 761 dii
2508 704 2730 762 Penates
2761 706 2954 771 fuisse,
2994 718 3129 777 quos
3164 721 3343 772 secum
3374 706 3468 760 ad-

1876 795 2025 849 vexit
2064 794 2297 862 fEueas,
2329 798 2578 869 quamvis
2607 798 2834 853 diversis
2866 798 2998 852 locis
3028 797 3160 853 alias
3186 797 3468 868 opiniones

1874 889 2100 944 aliorum
2149 900 2369 946 secutus
2429 904 2589 963 poeta
2616 935 2630 958 ,
2672 892 2738 947 de
2782 891 2884 945 diis
2923 890 3213 947 Penatibus
3257 891 3470 949 diversa

1874 981 2068 1037 dixerit
2103 1000 2121 1036 ι
2157 984 2389 1055 (Servius
2416 1029 2430 1051 ,
2460 1002 2579 1056 pag.
2607 984 2715 1038 272
2736 986 2775 1054 ).
2816 982 3028 1039 Vldesis
3058 984 3305 1039 eumdem
3345 985 3470 1040 Ser-

1875 1075 2021 1129 vium
2049 1075 2152 1129 alia
2194 1076 2344 1147 plura
2387 1076 2513 1130 alibi
2548 1075 2616 1131 de
2637 1077 2824 1130 iisdem
2871 1074 3149 1130 Penatibus
3188 1076 3470 1147 disputan-

1877 1176 1985 1223 tem
2046 1166 2241 1238 (ldem,
2274 1170 2329 1223 in
2360 1170 2453 1225 lib.
2491 1187 2545 1239 1,
2574 1184 2744 1225 versus
2773 1170 2920 1236 584;
2954 1180 2999 1225 et
3030 1171 3083 1225 in
3107 1168 3193 1224 lib.
3226 1185 3283 1225 ιιι
3309 1212 3324 1235 ,
3356 1187 3470 1226 ver-

1874 1276 1959 1315 sus
1991 1260 2092 1316 M8
2120 1271 2165 1315 et
2196 1260 2347 1332 168).

1947 1356 2130 1415 Altera
2160 1355 2354 1427 Nigidii
2396 1355 2464 1411 de
2504 1356 2585 1411 itis
2622 1355 2725 1412 diis
2763 1355 3035 1427 Opinatio,
3081 1371 3241 1427 quam
3283 1362 3473 1411 auctor

1877 1454 2064 1501 noster
2093 1446 2525 1518 inexplicabilem
2552 1447 2705 1513 dixit,
2731 1462 2793 1503 ea
2822 1449 2941 1514 fuit,
2966 1463 3071 1519 qua
3102 1457 3331 1518 quatuor
3352 1461 3476 1502 esse

1876 1539 2097 1595 deorum
2147 1539 2422 1595 Penatium
2463 1556 2683 1612 genera,
2734 1552 2895 1610 atque
2942 1540 3080 1597 alios
3126 1541 3294 1609 Jovis,
3336 1541 3476 1596 alios

1876 1631 2139 1703 Neptuni,
2170 1630 2306 1688 alios
2333 1634 2646 1698 inlerorutu,
2678 1646 2729 1690 et
2762 1636 3063 1689 mortalium
3095 1636 3373 1689 hominum
3403 1633 3478 1688 ul-

1880 1726 2039 1782 timos
2070 1742 2189 1782 esse
2215 1727 2478 1798 garribat.
2501 1728 2856 1796 Quantumvis
2892 1738 3072 1785 autem
3111 1729 3352 1785 Arnobio
3375 1729 3475 1783 oh-

1877 1837 2034 1878 scum
2060 1822 2304 1878 videatur
2333 1823 2446 1878 haec
2465 1822 2659 1894 Nigidii
2676 1826 2974 1888 sententia;
2999 1822 3276 1878 videamus
3298 1830 3478 1876 tamen

187 1945 207 1979 ι
240 1928 513 1985 Hesiodus
541 1928 760 1994 divinae,
791 1947 811 1981 ι
841 1929 1015 2000 inquit
1045 1927 1328 2000 (.tlacrob.,
1359 1928 1447 1984 lib.
1470 1944 1486 1983 1
1513 1930 1567 1982 in
1590 1928 1772 1984 Somn.
1807 1919 1854 1979 B
1883 1926 2059 1971 utrum
2108 1917 2199 1971 lux
2243 1916 2420 1987 aliqua
2464 1919 2514 1972 ei
2564 1925 2797 1987 nequeat
2835 1916 3042 1971 alTerri.
3092 1916 3168 1971 De
3196 1914 3479 1969 Penatibus

185 2022 356 2095 Scip.,
389 2040 508 2094 cap.
535 2024 588 2088 8,
618 2042 742 2096 pag.
774 2022 888 2090 52),
932 2023 1137 2080 sobolis
1170 2034 1431 2092 assertor,
1463 2025 1673 2095 priscos
1696 2040 1781 2078 re-

182 2131 275 2187 ges
304 2132 428 2172 cum
457 2115 564 2171 diis
588 2124 940 2184 annumerat;
969 2118 1160 2188 trisque
1180 2117 1429 2189 exemplo
1458 2117 1659 2172 veteris
1686 2130 1783 2187 po-

186 2210 399 2264 testatis
420 2210 587 2265 etiam
624 2211 678 2265 in
707 2211 849 2266 ctelo
878 2211 1098 2283 regendi
1130 2227 1220 2268 res
1249 2212 1514 2267 humanas
1540 2210 1783 2283 assignat

184 2300 444 2358 ofﬁcium.
476 2304 546 2358 Et
575 2321 643 2360 ne
682 2306 769 2360 cui
801 2305 1143 2362 fastidiosum
1174 2306 1268 2376 sit,
1306 2308 1350 2362 si
1382 2321 1570 2363 versus
1601 2307 1781 2377 ipsos,

185 2403 244 2449 ut
266 2404 425 2467 poeta
451 2395 673 2453 Graecus
696 2398 947 2467 protulit,
975 2399 1297 2455 inseramus.
1327 2400 1644 2456 Referemus
1665 2414 1782 2467 eos,

187 2498 242 2547 ut
265 2507 337 2547 ex
366 2492 547 2548 verbis
574 2493 693 2564 ejus
719 2493 772 2548 in
805 2493 970 2551 latina
998 2495 1161 2550 verba
1182 2510 1443 2551 conversa
1470 2503 1595 2551 sunt
1625 2512 1637 2549 :

276 2603 538 2671 Indigetes
558 2606 660 2671 divi
682 2605 779 2656 fato
802 2608 980 2658 summi
1001 2607 1137 2659 Jovis
1157 2609 1207 2659 hi
1231 2613 1364 2670 sunt,

277 2670 531 2733 Quondam
569 2670 811 2731 homines,
839 2672 978 2721 modo
1001 2686 1108 2721 cum
1132 2674 1327 2733 superis
1350 2672 1557 2721 humana
1584 2677 1787 2722 tuentes

277 2730 428 2794 Largi
452 2744 508 2782 ac
528 2733 743 2783 muniﬁci
762 2770 778 2795 ,
797 2730 881 2797 jus
899 2749 1074 2798 regum
1098 2730 1227 2785 nunc
1245 2749 1446 2799 quoque
1469 2737 1615 2785 nacti.
1641 2752 1664 2781 »

187 2842 464 2897 Arnobius
508 2857 639 2898 vero
676 2851 861 2897 noster
893 2843 991 2898 hos
1024 2842 1193 2899 fuisse
1230 2853 1509 2899 asseverat
1545 2842 1785 2898 crudeli-

186 2942 319 3000 tate,
354 2936 582 3003 stupris,
608 2934 916 3003 adulteriis,
951 2935 1273 3006 sacrilegiis,
1301 2945 1357 2990 et
1379 2935 1619 2991 caedibus
1644 2936 1786 2989 inla-

184 3040 302 3081 mes
326 3024 573 3098 (Aruob.,
597 3026 684 3080 lib.
714 3041 772 3093 ιι,
806 3042 925 3099 pag.
951 3027 1064 3100 59).
1097 3026 1308 3083 Videsis
1331 3026 1633 3096 Giraldum,
1656 3028 1789 3084 Vos-

186 3120 348 3184 siutn,
377 3118 836 3190 Lescalopierium
867 3132 921 3175 et
943 3122 1078 3176 alios
1128 3120 1383 3191 (Girald.,
1427 3122 1701 3193 Syntagm.
1732 3138 1784 3189 i,

188 3232 240 3285 p.
274 3216 391 3283 15;
444 3214 617 3281 Voss.,
644 3216 698 3270 in
726 3214 1048 3288 Etgmolog.;
1088 3215 1316 3285 Lescal.,
1360 3220 1413 3272 in
1436 3216 1603 3272 Cicer.
1635 3218 1723 3273 lib.
1770 3233 1790 3272 1

1885 2024 2016 2064 vero
2048 2009 2161 2064 haec
2188 2017 2314 2063 sunt
2343 2008 2549 2079 Virgilii
2571 2009 2732 2080 paulo
2752 2019 2876 2067 ante
2891 2009 3038 2064 citati
3065 2009 3303 2063 carmina
3330 2024 3344 2063 :

2752 2122 2906 2174 Feror
2933 2122 3075 2173 exsul
3101 2125 3148 2173 in
3172 2122 3325 2173 altum

1975 2184 2095 2237 Cum
2116 2185 2280 2247 sociis,
2305 2191 2539 2247 natoque,
2562 2186 2852 2247 Penatibus,
2877 2195 2930 2237 et
2952 2187 3142 2250 magnis
3163 2187 3278 2237 diis.

2453 2272 2682 2339 (Virgil.,
2706 2271 2791 2325 lib.
2816 2287 2869 2324 ιιι
2892 2271 3106 2334 /Eneid.,
3131 2285 3257 2323 vers.
3286 2272 3390 2335 12.)

1882 2385 2093 2455 Atquid
2120 2386 2171 2440 in
2203 2384 2302 2439 hos
2326 2399 2511 2441 versus
2538 2383 2917 2438 animadvertit
2943 2382 3193 2450 Servius,
3216 2382 3476 2448 animum,

1884 2482 1927 2535 si
1958 2480 2173 2550 placet,
2231 2479 2505 2550 paulisper
2545 2477 2931 2555 advertamus:
2969 2494 2989 2529 ι
3028 2478 3160 2543 Alii,
3200 2495 3220 2529 ι
3270 2476 3481 2547 inquit,

1892 2591 1911 2625 (
1949 2587 2172 2643 magnos
2189 2571 2319 2626 deos
2335 2566 2570 2637 Caelum,
2596 2586 2658 2624 ae
2680 2571 2903 2625 Terram
2924 2578 3135 2640 putant,
3168 2583 3231 2623 ac
3258 2584 3354 2639 per
3381 2567 3486 2622 hoc

1885 2666 2070 2722 Jovem
2100 2674 2154 2720 et
2181 2663 2471 2719 lunonem.
2510 2664 2603 2717 Dei
2645 2663 2875 2719 Penates
2897 2679 2927 2717 a
2951 2662 3321 2719 Samothracia
3350 2656 3483 2717 sub-

1887 2759 1979 2813 lati
2005 2757 2073 2811 ab
2108 2753 2283 2811 Enea
2304 2794 2318 2821 ,
2352 2757 2409 2810 in
2438 2756 2643 2810 Italiam
2670 2755 2878 2809 advecti
2911 2763 3036 2809 sunt
3068 2773 3082 2810 :
3116 2754 3256 2810 unde
3289 2754 3483 2809 Samo-

1889 2850 2103 2904 thraces
2128 2850 2339 2919 coguati
2378 2848 2741 2904 Romanorum
2771 2862 2891 2903 esse
2916 2846 3202 2915 dicuntur;
3237 2861 3373 2919 quos
3403 2848 3485 2902 in-

1889 2952 1971 2998 ter
2000 2952 2197 2998 caetera
2239 2943 2361 2997 ideo
2389 2956 2611 3013 magnos
2645 2942 2956 3012 appellant,
2986 2942 3129 3013 quod
3156 2943 3224 2997 de
3259 2940 3485 2998 Lavinio

1890 3038 2134 3093 translati
2159 3038 2408 3104 Romam,
2436 3038 2522 3091 bis
2551 3037 2601 3090 in
2635 3036 2809 3091 locum
2833 3050 2989 3090 suum
3014 3035 3309 3103 redierint;
3342 3036 3487 3107 quod

1890 3129 2251 3199 imperatores
2273 3128 2656 3199 in‘provincias
2673 3128 2819 3193 ituri,
2849 3128 2988 3197 apud
3013 3142 3109 3183 eos
3130 3129 3361 3198 primum
3385 3129 3488 3182 itit-

1891 3223 2198 3291 molabant,
2241 3224 2383 3293 quod
2413 3237 2601 3278 eorum
2632 3223 2847 3275 nomina
2879 3237 3040 3276 nemo
3077 3222 3304 3289 nesciat,
3341 3222 3488 3293 quod

188 3310 249 3362 de
271 3307 472 3363 Natur.
491 3309 657 3377 deum,
686 3308 857 3381 ΜΞ).
883 3310 1015 3377 Quis
1041 3325 1169 3381 ergo
1193 3311 1327 3365 lerat
1353 3310 1659 3381 huiusmodi
1683 3311 1790 3368 fac-
1819 3308 1865 3371 C
1898 3323 2197 3385 praesentes
2223 3318 2594 3372 sentiantur...
2615 3330 2751 3385 quos
2778 3316 2995 3370 immani
3020 3316 3235 3386 penitus
3262 3317 3314 3371 in
3340 3317 3488 3371 cultu

188 3408 273 3456 tos
299 3402 372 3456 ah
395 3401 706 3458 hominibus
727 3402 879 3468 deos,
903 3418 1131 3473 quorum
1156 3418 1255 3459 nec
1276 3415 1546 3474 parentes,
1574 3419 1672 3459 nec
1691 3407 1793 3461 ori-

187 3496 393 3566 ginem,
427 3510 527 3550 nec
548 3509 835 3551 numerum
861 3498 1277 3567 compererant?
1304 3497 1574 3570 Numquid
1601 3499 1652 3553 in
1692 3514 1790 3567 po-

192 3600 387 3648 testate
416 3592 692 3647 hominum
716 3601 800 3648 est.
819 3594 939 3647 aliis
962 3593 1197 3649 tribuere
1224 3593 1595 3649 divinitatem?

804 3726 1099 3767 ARTICULUS
1136 3728 1194 3767 ll.

192 3853 347 3915 Quam
368 3855 519 3904 variae
543 3851 727 3901 fuerint
748 3850 1005 3915 gentilium
1035 3851 1098 3915 de
1117 3850 1214 3900 diis
1236 3850 1523 3911 Penatibus,
1548 3849 1792 3901 Penetra-

251 3919 400 3979 libus,
426 3916 782 3969 Consentibus,
824 3921 873 3963 et
897 3914 1223 3978 Complicibus
1258 3915 1548 3978 opiniones,
1578 3928 1635 3964 ac
1669 3927 1792 3975 quo-

254 3982 399 4031 modo
426 3980 541 4029 inde
566 3992 735 4030 eorum
759 3979 987 4027 divinitas
1011 3982 1282 4027 evertatur.

266 4085 349 4141 Ad
400 4083 532 4139 deos
576 4094 798 4154 penates
826 4085 871 4139 si
900 4083 1126 4158 gradum
1176 4099 1297 4139 cum
1342 4097 1561 4140 auctore
1606 4096 1794 4141 nostro

193 4179 461 4236 faciamus
491 4178 730 4250 (Arnob.,
756 4178 845 4232 lib.
876 4194 957 4246 ιιι,
982 4194 1103 4249 pag.
1137 4177 1284 4247 125),
1336 4195 1443 4233 non
1466 4179 1704 4234 minores
1725 4178 1795 4235 de

195 4277 300 4332 illis
320 4284 609 4331 occurrent
631 4272 974 4331 ethniCorum
1001 4275 1151 4338 rixae,
1182 4288 1245 4329 ac
1264 4274 1660 4329 contentiones.
1688 4274 1794 4329 No-

195 4369 276 4425 bis
302 4366 570 4439 siquidem
599 4368 838 4422 ostendit
873 4367 1045 4423 levem
1077 4382 1299 4436 prorsus
1340 4382 1495 4434 esse,
1526 4376 1581 4423 et
1610 4369 1795 4423 incon-

194 4477 428 4521 stantem
463 4462 658 4534 Nigidii
695 4463 762 4519 de
790 4463 896 4518 illis
926 4464 1271 4519 sententiam.
1312 4464 1538 4518 Etcerte
1562 4466 1793 4534 primum

196 4563 287 4620 ille
318 4562 533 4617 censuit
569 4559 791 4619 Penates
816 4558 947 4615 deos
977 4560 1141 4615 luisse
1169 4559 1475 4629 Neptunum
1502 4569 1558 4616 et
1594 4561 1803 4630 Apollict

196 4673 343 4721 nem,
374 4654 467 4725 qui
498 4663 650 4724 pacta
675 4654 1004 4721 conditione,
1040 4661 1100 4708 ut
1136 4653 1262 4708 alibi
1306 4653 1534 4710 vidimus
1567 4654 1791 4727 (Supr.,

196 4767 313 4822 cap.
336 4750 373 4806 4
393 4791 409 4817 ,
438 4758 538 4803 art.
574 4750 666 4819 1),
700 4747 875 4817 Trojae
897 4763 1080 4802 muros
1107 4747 1366 4805 fecerunt.
1404 4749 1474 4803 At
1494 4748 1796 4804 Macrobius

196 4845 393 4901 asserit
420 4845 560 4898 hanc
587 4858 691 4899 non
726 4843 887 4898 modo
910 4840 1127 4913 Nigidii,
1157 4842 1251 4897 sed
1281 4842 1517 4898 Cornelii
1557 4860 1791 4914 quoque,

193 4937 491 5002 Labeonis,
519 4952 582 4993 ac
609 4936 815 5008 Virgilii
844 4937 1007 4992 fuisse
1029 4935 1357 5005 opinionem.
1391 4935 1493 4991 Ubi
1514 4936 1794 4993 enimvero

194 5034 267 5091 de
293 5019 401 5089 diis
434 5030 716 5086 Penatibus
740 5072 757 5098 ,
788 5045 883 5086 seu
901 5070 916 5095 ,
948 5040 1003 5084 ut
1032 5029 1125 5085 ille
1150 5030 1244 5090 ait,
1274 5028 1643 5084 Primanorum
1668 5045 1791 5101 pro-

198 5127 353 5199 priis,
392 5124 650 5195 disputat,
684 5120 802 5179 haec
828 5123 1014 5179 scribit
1047 5141 1062 5179 ι
1100 5141 1119 5174 ι
1152 5116 1393 5193 Nigidius
1427 5122 1493 5177 de
1520 5110 1624 5178 diis
1652 5123 1793 5177 libro

196 5217 415 5275 decimo
459 5234 602 5271 nono
633 5216 877 5286 requirit,
912 5231 1037 5271 num
1076 5215 1147 5270 dii
1190 5213 1440 5281 Penates,
1469 5215 1578 5268 sint
1605 5213 1792 5284 Troja-

199 5328 397 5368 noruni
426 5310 619 5379 Apollo
645 5318 699 5364 et
717 5308 1016 5379 Neptunus,
1043 5310 1132 5379 qui
1167 5324 1351 5362 muros
1374 5308 1451 5363 cis
1479 5307 1671 5363 fecisse
1710 5307 1795 5362 di-

200 5415 432 5464 cuntur:
460 5414 516 5458 et
543 5418 669 5457 num
693 5416 788 5458 eos
813 5403 865 5457 in
884 5402 1090 5457 Italiam
1117 5401 1319 5458 AEneas
1343 5404 1636 5458 advexerit.
1660 5401 1797 5456 Cor-

203 5499 381 5553 nelius
420 5511 636 5576 quoque
681 5496 860 5553 Labeo
884 5495 1025 5551 libro
1060 5495 1126 5551 de
1168 5496 1232 5550 iis
1277 5494 1568 5550 Penatibus
1609 5495 1795 5550 eadem

202 5595 501 5649 existimat.
531 5591 679 5647 Hanc
709 5591 1016 5662 opinionem
1049 5591 1290 5662 sequitur
1312 5590 1459 5645 Maro
1481 5606 1602 5646 eum
1633 5589 1791 5645 dicit:

306 5724 328 5751 α
354 5704 437 5755 Sic
454 5704 601 5765 fatus,
625 5708 825 5755 meritos
844 5704 944 5754 aris
966 5705 1207 5754 mactabat
1232 5705 1459 5764 honores,

300 5767 521 5819 Taurum
545 5768 793 5831 Neptuno,
821 5769 1125 5831 taurumtibi
1149 5767 1354 5831 pulcher
1377 5766 1567 5831 Apollo.
1593 5783 1617 5811 ιι

743 5829 968 5896 (γίγνει,
993 5828 1075 5885 lib.
1106 5828 1163 5883 tu
1185 5830 1401 5891 Eneti,
1424 5828 1550 5883 vers.
1576 5830 1709 5891 118»)

213 5942 282 5994 At
312 5940 411 5996 ista
439 5954 657 6012 quoque
672 5948 759 5995 est
775 5937 952 5996 Servii
970 5938 1025 5994 in
1046 5938 1146 5994 hos
1164 5944 1352 5994 versus
1368 5936 1765 5995 (“bumaste
1788 5955 1801 5992 :

1896 3410 2129 3475 habent,
2160 3423 2296 3482 quos
2325 3411 2428 3465 nisi
2461 3411 2733 3467 sacerdoti
2760 3411 2945 3466 videre
2972 3409 3055 3466 fas
3082 3411 3215 3467 nulli
3243 3410 3339 3466 fuit
3358 3454 3372 3478 ,
3396 3412 3488 3482 qui

1892 3505 2017 3560 ideo
2041 3505 2268 3560 Penates
2286 3504 2648 3576 appellantur,
2667 3505 2882 3575 quodin
2911 3505 3273 3575 penetralibus
3291 3505 3487 3559 aedium

1892 3599 2015 3654 (τωιί
2044 3599 2289 3654 sedeant.
2326 3598 2461 3653 Nam
2492 3606 2546 3652 et
2574 3599 2745 3667 ipsum
2770 3600 3010 3669 penetral
3043 3612 3210 3667 penus
3226 3598 3486 3652 dicitur...

1896 3690 2066 3746 Varro
2098 3706 2285 3747 eorum
2317 3692 2445 3747 dicit
2470 3691 2700 3746 Penates
2734 3698 2791 3746 et
2826 3705 3049 3761 magnos
3074 3691 3228 3747 deos.
3257 3690 3389 3745 Nam
3433 3701 3490 3749 et

1893 3783 1945 3837 in
1968 3784 2081 3839 basi
2109 3784 2447 3839 scribebatur
2474 3803 2487 3837 :
2519 3784 2725 3839 MAGMS
2746 3798 2871 3838 nus.
2903 3782 3087 3841 Potest
3115 3792 3292 3839 tamen
3317 3785 3419 3839 hoc
3435 3793 3492 3841 et

1894 3892 1993 3947 pro
2018 3876 2224 3931 honore
2251 3876 2375 3932 dici.
2406 3875 2539 3930 Nam
2566 3885 2621 3931 et
2645 3875 2716 3948 dii
2742 3880 2919 3947 magni
2948 3887 3073 3931 sunt
3092 3918 3107 3943 ,
3138 3868 3370 3948 Jupiter,
3397 3876 3492 3933 Ju-

1896 3984 1987 4036 no,
2023 3969 2283 4034 Minerva,
2318 3968 2611 4024 Mercurius
2631 4009 2646 4036 ,
2674 3969 2766 4039 qui
2793 3969 2979 4024 Rome
3003 3970 3353 4036 colebantur;
3385 3970 3484 4026 Pe-

1896 4072 2050 4116 nates
2065 4076 2194 4117 vero
2220 4062 2361 4133 apud
2385 4060 2619 4118 Lautum
2641 4061 2944 4131 Lavinium,
2969 4061 3111 4119 unde
3135 4074 3360 4134 apparet
3382 4078 3491 4120 non

1894 4173 2016 4213 esse
2042 4172 2227 4212 unum.
2258 4176 2278 4209 ι

1967 4252 2161 4307 Totum
2184 4249 2325 4306 hunc
2353 4251 2529 4307 locum
2553 4254 2655 4307 etsi
2687 4251 2848 4322 paulo
2873 4252 3174 4322 longiorem
3199 4246 3324 4307 ideo
3344 4259 3494 4307 tran-

1897 4345 2245 4416 scripsimus,
2280 4346 2403 4416 quia
2439 4346 2566 4400 inde
2601 4354 2750 4414 patet
2777 4348 3035 4415 quantum
3074 4344 3215 4399 inter
3245 4345 3494 4401 ethnicos

1894 4444 2189 4510 scriptores
2216 4438 2289 4494 de
2329 4438 2436 4493 diis
2480 4438 2775 4494 Penatibus
2811 4437 3065 4492 varietur.
3113 4438 3316 4493 Deinde
3361 4455 3495 4496 vero

1897 4534 2142 4607 qiuaedam
2175 4535 2244 4591 ab
2279 4535 2521 4590 Arnobio
2558 4531 2754 4586 tradita
2783 4531 2985 4586 diserte
3026 4533 3113 4587 hic
3151 4538 3491 4590 asseruntur.

1898 4630 2248 4684 Communior
2273 4642 2455 4682 autem
2485 4626 2775 4690 sententia,
2808 4624 2895 4679 eui
2923 4640 3027 4677 non
3060 4632 3265 4678 tantum
3301 4624 3491 4692 Varro,

1821 4698 1997 4778 Dsed
2036 4724 2201 4777 etiam
2235 4721 2523 4791 Dionysius
2561 4717 2999 4773 Halicarnasseus
3021 4758 3035 4783 ,
3067 4717 3400 4787 Augustinus
3439 4726 3498 4775 et

1902 4817 1990 4872 alii
2031 4815 2377 4871 subscribunt
2399 4855 2413 4880 ,
2467 4810 2569 4866 fuit
2605 4812 2740 4866 deos
2778 4811 3006 4866 Penates
3045 4825 3141 4865 eos
3167 4824 3291 4866 esse
3314 4853 3329 4879 ,
3357 4825 3496 4882 quos

1900 4909 2100 4964 i‘Eneas
2122 4923 2303 4963 secum
2335 4907 2385 4961 in
2433 4905 2637 4960 Italiam
2661 4904 2991 4974 adsportavit
3015 4903 3192 4975 (Van,
3224 4906 3313 4960 lib.
3356 4921 3408 4960 1v
3433 4903 3497 4960 de

1899 5002 2053 5074 Ling.
2080 5002 2196 5068 lat.,
2230 5016 2352 5071 pag.
2385 5001 2455 5056 '55
2480 5016 2499 5063 ;
2528 4997 2747 5070 Dionys.
2798 4998 2975 5054 Helio.
2998 5041 3014 5067 ,
3049 4999 3141 5055 lib.
3184 5014 3203 5056 1
3241 5000 3495 5071 Antiquit.

1898 5112 2055 5161 rom.,
2090 5112 2209 5166 pag.
2245 5095 2354 5157 54;
2394 5090 2615 5165 August.
2646 5133 2662 5159 ,
2708 5093 2796 5148 lib.
2842 5108 2877 5148 x
2921 5094 2985 5148 de
3012 5091 3167 5148 Civil.
3193 5135 3208 5161 ,
3238 5108 3356 5164 eap.
3390 5093 3458 5147 16
3480 5134 3497 5159 ,

1898 5205 2019 5260 pag.
2044 5187 2153 5244 ‘25!
2180 5188 2223 5259 ).
2255 5187 2417 5242 Addit
2445 5187 2667 5257 insuper
2694 5187 2979 5259 Dionysius
3007 5203 3037 5241 a
3068 5187 3281 5257 graecis,
3306 5186 3399 5257 qui
3422 5186 3499 5240 la-

1899 5282 2065 5337 tinam
2099 5295 2283 5335 vocent
2314 5292 2491 5351 grtece
2518 5280 2871 5336 reddiderunt
2905 5279 3005 5333 hos
3037 5278 3172 5334 deos
3206 5295 3237 5333 ιι
3268 5277 3501 5333 nonnul-

1903 5376 1969 5430 lis
1992 5378 2294 5451 Πατρὼους,
2343 5374 2412 5429 ab
2440 5375 2562 5429 aliis
2588 5376 2865 5449 γενεθλίους
2888 5413 2904 5440 ,
2948 5372 2981 5426 ὲ
3020 5368 3343 5442 Quibusdam
3369 5394 3499 5432 κτη-

1906 5473 2053 5531 σίους
2076 5510 2092 5537 ,
2125 5462 2195 5524 ab
2217 5469 2334 5525 aliis
2354 5472 2584 5542 μυχὲους
2605 5509 2619 5533 ,
2652 5472 2744 5527 aut
2768 5469 2983 5544 ἔρχέους
3001 5466 3318 5535 appellatos.
3346 5465 3500 5522 Prat-

1900 5566 2051 5613 terea
2098 5570 2227 5612 vero
2261 5556 2481 5612 Cassius
2522 5556 2749 5610 Hemina
2772 5594 2787 5620 ,
2832 5568 2861 5609 a
2899 5553 3166 5609 Macrobio
3209 5551 3500 5622 laudatus,

1904 5651 2152 5720 perhibet
2186 5650 2405 5705 eosdem
2447 5649 2812 5703 Romanorum
2855 5646 3085 5701 Penates
3127 5646 3344 5717 proprie
3392 5646 3504 5704 dici

1905 5747 2049 5807 θεοὺς
2076 5746 2350 5819 μεγάλους,
2382 5747 2527 5803 θεοὺς
2565 5744 2856 5817 χρηστοὺς,
2886 5743 3026 5801 ﬁeri:
3056 5739 3304 5801 δυνατούς
3331 5744 3351 5809 (
3378 5739 3501 5796 Ma-

1906 5841 2084 5905 orob.,
2112 5840 2198 5894 lib.
2234 5855 2290 5893 ιιι
2323 5836 2618 5901 Satin-ML,
2641 5850 2759 5899 cap.
2784 5835 2840 5900 ὃ,
2875 5846 2994 5905 pag.
3020 5832 3123 5889 521
3156 5831 3198 5905 ).

1982 5933 2112 6001 Quis
2139 5942 2319 5988 autem
2345 5944 2413 5986 ex
2439 5929 2601 5987 dictis
2626 5928 2782 5985 facile
2809 5943 2917 5985 non
2946 5928 3212 6001 intelligat
3237 5943 3334 5985 cur
3358 5927 3504 6002 Nigi-
