3980 6288
527 369 635 426 585

531 485 673 552 dius,
696 482 766 538 ab
791 474 1028 536 Arnobio
1048 472 1245 529 citatus
1277 468 1504 543 (Arnob.
1529 508 1544 533 ,
1573 464 1661 520 lib.
1693 478 1751 519 ιιι
1772 505 1787 529 ,
1818 478 1935 531 pag.
1969 456 2120 527 1Ξ5),
2151 442 2211 516 Αί

534 550 799 650 puta-verit
824 571 1009 627 Jovem
1038 581 1129 621 aut
1170 564 1473 634 Neptunum
1519 557 1649 614 deos
1689 571 1809 610 eSse
1852 550 2119 607 Penates?

533 673 665 742 Quis
686 668 827 723 enim
864 680 969 720 non
999 661 1142 717 videt
1178 659 1276 713 hos
1306 674 1335 712 a
1367 654 1558 711 Servio
1597 652 1729 706 deos
1769 660 1989 717 magnos
2021 660 2118 697 vo-

532 739 678 821 cari?
705 760 843 816 Nulli
867 767 1047 813 autem
1080 754 1275 808 mirum
1308 749 1475 804 videri
1503 745 1682 808 debet,
1719 741 1858 812 quod
1890 739 2119 793 subnec-

533 861 596 913 tit
632 856 772 911 idem
816 850 1076 924 Nigidius,
1106 846 1240 902 alios
1285 858 1404 900 esse
1448 842 1676 897 Penates
1727 835 2020 890 inferorum
2066 837 2123 885 et

535 948 839 1006 mortalium
864 942 1161 1005 hominum.
1197 937 1406 993 tametsi
1436 934 1487 988 id
1511 931 1647 987 adeo
1675 928 1971 983 luculenter
1998 935 2123 992 pro-

531 1046 643 1100 bari
680 1050 933 1112 nequeat.
960 1037 1094 1093 Nam
1127 1032 1348 1090 Servius
1378 1037 1561 1100 aperte
1597 1023 1837 1080 declarat
1867 1018 2121 1072 Penatmn

532 1137 748 1195 nomina
792 1131 993 1190 nemini
1039 1129 1203 1184 fuisse
1248 1126 1406 1196 plane
1444 1119 1675 1191 cognita.
1720 1115 1787 1169 Et
1829 1128 1958 1166 vero
2002 1106 2122 1178 quis

532 1234 755 1289 deorum
779 1272 794 1297 ,
821 1243 957 1300 quos
978 1239 1162 1281 secum
1184 1219 1385 1276 {Encas
1408 1216 1599 1272 detulit
1620 1255 1634 1274 ,
1662 1213 1800 1267 scire
1831 1205 1998 1278 potuit
2025 1218 2122 1281 no-

532 1341 658 1381 men
686 1333 739 1379 et
763 1316 1087 1376 numerum?
1112 1315 1224 1368 lluc
1244 1308 1476 1373 accedit,
1506 1304 1647 1376 quod
1672 1304 1787 1373 ipso
1808 1299 1984 1353 adhuc
2004 1296 2122 1351 Ser-

532 1420 621 1474 vio
648 1424 939 1472 attestaute
958 1454 973 1477 ,
1017 1409 1217 1467 nemini
1250 1405 1352 1461 nisi
1393 1399 1664 1457 sacerdoti
1707 1413 1803 1453 eos
1830 1394 2017 1450 videre
2044 1392 2122 1445 fas

533 1513 651 1567 fuit.
681 1509 874 1565 Paucis
901 1522 1030 1578 ergo
1054 1499 1317 1572 comperti
1348 1513 1468 1554 esse
1498 1499 1765 1565 poterant.

521 1600 534 1615 ’
604 1610 799 1665 Postea
831 1620 960 1662 vero
990 1600 1213 1659 Servius
1252 1611 1357 1653 non
1401 1593 1655 1650 admonet
1685 1604 1780 1645 eos
1825 1583 2122 1639 Penetrafes

534 1702 748 1767 vocari,
778 1699 919 1770 quod
949 1699 1003 1752 in
1036 1690 1403 1763 penetralibus
1428 1686 1550 1743 cteli
1582 1682 1825 1739 sedeant.
1860 1679 1974 1747 Qua
2004 1674 2122 1745 qui«

534 1800 659 1856 dem
688 1797 757 1852 de
784 1790 1110 1867 etymologia
1152 1788 1230 1844 sic
1260 1784 1427 1841 sentit
1467 1781 1656 1837 Cicero
1683 1795 1696 1830 :
1737 1796 1755 1828 ι
1790 1774 1899 1829 Nec
1931 1773 2117 1841 longe,

535 1890 750 1963 inquit,
793 1888 992 1941 absunt
1032 1883 1099 1937 ab
1140 1882 1237 1934 hac
1262 1878 1312 1932 vi
1343 1876 1415 1932 dii
1464 1874 1728 1934 Penates,
1782 1862 1896 1923 sive
1929 1882 1957 1918 ιι
1991 1878 2128 1933 penu

536 1986 701 2040 ducto
733 1982 976 2043 nbmine,
1003 1986 1086 2032 est
1111 1975 1256 2031 enim
1278 1986 1438 2027 omne
1457 2010 1470 2034 ,
1498 1984 1605 2040 quo
1628 1973 1920 2021 usccuntur
1950 1960 2129 2014 homi-

539 2092 657 2144 nes,
683 2088 886 2146 penus:
912 2071 1025 2126 sive
1053 2068 1122 2123 ab
1142 2082 1207 2120 eo
1234 2065 1375 2135 quod
1406 2062 1617 2133 penitus
1644 2057 1897 2119 insident,
1927 2070 1993 2108 ex
2023 2066 2131 2123 quo

537 2173 699 2228 etiam
731 2165 1044 2224 Penelrales
1092 2180 1121 2217 a
1154 2161 1327 2233 poetis
1362 2166 1624 2213 vocantur
1660 2173 1679 2204 ι
1725 2152 1938 2224 (Cicer.,
1973 2148 2063 2201 lib.
2094 2161 2132 2201 tt

540 2265 604 2319 de
634 2263 826 2318 Natur.
862 2261 1004 2314 deor.
1031 2302 1046 2325 ,
1082 2274 1203 2328 pag.
1237 2254 1363 2317 2‘24,
1396 2252 1488 2305 fin.
1522 2251 1582 2304 15
1605 2247 1645 2318 ).
1677 2245 1815 2313 Quid
1844 2252 2019 2297 autem
2052 2240 2134 2293 his

539 2359 697 2414 dictis
723 2357 903 2428 aptius
934 2364 988 2409 et
1010 2348 1425 2408 convenientius
1452 2343 1517 2398 ad
1537 2358 1597 2396 ca
1628 2337 1944 2411 explicanda
1973 2342 2134 2404 atque

538 2447 884 2514 stabilienda,
910 2462 1029 2517 qua:
1058 2440 1401 2514 postmodum
1434 2434 1652 2491 tradidit
1675 2434 1880 2487 Auctor
1910 2438 2130 2484 noster:

547 2565 565 2597 ι
609 2543 810 2609 Varro,
844 2541 932 2612 qui
963 2547 1090 2593 sunt
1119 2538 1417 2597 introrsus,
1465 2537 1626 2599 atque
1658 2527 1708 2580 in
1734 2524 1939 2578 intimis
1977 2534 2135 2591 pene-

541 2639 769 2695 tralibus
803 2635 927 2692 coeli
955 2634 1087 2689 deos
1116 2645 1238 2687 esse
1264 2634 1484 2692 censet,
1528 2638 1664 2693 quos
1701 2619 2006 2689 loquimur;
2038 2628 2139 2669 nec

542 2746 728 2786 eorum
756 2742 1061 2793 numerum,
1090 2738 1188 2778 nec
1217 2721 1440 2777 nomina
1461 2716 1610 2772 sciri;
1628 2733 1647 2766 ι
1674 2711 1915 2785 (Arnob.,
1942 2709 2032 2763 lib.
2054 2722 2135 2773 ιιι,

542 2844 665 2898 pag.
703 2823 806 2880 125
835 2821 855 2895 )

615 2896 697 2977 ltd
727 2919 845 2975 hanc
871 2930 1001 2972 vero
1028 2914 1119 2969 ille
1151 2910 1342 2967 scribit
1371 2922 1480 2963 non
1510 2904 1779 2967 defuisse,
1822 2900 1914 2971 qui
1953 2896 2139 2954 existi-

546 3017 815 3073 tnaverint
851 3012 1073 3077 Jovem,
1116 3008 1417 3068 Junonem,
1464 3001 1793 3061 Minervam,
1843 2995 1975 3050 deos
2016 3005 2140 3047 esse

545 3098 804 3175 Penates,
835 3108 953 3161 sine
979 3103 1172 3174 quibus
1201 3114 1302 3155 nec
1327 3097 1510 3151 vivere
1542 3106 1826 3164 possumus
1847 3130 1863 3155 ,
1897 3102 1997 3142 nec
2028 3086 2140 3154 spi-

545 3220 704 3267 rare;
734 3212 791 3257 ut
818 3210 945 3272 pote
971 3198 1061 3269 qui
1092 3198 1333 3258 ratione,
1366 3189 1579 3253 calore,
1609 3202 1673 3242 ac
1702 3184 1892 3255 spiritu
1922 3196 2019 3237 nos
2046 3195 2137 3233 re-

544 3308 670 3371 gant
712 3296 730 3369 (
764 3294 902 3351 Ibid.
938 3291 978 3365 ).
1014 3292 1084 3347 At
1112 3292 1163 3345 in
1194 3289 1421 3371 hujusce
1452 3282 1728 3354 opinionis
1764 3276 2136 3335 defensionem

546 3393 639 3449 illa
668 3399 815 3447 recte
845 3385 1073 3460 proferri
1112 3362 1376 3454 possunt,
1407 3393 1528 3449 qua:
1560 3391 1591 3429 a
1622 3371 1895 3429 Macrobio
1936 3381 2141 3424 metuo-

548 3487 646 3542 ria:
684 3486 765 3540 sic
797 3481 1007 3552 prodita
1040 3476 1269 3547 legimus
1302 3490 1314 3526 :
1349 3489 1368 3523 ι
1403 3469 1504 3539 Qui
1545 3466 1855 3537 diligentius
1893 3470 2144 3533 qnasrunt

549 3578 834 3634 veritatem
853 3615 868 3638 ,
901 3572 1131 3626 Penates
1158 3581 1279 3623 esse
1307 3563 1596 3624 dixerunt,
1634 3574 1727 3630 per
1754 3572 1793 3629 ιι
1814 3571 1890 3610 tos
1930 3554 2145 3634 penitus

552 3673 843 3741 spiramus,
868 3681 962 3736 per
986 3676 1122 3736 quos
1153 3660 1414 3715 habemus
1436 3669 1656 3726 corpus,
1690 3666 1785 3722 per
1812 3663 1950 3720 quos
1980 3630 2148 3702 ratio;

556 3738 679 3819 tt—cm
705 3742 985 3815 habemus.
1025 3775 1044 3809 ι
1073 3753 1094 3829 (
1123 3750 1356 3807 Macrob.
1382 3790 1397 3814 ,
1445 3748 1536 3804 lib.
1568 3762 1626 3802 ιιι
1657 3745 1874 3800 Saturn.
1894 3783 1908 3809 ,
1942 3756 2057 3810 cap.
2087 3738 2142 3806 4,

561 3873 683 3929 pag.
709 3853 833 3910 521.
863 3851 883 3923 )
1030 3920 1038 3927 θ

632 3927 714 4005 Ab
739 3948 805 4003 iis
840 3956 1019 4001 tamen
1059 3938 1417 4011 scriptoribus
1442 3935 1601 4008 plane
1631 3946 1961 4005 prorsusque
1987 3927 2149 3985 dissi-

560 4046 693 4102 dere
727 4042 938 4097 Videtur
974 4040 1171 4094 citatus
1208 4037 1447 4105 posthaac
1474 4031 1543 4086 ab
1568 4039 1789 4084 auctore
1825 4036 2011 4081 nostro
2038 4024 2154 4078 Ca:-

562 4134 716 4209 sius(
744 4132 937 4189 Arnob.
963 4174 976 4199 ,
1010 4130 1098 4185 lib.
1128 4145 1185 4184 ιιι
1210 4170 1225 4195 ,
1252 4145 1371 4199 pag.
1404 4124 1508 4180 125
1534 4124 1575 4196 ).
1609 4121 1829 4177 Penates
1854 4118 1998 4175 enim
2031 4130 2154 4172 esse

563 4231 730 4287 voluit
760 4227 1078 4289 Fortunam,
1099 4222 1378 4287 Cererem,
1411 4218 1640 4276 Genium
1659 4215 1945 4280 Jovialem,
1973 4220 2027 4268 et
2054 4211 2154 4267 Pa--

567 4325 673 4379 lem
717 4319 1025 4394 quemdam,
1074 4316 1223 4373 Jovis
1270 4314 1610 4378 ministrum,
1659 4327 1724 4366 ac
1761 4309 2027 4364 villicum.
2079 4305 2157 4360 De

566 4421 695 4476 Palc
715 4429 899 4474 autem
928 4415 1177 4485 superius
1203 4411 1432 4483 egimus.
1463 4407 1604 4476 Quid
1631 4415 1808 4461 autem
1845 4404 2035 4457 mirum
2060 4440 2078 4469 ,
2109 4399 2156 4455 si

565 4513 790 4571 Penates
807 4524 1106 4580 eorumque
1128 4506 1349 4561 nomina
1372 4502 1598 4563 nemini,
1618 4510 1675 4555 ut
1694 4495 2154 4564 diximns(Supr.,

567 4625 683 4679 cap.
716 4605 805 4669 14,
837 4613 937 4658 art.
966 4603 1001 4656 2
1028 4601 1080 4673 ),
1114 4598 1360 4669 cognita,
1397 4594 1614 4667 quidam
1644 4592 1873 4646 aliorum
1906 4589 2153 4643 testimo-
2182 4624 2236 4686 Ι)

569 4702 661 4756 nio
701 4699 817 4753 fulti
843 4737 858 4760 ,
909 4710 1128 4767 quoquo
1165 4690 1330 4749 modo
1369 4688 1610 4745 iudicare
1660 4681 2022 4747 tentaverint,
2066 4687 2161 4735 aut

570 4791 828 4850 finxerint
848 4788 915 4844 ad
948 4787 1198 4843 libitum?

642 4885 809 4939 Docet
834 4881 1066 4950 denique
1095 4876 1368 4933 Arnobius
1404 4873 1627 4930 Penates
1664 4871 1794 4926 deos
1820 4868 1888 4925 ab
1915 4864 2158 4923 Etruscis

574 4978 848 5033 Consentes
892 4983 945 5027 et
1002 4968 1284 5039 Complices
1338 4965 1609 5022 nominari
1664 4960 1897 5037 (Ibid.),
1952 4973 2158 5029 sexque

573 5084 697 5127 esse
745 5079 925 5123 mares
973 5062 1306 5133 t0tidemque
1353 5062 1616 5127 feminas,
1667 5057 1761 5113 sed
1820 5055 2017 5127 ignotis
2068 5067 2163 5107 tto-

573 5164 841 5227 minibus;
893 5157 985 5230 qui
1028 5165 1205 5211 tamen
1253 5153 1404 5211 Jovis
1443 5166 1569 5211 sunt
1613 5150 1941 5215 consiliarii,
1981 5163 2046 5202 ac
2088 5145 2161 5201 si-

575 5257 683 5313 mul
713 5267 768 5313 et
792 5256 1041 5313 oriuntur
1079 5262 1136 5309 et
1177 5248 1487 5306 concidunt.
1528 5246 1719 5302 Postea
1747 5259 1877 5300 vero
1911 5238 2161 5311 Augusti-

574 5368 676 5407 nus
710 5370 769 5408 ει
804 5352 943 5406 Deos
966 5348 1291 5411 Consentes,
1326 5363 1345 5396 ι
1381 5341 1590 5413 inquit,
1642 5358 1662 5393 ι
1690 5338 1879 5395 dicunt
1903 5336 1956 5390 itt
1984 5334 2163 5389 consi-

574 5448 705 5503 lium
749 5445 898 5503 Jovis
932 5441 1178 5499 adhiberi
1219 5459 1236 5492 ι
1292 5437 1555 5514 (August.
1583 5478 1600 5503 ,
1646 5433 1740 5489 lib.
1780 5449 1831 5487 tv
1877 5434 1939 5484 de
1985 5428 2160 5494 Civit.,

576 5558 691 5613 cap.
725 5539 796 5597 52
819 5581 835 5608 ,
884 5534 1005 5610 pag.
1055 5537 1158 5593 104
1186 5515 1230 5605 )ί
1262 5533 1437 5587 Varro
1474 5536 1652 5584 autem
1685 5526 1842 5581 initio
1875 5522 1959 5578 sui
1987 5521 2054 5576 de
2082 5521 2163 5576 Re

576 5635 776 5691 rustica
812 5630 992 5703 operis
1023 5629 1153 5696 hos,
1187 5626 1433 5694 aliosque
1474 5619 1607 5677 deos
1632 5620 1714 5675 sic
1743 5618 1953 5671 invocat
1986 5631 2000 5667 :
2038 5632 2056 5664 ι
2098 5613 2165 5667 Et

578 5727 861 5798 quoniam,
901 5735 958 5780 ut
988 5722 1177 5787 aiunt,
1210 5720 1285 5776 dii
1309 5716 1572 5774 facientes
1600 5711 1880 5780 adjuvant,
1910 5707 2060 5778 prius
2082 5703 2166 5759 in-

580 5818 781 5873 vocabo
807 5832 936 5881 eos;
980 5831 1081 5871 nec
1109 5824 1165 5870 ut
1195 5813 1460 5870 Homerus
1487 5818 1542 5865 et
1570 5804 1776 5862 Ennius
1818 5804 2030 5870 Musas,
2070 5798 2166 5856 sed

581 5905 863 5965 duodecim
890 5906 1021 5963 deos
1045 5904 1348 5962 Consentes
1374 5943 1389 5971 ,
1435 5915 1611 5974 neque
1644 5908 1824 5953 tcuteu
1866 5909 1961 5953 cos
2003 5893 2166 5950 urba-

1778 336 2219 403 DISSERTATIO
2257 331 2536 393 PRASVIA

3711 314 3818 375 584

2229 467 2326 505 nos
2350 462 2576 518 quorum
2606 444 2870 515 imagines
2889 441 2957 498 ad
2985 441 3159 497 forum
3180 447 3385 495 auratae
3413 443 3559 494 stant
3579 448 3677 491 sex
3697 448 3818 489 ma-

2223 561 2331 610 res,
2379 554 2434 598 et
2481 556 2573 597 sex
2620 538 2871 600 feminae;
2918 537 3015 592 sed
3048 536 3169 591 illos
3207 532 3489 588 duodecim
3519 531 3685 595 deos,
3728 526 3822 597 qui

2223 636 2455 690 maxime
2482 631 2840 703 agricolarum
2868 629 3033 684 duces
3058 639 3217 683 sunt»
3248 623 3431 699 (Varr.
3455 666 3468 688 ,
3498 623 3587 677 lib.
3618 638 3635 677 ι
3659 622 3723 676 de
3745 619 3824 674 Re

2222 730 2398 783 rustic.
2423 769 2438 793 ,
2486 743 2603 797 cap.
2639 727 2662 780 1
2695 724 2739 796 ).
2771 722 2881 778 llos
2908 736 3039 777 Vero
3079 719 3390 790 singulatitn
3427 732 3524 772 suo
3552 728 3824 786 quemque

2224 821 2440 876 nomine
2467 817 2734 888 appellat;
2777 814 2987 878 Jovem,
3017 813 3315 876 Tellurem,
3348 810 3555 875 Solem,
3585 807 3820 872 Lunam,

2222 911 2515 975 Cererem,
2547 909 2801 964 Liberum
2827 950 2843 975 ,
2876 907 3139 976 Robigum
3164 946 3178 967 ,
3212 903 3460 966 Floram,
3491 901 3787 956 Minervam
3807 940 3821 963 ,

2225 1004 2493 1060 Venerem
2516 1044 2531 1068 ,
2563 1002 2858 1073 Lymphato
2886 1008 2941 1054 et
2966 998 3172 1052 Bonum
3208 996 3492 1051 Eventum.
3524 993 3593 1048 At
3617 1008 3684 1048 ex
3720 990 3823 1048 hac

2225 1099 2341 1153 sola
2370 1097 2649 1151 nominum
2679 1094 2995 1149 recitatione
3025 1091 3184 1145 facile
3212 1089 3482 1159 colligitur
3520 1084 3823 1141 Arnobium

2223 1192 2292 1248 de
2320 1191 2589 1263 prioribus
2628 1189 2843 1260 potius,
2891 1202 3051 1257 quam
3089 1188 3157 1240 de
3193 1172 3587 1255 posterioribus
3629 1177 3826 1234 fecisse

2223 1298 2555 1338 sermonem.
2595 1280 2672 1337 Illi
2704 1295 2836 1336 vero
2865 1279 3021 1350 primi
3060 1277 3135 1333 dii
3172 1275 3447 1332 Consentcs
3472 1315 3489 1341 ,
3526 1288 3557 1327 a
3593 1271 3821 1343 quibus-

2222 1377 2344 1431 dam
2371 1377 2443 1431 dit
2481 1375 2643 1431 etiam
2676 1373 2930 1429 dicuntur
2967 1370 3234 1440 majorum
3262 1368 3537 1440 gentium,
3580 1368 3815 1435 quorum

2225 1473 2439 1529 nomina
2466 1471 2674 1526 duobus
2690 1468 2792 1544 {his
2822 1467 2981 1523 Ennii
3007 1466 3252 1523 versibus
3278 1463 3656 1534 espritnuntur
3685 1476 3701 1513 :

2316 1587 2464 1644 Juno,
2490 1585 2661 1641 Vesta,
2687 1584 2923 1642 Minerva,
2947 1581 3317 1644 Ceres,Diana,
3346 1576 3533 1644 venus,
3562 1575 3713 1637 Mars,

2317 1639 2608 1709 Mercurius,
2634 1639 2775 1707 Jove,
2799 1639 3074 1709 Neptunus,
3099 1639 3365 1703 Vulcanus,
3390 1639 3584 1703 Apollo.

2221 1757 2442 1829 Legesis
2467 1755 2741 1813 Giraldum
2768 1763 2823 1809 et
2844 1752 3116 1817 Vossium,
3144 1748 3235 1821 qui
3263 1748 3411 1817 plura
3435 1746 3502 1802 de
3534 1744 3639 1800 diis
3692 1742 3830 1798 Con-

2158 1850 2206 1909 B
2231 1851 2455 1905 sentibus
2477 1848 2874 1904 adnotaverunt
2902 1842 2921 1918 (
2947 1841 3177 1911 Girald.,
3206 1850 3461 1912 syntagm.
3498 1838 3552 1902 7,
3584 1853 3703 1907 cap.
3733 1836 3825 1901 18;

2240 1943 2410 2011 Voss.,
2435 1942 2524 1998 lib.
2556 1959 2575 1998 ι
2601 1942 2664 1996 de
2696 1937 2857 2012 Orig.
2891 1948 2939 1993 et
2964 1935 3155 2008 Progr.
3205 1934 3357 1998 ἰάσι..
3388 1948 3504 2003 cap.
3542 1931 3610 1985 M
3635 1939 3681 1984 et
3710 1927 3830 1997 17).

2304 2041 2407 2103 Αι,
2439 2037 2648 2107 inquies
2673 2074 2690 2102 ,
2733 2050 2831 2090 cur
2863 2030 3132 2087 Arnobius
3174 2027 3309 2083 dixit
3349 2026 3449 2080 hos
3490 2039 3597 2079 non
3638 2022 3822 2078 solum

2233 2132 2543 2195 Consentes,
2592 2127 2686 2183 sed
2734 2127 2894 2183 etiam
2942 2122 3224 2193 Complices
3272 2119 3578 2183 nominari,
3632 2114 3833 2170 Nonne

2234 2233 2382 2280 recte
2417 2220 2684 2277 Heraldus
2730 2217 3036 2290 suSpicatur
3069 2215 3171 2270 hoc
3202 2213 3449 2269 ultimum
3482 2225 3677 2265 nomen
3707 2224 3837 2265 esse

2235 2319 2506 2389 glossema
2538 2313 2891 2386 superfluum,
2923 2327 3030 2383 quo
3062 2309 3341 2379 imperitus
3361 2305 3558 2377 aliquis
3589 2303 3835 2375 priorem

2234 2428 2422 2467 vocem
2472 2407 2744 2464 Consentes
2791 2405 3063 2474 explicare
3105 2399 3312 2456 voluit?
3360 2397 3466 2454 Sed
3514 2395 3606 2451 ille
3648 2406 3841 2451 tamen

2237 2504 2444 2560 addidit
2471 2518 2670 2558 nomen
2709 2496 2994 2570 Complices
3024 2494 3261 2565 potuisse
3291 2492 3359 2548 ab
3402 2488 3645 2545 Arnohio
3674 2485 3837 2542 adhi-

2240 2597 2356 2652 beri
2384 2638 2400 2664 ,
2434 2606 2493 2651 ut
2521 2592 2850 2665 signiﬁcaret
2877 2590 3042 2645 hosce
3071 2587 3205 2643 deos
3225 2627 3241 2652 ,
3272 2584 3360 2654 qui
3393 2582 3550 2638 simul
3579 2580 3837 2637 oriuntur

2238 2701 2293 2745 et
2318 2688 2607 2752 occidunt,
2651 2685 2971 2756 conjunctos
3018 2695 3160 2747 esse,
3214 2690 3267 2734 et
3310 2675 3631 2733 arctissimis
3669 2674 3838 2733 nodis

2239 2782 2543 2853 colligatos.
2589 2778 2736 2834 Bene
2772 2776 3014 2847 quidem.
3054 2772 3174 2828 Non
3213 2771 3446 2825 obscure
3490 2768 3632 2823 enim
3661 2766 3845 2822 Aruo-

2241 2877 2361 2932 bius
2391 2875 2565 2931 innuit
2590 2874 2729 2927 hanc
2754 2871 2923 2942 ipsam
2953 2884 3075 2924 esse
3101 2866 3391 2933 rationem,
3421 2873 3645 2936 propter
3671 2876 3844 2930 quam

2241 2971 2298 3027 hi
2338 2970 2410 3026 dii
2439 2971 2507 3024 ab
2537 2967 2781 3023 Etruscis
2825 2962 3111 3029 Complices
3148 2957 3511 3031 cognominati
3557 2965 3703 3011 sunt.
3752 2954 3839 3012 Eo

2242 3082 2406 3137 porro
2447 3079 2614 3120 sensu
2659 3075 2855 3117 nomen
2899 3057 3028 3112 illud
3075 3054 3143 3110 ab
3189 3051 3481 3110 Ambrosio
3530 3048 3837 3119 accipitur,

2245 3162 2333 3216 ubi
2362 3160 2614 3231 scripsit:
2649 3175 2669 3209 ι
2718 3153 2979 3224 Complex
3019 3148 3319 3205 honestatis
3358 3154 3442 3201 est
3480 3158 3693 3214 semper
3728 3142 3841 3197 uti-

2243 3254 2398 3317 litas,
2428 3260 2484 3307 et
2513 3248 2756 3304 utihtatis
2782 3246 3058 3301 honestas.
3116 3262 3134 3295 ι
3185 3242 3204 3307 (
3233 3237 3468 3293 Ambros.
3497 3279 3512 3304 ,
3551 3235 3640 3291 tib.
3673 3250 3733 3291 ιιι
3784 3234 3849 3289 de

2246 3345 2405 3418 Ofﬁc.
2441 3342 2633 3397 minist.
2658 3383 2673 3407 ,
2699 3357 2813 3411 cap.
2846 3339 2914 3394 14
2936 3379 2950 3403 ,
2983 3352 3102 3408 pag.
3138 3333 3261 3389 150.
3288 3330 3307 3403 )
3347 3329 3535 3386 Nonne
3565 3344 3695 3398 ergo
3726 3325 3849 3382 bzec

2244 3416 2479 3497 Heraldo
2499 3479 2513 3501 ,
2540 3435 2608 3492 ad
2634 3431 3010 3504 deponendam
3033 3429 3101 3484 de
3122 3439 3381 3496 corrupto
3404 3424 3641 3480 auctoris
3665 3416 3844 3477 nostri

2246 3545 2393 3592 textu
2426 3531 2787 3603 suspicionem
2813 3528 3061 3582 sufficere
3090 3520 3405 3579 debebant?
3625 3518 3631 3523 '

2315 3625 2583 3683 Ca'terum
2627 3620 2824 3693 ingenii
2871 3617 3008 3673 adeo
3041 3614 3180 3670 tardi
3221 3622 3470 3685 putamus
3507 3625 3630 3667 esse
3670 3608 3852 3664 nemi-

2247 3738 2410 3789 nem,
2463 3719 2551 3789 qui
2574 3717 2687 3788 jam
2719 3712 2858 3769 haud
2899 3709 3191 3767 difficiliter
3230 3705 3550 3778 perSpieiat,
3600 3702 3729 3772 quid
3771 3719 3839 3759 ex

2250 3826 2355 3872 tam
2388 3814 2551 3868 variis
2587 3826 2651 3866 ac
2689 3807 2980 3865 contrariis
3025 3803 3366 3861 ethnicorum
3416 3799 3565 3855 hisce
3613 3797 3683 3853 de
3732 3796 3844 3852 diis

2250 3907 2594 3981 opinionibus
2618 3898 3052 3959 concludendum
3082 3898 3172 3953 sit.
3216 3895 3347 3962 Quis
3372 3894 3517 3949 enim
3551 3905 3656 3946 non
3690 3889 3842 3945 videt

2251 4021 2412 4060 unam
2444 4002 2512 4058 ab
2550 4000 2717 4055 altera
2753 3995 2994 4051 funditus
3019 3989 3233 4047 everti?
3276 3986 3482 4043 Deinde
3512 3999 3665 4050 vero,
3707 3994 3846 4038 tam-

2252 4096 2352 4154 etsi
2384 4098 2435 4151 in
2464 4110 2567 4149 una
2607 4089 2805 4163 aliquid
2850 4097 2996 4144 esset
3032 4083 3187 4150 veri,
3230 4080 3282 4137 id
3313 4097 3342 4135 a
3384 4079 3600 4136 nemine
3640 4077 3848 4149 depre-

2254 4189 2416 4247 hendi
2448 4202 2700 4258 umquam
2735 4181 2950 4255 poterit.
2980 4177 3171 4235 Nullus
3201 4190 3332 4247 ergo
3368 4174 3502 4230 deos
3537 4172 3658 4229 illos
3711 4170 3853 4227 Cou-

2255 4295 2437 4338 sentes
2462 4289 2516 4334 et
2544 4278 2775 4334 Penates
2801 4272 2997 4330 divinis
3024 4268 3317 4325 honoribus
3344 4266 3535 4337 dignos
3556 4262 3851 4328 censebit;

2257 4370 2689 4446 quandoquidem
2720 4380 2912 4423 omnes
2943 4365 3172 4434 ingenue
3201 4359 3355 4416 fateri
3383 4357 3719 4429 cogebantur
3748 4354 3854 4410 sibi

2258 4467 2416 4538 plane
2454 4463 2788 4533 exploratum
2836 4473 2942 4512 non
2986 4469 3110 4510 esse
3149 4453 3337 4525 quales
3390 4450 3467 4505 illi
3517 4449 3645 4516 sint,
3689 4462 3852 4519 quam

2257 4556 2573 4614 mortalibus
2597 4567 2755 4621 opem
2787 4551 2927 4605 ferre
2955 4547 3207 4614 valeant,
3238 4557 3288 4601 et
3317 4541 3447 4616 quid
3478 4542 3531 4597 in
3561 4540 3642 4598 eis
3670 4553 3836 4605 verte,

2261 4668 2381 4724 quae
2407 4648 2562 4706 unica
2584 4662 2707 4703 esse
2733 4651 2938 4717 potest,
2981 4640 3051 4695 sit
3072 4637 3387 4693 divinitatis.

2860 4788 3047 4831 Αιιτιοιι
3057 4785 3150 4827 ιιυε
3189 4785 3269 4825 ιιι.

2262 4923 2448 4984 Quanta
2486 4917 2640 4984 fuerit
2676 4912 2935 4977 gentilium
2969 4899 3721 4984 de“diisltaribus-dissepsip,
3773 4910 3859 4984 cur

2328 4963 2941 5035 arundo—lesso‘carentur,
2969 4979 3021 5020 et
3043 4967 3336 5035 Summanus
3372 4967 3446 5015 eis
3483 4963 3861 5035 prgafectusnac

2328 5023 2472 5111 quam
2496 5023 2756 5092 evidenter
2777 5023 3516 5111 demonstreturktlttllzam“esse
3544 5029 3722 5076 horum
3745 5023 3862 5074 alio-

2327 5091 2538 5171 rumque
2562 5111 2706 5154 antea
2731 5105 3111 5152 memoratarum
3131 5091 3458 5141 divinitatem.

2341 5238 2457 5294 Non
2489 5236 2660 5306 major
2698 5232 2795 5288 fuit
2815 5230 3151 5286 ethnicorum
3179 5225 3247 5281 de
3275 5220 3514 5281 Laribus,
3546 5230 3707 5288 quam
3747 5206 3862 5267 aliis

2269 5335 2370 5392 diis
2399 5334 2509 5388 suis
2529 5344 2845 5387 consensus.
2883 5324 3126 5396 Vulg-aris
3145 5319 3384 5392 quidem,
3414 5325 3468 5370 ut
3495 5312 3570 5367 ait
3596 5306 3861 5364 Arnobius

2268 5428 2509 5498 (Arnob.,
2535 5424 2572 5478 Ι.
2601 5438 2680 5486 ιιι,
2716 5438 2769 5493 p.
2805 5415 2956 5489 124),
2997 5414 3179 5486 opinio
3224 5419 3342 5468 erat
3384 5408 3500 5462 illos
3543 5403 3783 5457 vicorum
3809 5404 3863 5498 ct

2267 5518 2519 5573 itinerum
2550 5530 2672 5570 esse
2698 5513 2829 5568 deos
2856 5529 2870 5579 ;
2901 5510 3023 5582 quia
3056 5507 3205 5562 vicus
3229 5517 3403 5576 grreoe
3440 5501 3624 5572 Λαύρα
3678 5486 3861 5562 appel-

2268 5612 2432 5667 latur.
2456 5607 2525 5663 Et
2563 5609 2701 5662 hanc
2729 5603 2946 5676 quidem
2998 5615 3189 5672 graecae
3241 5596 3385 5652 vocis
3420 5586 3862 5662 significationem

2269 5701 2618 5760 Casaubonus
2662 5698 2860 5769 aliique
2908 5671 3214 5765 complures
3257 5687 3389 5743 satis
3418 5682 3710 5756 probavere
3736 5671 3861 5748 (Ca-

2272 5797 2485 5853 saubon.
2513 5798 2568 5848 in
2611 5793 2650 5847 ι.
2683 5808 2759 5848 xu
2784 5808 2799 5859 ;
2824 5790 3035 5857 Athan,
3068 5803 3117 5841 c.
3151 5784 3268 5854 10).
3297 5779 3520 5837 Vossius
3551 5785 3731 5830 tamen
3762 5782 3861 5824 no-

2276 5907 2397 5947 men
2432 5887 2589 5944 Lares
2616 5886 2683 5943 ab
2712 5884 2936 5941 Etrusca
2965 5895 3119 5948 voce,
3162 5876 3294 5942 Lar,
3325 5872 3542 5929 ductum
3584 5865 3749 5922 fuisse
3773 5874 3860 5916 su-
