  <div class='ocr_page' id='page_1' title='image "/cluster/home/n/w/nwhite01/storage/ocr_20150623/5/umn.31951002477299b/302.png"; bbox 0 0 4000 6308; ppageno 0'>
   <div class='ocr_carea' id='block_1_1' title="bbox 187 334 293 392">
    <p class='ocr_par' dir='ltr' id='par_1_1' title="bbox 187 334 293 392">
     <span class='ocr_line' id='line_1_1' title="bbox 187 334 293 392; baseline -0.028 0"><span class='ocrx_word' id='word_1_1' title='bbox 187 334 293 392; x_wconf 73' lang='grc'><strong>585</strong></span> 
     </span>
    </p>
   </div>
   <div class='ocr_carea' id='block_1_2' title="bbox 1381 326 2785 398">
    <p class='ocr_par' dir='ltr' id='par_1_2' title="bbox 1381 326 2785 398">
     <span class='ocr_line' id='line_1_2' title="bbox 1381 326 2785 398; baseline -0.01 -9"><span class='ocrx_word' id='word_1_2' title='bbox 1381 332 1446 389; x_wconf 80' lang='lat' dir='ltr'><strong>IN</strong></span> <span class='ocrx_word' id='word_1_3' title='bbox 1483 327 1865 398; x_wconf 75' lang='lat' dir='ltr'><strong>ARNOBIUM.</strong></span> <span class='ocrx_word' id='word_1_4' title='bbox 1909 327 2067 389; x_wconf 83' lang='lat' dir='ltr'><strong>CAP.</strong></span> <span class='ocrx_word' id='word_1_5' title='bbox 2098 329 2258 389; x_wconf 77' lang='lat' dir='ltr'><strong>XVII.</strong></span> <span class='ocrx_word' id='word_1_6' title='bbox 2761 326 2785 363; x_wconf 63' lang='grc' dir='ltr'><em>π</em></span> 
     </span>
    </p>
   </div>
   <div class='ocr_carea' id='block_1_3' title="bbox 3357 333 3464 391">
    <p class='ocr_par' dir='ltr' id='par_1_3' title="bbox 3357 333 3464 391">
     <span class='ocr_line' id='line_1_3' title="bbox 3357 333 3464 391; baseline 0.028 -3"><span class='ocrx_word' id='word_1_7' title='bbox 3357 333 3464 391; x_wconf 72' lang='grc'><strong>586</strong></span> 
     </span>
    </p>
   </div>
   <div class='ocr_carea' id='block_1_4' title="bbox 187 445 3455 520">
    <p class='ocr_par' dir='ltr' id='par_1_4' title="bbox 187 445 3455 520">
     <span class='ocr_line' id='line_1_4' title="bbox 187 445 3455 520; baseline -0 -15"><span class='ocrx_word' id='word_1_8' title='bbox 187 449 446 520; x_wconf 85' lang='lat' dir='ltr'><strong>spicatur.</strong></span> <span class='ocrx_word' id='word_1_9' title='bbox 477 445 610 506; x_wconf 86' lang='lat' dir='ltr'><strong>Utut</strong></span> <span class='ocrx_word' id='word_1_10' title='bbox 634 448 727 514; x_wconf 87' lang='lat' dir='ltr'><strong>sit,</strong></span> <span class='ocrx_word' id='word_1_11' title='bbox 764 451 973 504; x_wconf 78' lang='lat' dir='ltr'><strong>constat</strong></span> <span class='ocrx_word' id='word_1_12' title='bbox 996 459 1129 506; x_wconf 83' lang='lat' dir='ltr'><strong>sane</strong></span> <span class='ocrx_word' id='word_1_13' title='bbox 1151 446 1271 504; x_wconf 89' lang='lat' dir='ltr'><strong>illos</strong></span> <span class='ocrx_word' id='word_1_14' title='bbox 1299 451 1572 506; x_wconf 87' lang='lat' dir='ltr'><strong>communi</strong></span> <span class='ocrx_word' id='word_1_15' title='bbox 1599 449 1774 505; x_wconf 85' lang='lat' dir='ltr'><strong>ethni-</strong></span> <span class='ocrx_word' id='word_1_16' title='bbox 1802 448 1854 512; x_wconf 78' lang='grc' dir='ltr'>Α</span> <span class='ocrx_word' id='word_1_17' title='bbox 1875 447 1982 504; x_wconf 82' lang='lat'><strong>295</strong></span> <span class='ocrx_word' id='word_1_18' title='bbox 2031 457 2078 502; x_wconf 90' lang='lat' dir='ltr'><strong>et</strong></span> <span class='ocrx_word' id='word_1_19' title='bbox 2120 446 2306 519; x_wconf 83' lang='lat' dir='ltr'><strong>seqq.),</strong></span> <span class='ocrx_word' id='word_1_20' title='bbox 2330 446 2401 503; x_wconf 89' lang='lat' dir='ltr'><strong>ibi</strong></span> <span class='ocrx_word' id='word_1_21' title='bbox 2442 447 2600 503; x_wconf 90' lang='lat' dir='ltr'><strong>nobis</strong></span> <span class='ocrx_word' id='word_1_22' title='bbox 2627 446 2928 503; x_wconf 74' lang='lat' dir='ltr'><strong>luculentér</strong></span> <span class='ocrx_word' id='word_1_23' title='bbox 2947 447 3167 518; x_wconf 82' lang='lat' dir='ltr'><strong>exponit</strong></span> <span class='ocrx_word' id='word_1_24' title='bbox 3194 448 3455 520; x_wconf 88' lang='lat' dir='ltr'><strong>quosdam</strong></span> 
     </span>
    </p>
   </div>
   <div class='ocr_carea' id='block_1_5' title="bbox 187 539 1776 614">
    <p class='ocr_par' dir='ltr' id='par_1_5' title="bbox 187 539 1776 614">
     <span class='ocr_line' id='line_1_5' title="bbox 187 539 1776 614; baseline -0.001 -17"><span class='ocrx_word' id='word_1_25' title='bbox 187 557 371 599; x_wconf 92' lang='lat' dir='ltr'><strong>eorum</strong></span> <span class='ocrx_word' id='word_1_26' title='bbox 398 541 650 614; x_wconf 84' lang='lat' dir='ltr'><strong>opinione</strong></span> <span class='ocrx_word' id='word_1_27' title='bbox 678 539 916 598; x_wconf 89' lang='lat' dir='ltr'><strong>vicorum</strong></span> <span class='ocrx_word' id='word_1_28' title='bbox 935 540 1067 598; x_wconf 80' lang='lat' dir='ltr'><strong>dces</strong></span> <span class='ocrx_word' id='word_1_29' title='bbox 1093 541 1322 599; x_wconf 86' lang='lat' dir='ltr'><strong>censeri.</strong></span> <span class='ocrx_word' id='word_1_30' title='bbox 1346 543 1420 597; x_wconf 87' lang='lat' dir='ltr'><strong>De</strong></span> <span class='ocrx_word' id='word_1_31' title='bbox 1451 541 1583 597; x_wconf 89' lang='lat' dir='ltr'><strong>Lara</strong></span> <span class='ocrx_word' id='word_1_32' title='bbox 1610 541 1776 612; x_wconf 91' lang='lat' dir='ltr'><strong>siqni-</strong></span> 
     </span>
    </p>
   </div>
   <div class='ocr_carea' id='block_1_6' title="bbox 189 632 1777 704">
    <p class='ocr_par' dir='ltr' id='par_1_6' title="bbox 189 632 1777 704">
     <span class='ocr_line' id='line_1_6' title="bbox 189 632 1777 704; baseline -0.002 -13"><span class='ocrx_word' id='word_1_33' title='bbox 189 633 335 702; x_wconf 85' lang='lat' dir='ltr'><strong>dem,</strong></span> <span class='ocrx_word' id='word_1_34' title='bbox 366 633 581 690; x_wconf 88' lang='lat' dir='ltr'><strong>Larium</strong></span> <span class='ocrx_word' id='word_1_35' title='bbox 626 641 816 699; x_wconf 89' lang='lat' dir='ltr'><strong>matre,</strong></span> <span class='ocrx_word' id='word_1_36' title='bbox 843 633 912 689; x_wconf 91' lang='lat' dir='ltr'><strong>ab</strong></span> <span class='ocrx_word' id='word_1_37' title='bbox 934 632 1125 690; x_wconf 80' lang='lat' dir='ltr'><strong>Ovidio</strong></span> <span class='ocrx_word' id='word_1_38' title='bbox 1167 633 1506 690; x_wconf 89' lang='lat' dir='ltr'><strong>decantatum</strong></span> <span class='ocrx_word' id='word_1_39' title='bbox 1549 633 1777 704; x_wconf 92' lang='lat' dir='ltr'><strong>legimus</strong></span> 
     </span>
    </p>
   </div>
   <div class='ocr_carea' id='block_1_7' title="bbox 190 723 1778 803">
    <p class='ocr_par' dir='ltr' id='par_1_7' title="bbox 190 723 1778 803">
     <span class='ocr_line' id='line_1_7' title="bbox 190 723 1778 803; baseline -0.002 -21"><span class='ocrx_word' id='word_1_40' title='bbox 190 725 361 796; x_wconf 83' lang='lat' dir='ltr'><strong>illam,</strong></span> <span class='ocrx_word' id='word_1_41' title='bbox 384 740 506 782; x_wconf 90' lang='lat' dir='ltr'><strong>cum</strong></span> <span class='ocrx_word' id='word_1_42' title='bbox 535 726 685 783; x_wconf 84' lang='lat' dir='ltr'><strong>Jovis</strong></span> <span class='ocrx_word' id='word_1_43' title='bbox 708 725 862 803; x_wconf 81' lang='lat' dir='ltr'><strong>jussu</strong></span> <span class='ocrx_word' id='word_1_44' title='bbox 907 725 974 780; x_wconf 92' lang='lat' dir='ltr'><strong>ad</strong></span> <span class='ocrx_word' id='word_1_45' title='bbox 1018 741 1204 782; x_wconf 89' lang='lat' dir='ltr'><strong>manes</strong></span> <span class='ocrx_word' id='word_1_46' title='bbox 1231 725 1537 790; x_wconf 76' lang='lat' dir='ltr'><strong>duceretur,</strong></span> <span class='ocrx_word' id='word_1_47' title='bbox 1563 723 1631 780; x_wconf 87' lang='lat' dir='ltr'><strong>ab</strong></span> <span class='ocrx_word' id='word_1_48' title='bbox 1661 725 1778 795; x_wconf 92' lang='lat' dir='ltr'><strong>ipso</strong></span> 
     </span>
    </p>
   </div>
   <div class='ocr_carea' id='block_1_8' title="bbox 197 816 1775 890">
    <p class='ocr_par' dir='ltr' id='par_1_8' title="bbox 197 816 1775 890">
     <span class='ocr_line' id='line_1_8' title="bbox 197 816 1775 890; baseline -0.002 -17"><span class='ocrx_word' id='word_1_49' title='bbox 197 817 332 875; x_wconf 90' lang='lat' dir='ltr'><strong>duce</strong></span> <span class='ocrx_word' id='word_1_50' title='bbox 369 833 490 883; x_wconf 86' lang='lat' dir='ltr'><strong>suo,</strong></span> <span class='ocrx_word' id='word_1_51' title='bbox 520 827 804 890; x_wconf 86' lang='lat' dir='ltr'><strong>postquam</strong></span> <span class='ocrx_word' id='word_1_52' title='bbox 851 825 998 873; x_wconf 87' lang='lat' dir='ltr'><strong>muta</strong></span> <span class='ocrx_word' id='word_1_53' title='bbox 1026 827 1084 875; x_wconf 89' lang='lat' dir='ltr'><strong>et</strong></span> <span class='ocrx_word' id='word_1_54' title='bbox 1123 818 1350 890; x_wconf 74' lang='lat' dir='ltr'><strong>elinguis</strong></span> <span class='ocrx_word' id='word_1_55' title='bbox 1399 817 1536 874; x_wconf 82' lang='lat' dir='ltr'><strong>facta</strong></span> <span class='ocrx_word' id='word_1_56' title='bbox 1569 816 1775 884; x_wconf 89' lang='lat' dir='ltr'><strong>fuisset,</strong></span> 
     </span>
    </p>
   </div>
   <div class='ocr_carea' id='block_1_9' title="bbox 191 909 1040 983">
    <p class='ocr_par' dir='ltr' id='par_1_9' title="bbox 191 909 1040 983">
     <span class='ocr_line' id='line_1_9' title="bbox 191 909 1040 983; baseline -0.001 -16"><span class='ocrx_word' id='word_1_57' title='bbox 191 925 571 982; x_wconf 80' lang='lat' dir='ltr'><strong>compressam,</strong></span> <span class='ocrx_word' id='word_1_58' title='bbox 595 919 652 967; x_wconf 91' lang='lat' dir='ltr'><strong>et</strong></span> <span class='ocrx_word' id='word_1_59' title='bbox 680 909 806 966; x_wconf 91' lang='lat' dir='ltr'><strong>inde</strong></span> <span class='ocrx_word' id='word_1_60' title='bbox 829 911 1040 983; x_wconf 90' lang='lat' dir='ltr'><strong>inquit:</strong></span> 
     </span>
    </p>
   </div>
   <div class='ocr_carea' id='block_1_10' title="bbox 288 1025 1711 1092">
    <p class='ocr_par' dir='ltr' id='par_1_10' title="bbox 288 1025 1711 1092">
     <span class='ocr_line' id='line_1_10' title="bbox 288 1025 1711 1092; baseline -0.001 -16"><span class='ocrx_word' id='word_1_61' title='bbox 288 1025 464 1092; x_wconf 64' lang='lat' dir='ltr'><strong>Fitque</strong></span> <span class='ocrx_word' id='word_1_62' title='bbox 483 1025 666 1092; x_wconf 72' lang='lat' dir='ltr'><strong>gravis,</strong></span> <span class='ocrx_word' id='word_1_63' title='bbox 680 1027 1007 1091; x_wconf 83' lang='lat' dir='ltr'><strong>geminosque</strong></span> <span class='ocrx_word' id='word_1_64' title='bbox 1025 1027 1167 1092; x_wconf 85' lang='lat' dir='ltr'><strong>parit,</strong></span> <span class='ocrx_word' id='word_1_65' title='bbox 1177 1026 1481 1092; x_wconf 78' lang='lat' dir='ltr'><strong>quicompita</strong></span> <span class='ocrx_word' id='word_1_66' title='bbox 1496 1032 1711 1086; x_wconf 79' lang='lat' dir='ltr'><strong>servant,</strong></span> 
     </span>
    </p>
   </div>
   <div class='ocr_carea' id='block_1_11' title="bbox 403 1086 1501 1152">
    <p class='ocr_par' dir='ltr' id='par_1_11' title="bbox 403 1086 1501 1152">
     <span class='ocr_line' id='line_1_11' title="bbox 403 1086 1501 1152; baseline -0.002 -12"><span class='ocrx_word' id='word_1_67' title='bbox 403 1086 469 1140; x_wconf 85' lang='lat' dir='ltr'><strong>Et</strong></span> <span class='ocrx_word' id='word_1_68' title='bbox 488 1086 706 1152; x_wconf 70' lang='lat' dir='ltr'><strong>vigilant</strong></span> <span class='ocrx_word' id='word_1_69' title='bbox 719 1096 883 1140; x_wconf 86' lang='lat' dir='ltr'><strong>nostra</strong></span> <span class='ocrx_word' id='word_1_70' title='bbox 905 1086 1105 1152; x_wconf 75' lang='lat' dir='ltr'><strong>semper</strong></span> <span class='ocrx_word' id='word_1_71' title='bbox 1127 1091 1179 1140; x_wconf 88' lang='lat' dir='ltr'><strong>iu</strong></span> <span class='ocrx_word' id='word_1_72' title='bbox 1197 1086 1310 1140; x_wconf 62' lang='lat' dir='ltr'><strong>aede</strong></span> <span class='ocrx_word' id='word_1_73' title='bbox 1330 1086 1501 1140; x_wconf 79' lang='lat' dir='ltr'><strong>Lares.</strong></span> 
     </span>
    </p>
   </div>
   <div class='ocr_carea' id='block_1_12' title="bbox 646 1171 1532 1240">
    <p class='ocr_par' dir='ltr' id='par_1_12' title="bbox 646 1171 1532 1240">
     <span class='ocr_line' id='line_1_12' title="bbox 646 1171 1532 1240; baseline -0.003 -13"><span class='ocrx_word' id='word_1_74' title='bbox 646 1171 834 1240; x_wconf 60' lang='lat' dir='ltr'><strong>tanta,</strong></span> <span class='ocrx_word' id='word_1_75' title='bbox 849 1173 934 1226; x_wconf 83' lang='lat' dir='ltr'><strong>lib.</strong></span> <span class='ocrx_word' id='word_1_76' title='bbox 957 1189 991 1224; x_wconf 82' lang='grc' dir='ltr'><strong>ιι</strong></span> <span class='ocrx_word' id='word_1_77' title='bbox 1009 1175 1221 1238; x_wconf 62' lang='lat' dir='ltr'><strong>Easton,</strong></span> <span class='ocrx_word' id='word_1_78' title='bbox 1244 1186 1368 1226; x_wconf 86' lang='lat' dir='ltr'><strong>vers.</strong></span> <span class='ocrx_word' id='word_1_79' title='bbox 1392 1175 1532 1239; x_wconf 71' lang='lat' dir='ltr'><strong>vos.)</strong></span> 
     </span>
    </p>
   </div>
   <div class='ocr_carea' id='block_1_13' title="bbox 194 1278 1784 1352">
    <p class='ocr_par' dir='ltr' id='par_1_13' title="bbox 194 1278 1784 1352">
     <span class='ocr_line' id='line_1_13' title="bbox 194 1278 1784 1352; baseline -0.003 -16"><span class='ocrx_word' id='word_1_80' title='bbox 194 1278 434 1337; x_wconf 84' lang='lat' dir='ltr'><strong>Tibullus</strong></span> <span class='ocrx_word' id='word_1_81' title='bbox 474 1293 687 1352; x_wconf 90' lang='lat' dir='ltr'><strong>quoque</strong></span> <span class='ocrx_word' id='word_1_82' title='bbox 733 1293 831 1336; x_wconf 88' lang='lat' dir='ltr'><strong>eos</strong></span> <span class='ocrx_word' id='word_1_83' title='bbox 868 1293 1118 1350; x_wconf 76' lang='lat' dir='ltr'><strong>agrorum</strong></span> <span class='ocrx_word' id='word_1_84' title='bbox 1163 1278 1415 1336; x_wconf 82' lang='lat' dir='ltr'><strong>custodes</strong></span> <span class='ocrx_word' id='word_1_85' title='bbox 1463 1292 1584 1336; x_wconf 90' lang='lat' dir='ltr'><strong>esse</strong></span> <span class='ocrx_word' id='word_1_86' title='bbox 1638 1291 1784 1333; x_wconf 85' lang='lat' dir='ltr'><strong>asse-</strong></span> 
     </span>
    </p>
   </div>
   <div class='ocr_carea' id='block_1_14' title="bbox 199 1383 387 1431">
    <p class='ocr_par' dir='ltr' id='par_1_14' title="bbox 199 1383 387 1431">
     <span class='ocr_line' id='line_1_14' title="bbox 199 1383 387 1431; baseline 0.021 -7"><span class='ocrx_word' id='word_1_87' title='bbox 199 1383 348 1431; x_wconf 83' lang='lat' dir='ltr'><strong>verat.</strong></span> <span class='ocrx_word' id='word_1_88' title='bbox 370 1389 387 1428; x_wconf 88' lang='lat'><strong>:</strong></span> 
     </span>
    </p>
   </div>
   <div class='ocr_carea' id='block_1_15' title="bbox 291 1487 1603 1553">
    <p class='ocr_par' dir='ltr' id='par_1_15' title="bbox 291 1487 1603 1553">
     <span class='ocr_line' id='line_1_15' title="bbox 291 1487 1603 1553; baseline -0.001 -17"><span class='ocrx_word' id='word_1_89' title='bbox 291 1487 610 1553; x_wconf 25' lang='lat' dir='ltr'><strong>Vos‘quoque</strong></span> <span class='ocrx_word' id='word_1_90' title='bbox 633 1487 793 1553; x_wconf 75' lang='lat' dir='ltr'><strong>felicis</strong></span> <span class='ocrx_word' id='word_1_91' title='bbox 807 1489 1067 1553; x_wconf 84' lang='lat' dir='ltr'><strong>quondam,</strong></span> <span class='ocrx_word' id='word_1_92' title='bbox 1092 1500 1222 1538; x_wconf 90' lang='lat' dir='ltr'><strong>nunc</strong></span> <span class='ocrx_word' id='word_1_93' title='bbox 1241 1487 1475 1553; x_wconf 77' lang='lat' dir='ltr'><strong>pauperis</strong></span> <span class='ocrx_word' id='word_1_94' title='bbox 1496 1487 1603 1549; x_wconf 86' lang='lat' dir='ltr'><strong>agri</strong></span> 
     </span>
    </p>
   </div>
   <div class='ocr_carea' id='block_1_16' title="bbox 381 1549 1423 1612">
    <p class='ocr_par' dir='ltr' id='par_1_16' title="bbox 381 1549 1423 1612">
     <span class='ocr_line' id='line_1_16' title="bbox 381 1549 1423 1612; baseline -0.003 -10"><span class='ocrx_word' id='word_1_95' title='bbox 381 1549 638 1610; x_wconf 76' lang='lat' dir='ltr'><strong>custodes,</strong></span> <span class='ocrx_word' id='word_1_96' title='bbox 665 1551 806 1602; x_wconf 79' lang='lat' dir='ltr'><strong>fertis</strong></span> <span class='ocrx_word' id='word_1_97' title='bbox 823 1549 1027 1601; x_wconf 82' lang='lat' dir='ltr'><strong>munera</strong></span> <span class='ocrx_word' id='word_1_98' title='bbox 1050 1549 1423 1612; x_wconf 64' lang='lat' dir='ltr'><strong>vestra,l.ar&#39;es.</strong></span> 
     </span>
    </p>
   </div>
   <div class='ocr_carea' id='block_1_17' title="bbox 507 1633 1600 1701">
    <p class='ocr_par' dir='ltr' id='par_1_17' title="bbox 507 1633 1600 1701">
     <span class='ocr_line' id='line_1_17' title="bbox 507 1633 1600 1701; baseline 0 -16"><span class='ocrx_word' id='word_1_99' title='bbox 507 1633 739 1699; x_wconf 83' lang='lat' dir='ltr'><strong>(Tibull.,</strong></span> <span class='ocrx_word' id='word_1_100' title='bbox 759 1633 841 1687; x_wconf 87' lang='lat' dir='ltr'><strong>lib.</strong></span> <span class='ocrx_word' id='word_1_101' title='bbox 865 1651 900 1696; x_wconf 90' lang='grc' dir='ltr'>ι,</span> <span class='ocrx_word' id='word_1_102' title='bbox 922 1634 1043 1701; x_wconf 85' lang='lat' dir='ltr'><strong>eleg.</strong></span> <span class='ocrx_word' id='word_1_103' title='bbox 1068 1636 1116 1698; x_wconf 90' lang='grc'><strong>1,</strong></span> <span class='ocrx_word' id='word_1_104' title='bbox 1141 1647 1265 1686; x_wconf 85' lang='lat' dir='ltr'><strong>vers.</strong></span> <span class='ocrx_word' id='word_1_105' title='bbox 1291 1636 1354 1687; x_wconf 79' lang='lat'><strong>23</strong></span> <span class='ocrx_word' id='word_1_106' title='bbox 1382 1634 1600 1700; x_wconf 85' lang='lat' dir='ltr'><strong>elseqq.)</strong></span> 
     </span>
    </p>
   </div>
   <div class='ocr_carea' id='block_1_18' title="bbox 264 1739 1788 1814">
    <p class='ocr_par' dir='ltr' id='par_1_18' title="bbox 264 1739 1788 1814">
     <span class='ocr_line' id='line_1_18' title="bbox 264 1739 1788 1814; baseline -0.003 -15"><span class='ocrx_word' id='word_1_107' title='bbox 264 1741 456 1813; x_wconf 82' lang='lat' dir='ltr'><strong>Magna</strong></span> <span class='ocrx_word' id='word_1_108' title='bbox 471 1749 649 1798; x_wconf 88' lang='lat' dir='ltr'><strong>tamen</strong></span> <span class='ocrx_word' id='word_1_109' title='bbox 663 1742 716 1798; x_wconf 93' lang='lat' dir='ltr'><strong>in</strong></span> <span class='ocrx_word' id='word_1_110' title='bbox 734 1741 961 1814; x_wconf 78' lang='lat' dir='ltr'><strong>Nigidio,</strong></span> <span class='ocrx_word' id='word_1_111' title='bbox 973 1742 1245 1798; x_wconf 88' lang='lat' dir='ltr'><strong>aitauctor</strong></span> <span class='ocrx_word' id='word_1_112' title='bbox 1262 1750 1450 1797; x_wconf 88' lang='lat' dir='ltr'><strong>noster</strong></span> <span class='ocrx_word' id='word_1_113' title='bbox 1469 1740 1566 1796; x_wconf 91' lang='lat' dir='ltr'><strong>fuit</strong></span> <span class='ocrx_word' id='word_1_114' title='bbox 1587 1739 1657 1797; x_wconf 90' lang='lat' dir='ltr'><strong>de</strong></span> <span class='ocrx_word' id='word_1_115' title='bbox 1681 1739 1788 1796; x_wconf 86' lang='lat' dir='ltr'><strong>illis</strong></span> 
     </span>
    </p>
   </div>
   <div class='ocr_carea' id='block_1_19' title="bbox 1875 538 3454 609">
    <p class='ocr_par' dir='ltr' id='par_1_19' title="bbox 1875 538 3454 609">
     <span class='ocr_line' id='line_1_19' title="bbox 1875 538 3454 609; baseline 0.003 -16"><span class='ocrx_word' id='word_1_116' title='bbox 1875 539 2265 596; x_wconf 80' lang='lat' dir='ltr'><strong>existimavisse</strong></span> <span class='ocrx_word' id='word_1_117' title='bbox 2307 539 2541 596; x_wconf 88' lang='lat' dir='ltr'><strong>animum</strong></span> <span class='ocrx_word' id='word_1_118' title='bbox 2582 538 2811 597; x_wconf 82' lang='lat' dir='ltr'><strong>hominis</strong></span> <span class='ocrx_word' id='word_1_119' title='bbox 2854 549 2976 609; x_wconf 88' lang='lat' dir='ltr'><strong>post</strong></span> <span class='ocrx_word' id='word_1_120' title='bbox 3019 551 3246 596; x_wconf 89' lang='lat' dir='ltr'><strong>mortem</strong></span> <span class='ocrx_word' id='word_1_121' title='bbox 3270 549 3454 598; x_wconf 83' lang='lat' dir='ltr'><strong>vetere</strong></span> 
     </span>
    </p>
   </div>
   <div class='ocr_carea' id='block_1_20' title="bbox 1878 631 3460 704">
    <p class='ocr_par' dir='ltr' id='par_1_20' title="bbox 1878 631 3460 704">
     <span class='ocr_line' id='line_1_20' title="bbox 1878 631 3460 704; baseline 0.002 -19"><span class='ocrx_word' id='word_1_122' title='bbox 1878 631 2036 688; x_wconf 89' lang='lat' dir='ltr'><strong>latina</strong></span> <span class='ocrx_word' id='word_1_123' title='bbox 2074 632 2254 704; x_wconf 79' lang='lat' dir='ltr'><strong>lingua</strong></span> <span class='ocrx_word' id='word_1_124' title='bbox 2302 632 2586 690; x_wconf 90' lang='lat' dir='ltr'><strong>Lemurem</strong></span> <span class='ocrx_word' id='word_1_125' title='bbox 2639 632 2937 688; x_wconf 83' lang='lat' dir='ltr'><strong>dictitatum</strong></span> <span class='ocrx_word' id='word_1_126' title='bbox 2978 644 2994 685; x_wconf 88' lang='lat'><strong>:</strong></span> <span class='ocrx_word' id='word_1_127' title='bbox 3029 647 3096 688; x_wconf 77' lang='lat' dir='ltr'><strong>ex</strong></span> <span class='ocrx_word' id='word_1_128' title='bbox 3142 632 3460 688; x_wconf 89' lang='lat' dir='ltr'><strong>Lemuribus</strong></span> 
     </span>
    </p>
   </div>
   <div class='ocr_carea' id='block_1_21' title="bbox 1884 725 3461 798">
    <p class='ocr_par' dir='ltr' id='par_1_21' title="bbox 1884 725 3461 798">
     <span class='ocr_line' id='line_1_21' title="bbox 1884 725 3461 798; baseline 0.001 -20"><span class='ocrx_word' id='word_1_129' title='bbox 1884 737 2064 781; x_wconf 88' lang='lat' dir='ltr'><strong>autem</strong></span> <span class='ocrx_word' id='word_1_130' title='bbox 2096 743 2242 792; x_wconf 88' lang='lat' dir='ltr'><strong>eum,</strong></span> <span class='ocrx_word' id='word_1_131' title='bbox 2274 728 2363 798; x_wconf 88' lang='lat' dir='ltr'><strong>qui</strong></span> <span class='ocrx_word' id='word_1_132' title='bbox 2394 737 2582 798; x_wconf 86' lang='lat' dir='ltr'><strong>pacato</strong></span> <span class='ocrx_word' id='word_1_133' title='bbox 2628 737 2683 782; x_wconf 88' lang='lat' dir='ltr'><strong>et</strong></span> <span class='ocrx_word' id='word_1_134' title='bbox 2711 726 2893 798; x_wconf 91' lang='lat' dir='ltr'><strong>quieto</strong></span> <span class='ocrx_word' id='word_1_135' title='bbox 2917 729 3158 792; x_wconf 86' lang='lat' dir='ltr'><strong>numine,</strong></span> <span class='ocrx_word' id='word_1_136' title='bbox 3193 726 3335 781; x_wconf 88' lang='lat' dir='ltr'><strong>haud</strong></span> <span class='ocrx_word' id='word_1_137' title='bbox 3361 725 3461 782; x_wconf 87' lang='lat' dir='ltr'><strong>du-</strong></span> 
     </span>
    </p>
   </div>
   <div class='ocr_carea' id='block_1_22' title="bbox 1881 821 3462 894">
    <p class='ocr_par' dir='ltr' id='par_1_22' title="bbox 1881 821 3462 894">
     <span class='ocr_line' id='line_1_22' title="bbox 1881 821 3462 894; baseline -0.002 -15"><span class='ocrx_word' id='word_1_138' title='bbox 1881 823 1968 879; x_wconf 87' lang='lat' dir='ltr'><strong>bie</strong></span> <span class='ocrx_word' id='word_1_139' title='bbox 1998 832 2221 894; x_wconf 90' lang='lat' dir='ltr'><strong>propter</strong></span> <span class='ocrx_word' id='word_1_140' title='bbox 2249 832 2528 880; x_wconf 61' lang='lat' dir='ltr'><strong>transacta</strong></span> <span class='ocrx_word' id='word_1_141' title='bbox 2557 823 2677 878; x_wconf 69' lang='lat' dir='ltr'><strong>vita:</strong></span> <span class='ocrx_word' id='word_1_142' title='bbox 2703 823 2916 887; x_wconf 88' lang='lat' dir='ltr'><strong>merita,</strong></span> <span class='ocrx_word' id='word_1_143' title='bbox 2948 822 3164 878; x_wconf 91' lang='lat' dir='ltr'><strong>domum</strong></span> <span class='ocrx_word' id='word_1_144' title='bbox 3205 821 3462 893; x_wconf 88' lang='lat' dir='ltr'><strong>possidet,</strong></span> 
     </span>
    </p>
   </div>
   <div class='ocr_carea' id='block_1_23' title="bbox 1881 916 3467 984">
    <p class='ocr_par' dir='ltr' id='par_1_23' title="bbox 1881 916 3467 984">
     <span class='ocr_line' id='line_1_23' title="bbox 1881 916 3467 984; baseline 0 -11"><span class='ocrx_word' id='word_1_145' title='bbox 1881 918 2199 974; x_wconf 82' lang='lat' dir='ltr'><strong>familiarem</strong></span> <span class='ocrx_word' id='word_1_146' title='bbox 2230 917 2461 984; x_wconf 87' lang='lat' dir='ltr'><strong>Larem;</strong></span> <span class='ocrx_word' id='word_1_147' title='bbox 2493 918 2633 973; x_wconf 91' lang='lat' dir='ltr'><strong>male</strong></span> <span class='ocrx_word' id='word_1_148' title='bbox 2661 931 2793 972; x_wconf 90' lang='lat' dir='ltr'><strong>vero</strong></span> <span class='ocrx_word' id='word_1_149' title='bbox 2813 917 2859 972; x_wconf 91' lang='lat' dir='ltr'><strong>si</strong></span> <span class='ocrx_word' id='word_1_150' title='bbox 2880 917 3089 981; x_wconf 82' lang='lat' dir='ltr'><strong>vixerit,</strong></span> <span class='ocrx_word' id='word_1_151' title='bbox 3115 916 3341 972; x_wconf 86' lang='lat' dir='ltr'><strong>Larvam</strong></span> <span class='ocrx_word' id='word_1_152' title='bbox 3372 934 3386 983; x_wconf 91' lang='lat'><strong>;</strong></span> <span class='ocrx_word' id='word_1_153' title='bbox 3420 917 3467 973; x_wconf 92' lang='lat' dir='ltr'><strong>si</strong></span> 
     </span>
    </p>
   </div>
   <div class='ocr_carea' id='block_1_24' title="bbox 1882 1009 3467 1083">
    <p class='ocr_par' dir='ltr' id='par_1_24' title="bbox 1882 1009 3467 1083">
     <span class='ocr_line' id='line_1_24' title="bbox 1882 1009 3467 1083; baseline 0.001 -17"><span class='ocrx_word' id='word_1_154' title='bbox 1882 1022 2062 1069; x_wconf 88' lang='lat' dir='ltr'><strong>autem</strong></span> <span class='ocrx_word' id='word_1_155' title='bbox 2087 1011 2248 1068; x_wconf 89' lang='lat' dir='ltr'><strong>dubia</strong></span> <span class='ocrx_word' id='word_1_156' title='bbox 2279 1013 2388 1072; x_wconf 87' lang='lat' dir='ltr'><strong>sint</strong></span> <span class='ocrx_word' id='word_1_157' title='bbox 2417 1011 2536 1083; x_wconf 90' lang='lat' dir='ltr'><strong>ejus</strong></span> <span class='ocrx_word' id='word_1_158' title='bbox 2568 1011 2783 1079; x_wconf 88' lang='lat' dir='ltr'><strong>merita,</strong></span> <span class='ocrx_word' id='word_1_159' title='bbox 2815 1011 3048 1068; x_wconf 78' lang='lat' dir='ltr'><strong>Manium</strong></span> <span class='ocrx_word' id='word_1_160' title='bbox 3075 1009 3235 1066; x_wconf 90' lang='lat' dir='ltr'><strong>deutn</strong></span> <span class='ocrx_word' id='word_1_161' title='bbox 3264 1026 3467 1067; x_wconf 89' lang='lat' dir='ltr'><strong>nuncu-</strong></span> 
     </span>
    </p>
   </div>
   <div class='ocr_carea' id='block_1_25' title="bbox 1881 1121 2018 1178">
    <p class='ocr_par' dir='ltr' id='par_1_25' title="bbox 1881 1121 2018 1178">
     <span class='ocr_line' id='line_1_25' title="bbox 1881 1121 2018 1178; baseline 0.007 -18"><span class='ocrx_word' id='word_1_162' title='bbox 1881 1121 1995 1178; x_wconf 76' lang='lat' dir='ltr'><strong>pari</strong></span> <span class='ocrx_word' id='word_1_163' title='bbox 2006 1148 2018 1160; x_wconf 94' lang='lat'><strong>.</strong></span> 
     </span>
    </p>
   </div>
   <div class='ocr_carea' id='block_1_26' title="bbox 1955 1195 3466 1269">
    <p class='ocr_par' dir='ltr' id='par_1_26' title="bbox 1955 1195 3466 1269">
     <span class='ocr_line' id='line_1_26' title="bbox 1955 1195 3466 1269; baseline -0.002 -15"><span class='ocrx_word' id='word_1_164' title='bbox 1955 1197 2032 1254; x_wconf 90' lang='lat' dir='ltr'><strong>De</strong></span> <span class='ocrx_word' id='word_1_165' title='bbox 2086 1198 2180 1254; x_wconf 88' lang='lat' dir='ltr'><strong>illo</strong></span> <span class='ocrx_word' id='word_1_166' title='bbox 2229 1212 2393 1269; x_wconf 89' lang='lat' dir='ltr'><strong>porro</strong></span> <span class='ocrx_word' id='word_1_167' title='bbox 2439 1212 2665 1264; x_wconf 90' lang='lat' dir='ltr'><strong>errore,</strong></span> <span class='ocrx_word' id='word_1_168' title='bbox 2707 1212 2816 1269; x_wconf 92' lang='lat' dir='ltr'><strong>quo</strong></span> <span class='ocrx_word' id='word_1_169' title='bbox 2873 1197 3146 1252; x_wconf 63' lang='lat' dir='ltr'><strong>daemones</strong></span> <span class='ocrx_word' id='word_1_170' title='bbox 3171 1195 3466 1251; x_wconf 75' lang='lat' dir='ltr'><strong>hominum</strong></span> 
     </span>
    </p>
   </div>
   <div class='ocr_carea' id='block_1_27' title="bbox 1885 1289 3470 1355">
    <p class='ocr_par' dir='ltr' id='par_1_27' title="bbox 1885 1289 3470 1355">
     <span class='ocr_line' id='line_1_27' title="bbox 1885 1289 3470 1355; baseline -0.001 -10"><span class='ocrx_word' id='word_1_171' title='bbox 1885 1299 2228 1346; x_wconf 15' lang='lat' dir='ltr'><strong>mortuorum.</strong></span> <span class='ocrx_word' id='word_1_172' title='bbox 2271 1291 2480 1346; x_wconf 89' lang='lat' dir='ltr'><strong>animas</strong></span> <span class='ocrx_word' id='word_1_173' title='bbox 2534 1305 2655 1346; x_wconf 91' lang='lat' dir='ltr'><strong>esse</strong></span> <span class='ocrx_word' id='word_1_174' title='bbox 2679 1289 3046 1355; x_wconf 88' lang='lat' dir='ltr'><strong>venditabant,</strong></span> <span class='ocrx_word' id='word_1_175' title='bbox 3075 1304 3181 1344; x_wconf 90' lang='lat' dir='ltr'><strong>non</strong></span> <span class='ocrx_word' id='word_1_176' title='bbox 3223 1289 3390 1345; x_wconf 87' lang='lat' dir='ltr'><strong>semel</strong></span> <span class='ocrx_word' id='word_1_177' title='bbox 3437 1305 3470 1344; x_wconf 89' lang='lat' dir='ltr'><strong>a</strong></span> 
     </span>
    </p>
   </div>
   <div class='ocr_carea' id='block_1_28' title="bbox 1885 1381 3472 1452">
    <p class='ocr_par' dir='ltr' id='par_1_28' title="bbox 1885 1381 3472 1452">
     <span class='ocr_line' id='line_1_28' title="bbox 1885 1381 3472 1452; baseline -0.001 -15"><span class='ocrx_word' id='word_1_178' title='bbox 1885 1381 2043 1438; x_wconf 90' lang='lat' dir='ltr'><strong>nobis</strong></span> <span class='ocrx_word' id='word_1_179' title='bbox 2069 1381 2416 1452; x_wconf 89' lang='lat' dir='ltr'><strong>disputatum.</strong></span> <span class='ocrx_word' id='word_1_180' title='bbox 2452 1382 2525 1437; x_wconf 89' lang='lat' dir='ltr'><strong>De</strong></span> <span class='ocrx_word' id='word_1_181' title='bbox 2551 1382 2776 1438; x_wconf 88' lang='lat' dir='ltr'><strong>Laribus</strong></span> <span class='ocrx_word' id='word_1_182' title='bbox 2797 1397 2928 1438; x_wconf 90' lang='lat' dir='ltr'><strong>vero</strong></span> <span class='ocrx_word' id='word_1_183' title='bbox 2957 1382 3146 1436; x_wconf 90' lang='lat' dir='ltr'><strong>Lilium</strong></span> <span class='ocrx_word' id='word_1_184' title='bbox 3193 1381 3472 1436; x_wconf 88' lang='lat' dir='ltr'><strong>Giraldum</strong></span> 
     </span>
    </p>
   </div>
   <div class='ocr_carea' id='block_1_29' title="bbox 1887 1474 3476 1543">
    <p class='ocr_par' dir='ltr' id='par_1_29' title="bbox 1887 1474 3476 1543">
     <span class='ocr_line' id='line_1_29' title="bbox 1887 1474 3476 1543; baseline -0.001 -11"><span class='ocrx_word' id='word_1_185' title='bbox 1887 1474 2228 1543; x_wconf 89' lang='lat' dir='ltr'><strong>Salmasium,</strong></span> <span class='ocrx_word' id='word_1_186' title='bbox 2253 1477 2494 1533; x_wconf 86' lang='lat' dir='ltr'><strong>Natalem</strong></span> <span class='ocrx_word' id='word_1_187' title='bbox 2515 1475 2805 1543; x_wconf 88' lang='lat' dir='ltr'><strong>Comitem,</strong></span> <span class='ocrx_word' id='word_1_188' title='bbox 2837 1477 3110 1542; x_wconf 78' lang='lat' dir='ltr'><strong>Vossium,</strong></span> <span class='ocrx_word' id='word_1_189' title='bbox 3137 1485 3193 1531; x_wconf 91' lang='lat' dir='ltr'><strong>et</strong></span> <span class='ocrx_word' id='word_1_190' title='bbox 3213 1475 3280 1531; x_wconf 90' lang='lat' dir='ltr'><strong>de</strong></span> <span class='ocrx_word' id='word_1_191' title='bbox 3307 1474 3476 1530; x_wconf 87' lang='lat' dir='ltr'><strong>Mani-</strong></span> 
     </span>
    </p>
   </div>
   <div class='ocr_carea' id='block_1_30' title="bbox 1888 1567 3472 1642">
    <p class='ocr_par' dir='ltr' id='par_1_30' title="bbox 1888 1567 3472 1642">
     <span class='ocr_line' id='line_1_30' title="bbox 1888 1567 3472 1642; baseline -0.002 -18"><span class='ocrx_word' id='word_1_192' title='bbox 1888 1567 1989 1624; x_wconf 88' lang='lat' dir='ltr'><strong>bus</strong></span> <span class='ocrx_word' id='word_1_193' title='bbox 2015 1569 2264 1625; x_wconf 84' lang='lat' dir='ltr'><strong>Servium</strong></span> <span class='ocrx_word' id='word_1_194' title='bbox 2295 1570 2472 1642; x_wconf 86' lang='lat' dir='ltr'><strong>legere</strong></span> <span class='ocrx_word' id='word_1_195' title='bbox 2499 1570 2703 1640; x_wconf 90' lang='lat' dir='ltr'><strong>poteris</strong></span> <span class='ocrx_word' id='word_1_196' title='bbox 2747 1567 2894 1642; x_wconf 88' lang='lat' dir='ltr'><strong>(tom.</strong></span> <span class='ocrx_word' id='word_1_197' title='bbox 2922 1585 2939 1623; x_wconf 95' lang='grc' dir='ltr'><strong>ι</strong></span> <span class='ocrx_word' id='word_1_198' title='bbox 2978 1568 3259 1639; x_wconf 81' lang='grc' dir='ltr'><strong>Αρραναῑ.,</strong></span> <span class='ocrx_word' id='word_1_199' title='bbox 3284 1587 3336 1639; x_wconf 81' lang='grc' dir='ltr'><strong>ρ.</strong></span> <span class='ocrx_word' id='word_1_200' title='bbox 3368 1569 3472 1624; x_wconf 76' lang='grc'><strong>557</strong></span> 
     </span>
    </p>
   </div>
   <div class='ocr_carea' id='block_1_31' title="bbox 1890 1660 3477 1733">
    <p class='ocr_par' dir='ltr' id='par_1_31' title="bbox 1890 1660 3477 1733">
     <span class='ocr_line' id='line_1_31' title="bbox 1890 1660 3477 1733; baseline -0.001 -16"><span class='ocrx_word' id='word_1_201' title='bbox 1890 1669 1938 1717; x_wconf 84' lang='lat' dir='ltr'><strong>et</strong></span> <span class='ocrx_word' id='word_1_202' title='bbox 1984 1663 2122 1730; x_wconf 83' lang='lat'><strong>995;</strong></span> <span class='ocrx_word' id='word_1_203' title='bbox 2153 1662 2376 1729; x_wconf 84' lang='lat' dir='ltr'><strong>Girald.,</strong></span> <span class='ocrx_word' id='word_1_204' title='bbox 2423 1660 2560 1717; x_wconf 88' lang='lat' dir='ltr'><strong>Hist.</strong></span> <span class='ocrx_word' id='word_1_205' title='bbox 2607 1663 2773 1730; x_wconf 86' lang='lat' dir='ltr'><strong>deor.,</strong></span> <span class='ocrx_word' id='word_1_206' title='bbox 2811 1669 3066 1733; x_wconf 81' lang='lat' dir='ltr'><strong>synlagm.</strong></span> <span class='ocrx_word' id='word_1_207' title='bbox 3103 1662 3190 1725; x_wconf 84' lang='grc'><strong>15,</strong></span> <span class='ocrx_word' id='word_1_208' title='bbox 3218 1677 3270 1731; x_wconf 83' lang='lat' dir='ltr'><strong>p.</strong></span> <span class='ocrx_word' id='word_1_209' title='bbox 3294 1660 3400 1716; x_wconf 71' lang='grc'><strong>480</strong></span> <span class='ocrx_word' id='word_1_210' title='bbox 3430 1670 3477 1715; x_wconf 82' lang='lat' dir='ltr'><strong>et</strong></span> 
     </span>
    </p>
   </div>
   <div class='ocr_carea' id='block_1_32' title="bbox 1891 1751 3476 1826">
    <p class='ocr_par' dir='ltr' id='par_1_32' title="bbox 1891 1751 3476 1826">
     <span class='ocr_line' id='line_1_32' title="bbox 1891 1751 3476 1826; baseline -0.001 -18"><span class='ocrx_word' id='word_1_211' title='bbox 1891 1769 2028 1824; x_wconf 85' lang='lat' dir='ltr'><strong>seqq.</strong></span> <span class='ocrx_word' id='word_1_212' title='bbox 2061 1769 2075 1817; x_wconf 91' lang='lat'><strong>;</strong></span> <span class='ocrx_word' id='word_1_213' title='bbox 2107 1753 2334 1810; x_wconf 86' lang='lat' dir='ltr'><strong>Salmas.</strong></span> <span class='ocrx_word' id='word_1_214' title='bbox 2372 1755 2427 1809; x_wconf 86' lang='lat' dir='ltr'><strong>in</strong></span> <span class='ocrx_word' id='word_1_215' title='bbox 2469 1753 2662 1819; x_wconf 69' lang='lat' dir='ltr'><strong>Solim,</strong></span> <span class='ocrx_word' id='word_1_216' title='bbox 2705 1772 2758 1826; x_wconf 81' lang='grc' dir='ltr'><strong>ρ.</strong></span> <span class='ocrx_word' id='word_1_217' title='bbox 2810 1755 2900 1820; x_wconf 74' lang='grc'><strong>64,</strong></span> <span class='ocrx_word' id='word_1_218' title='bbox 2940 1754 3049 1808; x_wconf 72' lang='lat' dir='ltr'><strong>M2</strong></span> <span class='ocrx_word' id='word_1_219' title='bbox 3083 1763 3130 1808; x_wconf 86' lang='lat' dir='ltr'><strong>et</strong></span> <span class='ocrx_word' id='word_1_220' title='bbox 3181 1751 3476 1817; x_wconf 79' lang='lat' dir='ltr'><strong>9|3;Nat.</strong></span> 
     </span>
    </p>
   </div>
   <div class='ocr_carea' id='block_1_33' title="bbox 193 1832 1807 1917">
    <p class='ocr_par' dir='ltr' id='par_1_33' title="bbox 193 1832 1789 1892">
     <span class='ocr_line' id='line_1_33' title="bbox 193 1832 1789 1892; baseline -0.002 -2"><span class='ocrx_word' id='word_1_221' title='bbox 193 1832 298 1891; x_wconf 87' lang='lat' dir='ltr'><strong>diis</strong></span> <span class='ocrx_word' id='word_1_222' title='bbox 309 1835 546 1891; x_wconf 84' lang='lat' dir='ltr'><strong>varietas</strong></span> <span class='ocrx_word' id='word_1_223' title='bbox 557 1845 613 1891; x_wconf 90' lang='lat' dir='ltr'><strong>et</strong></span> <span class='ocrx_word' id='word_1_224' title='bbox 628 1834 1244 1892; x_wconf 71' lang='lat' dir='ltr'><strong>inconsuntia.Primum</strong></span> <span class='ocrx_word' id='word_1_225' title='bbox 1270 1835 1414 1891; x_wconf 91' lang='lat' dir='ltr'><strong>enim</strong></span> <span class='ocrx_word' id='word_1_226' title='bbox 1440 1835 1670 1890; x_wconf 86' lang='lat' dir='ltr'><strong>asseruit</strong></span> <span class='ocrx_word' id='word_1_227' title='bbox 1691 1833 1789 1888; x_wconf 92' lang='lat' dir='ltr'><strong>hos</strong></span> 
     </span>
    </p>
   </div>
   <div class='ocr_carea' id='block_1_34' title="bbox 1911 1832 3474 1917">
    <p class='ocr_par' dir='ltr' id='par_1_34' title="bbox 1911 1843 3474 1917">
     <span class='ocr_line' id='line_1_34' title="bbox 1911 1843 3474 1917; baseline 0.001 -18"><span class='ocrx_word' id='word_1_228' title='bbox 1911 1843 2063 1910; x_wconf 70' lang='lat' dir='ltr'><strong>30m,</strong></span> <span class='ocrx_word' id='word_1_229' title='bbox 2092 1845 2131 1900; x_wconf 82' lang='grc' dir='ltr'><strong>Ι.</strong></span> <span class='ocrx_word' id='word_1_230' title='bbox 2162 1861 2214 1900; x_wconf 82' lang='grc' dir='ltr'>ιν</span> <span class='ocrx_word' id='word_1_231' title='bbox 2245 1845 2490 1917; x_wconf 81' lang='lat' dir='ltr'><strong>Mythol.,</strong></span> <span class='ocrx_word' id='word_1_232' title='bbox 2538 1861 2584 1899; x_wconf 80' lang='grc' dir='ltr'><strong>ο.</strong></span> <span class='ocrx_word' id='word_1_233' title='bbox 2629 1845 2664 1898; x_wconf 98' lang='lat'><strong>2</strong></span> <span class='ocrx_word' id='word_1_234' title='bbox 2693 1856 2738 1899; x_wconf 88' lang='lat' dir='ltr'><strong>et</strong></span> <span class='ocrx_word' id='word_1_235' title='bbox 2763 1845 2798 1900; x_wconf 74' lang='grc'>4</span> <span class='ocrx_word' id='word_1_236' title='bbox 2828 1861 2844 1911; x_wconf 85' lang='grc'>;</span> <span class='ocrx_word' id='word_1_237' title='bbox 2881 1844 3054 1912; x_wconf 83' lang='lat' dir='ltr'><strong>Voss.,</strong></span> <span class='ocrx_word' id='word_1_238' title='bbox 3085 1844 3124 1898; x_wconf 86' lang='grc' dir='ltr'>ι.</span> <span class='ocrx_word' id='word_1_239' title='bbox 3157 1862 3173 1899; x_wconf 92' lang='grc' dir='ltr'><strong>ι</strong></span> <span class='ocrx_word' id='word_1_240' title='bbox 3224 1844 3288 1898; x_wconf 83' lang='lat' dir='ltr'><strong>de</strong></span> <span class='ocrx_word' id='word_1_241' title='bbox 3326 1844 3474 1916; x_wconf 86' lang='lat' dir='ltr'><strong>Orig.</strong></span> 
     </span>
    </p>
   </div>
   <div class='ocr_carea' id='block_1_35' title="bbox 194 1924 1789 1998">
    <p class='ocr_par' dir='ltr' id='par_1_35' title="bbox 194 1924 1789 1998">
     <span class='ocr_line' id='line_1_35' title="bbox 194 1924 1789 1998; baseline -0.003 -13"><span class='ocrx_word' id='word_1_242' title='bbox 194 1943 318 1985; x_wconf 88' lang='lat' dir='ltr'><strong>esse</strong></span> <span class='ocrx_word' id='word_1_243' title='bbox 339 1937 608 1985; x_wconf 89' lang='lat' dir='ltr'><strong>tectorum</strong></span> <span class='ocrx_word' id='word_1_244' title='bbox 631 1927 1017 1998; x_wconf 90' lang='lat' dir='ltr'><strong>domorumque</strong></span> <span class='ocrx_word' id='word_1_245' title='bbox 1038 1926 1307 1983; x_wconf 88' lang='lat' dir='ltr'><strong>custodes.</strong></span> <span class='ocrx_word' id='word_1_246' title='bbox 1343 1929 1414 1982; x_wconf 86' lang='lat' dir='ltr'><strong>At</strong></span> <span class='ocrx_word' id='word_1_247' title='bbox 1443 1925 1546 1982; x_wconf 89' lang='lat' dir='ltr'><strong>hoc</strong></span> <span class='ocrx_word' id='word_1_248' title='bbox 1571 1924 1789 1996; x_wconf 89' lang='lat' dir='ltr'><strong>quidem</strong></span> 
     </span>
    </p>
   </div>
   <div class='ocr_carea' id='block_1_36' title="bbox 197 2017 1796 2107">
    <p class='ocr_par' dir='ltr' id='par_1_36' title="bbox 197 2017 1796 2107">
     <span class='ocr_line' id='line_1_36' title="bbox 197 2017 1796 2107; baseline -0.002 -31"><span class='ocrx_word' id='word_1_249' title='bbox 197 2023 268 2079; x_wconf 90' lang='lat' dir='ltr'><strong>ab</strong></span> <span class='ocrx_word' id='word_1_250' title='bbox 299 2022 496 2080; x_wconf 88' lang='lat' dir='ltr'><strong>Ovidio</strong></span> <span class='ocrx_word' id='word_1_251' title='bbox 542 2037 856 2094; x_wconf 79' lang='lat' dir='ltr'><strong>expressum</strong></span> <span class='ocrx_word' id='word_1_252' title='bbox 887 2021 1157 2087; x_wconf 88' lang='lat' dir='ltr'><strong>vidimus;</strong></span> <span class='ocrx_word' id='word_1_253' title='bbox 1203 2021 1290 2077; x_wconf 91' lang='lat' dir='ltr'><strong>cui</strong></span> <span class='ocrx_word' id='word_1_254' title='bbox 1320 2035 1510 2107; x_wconf 82' lang='lat' dir='ltr'><strong>rursus</strong></span> <span class='ocrx_word' id='word_1_255' title='bbox 1559 2017 1796 2075; x_wconf 89' lang='lat' dir='ltr'><strong>concinit</strong></span> 
     </span>
    </p>
   </div>
   <div class='ocr_carea' id='block_1_37' title="bbox 205 2112 834 2171">
    <p class='ocr_par' dir='ltr' id='par_1_37' title="bbox 205 2112 834 2171">
     <span class='ocr_line' id='line_1_37' title="bbox 205 2112 834 2171; baseline -0.005 -1"><span class='ocrx_word' id='word_1_256' title='bbox 205 2113 291 2171; x_wconf 91' lang='lat' dir='ltr'><strong>his</strong></span> <span class='ocrx_word' id='word_1_257' title='bbox 322 2114 503 2171; x_wconf 86' lang='lat' dir='ltr'><strong>verbis</strong></span> <span class='ocrx_word' id='word_1_258' title='bbox 547 2112 792 2170; x_wconf 80' lang='lat' dir='ltr'><strong>Tibullus</strong></span> <span class='ocrx_word' id='word_1_259' title='bbox 820 2132 834 2167; x_wconf 90' lang='lat'><strong>:</strong></span> 
     </span>
    </p>
   </div>
   <div class='ocr_carea' id='block_1_38' title="bbox 299 2226 1458 2290">
    <p class='ocr_par' dir='ltr' id='par_1_38' title="bbox 299 2226 1458 2290">
     <span class='ocr_line' id='line_1_38' title="bbox 299 2226 1458 2290; baseline -0.004 -9"><span class='ocrx_word' id='word_1_260' title='bbox 299 2227 402 2281; x_wconf 87' lang='lat' dir='ltr'><strong>Sed</strong></span> <span class='ocrx_word' id='word_1_261' title='bbox 427 2229 568 2290; x_wconf 82' lang='lat' dir='ltr'><strong>patrii</strong></span> <span class='ocrx_word' id='word_1_262' title='bbox 590 2235 790 2279; x_wconf 81' lang='lat' dir='ltr'><strong>servate</strong></span> <span class='ocrx_word' id='word_1_263' title='bbox 809 2226 982 2287; x_wconf 88' lang='lat' dir='ltr'><strong>Lares,</strong></span> <span class='ocrx_word' id='word_1_264' title='bbox 1009 2227 1202 2278; x_wconf 87' lang='lat' dir='ltr'><strong>aluistis</strong></span> <span class='ocrx_word' id='word_1_265' title='bbox 1219 2233 1272 2277; x_wconf 89' lang='lat' dir='ltr'><strong>et</strong></span> <span class='ocrx_word' id='word_1_266' title='bbox 1290 2227 1458 2290; x_wconf 85' lang='lat' dir='ltr'><strong>iidem,</strong></span> 
     </span>
    </p>
   </div>
   <div class='ocr_carea' id='block_1_39' title="bbox 362 2289 1482 2344">
    <p class='ocr_par' dir='ltr' id='par_1_39' title="bbox 362 2289 1482 2344">
     <span class='ocr_line' id='line_1_39' title="bbox 362 2289 1482 2344; baseline -0.004 -2"><span class='ocrx_word' id='word_1_267' title='bbox 362 2290 622 2342; x_wconf 87' lang='lat' dir='ltr'><strong>Cursarem</strong></span> <span class='ocrx_word' id='word_1_268' title='bbox 647 2297 840 2342; x_wconf 86' lang='lat' dir='ltr'><strong>vestros</strong></span> <span class='ocrx_word' id='word_1_269' title='bbox 862 2305 972 2341; x_wconf 88' lang='lat' dir='ltr'><strong>eum</strong></span> <span class='ocrx_word' id='word_1_270' title='bbox 1007 2299 1151 2342; x_wconf 88' lang='lat' dir='ltr'><strong>tener</strong></span> <span class='ocrx_word' id='word_1_271' title='bbox 1174 2298 1288 2340; x_wconf 87' lang='lat' dir='ltr'><strong>ante</strong></span> <span class='ocrx_word' id='word_1_272' title='bbox 1312 2289 1482 2344; x_wconf 83' lang='lat' dir='ltr'><strong>pedes.</strong></span> 
     </span>
    </p>
   </div>
   <div class='ocr_carea' id='block_1_40' title="bbox 301 2350 1486 2416">
    <p class='ocr_par' dir='ltr' id='par_1_40' title="bbox 301 2350 1486 2416">
     <span class='ocr_line' id='line_1_40' title="bbox 301 2350 1486 2416; baseline -0.007 -12"><span class='ocrx_word' id='word_1_273' title='bbox 301 2351 413 2416; x_wconf 76' lang='lat' dir='ltr'><strong>Neu</strong></span> <span class='ocrx_word' id='word_1_274' title='bbox 445 2353 628 2416; x_wconf 86' lang='lat' dir='ltr'><strong>pudeat</strong></span> <span class='ocrx_word' id='word_1_275' title='bbox 651 2354 811 2416; x_wconf 84' lang='lat' dir='ltr'><strong>prisco</strong></span> <span class='ocrx_word' id='word_1_276' title='bbox 829 2367 915 2404; x_wconf 88' lang='lat' dir='ltr'><strong>vos</strong></span> <span class='ocrx_word' id='word_1_277' title='bbox 939 2366 1051 2403; x_wconf 86' lang='lat' dir='ltr'><strong>esse</strong></span> <span class='ocrx_word' id='word_1_278' title='bbox 1073 2366 1102 2402; x_wconf 89' lang='lat' dir='ltr'><strong>a</strong></span> <span class='ocrx_word' id='word_1_279' title='bbox 1125 2350 1486 2416; x_wconf 32' lang='lat' dir='ltr'><strong>stipiteufacws:</strong></span> 
     </span>
    </p>
   </div>
   <div class='ocr_carea' id='block_1_41' title="bbox 360 2413 1240 2466">
    <p class='ocr_par' dir='ltr' id='par_1_41' title="bbox 360 2413 1240 2466">
     <span class='ocr_line' id='line_1_41' title="bbox 360 2413 1240 2466; baseline 0 -2"><span class='ocrx_word' id='word_1_280' title='bbox 360 2413 663 2466; x_wconf 41' lang='lat' dir='ltr'><strong>Sic—veteris</strong></span> <span class='ocrx_word' id='word_1_281' title='bbox 672 2416 824 2466; x_wconf 88' lang='lat' dir='ltr'><strong>sedes</strong></span> <span class='ocrx_word' id='word_1_282' title='bbox 854 2415 1125 2466; x_wconf 83' lang='lat' dir='ltr'><strong>incoluistis</strong></span> <span class='ocrx_word' id='word_1_283' title='bbox 1141 2415 1240 2464; x_wconf 89' lang='lat' dir='ltr'><strong>avi.</strong></span> 
     </span>
    </p>
   </div>
   <div class='ocr_carea' id='block_1_42' title="bbox 551 2496 1614 2564">
    <p class='ocr_par' dir='ltr' id='par_1_42' title="bbox 551 2496 1614 2564">
     <span class='ocr_line' id='line_1_42' title="bbox 551 2496 1614 2564; baseline -0.002 -15"><span class='ocrx_word' id='word_1_284' title='bbox 551 2497 683 2563; x_wconf 65' lang='grc' dir='ltr'>(ιιι,</span> <span class='ocrx_word' id='word_1_285' title='bbox 706 2496 902 2559; x_wconf 79' lang='lat' dir='ltr'><strong>ibidem,</strong></span> <span class='ocrx_word' id='word_1_286' title='bbox 926 2497 1048 2562; x_wconf 82' lang='lat' dir='ltr'><strong>eleg.</strong></span> <span class='ocrx_word' id='word_1_287' title='bbox 1076 2499 1295 2558; x_wconf 83' lang='lat' dir='ltr'><strong>ll,vers.</strong></span> <span class='ocrx_word' id='word_1_288' title='bbox 1315 2499 1375 2550; x_wconf 81' lang='lat' dir='ltr'><strong>l5</strong></span> <span class='ocrx_word' id='word_1_289' title='bbox 1391 2505 1437 2550; x_wconf 88' lang='lat' dir='ltr'><strong>et</strong></span> <span class='ocrx_word' id='word_1_290' title='bbox 1454 2498 1614 2564; x_wconf 83' lang='lat' dir='ltr'><strong>seqq.)</strong></span> 
     </span>
    </p>
   </div>
   <div class='ocr_carea' id='block_1_43' title="bbox 277 2602 1798 2675">
    <p class='ocr_par' dir='ltr' id='par_1_43' title="bbox 277 2602 1798 2675">
     <span class='ocr_line' id='line_1_43' title="bbox 277 2602 1798 2675; baseline 0 -15"><span class='ocrx_word' id='word_1_291' title='bbox 277 2602 490 2660; x_wconf 85' lang='lat' dir='ltr'><strong>Deinde</strong></span> <span class='ocrx_word' id='word_1_292' title='bbox 518 2618 650 2661; x_wconf 90' lang='lat' dir='ltr'><strong>vero</strong></span> <span class='ocrx_word' id='word_1_293' title='bbox 681 2604 820 2661; x_wconf 88' lang='lat' dir='ltr'><strong>idem</strong></span> <span class='ocrx_word' id='word_1_294' title='bbox 842 2604 1104 2674; x_wconf 81' lang='lat' dir='ltr'><strong>Nigidius,</strong></span> <span class='ocrx_word' id='word_1_295' title='bbox 1133 2614 1386 2661; x_wconf 88' lang='lat' dir='ltr'><strong>narrante</strong></span> <span class='ocrx_word' id='word_1_296' title='bbox 1407 2605 1648 2661; x_wconf 79' lang='lat' dir='ltr'><strong>Aruobio</strong></span> <span class='ocrx_word' id='word_1_297' title='bbox 1673 2606 1798 2675; x_wconf 81' lang='lat' dir='ltr'><strong>(Ar-</strong></span> 
     </span>
    </p>
   </div>
   <div class='ocr_carea' id='block_1_44' title="bbox 201 2697 1802 2771">
    <p class='ocr_par' dir='ltr' id='par_1_44' title="bbox 201 2697 1802 2771">
     <span class='ocr_line' id='line_1_44' title="bbox 201 2697 1802 2771; baseline 0.003 -18"><span class='ocrx_word' id='word_1_298' title='bbox 201 2698 354 2766; x_wconf 82' lang='lat' dir='ltr'><strong>nob.,</strong></span> <span class='ocrx_word' id='word_1_299' title='bbox 385 2698 425 2754; x_wconf 84' lang='grc' dir='ltr'>ι.</span> <span class='ocrx_word' id='word_1_300' title='bbox 445 2713 524 2761; x_wconf 83' lang='grc' dir='ltr'>ιιι,</span> <span class='ocrx_word' id='word_1_301' title='bbox 553 2715 608 2770; x_wconf 81' lang='lat' dir='ltr'><strong>p.</strong></span> <span class='ocrx_word' id='word_1_302' title='bbox 633 2698 786 2768; x_wconf 72' lang='grc'><strong>121),</strong></span> <span class='ocrx_word' id='word_1_303' title='bbox 809 2697 943 2754; x_wconf 80' lang='lat' dir='ltr'><strong>dixit</strong></span> <span class='ocrx_word' id='word_1_304' title='bbox 972 2698 1093 2755; x_wconf 92' lang='lat' dir='ltr'><strong>illos</strong></span> <span class='ocrx_word' id='word_1_305' title='bbox 1116 2715 1239 2756; x_wconf 89' lang='lat' dir='ltr'><strong>esse</strong></span> <span class='ocrx_word' id='word_1_306' title='bbox 1263 2700 1509 2766; x_wconf 87' lang='lat' dir='ltr'><strong>Curetas,</strong></span> <span class='ocrx_word' id='word_1_307' title='bbox 1544 2701 1634 2771; x_wconf 89' lang='lat' dir='ltr'><strong>qui</strong></span> <span class='ocrx_word' id='word_1_308' title='bbox 1667 2716 1802 2771; x_wconf 87' lang='lat' dir='ltr'><strong>pue-</strong></span> 
     </span>
    </p>
   </div>
   <div class='ocr_carea' id='block_1_45' title="bbox 203 2789 1805 2862">
    <p class='ocr_par' dir='ltr' id='par_1_45' title="bbox 203 2789 1805 2862">
     <span class='ocr_line' id='line_1_45' title="bbox 203 2789 1805 2862; baseline 0.001 -16"><span class='ocrx_word' id='word_1_309' title='bbox 203 2806 328 2846; x_wconf 90' lang='lat' dir='ltr'><strong>rum</strong></span> <span class='ocrx_word' id='word_1_310' title='bbox 369 2789 556 2846; x_wconf 84' lang='lat' dir='ltr'><strong>Jovem</strong></span> <span class='ocrx_word' id='word_1_311' title='bbox 584 2790 942 2847; x_wconf 88' lang='lat' dir='ltr'><strong>oecultarunt.</strong></span> <span class='ocrx_word' id='word_1_312' title='bbox 993 2790 1233 2862; x_wconf 86' lang='lat' dir='ltr'><strong>Denique</strong></span> <span class='ocrx_word' id='word_1_313' title='bbox 1263 2790 1550 2862; x_wconf 92' lang='lat' dir='ltr'><strong>aliquando</strong></span> <span class='ocrx_word' id='word_1_314' title='bbox 1585 2792 1805 2848; x_wconf 89' lang='lat' dir='ltr'><strong>tradidit</strong></span> 
     </span>
    </p>
   </div>
   <div class='ocr_carea' id='block_1_46' title="bbox 213 2883 1802 2956">
    <p class='ocr_par' dir='ltr' id='par_1_46' title="bbox 213 2883 1802 2956">
     <span class='ocr_line' id='line_1_46' title="bbox 213 2883 1802 2956; baseline 0.001 -15"><span class='ocrx_word' id='word_1_315' title='bbox 213 2883 319 2941; x_wconf 88' lang='lat' dir='ltr'><strong>hos</strong></span> <span class='ocrx_word' id='word_1_316' title='bbox 347 2884 492 2956; x_wconf 70' lang='lat' dir='ltr'><strong>iPSOs</strong></span> <span class='ocrx_word' id='word_1_317' title='bbox 509 2885 677 2941; x_wconf 89' lang='lat' dir='ltr'><strong>Lares</strong></span> <span class='ocrx_word' id='word_1_318' title='bbox 702 2900 823 2941; x_wconf 91' lang='lat' dir='ltr'><strong>esse</strong></span> <span class='ocrx_word' id='word_1_319' title='bbox 848 2883 1089 2953; x_wconf 90' lang='lat' dir='ltr'><strong>eosdem,</strong></span> <span class='ocrx_word' id='word_1_320' title='bbox 1106 2895 1268 2956; x_wconf 91' lang='lat' dir='ltr'><strong>atque</strong></span> <span class='ocrx_word' id='word_1_321' title='bbox 1293 2884 1462 2941; x_wconf 72' lang='lat' dir='ltr'><strong>Idaeos</strong></span> <span class='ocrx_word' id='word_1_322' title='bbox 1489 2884 1802 2942; x_wconf 85' lang='lat' dir='ltr'><strong>Samotbra-</strong></span> 
     </span>
    </p>
   </div>
   <div class='ocr_carea' id='block_1_47' title="bbox 209 2975 1806 3049">
    <p class='ocr_par' dir='ltr' id='par_1_47' title="bbox 209 2975 1806 3049">
     <span class='ocr_line' id='line_1_47' title="bbox 209 2975 1806 3049; baseline -0.003 -14"><span class='ocrx_word' id='word_1_323' title='bbox 209 2979 352 3043; x_wconf 87' lang='lat' dir='ltr'><strong>cios,</strong></span> <span class='ocrx_word' id='word_1_324' title='bbox 378 2978 495 3033; x_wconf 86' lang='lat' dir='ltr'><strong>sive</strong></span> <span class='ocrx_word' id='word_1_325' title='bbox 536 2975 705 3033; x_wconf 69' lang='lat' dir='ltr'><strong>Idaeos</strong></span> <span class='ocrx_word' id='word_1_326' title='bbox 732 2976 1001 3049; x_wconf 85' lang='lat' dir='ltr'><strong>Dactylos,</strong></span> <span class='ocrx_word' id='word_1_327' title='bbox 1032 2976 1101 3033; x_wconf 90' lang='lat' dir='ltr'><strong>de</strong></span> <span class='ocrx_word' id='word_1_328' title='bbox 1129 2977 1325 3048; x_wconf 88' lang='lat' dir='ltr'><strong>quibus</strong></span> <span class='ocrx_word' id='word_1_329' title='bbox 1351 2975 1482 3032; x_wconf 91' lang='lat' dir='ltr'><strong>alibi</strong></span> <span class='ocrx_word' id='word_1_330' title='bbox 1508 2975 1806 3047; x_wconf 78' lang='lat' dir='ltr'><strong>diSputavi-</strong></span> 
     </span>
    </p>
   </div>
   <div class='ocr_carea' id='block_1_48' title="bbox 205 3069 1801 3141">
    <p class='ocr_par' dir='ltr' id='par_1_48' title="bbox 205 3069 1801 3141">
     <span class='ocr_line' id='line_1_48' title="bbox 205 3069 1801 3141; baseline -0.001 -16"><span class='ocrx_word' id='word_1_331' title='bbox 205 3085 333 3125; x_wconf 92' lang='lat' dir='ltr'><strong>mus</strong></span> <span class='ocrx_word' id='word_1_332' title='bbox 366 3069 510 3141; x_wconf 85' lang='lat' dir='ltr'><strong>(tom.</strong></span> <span class='ocrx_word' id='word_1_333' title='bbox 546 3084 563 3124; x_wconf 94' lang='grc' dir='ltr'><strong>ι</strong></span> <span class='ocrx_word' id='word_1_334' title='bbox 614 3069 864 3140; x_wconf 78' lang='lat' dir='ltr'><strong>Apparet.</strong></span> <span class='ocrx_word' id='word_1_335' title='bbox 919 3070 958 3124; x_wconf 86' lang='grc' dir='ltr'>ι.</span> <span class='ocrx_word' id='word_1_336' title='bbox 994 3085 1070 3138; x_wconf 87' lang='grc' dir='ltr'>ιιι,</span> <span class='ocrx_word' id='word_1_337' title='bbox 1100 3069 1300 3124; x_wconf 76' lang='lat' dir='ltr'><strong>dissert.</strong></span> <span class='ocrx_word' id='word_1_338' title='bbox 1334 3069 1390 3138; x_wconf 89' lang='lat'><strong>2,</strong></span> <span class='ocrx_word' id='word_1_339' title='bbox 1420 3088 1466 3125; x_wconf 78' lang='grc' dir='ltr'><strong>ο.</strong></span> <span class='ocrx_word' id='word_1_340' title='bbox 1499 3069 1589 3136; x_wconf 84' lang='grc'><strong>19,</strong></span> <span class='ocrx_word' id='word_1_341' title='bbox 1620 3079 1718 3124; x_wconf 88' lang='lat' dir='ltr'><strong>art.</strong></span> <span class='ocrx_word' id='word_1_342' title='bbox 1745 3070 1801 3136; x_wconf 87' lang='lat'><strong>2,</strong></span> 
     </span>
    </p>
   </div>
   <div class='ocr_carea' id='block_1_49' title="bbox 207 3160 1806 3236">
    <p class='ocr_par' dir='ltr' id='par_1_49' title="bbox 207 3160 1806 3236">
     <span class='ocr_line' id='line_1_49' title="bbox 207 3160 1806 3236; baseline 0 -20"><span class='ocrx_word' id='word_1_343' title='bbox 207 3181 266 3236; x_wconf 74' lang='grc' dir='ltr'><strong>ῃ.</strong></span> <span class='ocrx_word' id='word_1_344' title='bbox 303 3160 446 3217; x_wconf 70' lang='grc'><strong>1163</strong></span> <span class='ocrx_word' id='word_1_345' title='bbox 472 3169 522 3216; x_wconf 89' lang='lat' dir='ltr'><strong>et</strong></span> <span class='ocrx_word' id='word_1_346' title='bbox 549 3161 702 3232; x_wconf 86' lang='lat' dir='ltr'><strong>seq.).</strong></span> <span class='ocrx_word' id='word_1_347' title='bbox 734 3162 802 3216; x_wconf 81' lang='lat' dir='ltr'><strong>At</strong></span> <span class='ocrx_word' id='word_1_348' title='bbox 831 3161 875 3216; x_wconf 95' lang='lat' dir='ltr'><strong>si</strong></span> <span class='ocrx_word' id='word_1_349' title='bbox 903 3175 1026 3217; x_wconf 89' lang='lat' dir='ltr'><strong>vera</strong></span> <span class='ocrx_word' id='word_1_350' title='bbox 1056 3169 1141 3218; x_wconf 92' lang='lat' dir='ltr'><strong>est</strong></span> <span class='ocrx_word' id='word_1_351' title='bbox 1165 3162 1265 3217; x_wconf 92' lang='lat' dir='ltr'><strong>ista</strong></span> <span class='ocrx_word' id='word_1_352' title='bbox 1295 3161 1516 3218; x_wconf 81' lang='lat' dir='ltr'><strong>Aruobii</strong></span> <span class='ocrx_word' id='word_1_353' title='bbox 1544 3161 1806 3227; x_wconf 88' lang='lat' dir='ltr'><strong>narratio,</strong></span> 
     </span>
    </p>
   </div>
   <div class='ocr_carea' id='block_1_50' title="bbox 1895 1933 3480 2008">
    <p class='ocr_par' dir='ltr' id='par_1_50' title="bbox 1895 1933 3480 2008">
     <span class='ocr_line' id='line_1_50' title="bbox 1895 1933 3480 2008; baseline 0 -18"><span class='ocrx_word' id='word_1_354' title='bbox 1895 1943 1942 1990; x_wconf 87' lang='lat' dir='ltr'><strong>et</strong></span> <span class='ocrx_word' id='word_1_355' title='bbox 1965 1933 2154 2007; x_wconf 88' lang='lat' dir='ltr'><strong>Progr.</strong></span> <span class='ocrx_word' id='word_1_356' title='bbox 2196 1936 2349 2001; x_wconf 86' lang='lat' dir='ltr'><strong>idol.,</strong></span> <span class='ocrx_word' id='word_1_357' title='bbox 2379 1953 2426 1991; x_wconf 76' lang='grc' dir='ltr'><strong>ε.</strong></span> <span class='ocrx_word' id='word_1_358' title='bbox 2452 1937 2540 2004; x_wconf 91' lang='grc'><strong>11,</strong></span> <span class='ocrx_word' id='word_1_359' title='bbox 2575 1954 2624 2007; x_wconf 81' lang='lat' dir='ltr'><strong>p.</strong></span> <span class='ocrx_word' id='word_1_360' title='bbox 2657 1937 2728 1992; x_wconf 73' lang='grc'><strong>45</strong></span> <span class='ocrx_word' id='word_1_361' title='bbox 2769 1946 2817 1991; x_wconf 90' lang='lat' dir='ltr'><strong>et</strong></span> <span class='ocrx_word' id='word_1_362' title='bbox 2864 1952 3036 2008; x_wconf 86' lang='lat' dir='ltr'><strong>seqq.;</strong></span> <span class='ocrx_word' id='word_1_363' title='bbox 3069 1935 3242 2002; x_wconf 85' lang='lat' dir='ltr'><strong>Serv.,</strong></span> <span class='ocrx_word' id='word_1_364' title='bbox 3264 1937 3320 1991; x_wconf 83' lang='lat' dir='ltr'><strong>in</strong></span> <span class='ocrx_word' id='word_1_365' title='bbox 3348 1936 3384 1990; x_wconf 59' lang='lat' dir='ltr'><strong>l4</strong></span> <span class='ocrx_word' id='word_1_366' title='bbox 3421 1951 3480 1992; x_wconf 88' lang='grc' dir='ltr'><strong>ιιι</strong></span> 
     </span>
    </p>
   </div>
   <div class='ocr_carea' id='block_1_51' title="bbox 1895 2027 2395 2100">
    <p class='ocr_par' dir='ltr' id='par_1_51' title="bbox 1895 2027 2395 2100">
     <span class='ocr_line' id='line_1_51' title="bbox 1895 2027 2395 2100; baseline -0.002 -18"><span class='ocrx_word' id='word_1_367' title='bbox 1895 2027 2137 2096; x_wconf 62' lang='grc' dir='ltr'><strong>λΕιιεὶάη</strong></span> <span class='ocrx_word' id='word_1_368' title='bbox 2164 2046 2218 2100; x_wconf 84' lang='lat' dir='ltr'><strong>p.</strong></span> <span class='ocrx_word' id='word_1_369' title='bbox 2250 2027 2395 2099; x_wconf 85' lang='grc'><strong>166).</strong></span> 
     </span>
    </p>
   </div>
   <div class='ocr_carea' id='block_1_52' title="bbox 1969 2118 3484 2193">
    <p class='ocr_par' dir='ltr' id='par_1_52' title="bbox 1969 2118 3484 2193">
     <span class='ocr_line' id='line_1_52' title="bbox 1969 2118 3484 2193; baseline 0.001 -17"><span class='ocrx_word' id='word_1_370' title='bbox 1969 2120 2111 2189; x_wconf 86' lang='lat' dir='ltr'><strong>Quid</strong></span> <span class='ocrx_word' id='word_1_371' title='bbox 2137 2136 2288 2186; x_wconf 88' lang='lat' dir='ltr'><strong>vero,</strong></span> <span class='ocrx_word' id='word_1_372' title='bbox 2316 2120 2522 2193; x_wconf 91' lang='lat' dir='ltr'><strong>inquiet</strong></span> <span class='ocrx_word' id='word_1_373' title='bbox 2543 2119 2755 2191; x_wconf 91' lang='lat' dir='ltr'><strong>aliquis,</strong></span> <span class='ocrx_word' id='word_1_374' title='bbox 2779 2121 2879 2176; x_wconf 90' lang='lat' dir='ltr'><strong>sibi</strong></span> <span class='ocrx_word' id='word_1_375' title='bbox 2916 2121 3029 2176; x_wconf 88' lang='lat' dir='ltr'><strong>vult</strong></span> <span class='ocrx_word' id='word_1_376' title='bbox 3047 2118 3338 2189; x_wconf 85' lang='lat' dir='ltr'><strong>Arnobius,</strong></span> <span class='ocrx_word' id='word_1_377' title='bbox 3361 2137 3484 2179; x_wconf 90' lang='lat' dir='ltr'><strong>cum</strong></span> 
     </span>
    </p>
   </div>
   <div class='ocr_carea' id='block_1_53' title="bbox 1899 2211 3485 2286">
    <p class='ocr_par' dir='ltr' id='par_1_53' title="bbox 1899 2211 3485 2286">
     <span class='ocr_line' id='line_1_53' title="bbox 1899 2211 3485 2286; baseline 0.001 -16"><span class='ocrx_word' id='word_1_378' title='bbox 1899 2213 2135 2270; x_wconf 87' lang='lat' dir='ltr'><strong>ethnicis</strong></span> <span class='ocrx_word' id='word_1_379' title='bbox 2181 2213 2316 2269; x_wconf 92' lang='lat' dir='ltr'><strong>vitio</strong></span> <span class='ocrx_word' id='word_1_380' title='bbox 2345 2215 2528 2277; x_wconf 90' lang='lat' dir='ltr'><strong>vertit,</strong></span> <span class='ocrx_word' id='word_1_381' title='bbox 2557 2213 2700 2284; x_wconf 86' lang='lat' dir='ltr'><strong>quod</strong></span> <span class='ocrx_word' id='word_1_382' title='bbox 2727 2211 3018 2268; x_wconf 83' lang='lat' dir='ltr'><strong>Grundules</strong></span> <span class='ocrx_word' id='word_1_383' title='bbox 3045 2213 3166 2286; x_wconf 85' lang='lat' dir='ltr'><strong>(Ms.</strong></span> <span class='ocrx_word' id='word_1_384' title='bbox 3195 2214 3367 2271; x_wconf 84' lang='lat' dir='ltr'><strong>codex</strong></span> <span class='ocrx_word' id='word_1_385' title='bbox 3393 2230 3485 2271; x_wconf 85' lang='lat' dir='ltr'><strong>re-</strong></span> 
     </span>
    </p>
   </div>
   <div class='ocr_carea' id='block_1_54' title="bbox 1899 2304 3483 2378">
    <p class='ocr_par' dir='ltr' id='par_1_54' title="bbox 1899 2304 3483 2378">
     <span class='ocr_line' id='line_1_54' title="bbox 1899 2304 3483 2378; baseline 0.003 -18"><span class='ocrx_word' id='word_1_386' title='bbox 1899 2307 2021 2378; x_wconf 89' lang='lat' dir='ltr'><strong>gius</strong></span> <span class='ocrx_word' id='word_1_387' title='bbox 2069 2304 2371 2377; x_wconf 81' lang='lat' dir='ltr'><strong>Grunulios)</strong></span> <span class='ocrx_word' id='word_1_388' title='bbox 2401 2305 2557 2360; x_wconf 83' lang='lat' dir='ltr'><strong>Lares</strong></span> <span class='ocrx_word' id='word_1_389' title='bbox 2602 2308 2892 2362; x_wconf 89' lang='lat' dir='ltr'><strong>adorarent</strong></span> <span class='ocrx_word' id='word_1_390' title='bbox 2913 2306 2936 2361; x_wconf 87' lang='lat'><strong>?</strong></span> <span class='ocrx_word' id='word_1_391' title='bbox 2957 2306 3060 2362; x_wconf 90' lang='lat' dir='ltr'><strong>Sed</strong></span> <span class='ocrx_word' id='word_1_392' title='bbox 3093 2307 3140 2362; x_wconf 90' lang='lat' dir='ltr'><strong>is</strong></span> <span class='ocrx_word' id='word_1_393' title='bbox 3170 2308 3483 2365; x_wconf 90' lang='lat' dir='ltr'><strong>meminisse</strong></span> 
     </span>
    </p>
   </div>
   <div class='ocr_carea' id='block_1_55' title="bbox 1901 2395 3492 2470">
    <p class='ocr_par' dir='ltr' id='par_1_55' title="bbox 1901 2395 3492 2470">
     <span class='ocr_line' id='line_1_55' title="bbox 1901 2395 3492 2470; baseline 0 -16"><span class='ocrx_word' id='word_1_394' title='bbox 1901 2397 2066 2454; x_wconf 87' lang='lat' dir='ltr'><strong>debet</strong></span> <span class='ocrx_word' id='word_1_395' title='bbox 2094 2413 2124 2453; x_wconf 91' lang='lat' dir='ltr'><strong>a</strong></span> <span class='ocrx_word' id='word_1_396' title='bbox 2145 2398 2394 2469; x_wconf 89' lang='lat' dir='ltr'><strong>pluribus</strong></span> <span class='ocrx_word' id='word_1_397' title='bbox 2409 2397 2520 2468; x_wconf 90' lang='lat' dir='ltr'><strong>jam</strong></span> <span class='ocrx_word' id='word_1_398' title='bbox 2549 2397 2890 2453; x_wconf 88' lang='lat' dir='ltr'><strong>observatum</strong></span> <span class='ocrx_word' id='word_1_399' title='bbox 2909 2395 3078 2453; x_wconf 87' lang='lat' dir='ltr'><strong>fuisse</strong></span> <span class='ocrx_word' id='word_1_400' title='bbox 3103 2397 3268 2454; x_wconf 85' lang='lat' dir='ltr'><strong>Lares</strong></span> <span class='ocrx_word' id='word_1_401' title='bbox 3288 2414 3492 2470; x_wconf 85' lang='lat' dir='ltr'><strong>cogno-</strong></span> 
     </span>
    </p>
   </div>
   <div class='ocr_carea' id='block_1_56' title="bbox 1907 2494 3495 2569">
    <p class='ocr_par' dir='ltr' id='par_1_56' title="bbox 1907 2494 3495 2569">
     <span class='ocr_line' id='line_1_56' title="bbox 1907 2494 3495 2569; baseline 0.004 -21"><span class='ocrx_word' id='word_1_402' title='bbox 1907 2494 2101 2549; x_wconf 90' lang='lat' dir='ltr'><strong>minari</strong></span> <span class='ocrx_word' id='word_1_403' title='bbox 2145 2494 2460 2563; x_wconf 85' lang='lat' dir='ltr'><strong>Grundules,</strong></span> <span class='ocrx_word' id='word_1_404' title='bbox 2488 2495 2556 2549; x_wconf 90' lang='lat' dir='ltr'><strong>ab</strong></span> <span class='ocrx_word' id='word_1_405' title='bbox 2585 2495 2808 2566; x_wconf 89' lang='lat' dir='ltr'><strong>antiquo</strong></span> <span class='ocrx_word' id='word_1_406' title='bbox 2836 2495 3003 2551; x_wconf 90' lang='lat' dir='ltr'><strong>verbo</strong></span> <span class='ocrx_word' id='word_1_407' title='bbox 3029 2497 3274 2567; x_wconf 84' lang='lat' dir='ltr'><strong>grundio,</strong></span> <span class='ocrx_word' id='word_1_408' title='bbox 3303 2512 3368 2553; x_wconf 88' lang='lat' dir='ltr'><strong>ac</strong></span> <span class='ocrx_word' id='word_1_409' title='bbox 3394 2513 3495 2569; x_wconf 89' lang='lat' dir='ltr'><strong>po-</strong></span> 
     </span>
    </p>
   </div>
   <div class='ocr_carea' id='block_1_57' title="bbox 1903 2587 3490 2659">
    <p class='ocr_par' dir='ltr' id='par_1_57' title="bbox 1903 2587 3490 2659">
     <span class='ocr_line' id='line_1_57' title="bbox 1903 2587 3490 2659; baseline 0.003 -18"><span class='ocrx_word' id='word_1_410' title='bbox 1903 2593 2017 2642; x_wconf 89' lang='lat' dir='ltr'><strong>stea</strong></span> <span class='ocrx_word' id='word_1_411' title='bbox 2068 2587 2313 2658; x_wconf 83' lang='lat' dir='ltr'><strong>grunnio,</strong></span> <span class='ocrx_word' id='word_1_412' title='bbox 2347 2587 2639 2658; x_wconf 85' lang='lat' dir='ltr'><strong>fanumque</strong></span> <span class='ocrx_word' id='word_1_413' title='bbox 2687 2587 2794 2642; x_wconf 91' lang='lat' dir='ltr'><strong>illis</strong></span> <span class='ocrx_word' id='word_1_414' title='bbox 2844 2588 2896 2642; x_wconf 92' lang='lat' dir='ltr'><strong>in</strong></span> <span class='ocrx_word' id='word_1_415' title='bbox 2927 2587 3195 2659; x_wconf 71' lang='lat' dir='ltr'><strong>scropbte,</strong></span> <span class='ocrx_word' id='word_1_416' title='bbox 3247 2604 3368 2659; x_wconf 72' lang='lat' dir='ltr'><strong>qua:</strong></span> <span class='ocrx_word' id='word_1_417' title='bbox 3418 2590 3490 2646; x_wconf 78' lang='lat'><strong>30</strong></span> 
     </span>
    </p>
   </div>
   <div class='ocr_carea' id='block_1_58' title="bbox 1906 2681 3492 2751">
    <p class='ocr_par' dir='ltr' id='par_1_58' title="bbox 1906 2681 3492 2751">
     <span class='ocr_line' id='line_1_58' title="bbox 1906 2681 3492 2751; baseline 0.005 -18"><span class='ocrx_word' id='word_1_418' title='bbox 1906 2694 2103 2749; x_wconf 90' lang='lat' dir='ltr'><strong>porcos</strong></span> <span class='ocrx_word' id='word_1_419' title='bbox 2157 2691 2476 2751; x_wconf 87' lang='lat' dir='ltr'><strong>pepererat,</strong></span> <span class='ocrx_word' id='word_1_420' title='bbox 2536 2681 2855 2736; x_wconf 89' lang='lat' dir='ltr'><strong>memoriam</strong></span> <span class='ocrx_word' id='word_1_421' title='bbox 2903 2691 3302 2741; x_wconf 85' lang='lat' dir='ltr'><strong>constructum.</strong></span> <span class='ocrx_word' id='word_1_422' title='bbox 3335 2683 3492 2751; x_wconf 89' lang='lat' dir='ltr'><strong>Quod</strong></span> 
     </span>
    </p>
   </div>
   <div class='ocr_carea' id='block_1_59' title="bbox 1904 2770 3488 2848">
    <p class='ocr_par' dir='ltr' id='par_1_59' title="bbox 1904 2770 3488 2848">
     <span class='ocr_line' id='line_1_59' title="bbox 1904 2770 3488 2848; baseline 0.004 -22"><span class='ocrx_word' id='word_1_423' title='bbox 1904 2770 2124 2842; x_wconf 90' lang='lat' dir='ltr'><strong>quidem</strong></span> <span class='ocrx_word' id='word_1_424' title='bbox 2153 2774 2477 2828; x_wconf 87' lang='lat' dir='ltr'><strong>auctoritate</strong></span> <span class='ocrx_word' id='word_1_425' title='bbox 2507 2774 2737 2843; x_wconf 86' lang='lat' dir='ltr'><strong>probant</strong></span> <span class='ocrx_word' id='word_1_426' title='bbox 2761 2774 3055 2842; x_wconf 87' lang='lat' dir='ltr'><strong>Diomedis,</strong></span> <span class='ocrx_word' id='word_1_427' title='bbox 3083 2775 3176 2847; x_wconf 93' lang='lat' dir='ltr'><strong>qui</strong></span> <span class='ocrx_word' id='word_1_428' title='bbox 3208 2777 3260 2830; x_wconf 91' lang='lat' dir='ltr'><strong>in</strong></span> <span class='ocrx_word' id='word_1_429' title='bbox 3283 2778 3488 2848; x_wconf 85' lang='lat' dir='ltr'><strong>opinio-</strong></span> 
     </span>
    </p>
   </div>
   <div class='ocr_carea' id='block_1_60' title="bbox 1913 2867 3494 2928">
    <p class='ocr_par' dir='ltr' id='par_1_60' title="bbox 1913 2867 3494 2928">
     <span class='ocr_line' id='line_1_60' title="bbox 1913 2867 3494 2928; baseline 0.005 -8"><span class='ocrx_word' id='word_1_430' title='bbox 1913 2867 1997 2920; x_wconf 91' lang='lat' dir='ltr'><strong>nis</strong></span> <span class='ocrx_word' id='word_1_431' title='bbox 2033 2882 2147 2923; x_wconf 75' lang='lat' dir='ltr'><strong>sua:</strong></span> <span class='ocrx_word' id='word_1_432' title='bbox 2200 2867 2666 2924; x_wconf 82' lang='lat' dir='ltr'><strong>confirmationem</strong></span> <span class='ocrx_word' id='word_1_433' title='bbox 2711 2868 2954 2922; x_wconf 73' lang='lat' dir='ltr'><strong>Cassium</strong></span> <span class='ocrx_word' id='word_1_434' title='bbox 2997 2868 3279 2925; x_wconf 88' lang='lat' dir='ltr'><strong>Heminam</strong></span> <span class='ocrx_word' id='word_1_435' title='bbox 3308 2871 3494 2928; x_wconf 89' lang='lat' dir='ltr'><strong>citavit</strong></span> 
     </span>
    </p>
   </div>
   <div class='ocr_carea' id='block_1_61' title="bbox 1911 2957 3492 3033">
    <p class='ocr_par' dir='ltr' id='par_1_61' title="bbox 1911 2957 3492 3033">
     <span class='ocr_line' id='line_1_61' title="bbox 1911 2957 3492 3033; baseline 0.002 -18"><span class='ocrx_word' id='word_1_436' title='bbox 1911 2959 2152 3033; x_wconf 78' lang='lat' dir='ltr'><strong>(Arnob.,</strong></span> <span class='ocrx_word' id='word_1_437' title='bbox 2187 2960 2224 3014; x_wconf 85' lang='grc' dir='ltr'>ι.</span> <span class='ocrx_word' id='word_1_438' title='bbox 2259 2977 2298 3026; x_wconf 91' lang='grc' dir='ltr'>ι,</span> <span class='ocrx_word' id='word_1_439' title='bbox 2333 2978 2386 3030; x_wconf 81' lang='lat' dir='ltr'><strong>p.</strong></span> <span class='ocrx_word' id='word_1_440' title='bbox 2437 2960 2505 3015; x_wconf 84' lang='grc'><strong>15</strong></span> <span class='ocrx_word' id='word_1_441' title='bbox 2530 2975 2545 3023; x_wconf 87' lang='grc'><strong>;</strong></span> <span class='ocrx_word' id='word_1_442' title='bbox 2571 2957 2834 3024; x_wconf 84' lang='lat' dir='ltr'><strong>Diomed.,</strong></span> <span class='ocrx_word' id='word_1_443' title='bbox 2865 2961 2904 3014; x_wconf 83' lang='grc' dir='ltr'>ι.</span> <span class='ocrx_word' id='word_1_444' title='bbox 2948 2976 2986 3015; x_wconf 95' lang='grc' dir='ltr'><strong>ιι</strong></span> <span class='ocrx_word' id='word_1_445' title='bbox 3037 2961 3100 3015; x_wconf 87' lang='lat' dir='ltr'><strong>de</strong></span> <span class='ocrx_word' id='word_1_446' title='bbox 3126 2959 3261 3016; x_wconf 82' lang='lat' dir='ltr'><strong>Dub.</strong></span> <span class='ocrx_word' id='word_1_447' title='bbox 3291 2963 3492 3018; x_wconf 88' lang='lat' dir='ltr'><strong>verbor.</strong></span> 
     </span>
    </p>
   </div>
   <div class='ocr_carea' id='block_1_62' title="bbox 1913 3051 3495 3129">
    <p class='ocr_par' dir='ltr' id='par_1_62' title="bbox 1913 3051 3495 3129">
     <span class='ocr_line' id='line_1_62' title="bbox 1913 3051 3495 3129; baseline 0.003 -19"><span class='ocrx_word' id='word_1_448' title='bbox 1913 3055 2093 3126; x_wconf 78' lang='lat' dir='ltr'><strong>signif.</strong></span> <span class='ocrx_word' id='word_1_449' title='bbox 2125 3072 2145 3121; x_wconf 89' lang='lat'><strong>;</strong></span> <span class='ocrx_word' id='word_1_450' title='bbox 2174 3053 2354 3120; x_wconf 81' lang='lat' dir='ltr'><strong>Hem.,</strong></span> <span class='ocrx_word' id='word_1_451' title='bbox 2395 3053 2434 3108; x_wconf 85' lang='grc' dir='ltr'>ι.</span> <span class='ocrx_word' id='word_1_452' title='bbox 2465 3069 2503 3108; x_wconf 88' lang='grc' dir='ltr'><strong>ιι</strong></span> <span class='ocrx_word' id='word_1_453' title='bbox 2545 3051 2797 3124; x_wconf 84' lang='lat' dir='ltr'><strong>Histor.).</strong></span> <span class='ocrx_word' id='word_1_454' title='bbox 2831 3053 3046 3108; x_wconf 84' lang='lat' dir='ltr'><strong>Videsis</strong></span> <span class='ocrx_word' id='word_1_455' title='bbox 3077 3054 3253 3111; x_wconf 70' lang='lat' dir='ltr'><strong>Vossii</strong></span> <span class='ocrx_word' id='word_1_456' title='bbox 3281 3068 3495 3129; x_wconf 80' lang='lat' dir='ltr'><strong>etymo-</strong></span> 
     </span>
    </p>
   </div>
   <div class='ocr_carea' id='block_1_63' title="bbox 1911 3147 3088 3220">
    <p class='ocr_par' dir='ltr' id='par_1_63' title="bbox 1911 3147 3088 3220">
     <span class='ocr_line' id='line_1_63' title="bbox 1911 3147 3088 3220; baseline -0.001 -16"><span class='ocrx_word' id='word_1_457' title='bbox 1911 3149 2122 3220; x_wconf 87' lang='lat' dir='ltr'><strong>logicon</strong></span> <span class='ocrx_word' id='word_1_458' title='bbox 2155 3147 2223 3203; x_wconf 88' lang='lat' dir='ltr'><strong>ad</strong></span> <span class='ocrx_word' id='word_1_459' title='bbox 2254 3149 2418 3204; x_wconf 84' lang='lat' dir='ltr'><strong>verba</strong></span> <span class='ocrx_word' id='word_1_460' title='bbox 2447 3147 2669 3218; x_wconf 84' lang='lat' dir='ltr'><strong>grunnio</strong></span> <span class='ocrx_word' id='word_1_461' title='bbox 2697 3157 2743 3202; x_wconf 87' lang='lat' dir='ltr'><strong>et</strong></span> <span class='ocrx_word' id='word_1_462' title='bbox 2770 3148 3088 3220; x_wconf 84' lang='lat' dir='ltr'><strong>suggrunda.</strong></span> 
     </span>
    </p>
   </div>
   <div class='ocr_carea' id='block_1_64' title="bbox 210 3225 1807 3326">
    <p class='ocr_par' dir='ltr' id='par_1_64' title="bbox 210 3225 1804 3326">
     <span class='ocr_line' id='line_1_64' title="bbox 210 3225 1804 3326; baseline 0.001 -17"><span class='ocrx_word' id='word_1_463' title='bbox 210 3225 341 3310; x_wconf 79' lang='lat' dir='ltr'><strong>hinc</strong></span> <span class='ocrx_word' id='word_1_464' title='bbox 367 3225 634 3325; x_wconf 82' lang='lat' dir='ltr'><strong>colligitur</strong></span> <span class='ocrx_word' id='word_1_465' title='bbox 657 3225 924 3325; x_wconf 63' lang='lat' dir='ltr'><strong>Nigidium</strong></span> <span class='ocrx_word' id='word_1_466' title='bbox 951 3269 1018 3310; x_wconf 79' lang='lat' dir='ltr'><strong>ex</strong></span> <span class='ocrx_word' id='word_1_467' title='bbox 1047 3252 1133 3309; x_wconf 87' lang='lat' dir='ltr'><strong>his</strong></span> <span class='ocrx_word' id='word_1_468' title='bbox 1163 3254 1331 3310; x_wconf 88' lang='lat' dir='ltr'><strong>fuisse</strong></span> <span class='ocrx_word' id='word_1_469' title='bbox 1356 3270 1543 3322; x_wconf 91' lang='lat' dir='ltr'><strong>unum,</strong></span> <span class='ocrx_word' id='word_1_470' title='bbox 1577 3255 1666 3326; x_wconf 93' lang='lat' dir='ltr'><strong>qui</strong></span> <span class='ocrx_word' id='word_1_471' title='bbox 1697 3225 1804 3310; x_wconf 74' lang='lat' dir='ltr'><strong>Ctt-</strong></span> 
     </span>
    </p>
   </div>
   <div class='ocr_carea' id='block_1_65' title="bbox 1911 3225 3498 3326">
    <p class='ocr_par' dir='ltr' id='par_1_65' title="bbox 1981 3239 3498 3310">
     <span class='ocr_line' id='line_1_65' title="bbox 1981 3239 3498 3310; baseline 0.003 -15"><span class='ocrx_word' id='word_1_472' title='bbox 1981 3241 2248 3310; x_wconf 81' lang='lat' dir='ltr'><strong>Quorsum</strong></span> <span class='ocrx_word' id='word_1_473' title='bbox 2274 3254 2425 3305; x_wconf 92' lang='lat' dir='ltr'><strong>vero,</strong></span> <span class='ocrx_word' id='word_1_474' title='bbox 2456 3239 2665 3310; x_wconf 88' lang='lat' dir='ltr'><strong>rogabit</strong></span> <span class='ocrx_word' id='word_1_475' title='bbox 2709 3239 2867 3307; x_wconf 90' lang='lat' dir='ltr'><strong>alius,</strong></span> <span class='ocrx_word' id='word_1_476' title='bbox 2901 3239 3042 3296; x_wconf 89' lang='lat' dir='ltr'><strong>inter</strong></span> <span class='ocrx_word' id='word_1_477' title='bbox 3063 3239 3227 3297; x_wconf 90' lang='lat' dir='ltr'><strong>hosce</strong></span> <span class='ocrx_word' id='word_1_478' title='bbox 3251 3241 3384 3298; x_wconf 86' lang='lat' dir='ltr'><strong>deos</strong></span> <span class='ocrx_word' id='word_1_479' title='bbox 3410 3243 3498 3300; x_wconf 85' lang='lat' dir='ltr'><strong>itt-</strong></span> 
     </span>
    </p>
   </div>
   <div class='ocr_carea' id='block_1_66' title="bbox 210 3343 1810 3418">
    <p class='ocr_par' dir='ltr' id='par_1_66' title="bbox 210 3343 1810 3418">
     <span class='ocr_line' id='line_1_66' title="bbox 210 3343 1810 3418; baseline 0.001 -17"><span class='ocrx_word' id='word_1_480' title='bbox 210 3354 366 3401; x_wconf 89' lang='lat' dir='ltr'><strong>retas</strong></span> <span class='ocrx_word' id='word_1_481' title='bbox 413 3346 480 3401; x_wconf 87' lang='lat' dir='ltr'><strong>ab</strong></span> <span class='ocrx_word' id='word_1_482' title='bbox 527 3343 683 3400; x_wconf 70' lang='lat' dir='ltr'><strong>Idaeis</strong></span> <span class='ocrx_word' id='word_1_483' title='bbox 711 3345 944 3418; x_wconf 88' lang='lat' dir='ltr'><strong>Dactylis</strong></span> <span class='ocrx_word' id='word_1_484' title='bbox 984 3345 1405 3418; x_wconf 84' lang='lat' dir='ltr'><strong>distinguebant,</strong></span> <span class='ocrx_word' id='word_1_485' title='bbox 1435 3362 1534 3404; x_wconf 91' lang='lat' dir='ltr'><strong>nec</strong></span> <span class='ocrx_word' id='word_1_486' title='bbox 1560 3362 1810 3418; x_wconf 88' lang='lat' dir='ltr'><strong>comper-</strong></span> 
     </span>
    </p>
   </div>
   <div class='ocr_carea' id='block_1_67' title="bbox 213 3437 1103 3509">
    <p class='ocr_par' dir='ltr' id='par_1_67' title="bbox 213 3437 1103 3509">
     <span class='ocr_line' id='line_1_67' title="bbox 213 3437 1103 3509; baseline -0.001 -15"><span class='ocrx_word' id='word_1_487' title='bbox 213 3447 333 3494; x_wconf 89' lang='lat' dir='ltr'><strong>tum</strong></span> <span class='ocrx_word' id='word_1_488' title='bbox 367 3437 554 3494; x_wconf 90' lang='lat' dir='ltr'><strong>habuit</strong></span> <span class='ocrx_word' id='word_1_489' title='bbox 577 3438 667 3509; x_wconf 92' lang='lat' dir='ltr'><strong>qui</strong></span> <span class='ocrx_word' id='word_1_490' title='bbox 697 3437 862 3495; x_wconf 89' lang='lat' dir='ltr'><strong>Lares</strong></span> <span class='ocrx_word' id='word_1_491' title='bbox 884 3439 1103 3495; x_wconf 89' lang='lat' dir='ltr'><strong>fuerint.</strong></span> 
     </span>
    </p>
   </div>
   <div class='ocr_carea' id='block_1_68' title="bbox 287 3522 1810 3585">
    <p class='ocr_par' dir='ltr' id='par_1_68' title="bbox 287 3522 1810 3585">
     <span class='ocr_line' id='line_1_68' title="bbox 287 3522 1810 3585; baseline 0.003 -5"><span class='ocrx_word' id='word_1_492' title='bbox 287 3524 496 3580; x_wconf 90' lang='lat' dir='ltr'><strong>Similis</strong></span> <span class='ocrx_word' id='word_1_493' title='bbox 519 3523 622 3579; x_wconf 87' lang='lat' dir='ltr'><strong>fttit</strong></span> <span class='ocrx_word' id='word_1_494' title='bbox 652 3522 909 3581; x_wconf 83' lang='lat' dir='ltr'><strong>Varronis</strong></span> <span class='ocrx_word' id='word_1_495' title='bbox 939 3525 1223 3582; x_wconf 68' lang='lat' dir='ltr'><strong>haesitatio.</strong></span> <span class='ocrx_word' id='word_1_496' title='bbox 1255 3525 1418 3585; x_wconf 87' lang='lat' dir='ltr'><strong>Nobis</strong></span> <span class='ocrx_word' id='word_1_497' title='bbox 1445 3527 1588 3583; x_wconf 90' lang='lat' dir='ltr'><strong>enim</strong></span> <span class='ocrx_word' id='word_1_498' title='bbox 1622 3537 1810 3584; x_wconf 86' lang='lat' dir='ltr'><strong>auctor</strong></span> 
     </span>
    </p>
   </div>
   <div class='ocr_carea' id='block_1_69' title="bbox 212 3617 1811 3693">
    <p class='ocr_par' dir='ltr' id='par_1_69' title="bbox 212 3617 1811 3693">
     <span class='ocr_line' id='line_1_69' title="bbox 212 3617 1811 3693; baseline 0.002 -17"><span class='ocrx_word' id='word_1_499' title='bbox 212 3627 405 3676; x_wconf 87' lang='lat' dir='ltr'><strong>noster</strong></span> <span class='ocrx_word' id='word_1_500' title='bbox 427 3617 666 3674; x_wconf 86' lang='lat' dir='ltr'><strong>declarat</strong></span> <span class='ocrx_word' id='word_1_501' title='bbox 689 3634 811 3674; x_wconf 92' lang='lat' dir='ltr'><strong>eum</strong></span> <span class='ocrx_word' id='word_1_502' title='bbox 853 3619 1048 3676; x_wconf 91' lang='lat' dir='ltr'><strong>alicubi</strong></span> <span class='ocrx_word' id='word_1_503' title='bbox 1092 3622 1373 3693; x_wconf 88' lang='lat' dir='ltr'><strong>scripsisse</strong></span> <span class='ocrx_word' id='word_1_504' title='bbox 1395 3623 1515 3678; x_wconf 92' lang='lat' dir='ltr'><strong>illos</strong></span> <span class='ocrx_word' id='word_1_505' title='bbox 1540 3637 1660 3679; x_wconf 89' lang='lat' dir='ltr'><strong>esse</strong></span> <span class='ocrx_word' id='word_1_506' title='bbox 1700 3622 1811 3678; x_wconf 87' lang='lat' dir='ltr'><strong>Ma--</strong></span> 
     </span>
    </p>
   </div>
   <div class='ocr_carea' id='block_1_70' title="bbox 213 3710 1811 3789">
    <p class='ocr_par' dir='ltr' id='par_1_70' title="bbox 213 3710 1811 3789">
     <span class='ocr_line' id='line_1_70' title="bbox 213 3710 1811 3789; baseline 0.003 -21"><span class='ocrx_word' id='word_1_507' title='bbox 213 3727 340 3778; x_wconf 87' lang='lat' dir='ltr'><strong>nes,</strong></span> <span class='ocrx_word' id='word_1_508' title='bbox 362 3720 419 3768; x_wconf 90' lang='lat' dir='ltr'><strong>et</strong></span> <span class='ocrx_word' id='word_1_509' title='bbox 461 3710 584 3768; x_wconf 90' lang='lat' dir='ltr'><strong>ideo</strong></span> <span class='ocrx_word' id='word_1_510' title='bbox 614 3719 838 3769; x_wconf 89' lang='lat' dir='ltr'><strong>matrem</strong></span> <span class='ocrx_word' id='word_1_511' title='bbox 865 3728 1051 3768; x_wconf 90' lang='lat' dir='ltr'><strong>eorum</strong></span> <span class='ocrx_word' id='word_1_512' title='bbox 1098 3713 1350 3771; x_wconf 88' lang='lat' dir='ltr'><strong>Maniam.</strong></span> <span class='ocrx_word' id='word_1_513' title='bbox 1383 3715 1451 3771; x_wconf 79' lang='lat' dir='ltr'><strong>Et</strong></span> <span class='ocrx_word' id='word_1_514' title='bbox 1494 3731 1554 3772; x_wconf 89' lang='lat' dir='ltr'><strong>re</strong></span> <span class='ocrx_word' id='word_1_515' title='bbox 1595 3717 1811 3789; x_wconf 90' lang='lat' dir='ltr'><strong>quidem</strong></span> 
     </span>
    </p>
   </div>
   <div class='ocr_carea' id='block_1_71' title="bbox 215 3803 1813 3879">
    <p class='ocr_par' dir='ltr' id='par_1_71' title="bbox 215 3803 1813 3879">
     <span class='ocr_line' id='line_1_71' title="bbox 215 3803 1813 3879; baseline 0.003 -18"><span class='ocrx_word' id='word_1_516' title='bbox 215 3820 355 3862; x_wconf 88' lang='lat' dir='ltr'><strong>vera</strong></span> <span class='ocrx_word' id='word_1_517' title='bbox 386 3805 439 3859; x_wconf 92' lang='lat' dir='ltr'><strong>in</strong></span> <span class='ocrx_word' id='word_1_518' title='bbox 463 3803 693 3877; x_wconf 89' lang='lat' dir='ltr'><strong>quodam</strong></span> <span class='ocrx_word' id='word_1_519' title='bbox 725 3805 842 3876; x_wconf 92' lang='lat' dir='ltr'><strong>ejus</strong></span> <span class='ocrx_word' id='word_1_520' title='bbox 877 3805 1014 3861; x_wconf 90' lang='lat' dir='ltr'><strong>libro</strong></span> <span class='ocrx_word' id='word_1_521' title='bbox 1039 3805 1156 3862; x_wconf 59' lang='lat' dir='ltr'><strong>haec</strong></span> <span class='ocrx_word' id='word_1_522' title='bbox 1180 3805 1405 3879; x_wconf 87' lang='lat' dir='ltr'><strong>legimus</strong></span> <span class='ocrx_word' id='word_1_523' title='bbox 1435 3808 1655 3865; x_wconf 89' lang='lat' dir='ltr'><strong>totidem</strong></span> <span class='ocrx_word' id='word_1_524' title='bbox 1698 3809 1813 3879; x_wconf 90' lang='lat' dir='ltr'><strong>ejus</strong></span> 
     </span>
    </p>
   </div>
   <div class='ocr_carea' id='block_1_72' title="bbox 215 3896 1811 3968">
    <p class='ocr_par' dir='ltr' id='par_1_72' title="bbox 215 3896 1811 3968">
     <span class='ocr_line' id='line_1_72' title="bbox 215 3896 1811 3968; baseline 0.002 -14"><span class='ocrx_word' id='word_1_525' title='bbox 215 3898 389 3955; x_wconf 85' lang='lat' dir='ltr'><strong>verba</strong></span> <span class='ocrx_word' id='word_1_526' title='bbox 421 3914 438 3954; x_wconf 88' lang='lat'><strong>:</strong></span> <span class='ocrx_word' id='word_1_527' title='bbox 466 3896 752 3953; x_wconf 72' lang='lat' dir='ltr'><strong>«Videmus</strong></span> <span class='ocrx_word' id='word_1_528' title='bbox 780 3897 1008 3953; x_wconf 84' lang='lat' dir='ltr'><strong>Maniam</strong></span> <span class='ocrx_word' id='word_1_529' title='bbox 1035 3907 1260 3954; x_wconf 88' lang='lat' dir='ltr'><strong>matrem</strong></span> <span class='ocrx_word' id='word_1_530' title='bbox 1288 3899 1811 3968; x_wconf 89' lang='lat' dir='ltr'><strong>Larum,etLuciatn</strong></span> 
     </span>
    </p>
   </div>
   <div class='ocr_carea' id='block_1_73' title="bbox 215 3989 1808 4064">
    <p class='ocr_par' dir='ltr' id='par_1_73' title="bbox 215 3989 1808 4064">
     <span class='ocr_line' id='line_1_73' title="bbox 215 3989 1808 4064; baseline -0.001 -16"><span class='ocrx_word' id='word_1_531' title='bbox 215 3991 567 4048; x_wconf 76' lang='lat' dir='ltr'><strong>Volumniam</strong></span> <span class='ocrx_word' id='word_1_532' title='bbox 593 3989 860 4047; x_wconf 86' lang='lat' dir='ltr'><strong>Saliorum</strong></span> <span class='ocrx_word' id='word_1_533' title='bbox 899 3990 1224 4046; x_wconf 87' lang='lat' dir='ltr'><strong>carminibus</strong></span> <span class='ocrx_word' id='word_1_534' title='bbox 1253 3991 1512 4062; x_wconf 90' lang='lat' dir='ltr'><strong>appellari</strong></span> <span class='ocrx_word' id='word_1_535' title='bbox 1549 4011 1568 4046; x_wconf 80' lang='grc' dir='ltr'><strong>ι</strong></span> <span class='ocrx_word' id='word_1_536' title='bbox 1602 3991 1808 4064; x_wconf 86' lang='lat' dir='ltr'><strong>(Varr.,</strong></span> 
     </span>
    </p>
   </div>
   <div class='ocr_carea' id='block_1_74' title="bbox 215 4081 1817 4156">
    <p class='ocr_par' dir='ltr' id='par_1_74' title="bbox 215 4081 1817 4156">
     <span class='ocr_line' id='line_1_74' title="bbox 215 4081 1817 4156; baseline -0.001 -14"><span class='ocrx_word' id='word_1_537' title='bbox 215 4089 257 4142; x_wconf 84' lang='grc' dir='ltr'>ι.</span> <span class='ocrx_word' id='word_1_538' title='bbox 295 4100 388 4142; x_wconf 89' lang='lat' dir='ltr'><strong>vut</strong></span> <span class='ocrx_word' id='word_1_539' title='bbox 441 4085 506 4140; x_wconf 82' lang='lat' dir='ltr'><strong>de</strong></span> <span class='ocrx_word' id='word_1_540' title='bbox 543 4083 696 4154; x_wconf 82' lang='lat' dir='ltr'><strong>Ling.</strong></span> <span class='ocrx_word' id='word_1_541' title='bbox 740 4083 858 4151; x_wconf 88' lang='lat' dir='ltr'><strong>lat.,</strong></span> <span class='ocrx_word' id='word_1_542' title='bbox 892 4101 944 4154; x_wconf 86' lang='lat' dir='ltr'><strong>p.</strong></span> <span class='ocrx_word' id='word_1_543' title='bbox 997 4082 1142 4156; x_wconf 74' lang='lat'><strong>126).</strong></span> <span class='ocrx_word' id='word_1_544' title='bbox 1175 4081 1287 4140; x_wconf 85' lang='lat' dir='ltr'><strong>Nec</strong></span> <span class='ocrx_word' id='word_1_545' title='bbox 1315 4083 1459 4139; x_wconf 89' lang='lat' dir='ltr'><strong>illius</strong></span> <span class='ocrx_word' id='word_1_546' title='bbox 1487 4092 1690 4140; x_wconf 89' lang='lat' dir='ltr'><strong>tantum</strong></span> <span class='ocrx_word' id='word_1_547' title='bbox 1718 4085 1817 4140; x_wconf 85' lang='lat' dir='ltr'><strong>fuit</strong></span> 
     </span>
    </p>
   </div>
   <div class='ocr_carea' id='block_1_75' title="bbox 217 4173 1818 4248">
    <p class='ocr_par' dir='ltr' id='par_1_75' title="bbox 217 4173 1818 4248">
     <span class='ocr_line' id='line_1_75' title="bbox 217 4173 1818 4248; baseline -0.002 -13"><span class='ocrx_word' id='word_1_548' title='bbox 217 4179 345 4235; x_wconf 58' lang='lat' dir='ltr'><strong>haec</strong></span> <span class='ocrx_word' id='word_1_549' title='bbox 365 4175 569 4248; x_wconf 91' lang='lat' dir='ltr'><strong>opinio,</strong></span> <span class='ocrx_word' id='word_1_550' title='bbox 591 4191 778 4232; x_wconf 91' lang='lat' dir='ltr'><strong>verum</strong></span> <span class='ocrx_word' id='word_1_551' title='bbox 807 4175 969 4230; x_wconf 91' lang='lat' dir='ltr'><strong>etiam</strong></span> <span class='ocrx_word' id='word_1_552' title='bbox 988 4173 1256 4242; x_wconf 68' lang='lat' dir='ltr'><strong>Cecinnae,</strong></span> <span class='ocrx_word' id='word_1_553' title='bbox 1281 4189 1349 4231; x_wconf 84' lang='lat' dir='ltr'><strong>ex</strong></span> <span class='ocrx_word' id='word_1_554' title='bbox 1376 4190 1483 4246; x_wconf 91' lang='lat' dir='ltr'><strong>quo</strong></span> <span class='ocrx_word' id='word_1_555' title='bbox 1513 4179 1630 4232; x_wconf 75' lang='lat' dir='ltr'><strong>tunc</strong></span> <span class='ocrx_word' id='word_1_556' title='bbox 1653 4178 1818 4232; x_wconf 84' lang='lat' dir='ltr'><strong>refert</strong></span> 
     </span>
    </p>
   </div>
   <div class='ocr_carea' id='block_1_76' title="bbox 215 4265 1817 4338">
    <p class='ocr_par' dir='ltr' id='par_1_76' title="bbox 215 4265 1817 4338">
     <span class='ocr_line' id='line_1_76' title="bbox 215 4265 1817 4338; baseline -0.004 -8"><span class='ocrx_word' id='word_1_557' title='bbox 215 4269 559 4330; x_wconf 85' lang='lat' dir='ltr'><strong>Macrobius:</strong></span> <span class='ocrx_word' id='word_1_558' title='bbox 593 4287 613 4320; x_wconf 82' lang='lat' dir='ltr'><strong>s</strong></span> <span class='ocrx_word' id='word_1_559' title='bbox 645 4265 989 4338; x_wconf 86' lang='lat' dir='ltr'><strong>Aliquamdiu</strong></span> <span class='ocrx_word' id='word_1_560' title='bbox 1035 4266 1401 4335; x_wconf 87' lang='lat' dir='ltr'><strong>observatum,</strong></span> <span class='ocrx_word' id='word_1_561' title='bbox 1430 4277 1489 4322; x_wconf 95' lang='lat' dir='ltr'><strong>ut</strong></span> <span class='ocrx_word' id='word_1_562' title='bbox 1519 4282 1618 4338; x_wconf 91' lang='lat' dir='ltr'><strong>pro</strong></span> <span class='ocrx_word' id='word_1_563' title='bbox 1656 4267 1817 4324; x_wconf 88' lang='lat' dir='ltr'><strong>fami-</strong></span> 
     </span>
    </p>
   </div>
   <div class='ocr_carea' id='block_1_77' title="bbox 215 4359 1818 4431">
    <p class='ocr_par' dir='ltr' id='par_1_77' title="bbox 215 4359 1818 4431">
     <span class='ocr_line' id='line_1_77' title="bbox 215 4359 1818 4431; baseline -0.002 -9"><span class='ocrx_word' id='word_1_564' title='bbox 215 4365 463 4428; x_wconf 90' lang='lat' dir='ltr'><strong>liarium,</strong></span> <span class='ocrx_word' id='word_1_565' title='bbox 493 4376 587 4419; x_wconf 90' lang='lat' dir='ltr'><strong>seu</strong></span> <span class='ocrx_word' id='word_1_566' title='bbox 611 4359 956 4428; x_wconf 81' lang='lat' dir='ltr'><strong>familiarum,</strong></span> <span class='ocrx_word' id='word_1_567' title='bbox 985 4361 1244 4431; x_wconf 89' lang='lat' dir='ltr'><strong>sospitate</strong></span> <span class='ocrx_word' id='word_1_568' title='bbox 1275 4360 1424 4430; x_wconf 91' lang='lat' dir='ltr'><strong>pueri</strong></span> <span class='ocrx_word' id='word_1_569' title='bbox 1453 4369 1818 4418; x_wconf 89' lang='lat' dir='ltr'><strong>mactarentur</strong></span> 
     </span>
    </p>
   </div>
   <div class='ocr_carea' id='block_1_78' title="bbox 215 4452 1812 4528">
    <p class='ocr_par' dir='ltr' id='par_1_78' title="bbox 215 4452 1812 4528">
     <span class='ocr_line' id='line_1_78' title="bbox 215 4452 1812 4528; baseline -0.004 -12"><span class='ocrx_word' id='word_1_570' title='bbox 215 4459 418 4516; x_wconf 70' lang='lat' dir='ltr'><strong>Manize</strong></span> <span class='ocrx_word' id='word_1_571' title='bbox 440 4455 578 4519; x_wconf 69' lang='lat' dir='ltr'><strong>deae.</strong></span> <span class='ocrx_word' id='word_1_572' title='bbox 601 4453 760 4510; x_wconf 89' lang='lat' dir='ltr'><strong>matri</strong></span> <span class='ocrx_word' id='word_1_573' title='bbox 799 4454 1012 4510; x_wconf 85' lang='lat' dir='ltr'><strong>Larium</strong></span> <span class='ocrx_word' id='word_1_574' title='bbox 1046 4471 1066 4506; x_wconf 80' lang='grc' dir='ltr'><strong>ι</strong></span> <span class='ocrx_word' id='word_1_575' title='bbox 1101 4452 1384 4528; x_wconf 85' lang='lat' dir='ltr'><strong>(Macrob.,</strong></span> <span class='ocrx_word' id='word_1_576' title='bbox 1419 4452 1458 4509; x_wconf 84' lang='grc' dir='ltr'>ι.</span> <span class='ocrx_word' id='word_1_577' title='bbox 1515 4470 1532 4509; x_wconf 95' lang='grc' dir='ltr'><strong>ι</strong></span> <span class='ocrx_word' id='word_1_578' title='bbox 1573 4455 1812 4524; x_wconf 82' lang='lat' dir='ltr'><strong>Saturn.,</strong></span> 
     </span>
    </p>
   </div>
   <div class='ocr_carea' id='block_1_79' title="bbox 215 4545 1813 4620">
    <p class='ocr_par' dir='ltr' id='par_1_79' title="bbox 215 4545 1813 4620">
     <span class='ocr_line' id='line_1_79' title="bbox 215 4545 1813 4620; baseline -0.001 -14"><span class='ocrx_word' id='word_1_579' title='bbox 215 4568 267 4606; x_wconf 87' lang='lat' dir='ltr'><strong>c.</strong></span> <span class='ocrx_word' id='word_1_580' title='bbox 299 4551 355 4616; x_wconf 87' lang='lat'><strong>7,</strong></span> <span class='ocrx_word' id='word_1_581' title='bbox 391 4566 445 4620; x_wconf 85' lang='lat' dir='ltr'><strong>p.</strong></span> <span class='ocrx_word' id='word_1_582' title='bbox 468 4545 600 4620; x_wconf 87' lang='lat'><strong>207)</strong></span> <span class='ocrx_word' id='word_1_583' title='bbox 632 4545 770 4612; x_wconf 89' lang='lat' dir='ltr'><strong>;sed</strong></span> <span class='ocrx_word' id='word_1_584' title='bbox 816 4545 921 4602; x_wconf 88' lang='lat' dir='ltr'><strong>hoc</strong></span> <span class='ocrx_word' id='word_1_585' title='bbox 968 4545 1292 4603; x_wconf 84' lang='lat' dir='ltr'><strong>sacrificium</strong></span> <span class='ocrx_word' id='word_1_586' title='bbox 1347 4555 1536 4617; x_wconf 88' lang='lat' dir='ltr'><strong>postea</strong></span> <span class='ocrx_word' id='word_1_587' title='bbox 1589 4550 1642 4602; x_wconf 93' lang='lat' dir='ltr'><strong>in</strong></span> <span class='ocrx_word' id='word_1_588' title='bbox 1668 4548 1813 4604; x_wconf 89' lang='lat' dir='ltr'><strong>aliud</strong></span> 
     </span>
    </p>
   </div>
   <div class='ocr_carea' id='block_1_80' title="bbox 216 4636 1101 4710">
    <p class='ocr_par' dir='ltr' id='par_1_80' title="bbox 216 4636 1101 4710">
     <span class='ocr_line' id='line_1_80' title="bbox 216 4636 1101 4710; baseline -0.008 -10"><span class='ocrx_word' id='word_1_589' title='bbox 216 4647 617 4700; x_wconf 90' lang='lat' dir='ltr'><strong>commutatum</strong></span> <span class='ocrx_word' id='word_1_590' title='bbox 645 4652 768 4694; x_wconf 87' lang='lat' dir='ltr'><strong>esse</strong></span> <span class='ocrx_word' id='word_1_591' title='bbox 814 4636 1101 4710; x_wconf 85' lang='lat' dir='ltr'><strong>significat.</strong></span> 
     </span>
    </p>
   </div>
   <div class='ocr_carea' id='block_1_81' title="bbox 297 4731 1818 4794">
    <p class='ocr_par' dir='ltr' id='par_1_81' title="bbox 297 4731 1818 4794">
     <span class='ocr_line' id='line_1_81' title="bbox 297 4731 1818 4794; baseline 0.001 -2"><span class='ocrx_word' id='word_1_592' title='bbox 297 4736 504 4794; x_wconf 74' lang='lat' dir='ltr'><strong>Verum</strong></span> <span class='ocrx_word' id='word_1_593' title='bbox 537 4731 656 4788; x_wconf 59' lang='lat' dir='ltr'><strong>haec</strong></span> <span class='ocrx_word' id='word_1_594' title='bbox 681 4731 946 4788; x_wconf 84' lang='lat' dir='ltr'><strong>sententia</strong></span> <span class='ocrx_word' id='word_1_595' title='bbox 991 4747 1113 4788; x_wconf 89' lang='lat' dir='ltr'><strong>cum</strong></span> <span class='ocrx_word' id='word_1_596' title='bbox 1140 4732 1314 4788; x_wconf 83' lang='lat' dir='ltr'><strong>eidem</strong></span> <span class='ocrx_word' id='word_1_597' title='bbox 1342 4733 1566 4792; x_wconf 80' lang='lat' dir='ltr'><strong>Varroni</strong></span> <span class='ocrx_word' id='word_1_598' title='bbox 1595 4737 1818 4794; x_wconf 89' lang='lat' dir='ltr'><strong>omnino</strong></span> 
     </span>
    </p>
   </div>
   <div class='ocr_carea' id='block_1_82' title="bbox 221 4823 1814 4900">
    <p class='ocr_par' dir='ltr' id='par_1_82' title="bbox 221 4823 1814 4900">
     <span class='ocr_line' id='line_1_82' title="bbox 221 4823 1814 4900; baseline -0.001 -12"><span class='ocrx_word' id='word_1_599' title='bbox 221 4845 335 4888; x_wconf 87' lang='lat' dir='ltr'><strong>non</strong></span> <span class='ocrx_word' id='word_1_600' title='bbox 365 4825 656 4892; x_wconf 90' lang='lat' dir='ltr'><strong>arrisisset,</strong></span> <span class='ocrx_word' id='word_1_601' title='bbox 682 4823 810 4880; x_wconf 85' lang='lat' dir='ltr'><strong>alibi</strong></span> <span class='ocrx_word' id='word_1_602' title='bbox 840 4823 1081 4880; x_wconf 86' lang='lat' dir='ltr'><strong>definivit</strong></span> <span class='ocrx_word' id='word_1_603' title='bbox 1113 4824 1281 4882; x_wconf 89' lang='lat' dir='ltr'><strong>Lares</strong></span> <span class='ocrx_word' id='word_1_604' title='bbox 1309 4828 1486 4884; x_wconf 85' lang='lat' dir='ltr'><strong>aerios</strong></span> <span class='ocrx_word' id='word_1_605' title='bbox 1510 4844 1634 4886; x_wconf 85' lang='lat' dir='ltr'><strong>esse</strong></span> <span class='ocrx_word' id='word_1_606' title='bbox 1662 4831 1814 4900; x_wconf 90' lang='lat' dir='ltr'><strong>deos,</strong></span> 
     </span>
    </p>
   </div>
   <div class='ocr_carea' id='block_1_83' title="bbox 223 4916 1820 4992">
    <p class='ocr_par' dir='ltr' id='par_1_83' title="bbox 223 4916 1820 4992">
     <span class='ocr_line' id='line_1_83' title="bbox 223 4916 1820 4992; baseline -0.001 -13"><span class='ocrx_word' id='word_1_607' title='bbox 223 4931 286 4980; x_wconf 89' lang='lat' dir='ltr'><strong>et</strong></span> <span class='ocrx_word' id='word_1_608' title='bbox 312 4921 548 4977; x_wconf 88' lang='lat' dir='ltr'><strong>heroas:</strong></span> <span class='ocrx_word' id='word_1_609' title='bbox 585 4916 710 4973; x_wconf 87' lang='lat' dir='ltr'><strong>alibi</strong></span> <span class='ocrx_word' id='word_1_610' title='bbox 756 4931 887 4972; x_wconf 89' lang='lat' dir='ltr'><strong>vero</strong></span> <span class='ocrx_word' id='word_1_611' title='bbox 920 4916 1258 4988; x_wconf 90' lang='lat' dir='ltr'><strong>antiquorum</strong></span> <span class='ocrx_word' id='word_1_612' title='bbox 1289 4918 1595 4990; x_wconf 89' lang='lat' dir='ltr'><strong>opinionem</strong></span> <span class='ocrx_word' id='word_1_613' title='bbox 1642 4923 1820 4992; x_wconf 80' lang='lat' dir='ltr'><strong>sequi-</strong></span> 
     </span>
    </p>
   </div>
   <div class='ocr_carea' id='block_1_84' title="bbox 227 5008 1819 5082">
    <p class='ocr_par' dir='ltr' id='par_1_84' title="bbox 227 5008 1819 5082">
     <span class='ocr_line' id='line_1_84' title="bbox 227 5008 1819 5082; baseline -0.001 -12"><span class='ocrx_word' id='word_1_614' title='bbox 227 5024 344 5080; x_wconf 90' lang='lat' dir='ltr'><strong>tur,</strong></span> <span class='ocrx_word' id='word_1_615' title='bbox 371 5019 427 5067; x_wconf 83' lang='lat' dir='ltr'><strong>et</strong></span> <span class='ocrx_word' id='word_1_616' title='bbox 451 5025 545 5066; x_wconf 89' lang='lat' dir='ltr'><strong>eos</strong></span> <span class='ocrx_word' id='word_1_617' title='bbox 589 5009 807 5075; x_wconf 85' lang='lat' dir='ltr'><strong>Larvas,</strong></span> <span class='ocrx_word' id='word_1_618' title='bbox 831 5009 984 5080; x_wconf 90' lang='lat' dir='ltr'><strong>quasi</strong></span> <span class='ocrx_word' id='word_1_619' title='bbox 1013 5008 1273 5079; x_wconf 90' lang='lat' dir='ltr'><strong>quosdam</strong></span> <span class='ocrx_word' id='word_1_620' title='bbox 1302 5011 1514 5082; x_wconf 89' lang='lat' dir='ltr'><strong>genios,</strong></span> <span class='ocrx_word' id='word_1_621' title='bbox 1542 5022 1596 5068; x_wconf 92' lang='lat' dir='ltr'><strong>et</strong></span> <span class='ocrx_word' id='word_1_622' title='bbox 1624 5012 1819 5070; x_wconf 88' lang='lat' dir='ltr'><strong>defun-</strong></span> 
     </span>
    </p>
   </div>
   <div class='ocr_carea' id='block_1_85' title="bbox 230 5099 1824 5175">
    <p class='ocr_par' dir='ltr' id='par_1_85' title="bbox 230 5099 1824 5175">
     <span class='ocr_line' id='line_1_85' title="bbox 230 5099 1824 5175; baseline -0.002 -12"><span class='ocrx_word' id='word_1_623' title='bbox 230 5113 448 5163; x_wconf 86' lang='lat' dir='ltr'><strong>ctorum</strong></span> <span class='ocrx_word' id='word_1_624' title='bbox 474 5103 680 5158; x_wconf 89' lang='lat' dir='ltr'><strong>animas</strong></span> <span class='ocrx_word' id='word_1_625' title='bbox 724 5100 888 5158; x_wconf 87' lang='lat' dir='ltr'><strong>fuisse</strong></span> <span class='ocrx_word' id='word_1_626' title='bbox 932 5099 1260 5172; x_wconf 90' lang='lat' dir='ltr'><strong>pronuntiat.</strong></span> <span class='ocrx_word' id='word_1_627' title='bbox 1284 5101 1369 5158; x_wconf 84' lang='lat' dir='ltr'><strong>Ab</strong></span> <span class='ocrx_word' id='word_1_628' title='bbox 1412 5105 1709 5175; x_wconf 84' lang='lat' dir='ltr'><strong>Augustino</strong></span> <span class='ocrx_word' id='word_1_629' title='bbox 1730 5121 1824 5161; x_wconf 87' lang='lat' dir='ltr'><strong>au-</strong></span> 
     </span>
    </p>
   </div>
   <div class='ocr_carea' id='block_1_86' title="bbox 235 5192 1825 5263">
    <p class='ocr_par' dir='ltr' id='par_1_86' title="bbox 235 5192 1825 5263">
     <span class='ocr_line' id='line_1_86' title="bbox 235 5192 1825 5263; baseline -0.001 -9"><span class='ocrx_word' id='word_1_630' title='bbox 235 5208 350 5254; x_wconf 89' lang='lat' dir='ltr'><strong>tem</strong></span> <span class='ocrx_word' id='word_1_631' title='bbox 377 5193 636 5250; x_wconf 87' lang='lat' dir='ltr'><strong>discimus</strong></span> <span class='ocrx_word' id='word_1_632' title='bbox 660 5192 952 5260; x_wconf 90' lang='lat' dir='ltr'><strong>Plotinum,</strong></span> <span class='ocrx_word' id='word_1_633' title='bbox 977 5193 1066 5263; x_wconf 92' lang='lat' dir='ltr'><strong>qui</strong></span> <span class='ocrx_word' id='word_1_634' title='bbox 1089 5193 1367 5249; x_wconf 86' lang='lat' dir='ltr'><strong>Platonem</strong></span> <span class='ocrx_word' id='word_1_635' title='bbox 1409 5195 1620 5252; x_wconf 78' lang='lat' dir='ltr'><strong>caeteris</strong></span> <span class='ocrx_word' id='word_1_636' title='bbox 1643 5198 1825 5253; x_wconf 82' lang='lat' dir='ltr'><strong>excel-</strong></span> 
     </span>
    </p>
   </div>
   <div class='ocr_carea' id='block_1_87' title="bbox 1911 3332 3493 3407">
    <p class='ocr_par' dir='ltr' id='par_1_87' title="bbox 1911 3332 3493 3407">
     <span class='ocr_line' id='line_1_87' title="bbox 1911 3332 3493 3407; baseline -0.001 -15"><span class='ocrx_word' id='word_1_637' title='bbox 1911 3336 2134 3407; x_wconf 90' lang='lat' dir='ltr'><strong>terjecta</strong></span> <span class='ocrx_word' id='word_1_638' title='bbox 2155 3350 2185 3389; x_wconf 90' lang='lat' dir='ltr'><strong>a</strong></span> <span class='ocrx_word' id='word_1_639' title='bbox 2212 3342 2401 3389; x_wconf 90' lang='lat' dir='ltr'><strong>nostro</strong></span> <span class='ocrx_word' id='word_1_640' title='bbox 2421 3342 2641 3388; x_wconf 87' lang='lat' dir='ltr'><strong>auctore</strong></span> <span class='ocrx_word' id='word_1_641' title='bbox 2672 3332 2949 3389; x_wconf 89' lang='lat' dir='ltr'><strong>Summani</strong></span> <span class='ocrx_word' id='word_1_642' title='bbox 2978 3333 3063 3388; x_wconf 90' lang='lat' dir='ltr'><strong>dei</strong></span> <span class='ocrx_word' id='word_1_643' title='bbox 3093 3348 3493 3391; x_wconf 84' lang='lat' dir='ltr'><strong>commemora-</strong></span> 
     </span>
    </p>
   </div>
   <div class='ocr_carea' id='block_1_88' title="bbox 1912 3427 3501 3500">
    <p class='ocr_par' dir='ltr' id='par_1_88' title="bbox 1912 3427 3501 3500">
     <span class='ocr_line' id='line_1_88' title="bbox 1912 3427 3501 3500; baseline -0.002 -11"><span class='ocrx_word' id='word_1_644' title='bbox 1912 3432 2030 3489; x_wconf 82' lang='lat' dir='ltr'><strong>tio?</strong></span> <span class='ocrx_word' id='word_1_645' title='bbox 2056 3429 2252 3486; x_wconf 86' lang='lat' dir='ltr'><strong>Facilis</strong></span> <span class='ocrx_word' id='word_1_646' title='bbox 2294 3429 2559 3500; x_wconf 89' lang='lat' dir='ltr'><strong>obviaque</strong></span> <span class='ocrx_word' id='word_1_647' title='bbox 2579 3437 2661 3483; x_wconf 91' lang='lat' dir='ltr'><strong>est</strong></span> <span class='ocrx_word' id='word_1_648' title='bbox 2686 3427 2984 3498; x_wconf 83' lang='lat' dir='ltr'><strong>responsio.</strong></span> <span class='ocrx_word' id='word_1_649' title='bbox 3015 3428 3340 3486; x_wconf 90' lang='lat' dir='ltr'><strong>Summanus</strong></span> <span class='ocrx_word' id='word_1_650' title='bbox 3354 3431 3501 3486; x_wconf 90' lang='lat' dir='ltr'><strong>enim</strong></span> 
     </span>
    </p>
   </div>
   <div class='ocr_carea' id='block_1_89' title="bbox 1912 3519 3501 3591">
    <p class='ocr_par' dir='ltr' id='par_1_89' title="bbox 1912 3519 3501 3591">
     <span class='ocr_line' id='line_1_89' title="bbox 1912 3519 3501 3591; baseline -0.001 -11"><span class='ocrx_word' id='word_1_651' title='bbox 1912 3539 2007 3580; x_wconf 81' lang='lat' dir='ltr'><strong>rex</strong></span> <span class='ocrx_word' id='word_1_652' title='bbox 2054 3521 2283 3579; x_wconf 79' lang='lat' dir='ltr'><strong>Manium</strong></span> <span class='ocrx_word' id='word_1_653' title='bbox 2340 3536 2580 3577; x_wconf 88' lang='lat' dir='ltr'><strong>summus</strong></span> <span class='ocrx_word' id='word_1_654' title='bbox 2629 3519 2942 3575; x_wconf 89' lang='lat' dir='ltr'><strong>habebatur.</strong></span> <span class='ocrx_word' id='word_1_655' title='bbox 2985 3519 3245 3586; x_wconf 88' lang='lat' dir='ltr'><strong>Quocirca</strong></span> <span class='ocrx_word' id='word_1_656' title='bbox 3273 3521 3501 3591; x_wconf 80' lang='lat' dir='ltr'><strong>ipsemet</strong></span> 
     </span>
    </p>
   </div>
   <div class='ocr_carea' id='block_1_90' title="bbox 1913 3613 3503 3688">
    <p class='ocr_par' dir='ltr' id='par_1_90' title="bbox 1913 3613 3503 3688">
     <span class='ocr_line' id='line_1_90' title="bbox 1913 3613 3503 3688; baseline -0.002 -12"><span class='ocrx_word' id='word_1_657' title='bbox 1913 3618 2200 3686; x_wconf 88' lang='lat' dir='ltr'><strong>Arnobius,</strong></span> <span class='ocrx_word' id='word_1_658' title='bbox 2231 3615 2321 3672; x_wconf 90' lang='lat' dir='ltr'><strong>ubi</strong></span> <span class='ocrx_word' id='word_1_659' title='bbox 2369 3624 2555 3687; x_wconf 89' lang='lat' dir='ltr'><strong>postea</strong></span> <span class='ocrx_word' id='word_1_660' title='bbox 2597 3613 2666 3671; x_wconf 84' lang='lat' dir='ltr'><strong>de</strong></span> <span class='ocrx_word' id='word_1_661' title='bbox 2692 3614 3009 3686; x_wconf 85' lang='lat' dir='ltr'><strong>Proserpina</strong></span> <span class='ocrx_word' id='word_1_662' title='bbox 3035 3629 3067 3670; x_wconf 89' lang='lat' dir='ltr'><strong>a</strong></span> <span class='ocrx_word' id='word_1_663' title='bbox 3095 3615 3318 3672; x_wconf 87' lang='lat' dir='ltr'><strong>Plutone</strong></span> <span class='ocrx_word' id='word_1_664' title='bbox 3350 3631 3503 3688; x_wconf 73' lang='lat' dir='ltr'><strong>rapte</strong></span> 
     </span>
    </p>
   </div>
   <div class='ocr_carea' id='block_1_91' title="bbox 1913 3705 3500 3780">
    <p class='ocr_par' dir='ltr' id='par_1_91' title="bbox 1913 3705 3500 3780">
     <span class='ocr_line' id='line_1_91' title="bbox 1913 3705 3500 3780; baseline -0.003 -13"><span class='ocrx_word' id='word_1_665' title='bbox 1913 3712 2130 3768; x_wconf 84' lang='lat' dir='ltr'><strong>disserit</strong></span> <span class='ocrx_word' id='word_1_666' title='bbox 2161 3728 2176 3766; x_wconf 90' lang='lat'><strong>:</strong></span> <span class='ocrx_word' id='word_1_667' title='bbox 2205 3709 2319 3765; x_wconf 80' lang='lat' dir='ltr'><strong>Rea:</strong></span> <span class='ocrx_word' id='word_1_668' title='bbox 2343 3708 2612 3777; x_wconf 84' lang='lat' dir='ltr'><strong>prosiliens</strong></span> <span class='ocrx_word' id='word_1_669' title='bbox 2660 3705 2914 3773; x_wconf 80' lang='lat' dir='ltr'><strong>Manium,</strong></span> <span class='ocrx_word' id='word_1_670' title='bbox 2946 3707 3138 3778; x_wconf 90' lang='lat' dir='ltr'><strong>inquit,</strong></span> <span class='ocrx_word' id='word_1_671' title='bbox 3171 3719 3373 3780; x_wconf 87' lang='lat' dir='ltr'><strong>raptam</strong></span> <span class='ocrx_word' id='word_1_672' title='bbox 3399 3711 3500 3764; x_wconf 82' lang='lat' dir='ltr'><strong>vir-</strong></span> 
     </span>
    </p>
   </div>
   <div class='ocr_carea' id='block_1_92' title="bbox 1913 3799 3504 3877">
    <p class='ocr_par' dir='ltr' id='par_1_92' title="bbox 1913 3799 3504 3877">
     <span class='ocr_line' id='line_1_92' title="bbox 1913 3799 3504 3877; baseline 0.001 -19"><span class='ocrx_word' id='word_1_673' title='bbox 1913 3804 2084 3877; x_wconf 84' lang='lat' dir='ltr'><strong>ginem</strong></span> <span class='ocrx_word' id='word_1_674' title='bbox 2114 3819 2286 3858; x_wconf 87' lang='lat' dir='ltr'><strong>secum</strong></span> <span class='ocrx_word' id='word_1_675' title='bbox 2310 3800 2462 3856; x_wconf 81' lang='lat' dir='ltr'><strong>vehit.</strong></span> <span class='ocrx_word' id='word_1_676' title='bbox 2495 3799 2639 3856; x_wconf 87' lang='lat' dir='ltr'><strong>Alibi</strong></span> <span class='ocrx_word' id='word_1_677' title='bbox 2669 3799 2828 3869; x_wconf 88' lang='lat' dir='ltr'><strong>hujus</strong></span> <span class='ocrx_word' id='word_1_678' title='bbox 2857 3800 2945 3855; x_wconf 88' lang='lat' dir='ltr'><strong>ille</strong></span> <span class='ocrx_word' id='word_1_679' title='bbox 2970 3801 3174 3870; x_wconf 89' lang='lat' dir='ltr'><strong>templi,</strong></span> <span class='ocrx_word' id='word_1_680' title='bbox 3205 3817 3269 3858; x_wconf 91' lang='lat' dir='ltr'><strong>ac</strong></span> <span class='ocrx_word' id='word_1_681' title='bbox 3311 3804 3504 3860; x_wconf 88' lang='lat' dir='ltr'><strong>Cicero</strong></span> 
     </span>
    </p>
   </div>
   <div class='ocr_carea' id='block_1_93' title="bbox 1915 3890 3504 3964">
    <p class='ocr_par' dir='ltr' id='par_1_93' title="bbox 1915 3890 3504 3964">
     <span class='ocr_line' id='line_1_93' title="bbox 1915 3890 3504 3964; baseline 0.001 -12"><span class='ocrx_word' id='word_1_682' title='bbox 1915 3896 2097 3952; x_wconf 84' lang='lat' dir='ltr'><strong>fictilis</strong></span> <span class='ocrx_word' id='word_1_683' title='bbox 2135 3895 2252 3964; x_wconf 85' lang='lat' dir='ltr'><strong>ejus</strong></span> <span class='ocrx_word' id='word_1_684' title='bbox 2293 3893 2587 3959; x_wconf 89' lang='lat' dir='ltr'><strong>simulacri,</strong></span> <span class='ocrx_word' id='word_1_685' title='bbox 2620 3890 2870 3947; x_wconf 87' lang='lat' dir='ltr'><strong>fecerunt</strong></span> <span class='ocrx_word' id='word_1_686' title='bbox 2914 3893 3263 3950; x_wconf 86' lang='lat' dir='ltr'><strong>mentionem.</strong></span> <span class='ocrx_word' id='word_1_687' title='bbox 3298 3894 3504 3954; x_wconf 85' lang='lat' dir='ltr'><strong>Plinius</strong></span> 
     </span>
    </p>
   </div>
   <div class='ocr_carea' id='block_1_94' title="bbox 1915 3984 3499 4047">
    <p class='ocr_par' dir='ltr' id='par_1_94' title="bbox 1915 3984 3499 4047">
     <span class='ocr_line' id='line_1_94' title="bbox 1915 3984 3499 4047; baseline 0.003 -5"><span class='ocrx_word' id='word_1_688' title='bbox 1915 4004 2046 4045; x_wconf 91' lang='lat' dir='ltr'><strong>vero</strong></span> <span class='ocrx_word' id='word_1_689' title='bbox 2080 3988 2238 4044; x_wconf 89' lang='lat' dir='ltr'><strong>docet</strong></span> <span class='ocrx_word' id='word_1_690' title='bbox 2279 3987 2532 4043; x_wconf 74' lang='lat' dir='ltr'><strong>attributa</strong></span> <span class='ocrx_word' id='word_1_691' title='bbox 2587 3985 2660 4040; x_wconf 91' lang='lat' dir='ltr'><strong>illi</strong></span> <span class='ocrx_word' id='word_1_692' title='bbox 2711 3984 2876 4041; x_wconf 84' lang='lat' dir='ltr'><strong>fuisse</strong></span> <span class='ocrx_word' id='word_1_693' title='bbox 2921 3995 3179 4042; x_wconf 90' lang='lat' dir='ltr'><strong>nocturna</strong></span> <span class='ocrx_word' id='word_1_694' title='bbox 3233 3989 3499 4047; x_wconf 86' lang='lat' dir='ltr'><strong>fulmina:</strong></span> 
     </span>
    </p>
   </div>
   <div class='ocr_carea' id='block_1_95' title="bbox 1915 4080 3504 4153">
    <p class='ocr_par' dir='ltr' id='par_1_95' title="bbox 1915 4080 3504 4153">
     <span class='ocr_line' id='line_1_95' title="bbox 1915 4080 3504 4153; baseline -0.001 -13"><span class='ocrx_word' id='word_1_695' title='bbox 1915 4084 2216 4148; x_wconf 80' lang='lat' dir='ltr'><strong>Tuscorum,</strong></span> <span class='ocrx_word' id='word_1_696' title='bbox 2242 4081 2431 4153; x_wconf 92' lang='lat' dir='ltr'><strong>inquit,</strong></span> <span class='ocrx_word' id='word_1_697' title='bbox 2457 4080 2638 4135; x_wconf 72' lang='lat' dir='ltr'><strong>litterae</strong></span> <span class='ocrx_word' id='word_1_698' title='bbox 2662 4095 2840 4134; x_wconf 81' lang='lat' dir='ltr'><strong>novem</strong></span> <span class='ocrx_word' id='word_1_699' title='bbox 2869 4080 2991 4136; x_wconf 81' lang='lat' dir='ltr'><strong>deos</strong></span> <span class='ocrx_word' id='word_1_700' title='bbox 3033 4083 3260 4137; x_wconf 81' lang='lat' dir='ltr'><strong>emittere</strong></span> <span class='ocrx_word' id='word_1_701' title='bbox 3282 4084 3504 4151; x_wconf 81' lang='lat' dir='ltr'><strong>fulmina</strong></span> 
     </span>
    </p>
   </div>
   <div class='ocr_carea' id='block_1_96' title="bbox 1915 4173 3494 4246">
    <p class='ocr_par' dir='ltr' id='par_1_96' title="bbox 1915 4173 3494 4246">
     <span class='ocr_line' id='line_1_96' title="bbox 1915 4173 3494 4246; baseline 0.001 -14"><span class='ocrx_word' id='word_1_702' title='bbox 1915 4178 2323 4232; x_wconf 77' lang='lat' dir='ltr'><strong>existimant.....</strong></span> <span class='ocrx_word' id='word_1_703' title='bbox 2371 4173 2593 4228; x_wconf 86' lang='lat' dir='ltr'><strong>Romani</strong></span> <span class='ocrx_word' id='word_1_704' title='bbox 2621 4173 2749 4228; x_wconf 85' lang='lat' dir='ltr'><strong>duos</strong></span> <span class='ocrx_word' id='word_1_705' title='bbox 2777 4184 2972 4228; x_wconf 82' lang='lat' dir='ltr'><strong>tantum</strong></span> <span class='ocrx_word' id='word_1_706' title='bbox 3001 4191 3064 4228; x_wconf 81' lang='lat' dir='ltr'><strong>ea:</strong></span> <span class='ocrx_word' id='word_1_707' title='bbox 3090 4176 3162 4230; x_wconf 87' lang='lat' dir='ltr'><strong>eis</strong></span> <span class='ocrx_word' id='word_1_708' title='bbox 3210 4193 3494 4246; x_wconf 83' lang='lat' dir='ltr'><strong>servavere,</strong></span> 
     </span>
    </p>
   </div>
   <div class='ocr_carea' id='block_1_97' title="bbox 1917 4269 3496 4336">
    <p class='ocr_par' dir='ltr' id='par_1_97' title="bbox 1917 4269 3496 4336">
     <span class='ocr_line' id='line_1_97' title="bbox 1917 4269 3496 4336; baseline 0.003 -8"><span class='ocrx_word' id='word_1_709' title='bbox 1917 4274 2102 4328; x_wconf 82' lang='lat' dir='ltr'><strong>diurna</strong></span> <span class='ocrx_word' id='word_1_710' title='bbox 2155 4273 2483 4328; x_wconf 85' lang='lat' dir='ltr'><strong>attribuentes</strong></span> <span class='ocrx_word' id='word_1_711' title='bbox 2532 4269 2679 4336; x_wconf 82' lang='lat' dir='ltr'><strong>Jovi,</strong></span> <span class='ocrx_word' id='word_1_712' title='bbox 2716 4283 2965 4327; x_wconf 84' lang='lat' dir='ltr'><strong>nocturna</strong></span> <span class='ocrx_word' id='word_1_713' title='bbox 3023 4273 3326 4330; x_wconf 82' lang='lat' dir='ltr'><strong>Summano.</strong></span> <span class='ocrx_word' id='word_1_714' title='bbox 3361 4275 3496 4333; x_wconf 83' lang='lat' dir='ltr'><strong>Eam</strong></span> 
     </span>
    </p>
   </div>
   <div class='ocr_carea' id='block_1_98' title="bbox 1916 4363 3493 4437">
    <p class='ocr_par' dir='ltr' id='par_1_98' title="bbox 1916 4363 3493 4437">
     <span class='ocr_line' id='line_1_98' title="bbox 1916 4363 3493 4437; baseline 0.001 -16"><span class='ocrx_word' id='word_1_715' title='bbox 1916 4380 2062 4436; x_wconf 62' lang='lat' dir='ltr'><strong>saepe</strong></span> <span class='ocrx_word' id='word_1_716' title='bbox 2088 4363 2159 4419; x_wconf 89' lang='lat' dir='ltr'><strong>ob</strong></span> <span class='ocrx_word' id='word_1_717' title='bbox 2186 4379 2401 4421; x_wconf 85' lang='lat' dir='ltr'><strong>causam</strong></span> <span class='ocrx_word' id='word_1_718' title='bbox 2453 4363 2686 4433; x_wconf 88' lang='lat' dir='ltr'><strong>majores</strong></span> <span class='ocrx_word' id='word_1_719' title='bbox 2734 4363 2856 4418; x_wconf 92' lang='lat' dir='ltr'><strong>huic</strong></span> <span class='ocrx_word' id='word_1_720' title='bbox 2878 4363 3133 4429; x_wconf 90' lang='lat' dir='ltr'><strong>honores,</strong></span> <span class='ocrx_word' id='word_1_721' title='bbox 3163 4382 3322 4437; x_wconf 83' lang='lat' dir='ltr'><strong>quam</strong></span> <span class='ocrx_word' id='word_1_722' title='bbox 3352 4367 3493 4434; x_wconf 80' lang='lat' dir='ltr'><strong>Jovi,</strong></span> 
     </span>
    </p>
   </div>
   <div class='ocr_carea' id='block_1_99' title="bbox 1917 4455 3495 4529">
    <p class='ocr_par' dir='ltr' id='par_1_99' title="bbox 1917 4455 3495 4529">
     <span class='ocr_line' id='line_1_99' title="bbox 1917 4455 3495 4529; baseline 0.001 -17"><span class='ocrx_word' id='word_1_723' title='bbox 1917 4467 2058 4515; x_wconf 87' lang='lat' dir='ltr'><strong>teste</strong></span> <span class='ocrx_word' id='word_1_724' title='bbox 2074 4456 2394 4529; x_wconf 84' lang='lat' dir='ltr'><strong>Augustino,</strong></span> <span class='ocrx_word' id='word_1_725' title='bbox 2421 4455 2622 4512; x_wconf 90' lang='lat' dir='ltr'><strong>ethnici</strong></span> <span class='ocrx_word' id='word_1_726' title='bbox 2650 4455 2919 4525; x_wconf 85' lang='lat' dir='ltr'><strong>quondam</strong></span> <span class='ocrx_word' id='word_1_727' title='bbox 2943 4455 3270 4512; x_wconf 83' lang='lat' dir='ltr'><strong>detulerunt.</strong></span> <span class='ocrx_word' id='word_1_728' title='bbox 3301 4459 3495 4516; x_wconf 87' lang='lat' dir='ltr'><strong>Postea</strong></span> 
     </span>
    </p>
   </div>
   <div class='ocr_carea' id='block_1_100' title="bbox 1921 4547 3502 4622">
    <p class='ocr_par' dir='ltr' id='par_1_100' title="bbox 1921 4547 3502 4622">
     <span class='ocr_line' id='line_1_100' title="bbox 1921 4547 3502 4622; baseline 0.001 -15"><span class='ocrx_word' id='word_1_729' title='bbox 1921 4562 2100 4608; x_wconf 89' lang='lat' dir='ltr'><strong>tamen</strong></span> <span class='ocrx_word' id='word_1_730' title='bbox 2131 4551 2210 4607; x_wconf 93' lang='lat' dir='ltr'><strong>sic</strong></span> <span class='ocrx_word' id='word_1_731' title='bbox 2255 4550 2564 4606; x_wconf 90' lang='lat' dir='ltr'><strong>imminutos</strong></span> <span class='ocrx_word' id='word_1_732' title='bbox 2607 4547 2772 4603; x_wconf 89' lang='lat' dir='ltr'><strong>fuisse</strong></span> <span class='ocrx_word' id='word_1_733' title='bbox 2823 4549 3088 4618; x_wconf 90' lang='lat' dir='ltr'><strong>perhibet,</strong></span> <span class='ocrx_word' id='word_1_734' title='bbox 3122 4561 3177 4605; x_wconf 94' lang='lat' dir='ltr'><strong>ut</strong></span> <span class='ocrx_word' id='word_1_735' title='bbox 3208 4552 3298 4622; x_wconf 90' lang='lat' dir='ltr'><strong>qui</strong></span> <span class='ocrx_word' id='word_1_736' title='bbox 3336 4553 3502 4608; x_wconf 85' lang='lat' dir='ltr'><strong>Slllll-</strong></span> 
     </span>
    </p>
   </div>
   <div class='ocr_carea' id='block_1_101' title="bbox 1843 4641 3507 4711">
    <p class='ocr_par' dir='ltr' id='par_1_101' title="bbox 1843 4641 3507 4711">
     <span class='ocr_line' id='line_1_101' title="bbox 1843 4641 3507 4711; baseline 0.001 -11"><span class='ocrx_word' id='word_1_737' title='bbox 1843 4644 2064 4707; x_wconf 86' lang='lat' dir='ltr'><strong>Dmani</strong></span> <span class='ocrx_word' id='word_1_738' title='bbox 2118 4659 2314 4699; x_wconf 90' lang='lat' dir='ltr'><strong>nomen</strong></span> <span class='ocrx_word' id='word_1_739' title='bbox 2365 4657 2426 4697; x_wconf 90' lang='lat' dir='ltr'><strong>se</strong></span> <span class='ocrx_word' id='word_1_740' title='bbox 2472 4641 2666 4711; x_wconf 65' lang='lat' dir='ltr'><strong>legisse</strong></span> <span class='ocrx_word' id='word_1_741' title='bbox 2715 4641 3040 4706; x_wconf 88' lang='lat' dir='ltr'><strong>meminerit,</strong></span> <span class='ocrx_word' id='word_1_742' title='bbox 3084 4642 3173 4696; x_wconf 80' lang='lat' dir='ltr'><strong>vix</strong></span> <span class='ocrx_word' id='word_1_743' title='bbox 3224 4645 3361 4700; x_wconf 88' lang='lat' dir='ltr'><strong>ullus</strong></span> <span class='ocrx_word' id='word_1_744' title='bbox 3387 4662 3507 4702; x_wconf 83' lang='lat' dir='ltr'><strong>am~</strong></span> 
     </span>
    </p>
   </div>
   <div class='ocr_carea' id='block_1_102' title="bbox 1925 4731 3510 4807">
    <p class='ocr_par' dir='ltr' id='par_1_102' title="bbox 1925 4731 3510 4807">
     <span class='ocr_line' id='line_1_102' title="bbox 1925 4731 3510 4807; baseline 0.001 -15"><span class='ocrx_word' id='word_1_745' title='bbox 1925 4737 2063 4807; x_wconf 86' lang='lat' dir='ltr'><strong>plius</strong></span> <span class='ocrx_word' id='word_1_746' title='bbox 2090 4736 2420 4792; x_wconf 84' lang='lat' dir='ltr'><strong>inveniretur</strong></span> <span class='ocrx_word' id='word_1_747' title='bbox 2451 4733 2630 4788; x_wconf 91' lang='lat' dir='ltr'><strong>homo.</strong></span> <span class='ocrx_word' id='word_1_748' title='bbox 2659 4731 2727 4787; x_wconf 83' lang='lat' dir='ltr'><strong>At</strong></span> <span class='ocrx_word' id='word_1_749' title='bbox 2757 4733 2899 4788; x_wconf 88' lang='lat' dir='ltr'><strong>hunc</strong></span> <span class='ocrx_word' id='word_1_750' title='bbox 2926 4731 3275 4791; x_wconf 91' lang='lat' dir='ltr'><strong>nihilominus</strong></span> <span class='ocrx_word' id='word_1_751' title='bbox 3305 4737 3510 4796; x_wconf 81' lang='lat' dir='ltr'><strong>ethnici</strong></span> 
     </span>
    </p>
   </div>
   <div class='ocr_carea' id='block_1_103' title="bbox 1926 4824 3510 4901">
    <p class='ocr_par' dir='ltr' id='par_1_103' title="bbox 1926 4824 3510 4901">
     <span class='ocr_line' id='line_1_103' title="bbox 1926 4824 3510 4901; baseline 0.002 -16"><span class='ocrx_word' id='word_1_752' title='bbox 1926 4830 2106 4894; x_wconf 87' lang='lat' dir='ltr'><strong>deum,</strong></span> <span class='ocrx_word' id='word_1_753' title='bbox 2139 4825 2216 4881; x_wconf 93' lang='lat' dir='ltr'><strong>uti</strong></span> <span class='ocrx_word' id='word_1_754' title='bbox 2237 4824 2409 4880; x_wconf 86' lang='lat' dir='ltr'><strong>Varro</strong></span> <span class='ocrx_word' id='word_1_755' title='bbox 2457 4833 2704 4890; x_wconf 86' lang='lat' dir='ltr'><strong>testatur,</strong></span> <span class='ocrx_word' id='word_1_756' title='bbox 2736 4839 2857 4880; x_wconf 89' lang='lat' dir='ltr'><strong>esse</strong></span> <span class='ocrx_word' id='word_1_757' title='bbox 2886 4825 3255 4883; x_wconf 85' lang='lat' dir='ltr'><strong>autumabant.</strong></span> <span class='ocrx_word' id='word_1_758' title='bbox 3291 4831 3360 4884; x_wconf 82' lang='lat' dir='ltr'><strong>At</strong></span> <span class='ocrx_word' id='word_1_759' title='bbox 3388 4831 3510 4901; x_wconf 84' lang='lat' dir='ltr'><strong>quis</strong></span> 
     </span>
    </p>
   </div>
   <div class='ocr_carea' id='block_1_104' title="bbox 1927 4919 3514 4999">
    <p class='ocr_par' dir='ltr' id='par_1_104' title="bbox 1927 4919 3514 4999">
     <span class='ocr_line' id='line_1_104' title="bbox 1927 4919 3514 4999; baseline 0.003 -20"><span class='ocrx_word' id='word_1_760' title='bbox 1927 4922 2071 4990; x_wconf 92' lang='lat' dir='ltr'><strong>inde,</strong></span> <span class='ocrx_word' id='word_1_761' title='bbox 2101 4931 2261 4993; x_wconf 91' lang='lat' dir='ltr'><strong>atque</strong></span> <span class='ocrx_word' id='word_1_762' title='bbox 2288 4935 2355 4976; x_wconf 80' lang='lat' dir='ltr'><strong>ex</strong></span> <span class='ocrx_word' id='word_1_763' title='bbox 2384 4919 2449 4976; x_wconf 91' lang='lat' dir='ltr'><strong>iis</strong></span> <span class='ocrx_word' id='word_1_764' title='bbox 2494 4921 2764 4984; x_wconf 89' lang='lat' dir='ltr'><strong>omnibus,</strong></span> <span class='ocrx_word' id='word_1_765' title='bbox 2796 4937 2917 4992; x_wconf 73' lang='lat' dir='ltr'><strong>qua:</strong></span> <span class='ocrx_word' id='word_1_766' title='bbox 2943 4931 3057 4978; x_wconf 91' lang='lat' dir='ltr'><strong>toto</strong></span> <span class='ocrx_word' id='word_1_767' title='bbox 3105 4922 3208 4981; x_wconf 88' lang='lat' dir='ltr'><strong>hoc</strong></span> <span class='ocrx_word' id='word_1_768' title='bbox 3237 4925 3289 4980; x_wconf 92' lang='lat' dir='ltr'><strong>in</strong></span> <span class='ocrx_word' id='word_1_769' title='bbox 3336 4929 3514 4999; x_wconf 88' lang='lat' dir='ltr'><strong>capite</strong></span> 
     </span>
    </p>
   </div>
   <div class='ocr_carea' id='block_1_105' title="bbox 1929 5013 3516 5090">
    <p class='ocr_par' dir='ltr' id='par_1_105' title="bbox 1929 5013 3516 5090">
     <span class='ocr_line' id='line_1_105' title="bbox 1929 5013 3516 5090; baseline 0.004 -17"><span class='ocrx_word' id='word_1_770' title='bbox 1929 5017 2202 5087; x_wconf 85' lang='lat' dir='ltr'><strong>disputata</strong></span> <span class='ocrx_word' id='word_1_771' title='bbox 2253 5023 2420 5081; x_wconf 89' lang='lat' dir='ltr'><strong>sunt,</strong></span> <span class='ocrx_word' id='word_1_772' title='bbox 2475 5013 2730 5071; x_wconf 85' lang='lat' dir='ltr'><strong>facillime</strong></span> <span class='ocrx_word' id='word_1_773' title='bbox 2793 5031 2897 5072; x_wconf 91' lang='lat' dir='ltr'><strong>non</strong></span> <span class='ocrx_word' id='word_1_774' title='bbox 2953 5017 3216 5090; x_wconf 85' lang='lat' dir='ltr'><strong>intelligat</strong></span> <span class='ocrx_word' id='word_1_775' title='bbox 3270 5023 3516 5080; x_wconf 88' lang='lat' dir='ltr'><strong>ethnicos</strong></span> 
     </span>
    </p>
   </div>
   <div class='ocr_carea' id='block_1_106' title="bbox 1933 5107 3514 5187">
    <p class='ocr_par' dir='ltr' id='par_1_106' title="bbox 1933 5107 3514 5187">
     <span class='ocr_line' id='line_1_106' title="bbox 1933 5107 3514 5187; baseline 0.007 -23"><span class='ocrx_word' id='word_1_776' title='bbox 1933 5109 2064 5164; x_wconf 92' lang='lat' dir='ltr'><strong>nihil</strong></span> <span class='ocrx_word' id='word_1_777' title='bbox 2092 5108 2162 5164; x_wconf 90' lang='lat' dir='ltr'><strong>de</strong></span> <span class='ocrx_word' id='word_1_778' title='bbox 2189 5107 2438 5176; x_wconf 87' lang='lat' dir='ltr'><strong>Laribus,</strong></span> <span class='ocrx_word' id='word_1_779' title='bbox 2482 5107 2796 5173; x_wconf 88' lang='lat' dir='ltr'><strong>Penatibus,</strong></span> <span class='ocrx_word' id='word_1_780' title='bbox 2843 5109 3241 5180; x_wconf 87' lang='lat' dir='ltr'><strong>Novensilibus,</strong></span> <span class='ocrx_word' id='word_1_781' title='bbox 3287 5115 3514 5187; x_wconf 82' lang='lat' dir='ltr'><strong>aliisque</strong></span> 
     </span>
    </p>
   </div>
   <div class='ocr_carea' id='block_1_107' title="bbox 1932 5201 3517 5278">
    <p class='ocr_par' dir='ltr' id='par_1_107' title="bbox 1932 5201 3517 5278">
     <span class='ocr_line' id='line_1_107' title="bbox 1932 5201 3517 5278; baseline 0.006 -22"><span class='ocrx_word' id='word_1_782' title='bbox 1932 5201 2036 5257; x_wconf 88' lang='lat' dir='ltr'><strong>diis</strong></span> <span class='ocrx_word' id='word_1_783' title='bbox 2065 5202 2319 5257; x_wconf 88' lang='lat' dir='ltr'><strong>habuisse</strong></span> <span class='ocrx_word' id='word_1_784' title='bbox 2347 5213 2555 5256; x_wconf 89' lang='lat' dir='ltr'><strong>certum</strong></span> <span class='ocrx_word' id='word_1_785' title='bbox 2586 5211 2640 5257; x_wconf 89' lang='lat' dir='ltr'><strong>et</strong></span> <span class='ocrx_word' id='word_1_786' title='bbox 2687 5202 3060 5272; x_wconf 79' lang='lat' dir='ltr'><strong>exploratum?</strong></span> <span class='ocrx_word' id='word_1_787' title='bbox 3086 5204 3216 5272; x_wconf 88' lang='lat' dir='ltr'><strong>Quis</strong></span> <span class='ocrx_word' id='word_1_788' title='bbox 3267 5223 3396 5278; x_wconf 90' lang='lat' dir='ltr'><strong>ergo</strong></span> <span class='ocrx_word' id='word_1_789' title='bbox 3421 5224 3517 5266; x_wconf 79' lang='lat' dir='ltr'><strong>eos</strong></span> 
     </span>
    </p>
   </div>
   <div class='ocr_carea' id='block_1_108' title="bbox 235 5283 3519 5374">
    <p class='ocr_par' dir='ltr' id='par_1_108' title="bbox 235 5283 3519 5374">
     <span class='ocr_line' id='line_1_108' title="bbox 235 5283 3519 5374; baseline 0.003 -29"><span class='ocrx_word' id='word_1_790' title='bbox 235 5285 442 5345; x_wconf 89' lang='lat' dir='ltr'><strong>lentius</strong></span> <span class='ocrx_word' id='word_1_791' title='bbox 490 5284 827 5340; x_wconf 78' lang='lat' dir='ltr'><strong>intellexisse</strong></span> <span class='ocrx_word' id='word_1_792' title='bbox 874 5283 1062 5350; x_wconf 85' lang='lat' dir='ltr'><strong>fertur.</strong></span> <span class='ocrx_word' id='word_1_793' title='bbox 1110 5283 1359 5342; x_wconf 90' lang='lat' dir='ltr'><strong>docuisse</strong></span> <span class='ocrx_word' id='word_1_794' title='bbox 1389 5285 1664 5343; x_wconf 75' lang='lat' dir='ltr'><strong>da-mones</strong></span> <span class='ocrx_word' id='word_1_795' title='bbox 1709 5303 1830 5346; x_wconf 88' lang='lat' dir='ltr'><strong>esse</strong></span> <span class='ocrx_word' id='word_1_796' title='bbox 1937 5295 2094 5366; x_wconf 88' lang='lat' dir='ltr'><strong>plane</strong></span> <span class='ocrx_word' id='word_1_797' title='bbox 2116 5295 2278 5350; x_wconf 86' lang='lat' dir='ltr'><strong>falsos</strong></span> <span class='ocrx_word' id='word_1_798' title='bbox 2305 5295 2811 5365; x_wconf 89' lang='lat' dir='ltr'><strong>commentitiosque</strong></span> <span class='ocrx_word' id='word_1_799' title='bbox 2849 5311 2969 5350; x_wconf 88' lang='lat' dir='ltr'><strong>esse</strong></span> <span class='ocrx_word' id='word_1_800' title='bbox 3009 5296 3364 5354; x_wconf 83' lang='lat' dir='ltr'><strong>diflitcbitur?</strong></span> <span class='ocrx_word' id='word_1_801' title='bbox 3391 5302 3519 5374; x_wconf 83' lang='lat' dir='ltr'><strong>(Ar-</strong></span> 
     </span>
    </p>
   </div>
   <div class='ocr_carea' id='block_1_109' title="bbox 239 5377 3522 5462">
    <p class='ocr_par' dir='ltr' id='par_1_109' title="bbox 239 5377 3522 5462">
     <span class='ocr_line' id='line_1_109' title="bbox 239 5377 3522 5462; baseline 0.004 -25"><span class='ocrx_word' id='word_1_802' title='bbox 239 5379 526 5438; x_wconf 91' lang='lat' dir='ltr'><strong>hominum</strong></span> <span class='ocrx_word' id='word_1_803' title='bbox 579 5377 805 5446; x_wconf 88' lang='lat' dir='ltr'><strong>animas,</strong></span> <span class='ocrx_word' id='word_1_804' title='bbox 853 5386 1014 5449; x_wconf 86' lang='lat' dir='ltr'><strong>atque</strong></span> <span class='ocrx_word' id='word_1_805' title='bbox 1058 5393 1123 5434; x_wconf 80' lang='lat' dir='ltr'><strong>ex</strong></span> <span class='ocrx_word' id='word_1_806' title='bbox 1171 5378 1362 5435; x_wconf 87' lang='lat' dir='ltr'><strong>iisdem</strong></span> <span class='ocrx_word' id='word_1_807' title='bbox 1420 5379 1750 5450; x_wconf 86' lang='lat' dir='ltr'><strong>hominibus,</strong></span> <span class='ocrx_word' id='word_1_808' title='bbox 1785 5384 1832 5440; x_wconf 90' lang='lat' dir='ltr'><strong>si</strong></span> <span class='ocrx_word' id='word_1_809' title='bbox 1939 5389 2080 5454; x_wconf 88' lang='lat' dir='ltr'><strong>nob.,</strong></span> <span class='ocrx_word' id='word_1_810' title='bbox 2115 5387 2152 5442; x_wconf 85' lang='lat' dir='ltr'><strong>l.</strong></span> <span class='ocrx_word' id='word_1_811' title='bbox 2186 5403 2264 5455; x_wconf 92' lang='grc' dir='ltr'>ιιι,</span> <span class='ocrx_word' id='word_1_812' title='bbox 2290 5407 2342 5460; x_wconf 84' lang='lat' dir='ltr'><strong>p.</strong></span> <span class='ocrx_word' id='word_1_813' title='bbox 2373 5387 2514 5454; x_wconf 73' lang='lat'><strong>125;</strong></span> <span class='ocrx_word' id='word_1_814' title='bbox 2558 5384 2735 5454; x_wconf 58' lang='grc' dir='ltr'><strong>ναι-νη</strong></span> <span class='ocrx_word' id='word_1_815' title='bbox 2762 5388 2799 5440; x_wconf 87' lang='grc' dir='ltr'>ι.</span> <span class='ocrx_word' id='word_1_816' title='bbox 2835 5402 2890 5441; x_wconf 90' lang='lat' dir='ltr'><strong>tv</strong></span> <span class='ocrx_word' id='word_1_817' title='bbox 2942 5390 3005 5441; x_wconf 86' lang='lat' dir='ltr'><strong>de</strong></span> <span class='ocrx_word' id='word_1_818' title='bbox 3045 5386 3194 5461; x_wconf 84' lang='lat' dir='ltr'><strong>Ling.</strong></span> <span class='ocrx_word' id='word_1_819' title='bbox 3226 5390 3416 5462; x_wconf 83' lang='lat' dir='ltr'><strong>lat.,p.</strong></span> <span class='ocrx_word' id='word_1_820' title='bbox 3453 5395 3522 5449; x_wconf 84' lang='lat' dir='ltr'><strong>l8</strong></span> 
     </span>
    </p>
   </div>
   <div class='ocr_carea' id='block_1_110' title="bbox 242 5470 3011 5550">
    <p class='ocr_par' dir='ltr' id='par_1_110' title="bbox 242 5470 3011 5550">
     <span class='ocr_line' id='line_1_110' title="bbox 242 5470 3011 5550; baseline 0.001 -20"><span class='ocrx_word' id='word_1_821' title='bbox 242 5477 391 5531; x_wconf 85' lang='lat' dir='ltr'><strong>bene</strong></span> <span class='ocrx_word' id='word_1_822' title='bbox 437 5471 752 5537; x_wconf 88' lang='lat' dir='ltr'><strong>meruerint,</strong></span> <span class='ocrx_word' id='word_1_823' title='bbox 784 5470 896 5526; x_wconf 87' lang='lat' dir='ltr'><strong>fieri</strong></span> <span class='ocrx_word' id='word_1_824' title='bbox 937 5471 1132 5538; x_wconf 90' lang='lat' dir='ltr'><strong>Lares;</strong></span> <span class='ocrx_word' id='word_1_825' title='bbox 1175 5472 1220 5527; x_wconf 90' lang='lat' dir='ltr'><strong>si</strong></span> <span class='ocrx_word' id='word_1_826' title='bbox 1274 5473 1434 5538; x_wconf 87' lang='lat' dir='ltr'><strong>male,</strong></span> <span class='ocrx_word' id='word_1_827' title='bbox 1471 5474 1834 5542; x_wconf 87' lang='lat' dir='ltr'><strong>Lemures;si</strong></span> <span class='ocrx_word' id='word_1_828' title='bbox 1942 5492 1988 5536; x_wconf 87' lang='lat' dir='ltr'><strong>et</strong></span> <span class='ocrx_word' id='word_1_829' title='bbox 2036 5480 2142 5546; x_wconf 89' lang='grc'><strong>19;</strong></span> <span class='ocrx_word' id='word_1_830' title='bbox 2174 5480 2391 5546; x_wconf 85' lang='lat' dir='ltr'><strong>Arnab.,</strong></span> <span class='ocrx_word' id='word_1_831' title='bbox 2426 5479 2464 5533; x_wconf 83' lang='grc' dir='ltr'>ι.</span> <span class='ocrx_word' id='word_1_832' title='bbox 2495 5495 2548 5546; x_wconf 92' lang='lat' dir='ltr'><strong>v,</strong></span> <span class='ocrx_word' id='word_1_833' title='bbox 2577 5497 2629 5550; x_wconf 85' lang='lat' dir='ltr'><strong>p.</strong></span> <span class='ocrx_word' id='word_1_834' title='bbox 2660 5480 2764 5535; x_wconf 85' lang='grc'><strong>175</strong></span> <span class='ocrx_word' id='word_1_835' title='bbox 2808 5491 2855 5533; x_wconf 77' lang='lat' dir='ltr'><strong>et</strong></span> <span class='ocrx_word' id='word_1_836' title='bbox 2909 5480 3011 5534; x_wconf 73' lang='grc'><strong>185</strong></span> 
     </span>
    </p>
   </div>
   <div class='ocr_carea' id='block_1_111' title="bbox 245 5563 1831 5642">
    <p class='ocr_par' dir='ltr' id='par_1_111' title="bbox 245 5563 1831 5642">
     <span class='ocr_line' id='line_1_111' title="bbox 245 5563 1831 5642; baseline -0.001 -17"><span class='ocrx_word' id='word_1_837' title='bbox 245 5568 514 5626; x_wconf 86' lang='lat' dir='ltr'><strong>incertum</strong></span> <span class='ocrx_word' id='word_1_838' title='bbox 548 5563 675 5636; x_wconf 92' lang='lat' dir='ltr'><strong>quid</strong></span> <span class='ocrx_word' id='word_1_839' title='bbox 705 5576 1058 5633; x_wconf 90' lang='lat' dir='ltr'><strong>mererentur,</strong></span> <span class='ocrx_word' id='word_1_840' title='bbox 1088 5565 1268 5623; x_wconf 85' lang='lat' dir='ltr'><strong>Manes</strong></span> <span class='ocrx_word' id='word_1_841' title='bbox 1291 5567 1521 5625; x_wconf 87' lang='lat' dir='ltr'><strong>evadere</strong></span> <span class='ocrx_word' id='word_1_842' title='bbox 1567 5567 1831 5642; x_wconf 81' lang='lat' dir='ltr'><strong>(August.,</strong></span> 
     </span>
    </p>
   </div>
   <div class='ocr_carea' id='block_1_112' title="bbox 247 5658 1110 5730">
    <p class='ocr_par' dir='ltr' id='par_1_112' title="bbox 247 5658 1110 5730">
     <span class='ocr_line' id='line_1_112' title="bbox 247 5658 1110 5730; baseline -0.007 -11"><span class='ocrx_word' id='word_1_843' title='bbox 247 5664 290 5719; x_wconf 85' lang='grc' dir='ltr'>ι.</span> <span class='ocrx_word' id='word_1_844' title='bbox 323 5676 379 5717; x_wconf 78' lang='lat' dir='ltr'><strong>Ix</strong></span> <span class='ocrx_word' id='word_1_845' title='bbox 398 5661 461 5716; x_wconf 80' lang='lat' dir='ltr'><strong>de</strong></span> <span class='ocrx_word' id='word_1_846' title='bbox 489 5658 662 5728; x_wconf 82' lang='lat' dir='ltr'><strong>Civil.,</strong></span> <span class='ocrx_word' id='word_1_847' title='bbox 685 5675 733 5716; x_wconf 85' lang='lat' dir='ltr'><strong>c.</strong></span> <span class='ocrx_word' id='word_1_848' title='bbox 759 5658 847 5726; x_wconf 84' lang='grc'><strong>10,</strong></span> <span class='ocrx_word' id='word_1_849' title='bbox 876 5677 928 5730; x_wconf 83' lang='lat' dir='ltr'><strong>p.</strong></span> <span class='ocrx_word' id='word_1_850' title='bbox 959 5658 1110 5730; x_wconf 71' lang='lat'><strong>226).</strong></span> 
     </span>
    </p>
   </div>
   <div class='ocr_carea' id='block_1_113' title="bbox 330 5751 1838 5825">
    <p class='ocr_par' dir='ltr' id='par_1_113' title="bbox 330 5751 1838 5825">
     <span class='ocr_line' id='line_1_113' title="bbox 330 5751 1838 5825; baseline 0.003 -15"><span class='ocrx_word' id='word_1_851' title='bbox 330 5752 590 5825; x_wconf 77' lang='lat' dir='ltr'><strong>Apuleius</strong></span> <span class='ocrx_word' id='word_1_852' title='bbox 619 5765 854 5822; x_wconf 86' lang='lat' dir='ltr'><strong>quoque,</strong></span> <span class='ocrx_word' id='word_1_853' title='bbox 884 5751 974 5806; x_wconf 92' lang='lat' dir='ltr'><strong>ubi</strong></span> <span class='ocrx_word' id='word_1_854' title='bbox 1003 5751 1072 5807; x_wconf 86' lang='lat' dir='ltr'><strong>de</strong></span> <span class='ocrx_word' id='word_1_855' title='bbox 1096 5752 1336 5810; x_wconf 89' lang='lat' dir='ltr'><strong>Socratis</strong></span> <span class='ocrx_word' id='word_1_856' title='bbox 1357 5754 1458 5813; x_wconf 90' lang='lat' dir='ltr'><strong>deo</strong></span> <span class='ocrx_word' id='word_1_857' title='bbox 1471 5765 1526 5813; x_wconf 90' lang='lat' dir='ltr'><strong>et</strong></span> <span class='ocrx_word' id='word_1_858' title='bbox 1550 5758 1700 5814; x_wconf 93' lang='lat' dir='ltr'><strong>vario</strong></span> <span class='ocrx_word' id='word_1_859' title='bbox 1724 5756 1838 5814; x_wconf 70' lang='lat' dir='ltr'><strong>dte-</strong></span> 
     </span>
    </p>
   </div>
   <div class='ocr_carea' id='block_1_114' title="bbox 252 5842 1837 5922">
    <p class='ocr_par' dir='ltr' id='par_1_114' title="bbox 252 5842 1837 5922">
     <span class='ocr_line' id='line_1_114' title="bbox 252 5842 1837 5922; baseline -0.002 -12"><span class='ocrx_word' id='word_1_860' title='bbox 252 5863 476 5910; x_wconf 88' lang='lat' dir='ltr'><strong>monum</strong></span> <span class='ocrx_word' id='word_1_861' title='bbox 507 5859 709 5918; x_wconf 79' lang='lat' dir='ltr'><strong>genere</strong></span> <span class='ocrx_word' id='word_1_862' title='bbox 758 5843 992 5916; x_wconf 85' lang='lat' dir='ltr'><strong>disputat</strong></span> <span class='ocrx_word' id='word_1_863' title='bbox 1018 5842 1225 5917; x_wconf 80' lang='lat' dir='ltr'><strong>(Apulei</strong></span> <span class='ocrx_word' id='word_1_864' title='bbox 1248 5886 1263 5913; x_wconf 91' lang='lat'><strong>,</strong></span> <span class='ocrx_word' id='word_1_865' title='bbox 1296 5847 1359 5902; x_wconf 83' lang='lat' dir='ltr'><strong>de</strong></span> <span class='ocrx_word' id='word_1_866' title='bbox 1390 5847 1500 5906; x_wconf 88' lang='lat' dir='ltr'><strong>Deo</strong></span> <span class='ocrx_word' id='word_1_867' title='bbox 1547 5849 1753 5906; x_wconf 83' lang='lat' dir='ltr'><strong>Socral.</strong></span> <span class='ocrx_word' id='word_1_868' title='bbox 1785 5868 1837 5922; x_wconf 84' lang='lat' dir='ltr'><strong>p.</strong></span> 
     </span>
    </p>
   </div>
   <div class='ocr_carea' id='block_1_115' title="bbox 859 5933 1255 6000">
    <p class='ocr_par' dir='ltr' id='par_1_115' title="bbox 859 5933 1255 6000">
     <span class='ocr_line' id='line_1_115' title="bbox 859 5933 1255 6000; baseline 0.005 -2"><span class='ocrx_word' id='word_1_869' title='bbox 859 5933 1132 5999; x_wconf 63' lang='lat' dir='ltr'><strong>Panos.</strong></span> <span class='ocrx_word' id='word_1_870' title='bbox 1176 5937 1255 6000; x_wconf 85' lang='lat' dir='ltr'><strong>V.</strong></span> 
     </span>
    </p>
   </div>
   <div class='ocr_carea' id='block_1_116' title="bbox 1943 5483 3529 5644">
    <p class='ocr_par' dir='ltr' id='par_1_116' title="bbox 1943 5483 3529 5644">
     <span class='ocr_line' id='line_1_116' title="bbox 1943 5483 3525 5554; baseline 0.004 -18"><span class='ocrx_word' id='word_1_871' title='bbox 1943 5492 1988 5536; x_wconf 86' lang='lat' dir='ltr'><strong>et</strong></span> <span class='ocrx_word' id='word_1_872' title='bbox 2036 5483 2142 5546; x_wconf 90' lang='grc'><strong>19;</strong></span> <span class='ocrx_word' id='word_1_873' title='bbox 2174 5483 2391 5546; x_wconf 87' lang='lat' dir='ltr'><strong>Arnab.,</strong></span> <span class='ocrx_word' id='word_1_874' title='bbox 2426 5483 2464 5533; x_wconf 82' lang='grc' dir='ltr'><strong>Ι.</strong></span> <span class='ocrx_word' id='word_1_875' title='bbox 2495 5495 2548 5546; x_wconf 92' lang='lat' dir='ltr'><strong>v,</strong></span> <span class='ocrx_word' id='word_1_876' title='bbox 2577 5497 2629 5550; x_wconf 85' lang='lat' dir='ltr'><strong>p.</strong></span> <span class='ocrx_word' id='word_1_877' title='bbox 2660 5483 2764 5535; x_wconf 86' lang='grc'><strong>175</strong></span> <span class='ocrx_word' id='word_1_878' title='bbox 2808 5491 2855 5533; x_wconf 77' lang='lat' dir='ltr'><strong>et</strong></span> <span class='ocrx_word' id='word_1_879' title='bbox 2909 5483 3045 5545; x_wconf 75' lang='grc'><strong>185,</strong></span> <span class='ocrx_word' id='word_1_880' title='bbox 3100 5483 3139 5535; x_wconf 85' lang='grc' dir='ltr'>ι.</span> <span class='ocrx_word' id='word_1_881' title='bbox 3170 5498 3245 5548; x_wconf 77' lang='lat' dir='ltr'><strong>va,</strong></span> <span class='ocrx_word' id='word_1_882' title='bbox 3299 5503 3352 5554; x_wconf 80' lang='grc' dir='ltr'><strong>ρ.</strong></span> <span class='ocrx_word' id='word_1_883' title='bbox 3386 5486 3525 5554; x_wconf 85' lang='grc'><strong>191;</strong></span> 
     </span>
     <span class='ocr_line' id='line_1_117' title="bbox 1943 5569 3529 5644; baseline 0.004 -16"><span class='ocrx_word' id='word_1_884' title='bbox 1943 5571 2074 5638; x_wconf 63' lang='lat' dir='ltr'><strong>Cia,</strong></span> <span class='ocrx_word' id='word_1_885' title='bbox 2098 5571 2189 5628; x_wconf 82' lang='lat' dir='ltr'><strong>lib.</strong></span> <span class='ocrx_word' id='word_1_886' title='bbox 2237 5587 2255 5626; x_wconf 87' lang='grc' dir='ltr'><strong>ι</strong></span> <span class='ocrx_word' id='word_1_887' title='bbox 2289 5572 2353 5627; x_wconf 84' lang='lat' dir='ltr'><strong>de</strong></span> <span class='ocrx_word' id='word_1_888' title='bbox 2381 5569 2636 5637; x_wconf 85' lang='lat' dir='ltr'><strong>Divinat.,</strong></span> <span class='ocrx_word' id='word_1_889' title='bbox 2667 5587 2720 5638; x_wconf 86' lang='lat' dir='ltr'><strong>p.</strong></span> <span class='ocrx_word' id='word_1_890' title='bbox 2763 5569 2889 5637; x_wconf 78' lang='lat'><strong>257,</strong></span> <span class='ocrx_word' id='word_1_891' title='bbox 2921 5571 3014 5627; x_wconf 83' lang='lat' dir='ltr'><strong>lin.</strong></span> <span class='ocrx_word' id='word_1_892' title='bbox 3047 5572 3153 5639; x_wconf 68' lang='lat' dir='ltr'><strong>ﬂ;</strong></span> <span class='ocrx_word' id='word_1_893' title='bbox 3189 5572 3358 5644; x_wconf 84' lang='lat' dir='ltr'><strong>Pliu.,</strong></span> <span class='ocrx_word' id='word_1_894' title='bbox 3400 5579 3438 5632; x_wconf 86' lang='grc' dir='ltr'>ι.</span> <span class='ocrx_word' id='word_1_895' title='bbox 3491 5595 3529 5634; x_wconf 90' lang='grc' dir='ltr'><strong>ιι</strong></span> 
     </span>
    </p>
   </div>
   <div class='ocr_carea' id='block_1_117' title="bbox 1947 5665 3530 5743">
    <p class='ocr_par' dir='ltr' id='par_1_117' title="bbox 1947 5665 3530 5743">
     <span class='ocr_line' id='line_1_118' title="bbox 1947 5665 3530 5743; baseline 0.004 -21"><span class='ocrx_word' id='word_1_896' title='bbox 1947 5667 2140 5723; x_wconf 82' lang='lat' dir='ltr'><strong>Natur.</strong></span> <span class='ocrx_word' id='word_1_897' title='bbox 2171 5668 2317 5736; x_wconf 81' lang='lat' dir='ltr'><strong>Itist.,</strong></span> <span class='ocrx_word' id='word_1_898' title='bbox 2359 5685 2408 5722; x_wconf 78' lang='grc' dir='ltr'><strong>ο.</strong></span> <span class='ocrx_word' id='word_1_899' title='bbox 2441 5667 2532 5734; x_wconf 74' lang='lat'><strong>52,</strong></span> <span class='ocrx_word' id='word_1_900' title='bbox 2560 5685 2614 5736; x_wconf 81' lang='grc' dir='ltr'><strong>ρ.</strong></span> <span class='ocrx_word' id='word_1_901' title='bbox 2647 5665 2754 5721; x_wconf 85' lang='lat'><strong>206</strong></span> <span class='ocrx_word' id='word_1_902' title='bbox 2783 5681 2799 5731; x_wconf 91' lang='lat'><strong>;</strong></span> <span class='ocrx_word' id='word_1_903' title='bbox 2837 5666 3081 5737; x_wconf 56' lang='lat' dir='ltr'><strong>August,</strong></span> <span class='ocrx_word' id='word_1_904' title='bbox 3107 5668 3144 5722; x_wconf 83' lang='grc' dir='ltr'>ι.</span> <span class='ocrx_word' id='word_1_905' title='bbox 3177 5685 3225 5724; x_wconf 92' lang='lat' dir='ltr'><strong>tv</strong></span> <span class='ocrx_word' id='word_1_906' title='bbox 3267 5673 3329 5727; x_wconf 88' lang='lat' dir='ltr'><strong>de</strong></span> <span class='ocrx_word' id='word_1_907' title='bbox 3353 5672 3530 5743; x_wconf 85' lang='lat' dir='ltr'><strong>Civit.,</strong></span> 
     </span>
    </p>
   </div>
   <div class='ocr_carea' id='block_1_118' title="bbox 1943 5757 2362 5832">
    <p class='ocr_par' dir='ltr' id='par_1_118' title="bbox 1943 5757 2362 5832">
     <span class='ocr_line' id='line_1_119' title="bbox 1943 5757 2362 5832; baseline 0.002 -18"><span class='ocrx_word' id='word_1_908' title='bbox 1943 5776 1994 5816; x_wconf 86' lang='lat' dir='ltr'><strong>c.</strong></span> <span class='ocrx_word' id='word_1_909' title='bbox 2019 5761 2112 5828; x_wconf 77' lang='lat'><strong>25,</strong></span> <span class='ocrx_word' id='word_1_910' title='bbox 2133 5757 2362 5832; x_wconf 69' lang='lat' dir='ltr'><strong>p.105.)</strong></span> 
     </span>
    </p>
   </div>
   <div class='ocr_carea' id='block_1_119' title="bbox 2020 5851 3542 5929">
    <p class='ocr_par' dir='ltr' id='par_1_119' title="bbox 2020 5851 3542 5929">
     <span class='ocr_line' id='line_1_120' title="bbox 2020 5851 3542 5929; baseline 0.006 -17"><span class='ocrx_word' id='word_1_911' title='bbox 2020 5854 2129 5912; x_wconf 83' lang='lat' dir='ltr'><strong>Sed</strong></span> <span class='ocrx_word' id='word_1_912' title='bbox 2180 5862 2336 5920; x_wconf 65' lang='lat' dir='ltr'><strong>urget</strong></span> <span class='ocrx_word' id='word_1_913' title='bbox 2371 5853 2678 5921; x_wconf 83' lang='lat' dir='ltr'><strong>Arnobius,</strong></span> <span class='ocrx_word' id='word_1_914' title='bbox 2728 5851 2979 5926; x_wconf 87' lang='lat' dir='ltr'><strong>huncque</strong></span> <span class='ocrx_word' id='word_1_915' title='bbox 3026 5867 3436 5929; x_wconf 82' lang='lat' dir='ltr'><strong>argumentatur</strong></span> <span class='ocrx_word' id='word_1_916' title='bbox 3486 5859 3542 5922; x_wconf 89' lang='lat' dir='ltr'><strong>in</strong></span> 
     </span>
    </p>
   </div>
   <div class='ocr_carea' id='block_1_120' title="bbox 3004 5947 3080 6012">
    <p class='ocr_par' dir='ltr' id='par_1_120' title="bbox 3004 5947 3080 6012">
     <span class='ocr_line' id='line_1_121' title="bbox 3004 5947 3080 6012; baseline -0.039 0"><span class='ocrx_word' id='word_1_917' title='bbox 3004 5947 3080 6012; x_wconf 83' lang='lat'><strong>19</strong></span> 
     </span>
    </p>
   </div>
  </div>
