4000 6292
549 301 657 362 587

1800 286 2257 351 DISSEBTATIO
2286 286 2566 351 MVIA

3731 291 3846 353 588

547 418 769 475 modum
790 417 814 473 ’ἔ
837 414 1072 490 (Arnob,
1106 414 1147 469 ι.
1175 425 1256 480 ιιι,
1284 426 1340 481 ρ.
1364 408 1513 483 195.)
1537 408 1790 481 Quisquis
1815 409 1979 466 alicui
2007 422 2132 477 sup.
2160 406 2215 473 Α
2238 408 2348 465 ris:
2379 408 2517 466 alter
2562 405 2859 480 Hiperione
2885 423 2900 464 ε
2934 406 3128 465 tertius
3154 406 3396 466 Vulcano
3440 406 3550 467 Nili
3598 408 3761 468 ﬁlio..

548 514 715 583 plicat
758 511 882 577 deo,
911 508 995 565 vel
1037 506 1155 576 eius
1201 504 1454 576 implorat
1504 504 1783 570 auxilium,
1829 504 1915 560 vel
1947 501 2135 558 morbo

554 607 735 676 aliquo
763 618 824 658 se
849 601 917 656 ab
948 599 1039 655 illo
1070 597 1239 655 levari
1270 597 1427 669 plane
1455 598 1711 667 postulat,
1743 598 1789 653 is
1817 598 1958 653 scire
1986 597 2137 664 prius

557 699 741 764 debet,
761 698 883 767 quis
917 694 1011 750 ille
1036 693 1170 749 deus
1198 693 1288 761 sit,
1321 701 1381 747 et
1403 699 1580 748 utrum
1607 692 1677 748 ab
1699 691 1921 759 illo,aut
1946 692 2015 747 ab
2032 691 2139 746 alio

565 790 734 859 possit
759 802 843 849 ea.
876 802 999 857 quae
1020 794 1193 855 rogat,
1218 785 1527 854 impetrare.
1555 782 1669 840 Nec
1688 785 1866 840 minus
1885 784 1987 854 ipsi
2017 798 2139 853 per.

550 885 794 953 spicuum
825 895 947 937 esse
971 880 1136 937 debet
1161 880 1355 949 quibus
1400 878 1581 937 verbis
1609 878 1661 934 ei
1701 876 2136 948 supplicandum.

555 992 735 1048 quove
781 973 1193 1033 sacriﬁcandum
1224 972 1351 1031 ritu.
1395 972 1557 1042 Atqui
1607 986 1729 1031 cum
1761 980 1907 1027 tanta
1952 971 2023 1026 sit
2072 969 2142 1027 de

553 1084 662 1123 uno
689 1067 792 1122 deo
839 1066 1154 1137 opinionum
1202 1065 1438 1120 varietas
1463 1072 1519 1119 et
1551 1064 1928 1134 repugnantia,
1961 1062 2143 1118 nullus

552 1162 796 1233 profecto
844 1159 898 1216 id
936 1158 1081 1219 scire
1135 1173 1390 1229 umquam
1437 1157 1754 1227 potest.Qui
1786 1170 1917 1226 ergo
1957 1156 2010 1211 in
2042 1155 2144 1212 hac

551 1252 889 1327 ignoratione
914 1259 1181 1315 versatur.
1205 1250 1299 1307 ille
1326 1259 1536 1307 temere
1573 1248 1735 1309 deum
1777 1249 2035 1320 aliquem,
2064 1257 2145 1305 at-

550 1362 656 1416 que
682 1360 849 1401 unum
896 1358 1043 1414 stupe
1076 1344 1275 1411 sapius
1322 1357 1422 1411 pro
1469 1342 1599 1408 alio,
1642 1340 1995 1399 Summanum
2044 1355 2146 1412 pro

549 1440 708 1504 Jano.
738 1437 1044 1507 Neptunum
1077 1449 1174 1507 pro
1203 1434 1470 1505 Apolline,
1503 1449 1602 1504 pro
1636 1434 1865 1491 Laribus
1892 1434 2143 1503 Curetes,

550 1540 645 1587 aut
665 1529 897 1589 Penates
927 1527 1219 1587 invocabit.
1250 1527 1476 1587 Tantum
1515 1527 1676 1597 igitur
1695 1527 1869 1594 abest,
1898 1535 1958 1583 ut
1978 1527 2148 1585 sacri-

551 1622 710 1689 ﬁciis,
759 1630 813 1676 et
850 1620 1102 1691 precibus
1143 1635 1229 1684 ea,
1274 1635 1394 1690 qua:
1434 1619 1502 1675 ab
1531 1619 1626 1679 illo
1668 1621 1821 1690 petit.
1876 1631 2148 1677 exoretet

552 1724 912 1785 consequatur
940 1728 955 1777 ;
981 1722 1044 1768 ut
1092 1713 1394 1773 obstructas
1432 1713 1814 1784 obturatasque
1842 1729 2003 1771 aures
2028 1713 2148 1785 ejus

2237 510 2461 570 quartus
2486 502 2554 569 is,
2571 514 2732 571 quem
2758 500 2988 557 heroicis
3016 502 3357 574 temporibus
3382 503 3634 560 Achanto
3656 504 3841 561 Rhodi

2238 597 2513 666 peperisse
2564 596 2785 661 dicitur,
2831 610 2990 650 avum
3026 594 3239 667 ialysi,
3289 595 3493 652 Camiri
3541 607 3599 654 et
3628 596 3841 654 Lindi‘:

2238 689 2585 760 quintus,qui
2608 687 3010 745 Colohislertur
3036 688 3249 745 dictum
3272 704 3331 748 et
3356 690 3551 748 Circen
3582 706 3845 761 procreao

2238 785 2383 839 visse
2416 802 2438 836 ι
2486 782 2703 857 (ϐίω-η
2732 785 2773 840 l.
2819 799 2877 840 ιιι
2923 784 2988 839 de
3033 782 3225 839 Natur.
3254 785 3425 851 deum,
3478 800 3533 855 ρ.
3570 785 3704 852 24⁸1,
3740 786 3841 840 lin.

2240 878 2358 945 45).
2392 876 2573 947 Neque
2603 877 2828 948 objicias
2856 877 3151 939 Arnobium
3176 879 3251 934 ibi
3304 879 3581 950 paululum
3612 895 3645 935 a
3680 880 3845 936 Clite.

2241 984 2374 1031 rone
2405 968 2642 1029 variasse
2666 984 2683 1036 ;
2704 968 2903 1041 Quippe
2938 970 3032 1041 qui
3058 970 3354 1033 mundum
3400 972 3585 1029 Solem
3610 989 3685 1031 es
3705 972 3846 1029 Jove

2244 1069 2298 1115 et
2330 1060 2649 1130 Hiperione,
2704 1058 2896 1117 Cicero
2940 1075 3072 1117 vero
3124 1078 3191 1118 ex
3234 1063 3525 1135 Hlperione
3555 1065 3847 1122 dumtaxat

2245 1161 2429 1208 natum
2454 1152 2811 1213 diseriLNam
2837 1154 3048 1211 tametsi
3078 1155 3399 1226 responderi
3431 1157 3603 1228 possit
3632 1158 3845 1215 lectum

2244 1249 2476 1306 fortasse
2503 1250 2571 1305 ab
2601 1251 2843 1307 Arnobio
2869 1251 2922 1306 in
2949 1251 3231 1308 Ciceronis
3258 1259 3411 1309 textu
3434 1267 3633 1310 nomen
3664 1253 3843 1323 lovis,

2246 1359 2309 1398 ea
2348 1342 2623 1397 levissima
2653 1342 3041 1414 discrepantia,
3073 1360 3175 1415 qua
3205 1344 3399 1403 Cicero
3425 1347 3697 1418 Apollinis
3726 1357 3850 1404 tan-

2254 1445 2365 1490 tum
2406 1445 2656 1501 matrem.
2684 1444 2741 1495 et
2770 1435 3043 1495 Arnobius
3068 1444 3275 1506 patum
3323 1446 3382 1494 et
3407 1448 3637 1499 matrem
3666 1440 3853 1495 nomi-

2249 1538 2363 1593 nat,
2394 1528 2526 1583 nulli
2569 1528 2916 1599 persuadebit
2952 1529 3095 1584 hunc
3118 1528 3397 1586 Ciceronis
3424 1529 3604 1587 locum
3631 1532 3705 1588 ah
3740 1535 3852 1587 Ar-

2249 1622 2413 1677 nobio
2441 1635 2548 1676 non
2579 1620 2749 1679 ﬁxisse
2768 1622 3137 1693 compllatum.

2323 1713 2552 1786 Urgebis
2576 1723 2824 1786 quartum
2853 1714 3037 1771 Solem
3062 1716 3134 1772 ab
3162 1716 3401 1774 Arnobio
3418 1716 3586 1790 Jalysi
3604 1726 3849 1788 patrem,

557 1807 815 1871 inveniat,
866 1814 956 1863 aut
1001 1805 1054 1863 in
1110 1804 1254 1865 illius
1306 1805 1544 1865 incurrat
1593 1805 1949 1865 oﬂensiooem
1976 1814 2139 1877 atque
2169 1791 2218 1861 Β
2243 1818 2299 1863 et
2327 1824 2357 1863 a
2385 1807 2649 1865 Cicerone
2699 1824 2857 1864 avum
2899 1810 3105 1865 vocari.
3134 1811 3202 1865 At
3232 1811 3488 1881 numquid
3538 1811 3714 1883 patris
3748 1826 3850 1867 no-

548 1896 754 1959 Odium.

1110 2022 1408 2062 ARTICULUS
1448 2023 1519 2062 IV.

542 2121 874 2187 Perpeuditur
894 2120 1024 2170 aliud
1044 2121 1251 2187 Arnobii
1268 2129 1435 2172 contra
1474 2125 1698 2186 gentium
1722 2126 1845 2174 deos
1873 2137 2141 2187 argumen-

608 2192 729 2249 tum,
752 2185 953 2249 ductum
968 2198 1033 2235 ex
1044 2184 1367 2249 multiplicato
1378 2184 1665 2249 eorumdem
1680 2188 1886 2236 deorum
1912 2184 2138 2249 n'umero,

610 2248 767 2297 tribus
790 2246 1026 2297 videlicet
1047 2246 1273 2301 Jovibus.
1296 2250 1514 2310 quinque
1539 2248 1754 2306 Solibus,
1785 2250 1988 2300 totidem
2013 2246 2143 2300 Merl-

608 2310 760 2359 curiis
782 2321 838 2358 ac
863 2309 1114 2371 Minervis,
1142 2306 1349 2371 quatuor
1391 2306 1640 2371 Vulcaniis,
1687 2313 1848 2361 tribus
1882 2310 2051 2364 Dianis
2090 2319 2145 2364 et

607 2371 915 2434 Esculapiis,
938 2385 1031 2436 sex
1054 2370 1373 2433 Herculibus,
1407 2370 1665 2436 tribusque
1688 2373 1941 2425 Castorum
1960 2382 2013 2425 et
2031 2376 2139 2427 lliu-

604 2448 771 2485 sarum
788 2434 1078 2498 generibus.

621 2564 791 2633 Quam
819 2563 939 2619 falsi
985 2565 1096 2620 sint
1119 2563 1392 2635 gentilium
1424 2566 1499 2621 dii
1529 2568 1936 2624 evidentissime
1962 2569 2139 2627 adhuc

554 2656 751 2727 probat
766 2654 908 2711 facta
935 2670 1046 2711 non
1085 2657 1265 2710 solum
1292 2657 1362 2710 ab
1386 2657 1649 2724 imperitis
1677 2660 2022 2729 quibusdam,
2041 2664 2136 2719 sed

550 2751 620 2805 ab
658 2748 892 2819 antiquis
919 2749 1082 2804 etiam
1133 2765 1198 2804 ac
1237 2750 1583 2818 peritioribus
1628 2752 1843 2807 illorum
1872 2753 2137 2825 theologis

542 2844 705 2898 unius
732 2841 1081 2913 ejusdemque
1121 2842 1206 2896 dei
1238 2843 1635 2914 multiplicatio.
1675 2845 1783 2902 Sed
1831 2848 2019 2904 audias
2045 2863 2137 2905 ve-

543 2940 639 2994 lim
677 2939 951 3011 quomodo
992 2938 1261 2995 Arnobius
1304 2940 1406 2995 hoc
1452 2940 1787 3000 demonstret
1817 2962 1925 3001 non
1955 2949 2133 3003 mino-

543 3048 667 3087 rum
694 3030 933 3102 quidem,
983 3031 1079 3085 sed
1107 3030 1372 3100 majorum
1413 3047 1651 3105 quoque,
1684 3038 1757 3090 uti
1786 3037 2131 3107 iactitabant,

542 3126 764 3180 deorum
804 3124 1090 3193 exemplis.
1127 3124 1218 3180 Sic
1262 3132 1441 3180 autem
1474 3125 1563 3181 ille
1594 3144 1608 3179 :
1637 3145 1657 3178 ι
1688 3127 1853 3181 Aiunt
1896 3128 2130 3200 theologi

2247 1904 2413 1970 mine,
2470 1908 2929 1975 avus‘numquam
2975 1904 3262 1975 signiﬁcari
3290 1904 3693 1976 potest?th
3730 1915 3855 1960 tam-

2245 1996 2372 2052 dem
2400 1996 2624 2067 quintus
2650 1996 2742 2053 Sol
2777 2012 2808 2053 a
2834 1997 3098 2054 Cicerone
3150 1997 3325 2055 diem
3364 2009 3419 2054 et
3446 1996 3656 2066 Circes,
3689 2008 3755 2055 et
3784 2000 3855 2055 ab

2244 2088 2486 2144 Arnohio
2515 2089 2752 2161 Scythici
2794 2092 2935 2161 regis
2962 2100 3017 2146 et
3043 2090 3216 2147 Circa:
3240 2091 3384 2147 ﬁlius
3413 2092 3650 2159 dicatur,
3679 2092 3853 2149 ambo

2247 2184 2428 2238 verbis
2460 2191 2667 2238 tantum
2699 2184 3046 2240 dissentiunt.
3066 2185 3207 2254 Quid
3251 2187 3397 2242 enim
3426 2195 3574 2243 vetat
3626 2189 3855 2261 quomi-

2245 2291 2344 2330 nus
2384 2275 2624 2346 Scythici
2667 2276 2809 2348 regis
2855 2279 3073 2337 nomine
3118 2277 3306 2341 dictas
3349 2277 3724 2350 Colchorum,
3755 2282 3849 2354 qui

2249 2367 2469 2439 Scythis
2499 2368 2627 2423 olim
2660 2372 3106 2439 acccnsehantur,
3133 2388 3230 2428 rex
3251 2371 3626 2443 intelligatur?

2316 2463 2372 2516 ln
2402 2462 2624 2523 dubium
2649 2472 2831 2520 autem
2872 2466 3050 2520 nullus
3082 2479 3335 2536 umquam
3361 2466 3600 2533 vocabit,
3624 2483 3756 2538 quze
3778 2469 3849 2524 de

2238 2556 2480 2625 quinque
2505 2555 2784 2619 Mercuriis
2814 2558 3090 2629 subjungit
3119 2559 3412 2623 Arnobius.
3439 2574 3505 2616 ea
3534 2574 3603 2616 es
3634 2560 3846 2617 eodem

2242 2648 2503 2705 Cicerone
2548 2647 2718 2707 fuisse
2772 2649 3028 2706 delibata.
3061 2650 3188 2707 Sola
3239 2649 3503 2722 siquidem
3536 2651 3845 2709 verborum

2238 2744 2535 2815 descriptio
2575 2743 3073 2805 manifestissimum
3116 2744 3249 2803 illud
3274 2744 3530 2803 omnibus
3552 2745 3709 2802 (adt.
3736 2748 3846 2803 Ar-

2240 2835 2386 2895 nobii
2429 2844 2608 2895 autem
2640 2835 2757 2891 inec
2800 2846 2931 2897 sunt
2963 2856 2976 2891 :
3016 2854 3035 2888 ι
3070 2836 3366 2893 Mercurius
3388 2838 3617 2908 primus,
3652 2839 3753 2909 qui
3783 2840 3845 2896 in

2240 2926 2624 2998 Proserpinam
2654 2928 2854 2985 dicitur
2876 2928 3201 2998 genitalibus
3237 2927 3607 2987 adhinnivisse
3632 2933 3846 2987 subre-

2237 3019 2362 3085 ctis,
2394 3018 2634 3090 supremi
2659 3019 2945 3089 progenies
2972 3018 3112 3083 lei
3137 3028 3243 3077 est.
3266 3019 3381 3077 Sub
3403 3030 3547 3076 terra
3565 3028 3651 3079 est
3670 3020 3842 3086 alter,

2236 3110 2579 3182 Trophonius
2598 3113 2690 3182 qui
2733 3127 2854 3169 esse
2877 3114 3130 3182 jactautr.
3161 3112 3298 3173 liaia
3330 3112 3523 3173 tertius
3546 3121 3749 3180 matre,
3784 3122 3848 3171 et

544 3171 764 3180 ν---.--..
807 3171 1089 3193 -.--.--,.----
1128 3171 1216 3180 νη
1262 3171 1441 3180 ---νυ
1476 3171 1563 3181 ...ν
1594 3171 1608 3179 .
1641 3171 1657 3178 -
1898 3171 2130 3200 ...πων

538 3219 726 3285 vestri,
744 3229 798 3272 et
825 3216 1104 3273 vetustatis
1124 3217 1453 3272 abscondita:
1476 3217 1931 3284 conditores,tres
1960 3222 2012 3277 in
2039 3237 2127 3277 re-

2239 3171 2366 3262 Jove
2419 3171 2733 3279 procreatus
2782 3171 2963 3265 tertio.
3015 3206 3252 3275 Quartus
3284 3171 3523 3265 soboles

538 3328 658 3368 rum
690 3320 881 3366 natura
911 3308 1073 3365 loves
1103 3322 1246 3372 esse,
1296 3324 1366 3363 ex
1394 3309 1590 3378 quibus
1621 3325 1759 3364 unus
1801 3303 2029 3369 Emere
2059 3313 2131 3367 sit

538 3417 693 3479 patre
722 3403 1061 3477 progenitus,
1087 3403 1225 3457 alter
1250 3402 1410 3461 cmlo.
1463 3404 1652 3459 tertius
1698 3419 1828 3459 vero
1869 3406 2124 3472 Saturno,

534 3501 676 3572 apud
705 3498 934 3553 insulam
984 3496 1221 3559 Cretam,
1250 3506 1310 3551 et
1339 3496 1632 3566 sepulturae
1658 3496 1889 3551 traditus
1916 3508 1972 3553 et
2004 3516 2130 3569 pro-

533 3606 750 3652 creatus
785 3612 805 3646 ι
840 3589 1082 3663 (Ατιιοὺη
1113 3591 1151 3642 ι.
1197 3590 1253 3655 4,
1284 3607 1337 3659 p.
1368 3590 1519 3659 155).
1552 3590 1633 3643 Ex
1658 3588 1921 3647 Cicerone
1950 3603 2127 3648 autem

512 3664 731 3742 'istharc
766 3682 1021 3751 decerpta
1062 3682 1226 3733 fuisse
1260 3679 1391 3734 satis
1420 3680 1653 3750 probant
1693 3680 1809 3736 haec
1834 3683 1945 3752 ipsa
1977 3685 2128 3741 latini

532 3775 780 3832 Oratoris
805 3772 968 3829 verba
1004 3790 1017 3826 :
1054 3791 1074 3824 ς
1103 3772 1376 3841 Principio
1409 3770 1566 3827 loves
1594 3781 1709 3827 tres
1738 3787 2024 3831 numerant
2066 3779 2126 3845 ii,

536 3870 631 3941 qui
680 3868 916 3938 theologi
966 3865 1355 3931 nominantur;
1389 3881 1456 3921 ex
1482 3867 1678 3937 quibus
1709 3869 1938 3940 primum
1961 3879 2018 3925 et
2044 3886 2131 3927 se-

535 3962 769 4020 cundum
796 3969 955 4016 natos
975 3959 1029 4014 in
1058 3958 1312 4021 Arcadia.
1339 3959 1568 4014 alterum
1596 3972 1749 4030 patre
1778 3962 2124 4021 Emere"...

534 4058 766 4114 alterum
795 4064 949 4125 patre
976 4053 1248 4109 leo.....
1275 4053 1496 4107 tertium
1541 4053 1860 4111 Cretensem
1907 4056 2128 4113 Saturni

537 4152 724 4215 ﬁlium,
755 4148 913 4218 cujus
966 4148 1020 4201 in
1074 4145 1249 4199 insula
1298 4144 1390 4200 illa
1431 4146 1737 4215 sepulcrum
1769 4150 2074 4205 ostenditur
2101 4170 2121 4203 ι

538 4244 748 4321 (Cium,
778 4242 818 4297 ι.
872 4256 926 4296 ιιι
960 4240 1024 4293 de
1057 4236 1250 4292 Nalur.
1300 4238 1470 4301 deor.,
1518 4256 1572 4306 p.
1619 4237 1871 4302 947.13%.
1924 4243 2129 4310 54).At

537 4350 836 4409 graecorum
862 4340 1105 4388 veterum
1133 4345 1197 4385 ea
1225 4329 1393 4384 fuisse
1432 4340 1742 4386 commenta
1770 4348 1838 4387 ex
1878 4336 2125 4402 superio-

535 4433 688 4489 ribus
711 4426 990 4485 Ciceronis
1035 4424 1216 4480 vcrbis
1255 4422 1415 4479 facile
1469 4423 1649 4495 colligi
1690 4435 1905 4495 potest:
1942 4447 1962 4480 ι
1994 4428 2126 4483 Nam

533 4525 696 4581 loves
737 4534 952 4594 quoque
1006 4518 1210 4588 plures,
1253 4517 1328 4571 ait
1373 4516 1482 4582 ille,
1514 4518 1566 4572 in
1595 4519 1785 4587 priscis
1824 4536 2123 4590 graecorum

537 4616 734 4675 litteris
778 4612 1084 4667 invenimus
1119 4628 1140 4663 ι
1195 4607 1384 4673 Ubid.,
1430 4626 1483 4680 ρ.
1535 4608 1665 4674 Ξιίὸ,
1721 4610 1819 4666 (in.
1864 4611 1984 4687 d5).
2016 4607 2173 4670 Nos"

530 4726 667 4769 vero
685 4709 753 4764 de
791 4705 940 4761 hisce
993 4711 1156 4771 atque
1199 4700 1318 4755 aliis
1368 4700 1543 4757 adhuc
1574 4700 1797 4759 Jovibus
1836 4703 1964 4759 alibi
2005 4707 2126 4777 egi-

530 4819 658 4862 mus
680 4801 830 4871 (tom.
856 4814 871 4851 ι
901 4796 1179 4865 Apparat.,
1212 4810 1264 4860 p.
1290 4792 1439 4863 752).

606 4897 742 4955 Tum
786 4891 982 4948 deinde
1010 4886 1279 4944 Arnobius
1322 4885 1512 4956 objicit
1538 4888 1776 4959 quinque
1816 4888 1885 4947 ab
1931 4890 2121 4948 iisdem

532 4993 765 5055 ethnicis
792 4987 945 5044 Soles
984 4980 1231 5053 produci,
1260 4996 1486 5049 quorum
1524 4998 1544 5033 ι
1584 4982 1810 5051 primus,
1835 4984 2006 5052 iovis,
2038 4988 2122 5042 in-

531 5092 669 5165 quit,
697 5084 839 5141 ﬁlius
883 5077 1105 5142 dicitur,
1135 5084 1189 5130 et
1218 5071 1457 5129 )Etberis
1512 5073 1742 5141 habetur
1773 5092 1941 5147 nepos
1970 5096 1985 5144 ς
2031 5095 2118 5136 se,

532 5183 750 5245 eundus
803 5188 960 5244 mque
1022 5168 1171 5225 Jovis
1222 5165 1384 5232 ﬁlius,
1433 5173 1490 5221 et
1540 5165 1825 5237 Hiperiona
1875 5171 2119 5239 prodigus

528 5277 834 5354 genitrice:
869 5261 1345 5354 tertiusVulcano,
1362 5274 1471 5354 non
1500 5258 1745 5327 Leinnio,
1776 5263 1871 5318 sed
1902 5263 2005 5319 Nili
2026 5267 2119 5336 qui

526 5351 693 5430 fuerit
724 5365 866 5421 ﬁlius
893 5378 907 5427 ;
938 5365 1162 5430 quartus
1207 5351 1371 5424 Jalysi
1424 5360 1597 5421 pater,
1629 5367 1787 5421 quem
1816 5354 1991 5413 Rhodi
2022 5373 2120 5426 με,

525 5468 669 5541 perit
688 5456 924 5518 heroicis
946 5448 1280 5519 temporibus
1310 5445 1555 5500 Acbanto
1591 5459 1603 5496 :
1635 5447 1850 5516 quintus
1874 5448 2112 5520 Scythici

522 5538 685 5632 ﬁgis,
711 5565 765 5612 et
794 5547 1093 5618 versipellis
1125 5542 1351 5609 habetur
1377 5539 1579 5593 Circaei
1607 5538 1849 5610 (Amat,
1881 5542 1978 5594 Liv
2011 5585 2027 5608 ,
2055 5563 2107 5612 p.

523 5655 674 5724 ‘35).
709 5653 776 5706 At
817 5649 930 5701 tunc
987 5642 1147 5695 etiam
1193 5637 1379 5691 hausta
1436 5643 1560 5689 sunt
1602 5649 1666 5688 cx
1713 5634 1994 5694 Cicerone.
2020 5639 2108 5705 qui

2238 3300 2391 3369 cujus
2420 3316 2616 3359 nomen
2648 3300 2897 3372 .Egyptia
2933 3315 3067 3371 gens
3095 3299 3281 3357 horret
3305 3311 3365 3356 et
3404 3310 3693 3359 reveretur
3736 3317 3845 3358 ex-

2234 3408 2503 3464 promere.
2528 3394 2757 3459 Quintus
2786 3394 2912 3463 Argi
2949 3404 3033 3450 est
3059 3395 3436 3465 interemptor,
3470 3392 3727 3465 fugitivus
3755 3406 3845 3450 at-

2235 3503 2343 3557 que
2370 3488 2543 3554 exsul,
2573 3498 2630 3542 et
2682 3487 2927 3557 proditor
2974 3488 3115 3559 apud
3145 3488 3437 3562 Egyptum
3457 3491 3778 3547 litterarum
3813 3512 3835 3544 ι

2234 3580 2479 3653 (Arnob.,
2511 3581 2551 3637 ι.
2583 3594 2658 3645 tv,
2692 3599 2746 3650 ρ.
2780 3580 2928 3654 155).
2956 3582 3146 3638 Cicero
3176 3599 3304 3639 vero
3326 3584 3471 3640 hunc
3505 3585 3753 3657 loquitur
3782 3588 3840 3642 in

2232 3674 2452 3737 modum
2482 3693 2498 3728 ς
2528 3674 2829 3733 Mercurius
2854 3691 2994 3732 unus
3036 3676 3187 3735 Curio
3218 3686 3388 3748 patre,
3416 3678 3513 3735 Die
3538 3689 3721 3738 matre
3739 3696 3841 3738 na-

2232 3777 2338 3829 tus.
2365 3766 2520 3835 cuius
2546 3767 2838 3825 obscenius
2865 3769 3102 3825 excitata
3151 3779 3342 3826 natura
3370 3770 3632 3837 traditur;
3679 3774 3843 3844 quod

2233 3868 2454 3929 aspectu
2508 3860 2850 3931 Proserpinae
2892 3869 3198 3918 commotus
3261 3865 3351 3918 sit.
3400 3863 3553 3920 Alter
3581 3862 3840 3923 Valentis

2233 3963 2287 4009 et
2311 3954 2663 4012 thnoridis
2694 3955 2858 4020 illius,
2890 3955 2938 4011 is
2964 3957 3055 4027 qui
3078 3956 3186 4012 sub
3211 3955 3377 4012 terris
3400 3956 3654 4025 habetur,
3674 3958 3835 4016 idem

2234 4046 2602 4117 Trophonius.
2645 4047 2860 4104 Tertius
2913 4048 3048 4104 Jove
3105 4050 3264 4104 tertio
3286 4058 3447 4106 natus
3476 4050 3834 4107 et

2230 4139 2465 4205 Quartus
2491 4139 2612 4194 Nilo
2637 4149 2809 4209 pzitrc,
2836 4152 2998 4208 quem
3031 4137 3269 4210 Egyptii
3314 4139 3467 4196 nefas
3488 4139 3696 4201 bellum
3720 4158 3836 4198 uo-

2232 4232 2459 4289 minare.
2480 4232 2734 4301 Quintus,
2764 4248 2924 4303 quem
2945 4234 3131 4288 colunt
3160 4234 3468 4295 Plteneata.
3492 4235 3583 4305 qui
3614 4235 3835 4304 Argum

2231 4324 2428 4380 dicitur
2454 4326 2812 4388 interemisse.
2832 4326 2903 4381 ob
2922 4341 3150 4396 eamque
3174 4340 3391 4381 causam
3415 4324 3656 4397 Egypt»
3680 4342 3833 4397 pra:-

2243 4416 2431 4483 fuisse,
2478 4428 2637 4488 atque
2664 4417 2933 4488 Egyptiis
2974 4419 3123 4489 leges
3147 4427 3204 4475 et
3229 4419 3436 4474 litteras
3466 4418 3764 4477 tradidisse
3806 4442 3827 4475 ι

2230 4508 2443 4581 (Cicer.,
2471 4508 2504 4562 ι.
2542 4526 2598 4564 lll
2636 4511 2702 4563 de
2732 4508 2925 4565 Nutu.
2951 4514 3122 4578 ileon,
3168 4529 3223 4581 ρ.
3254 4510 3382 4577 ω,
3411 4512 3507 4567 litt.
3537 4509 3620 4581 4).
3653 4511 3836 4571 Vides

2230 4619 2360 4659 sane
2403 4602 2519 4659 haec
2569 4604 2916 4672 proculdubio
2957 4605 3027 4661 ab
3068 4613 3294 4661 auctore
3318 4616 3507 4661 nostro
3531 4605 3834 4678 desumpta

2228 4699 2416 4762 fuisse.
2444 4714 2565 4768 quae
2590 4700 2705 4755 suis
2728 4698 2933 4766 verbis,
2962 4707 3021 4755 et
3063 4699 3283 4755 brevius
3316 4700 3560 4771 quidem,
3586 4700 3684 4757 sed
3712 4704 3833 4758 mi-

2226 4810 2330 4855 nus
2352 4794 2627 4863 eleganter
2656 4792 2909 4849 reddidit.

2299 4888 2653 4959 Prosequitur
2694 4888 2809 4953 ille,
2836 4903 2902 4943 ac
2937 4887 3177 4959 quinque
3220 4888 3385 4945 etiam
3430 4888 3708 4945 Iiinervns
3749 4891 3831 4947 ab

2223 4982 2516 5053 gentilibus
2542 4981 2847 5037 venditatas
2871 4981 2946 5035 ita
2974 4981 3486 5037 recensuituPrima
3511 4997 3620 5037 non
3637 4982 3829 5054 virgo,

2225 5078 2320 5133 sed
2339 5094 2406 5134 ex
2432 5077 2671 5132 Vulcano
2694 5074 2958 5147 Apollinis
2984 5078 3338 5147 procreatrix.
3356 5076 3460 5132 Nili
3482 5078 3649 5133 altera
3683 5093 3826 5148 pro-

2226 5171 2327 5235 les,
2361 5178 2415 5224 et
2440 5185 2561 5240 quae
2584 5184 2707 5224 esse
2736 5168 3051 5238 perhibetur
3077 5168 3350 5241 Egyptia.
3386 5169 3562 5241 Stirps
3586 5170 3825 5227 Saturni

2220 5274 2307 5320 est
2337 5264 2515 5326 tertia,
2545 5274 2600 5317 et
2621 5277 2746 5332 qum
2788 5275 2940 5316 usum
2973 5263 3297 5332 excogitavit
3336 5276 3633 5319 armorum.
3660 5262 3821 5324 lovis

2222 5367 2410 5429 quarta
2450 5356 2755 5426 progenies,
2783 5369 2943 5424 quam
2975 5354 3224 5411 Messenii
3250 5356 3634 5429 Coryphasiam
3663 5374 3816 5415 nun-

2219 5462 2437 5520 cupant.
2472 5451 2538 5504 Et
2580 5463 2701 5517 mue
2729 5448 3023 5503 Pallantem
3060 5448 3259 5504 occidit
3304 5461 3532 5519 patrem,
3565 5451 3818 5508 incesto-

2217 5561 2334 5599 rum
2355 5543 2731 5612 appetitorem,
2756 5551 2838 5596 est
2857 5541 3041 5611 quinta
3077 5561 3096 5594 ι
3126 5540 3370 5614 (Αηιοὺη
3401 5546 3439 5596 ι.
3471 5558 3545 5607 tv,
3577 5546 3812 5620 p.155).

2216 5638 2424 5695 Tullius
2452 5651 2582 5690 vero
2616 5651 2635 5689 :
2670 5653 2689 5687 t
2728 5635 2961 5690 Minerva
2989 5637 3182 5705 prima,
3209 5650 3368 5706 quam
3393 5635 3660 5705 Apollinis
3682 5653 3813 5695 ma-

522 5753 668 5822 prius
722 5745 931 5801 dixerat
958 5755 970 5791 :
1011 5755 1030 5788 t
1068 5733 1223 5791 Soles
1256 5731 1354 5799 ipsi
1389 5744 1546 5798 quam
1601 5730 1755 5784 multi
1784 5745 1814 5783 a
1840 5730 2104 5801 theologis
2211 5743 2351 5788 trem
2382 5745 2543 5800 supra
2568 5729 2824 5785 diximus.
2852 5729 3099 5786 Secunda
3127 5739 3245 5786 orta
3275 5729 3415 5795 Nilo,
3450 5743 3609 5800 quam
3635 5729 3812 5804 Egy-

517 5839 886 5915 proieruntur.
917 5833 1069 5889 Unus
1119 5842 1307 5886 eorum
1338 5824 1472 5881 Jove
1500 5833 1679 5892 natus,
1723 5838 1888 5895 nepos
1913 5825 2100 5882 Ethe-

2212 5825 2306 5896 ptii
2337 5823 2499 5883 Saittc
2541 5823 2745 5881 colunt.
2772 5822 2974 5891 Tertia,
3006 5823 3097 5879 illa
3134 5838 3296 5894 quam
3325 5822 3462 5879 love
3484 5833 3809 5893 generatam
