4000 6314
152 335 266 419 4589

1392 325 1456 381 IN
1495 320 1874 391 ARNOBIUM.
1915 321 2069 383 CAP.
2111 322 2295 381 XVIII.

3355 324 3460 383 590

164 464 322 520 supra
351 447 610 509 diximus.
650 446 853 517 Quarta
880 443 1015 503 Jove
1045 452 1169 500 nata
1199 452 1254 501 et
1277 444 1530 516 Coryphe
1550 443 1749 503 Oceani
1777 443 1830 505 Α
1853 441 1933 497 cia
1982 451 2162 501 vetere
2215 452 2341 499 sunt
2394 444 2624 501 collecta
2647 486 2660 513 ,
2710 444 2873 514 plane
2923 442 3281 499 resistendum
3307 484 3323 509 ,
3378 458 3449 499 ne

166 542 291 605 ﬁlia,
324 558 484 614 quam
522 540 790 601 Aracadcs
838 539 1056 596 Cariam
1090 540 1183 608 (al.
1209 537 1748 610 Coryphasiam)juo-

1854 536 2233 605 perturbentur
2280 537 2585 610 religiones.
2644 540 2884 594 Atcerte
2938 537 3205 593 Arnobius
3260 548 3448 593 noster

164 634 369 691 miuant
389 678 405 703 ,
434 636 509 693 et‘
531 634 908 707 quadrigarum
940 634 1291 691 inventricem
1322 631 1521 691 ferunt.
1552 630 1750 700 Quinta
1850 630 2129 699 perspicue
2154 630 2389 686 ostendit
2415 645 2645 702 quonam
2677 632 2960 703 religiones
2984 631 3148 686 modo
3173 630 3258 686 his
3284 632 3447 701 plane

169 726 448 793 Pallantis,
475 742 596 799 qua:
619 736 825 798 patrem
846 724 1044 785 dicitur
1070 723 1436 791 interemisse,
1462 723 1746 794 virginita-

172 827 278 879 tem
324 836 476 879 suam
506 820 709 879 violare
744 830 1052 889 conantem,
1084 820 1170 877 cui
1221 820 1505 891 pinnarum
1560 817 1749 875 talaria

164 913 383 986 affigunt
415 934 433 967 ι
470 914 681 988 (Cicer.,
710 913 809 969 loc.
838 915 949 977 cit.,
974 914 1069 970 lin.
1100 913 1215 984 51).

232 1004 481 1065 Clemens
510 1006 673 1063 etiam
700 1006 1097 1067 Alexandrinus
1126 1005 1345 1065 totidem
1374 1004 1641 1063 Minervas
1664 1003 1751 1059 di-

172 1107 416 1156 numerat
443 1097 689 1172 (Admon.
720 1098 789 1153 ad
818 1098 993 1162 Cena,
1021 1117 1076 1171 p.
1106 1096 1217 1170 l7),
1252 1098 1324 1155 ita
1349 1106 1409 1153 ut
1436 1112 1542 1152 non
1573 1096 1754 1151 minus

170 1200 355 1247 auctor
383 1201 567 1247 noster
594 1190 662 1246 ad
681 1190 850 1257 illum,
867 1206 1026 1261 quam
1058 1190 1125 1246 ad
1152 1188 1468 1246 Ciceronem
1495 1186 1755 1244 accedere

161 1283 403 1339 videatur
432 1300 445 1336 :
473 1286 590 1340 Εἰσὶ
610 1282 663 1339 δὲ
690 1284 736 1339 οἱ
764 1286 912 1340 πέντε
941 1282 1141 1346 Ἀθηνᾶς
1177 1283 1521 1347 ὑποτίθενται,
1552 1286 1640 1341 τήν
1662 1283 1754 1353 μὲν

158 1376 450 1452 Ἡφαίστου,
491 1382 580 1437 τήν
612 1375 883 1436 Ἀθηναίαν.
916 1381 1007 1436 τήν
1033 1374 1088 1433 δὲ
1111 1376 1308 1441 Νείλου,
1339 1378 1428 1435 τήν
1452 1373 1753 1447 Αἰγυπτίαν.

157 1473 333 1547 τρίτην
361 1476 451 1526 τοῦ
478 1470 689 1547 κρόνου,
715 1474 808 1530 τήν
833 1470 1056 1542 πολέμου
1103 1468 1331 1546 εὑρέτην.
1373 1467 1616 1542 τετάρτην
1667 1468 1757 1522 τήν

159 1566 293 1629 Διὸς,
338 1564 395 1623 ἣν
431 1567 720 1624 Mammium
744 1566 1092 1640 Κορυφασίας-θ,
1124 1563 1226 1617 ἀπὸ
1252 1568 1343 1621 τῆς
1369 1560 1562 1636 μητρὸς
1589 1561 1757 1614 ἐπικε-

158 1656 427 1716 κλήκασιν.
460 1655 573 1712 Ἐπὶ
597 1661 749 1723 πᾶσι,
780 1662 869 1715 τήν
910 1655 1189 1716 Danaum;
1230 1657 1314 1709 καὶ
1363 1650 1623 1713 Τιτανίδος
1668 1660 1761 1712 τῆς

156 1750 417 1815 Ὠκεανοῦ,
448 1748 479 1807 ἦ
505 1748 587 1803 τὸν
611 1750 815 1825 πατέρα
834 1745 1144 1808 δυασσεϐῶς
1170 1745 1531 1810 καταθύσασα.
1562 1749 1636 1817 τῷ
1654 1764 1757 1797 πα·

1854 721 2252 790 perturhentur.
2275 722 2410 779 Nam
2438 724 2483 779 si
2508 724 2689 795 plures
2708 724 2834 788 sint,
2859 723 3054 795 inquit,
3074 722 3321 793 ejusdem
3348 738 3447 779 no-

1853 816 2011 871 minis
2035 816 2132 885 dii,
2155 832 2184 872 a
2207 833 2268 872 se
2294 819 2521 875 invicem
2548 818 2808 882 distincti,
2829 818 3149 873 conturbata
3173 816 3448 872 haesitabit

1853 907 2039 980 religio
2060 909 2339 966 hominum
2359 952 2375 979 ,
2404 912 2498 982 qui
2522 925 2655 967 sane
2696 910 2764 965 ad
2803 926 2964 982 quem
3003 920 3125 966 vota
3153 925 3450 981 precesque

1854 1002 2103 1073 dirigant,
2127 1004 2269 1059 scire
2289 1018 2395 1061 non
2423 1012 2693 1076 poterunt.
2717 1002 2855 1071 Quid
2876 1018 3025 1068 vero,
3050 1004 3094 1058 si
3122 1003 3448 1059 sacriﬁcium

1855 1095 2075 1166 aliquod
2119 1096 2411 1165 Minervas,
2456 1106 2551 1154 aut
2578 1097 2730 1163 Jovi,
2772 1105 2866 1153 aut
2907 1097 3061 1153 alteri
3095 1096 3221 1164 ﬁat,
3268 1112 3449 1154 nonne

1857 1189 2219 1263 unusquisque
2239 1205 2307 1247 ex
2329 1192 2392 1246 iis
2412 1192 2515 1247 sibi
2536 1193 2637 1248 soli
2655 1191 2854 1248 factum
2879 1193 3243 1249 existimabit?
3259 1192 3450 1249 Nonne

1855 1297 1979 1339 cum
1999 1282 2124 1349 alio,
2144 1286 2191 1338 si
2212 1285 2312 1339 sibi
2334 1285 2451 1340 ﬁeri
2472 1285 2783 1353 contendat,
2809 1285 2957 1343 illico
2979 1286 3261 1356 rixabitur,
3289 1296 3451 1358 atquc

1857 1375 2016 1430 ambo
2043 1376 2184 1433 Inter
2208 1392 2270 1433 se
2295 1376 2767 1448 digladiabuntur?

1927 1467 2047 1525 Non
2081 1469 2283 1539 patitur
2307 1478 2488 1525 autem
2510 1471 2779 1527 Arnobius
2803 1471 2905 1527 sibi
2930 1472 2999 1529 ah
3024 1472 3203 1543 aliquo
3223 1486 3450 1545 respon-

1861 1561 1975 1617 deri
2006 1560 2397 1633 incompertum
2426 1578 2567 1631 esse,
2599 1578 2668 1618 an
2694 1563 2928 1635 theologi
2956 1566 3185 1635 gentiles
3222 1576 3368 1621 certa
3397 1575 3455 1623 et

1860 1654 2155 1725 explorata,
2193 1664 2287 1710 aut
2312 1654 2433 1711 ﬁcta
2460 1665 2515 1711 et
2544 1655 2676 1711 falsa
2715 1671 2813 1728 pro
2856 1657 3077 1714 libidine
3115 1659 3453 1729 scripserint.

1860 1746 2003 1804 Satis
2040 1748 2317 1805 enimvero
2343 1748 2499 1804 nobis
2525 1758 2641 1816 est,
2673 1749 2878 1820 inquit,
2904 1751 3208 1807 ostendisse
3234 1752 3355 1807 illos
3384 1752 3453 1807 de

158 1844 314 1918 τρῲῳ
341 1840 655 1915 academica:
678 1838 881 1914 δέματι,
914 1841 1092 1909 ὥσπερ
1126 1836 1293 1909 κωδίῳ
1321 1852 1335 1889 :
1364 1855 1383 1888 (
1420 1835 1559 1891 Sunt
1594 1843 1650 1890 et
1670 1833 1759 1901 qui

1886 1839 2024 1895 'ebus
2053 1840 2281 1911 publicis
2317 1852 2371 1896 et
2410 1840 2719 1912 vulgaribus
2744 1842 2920 1914 loqui,
2947 1859 3172 1915 quarum
3203 1860 3455 1916 unaquae-

162 1933 375 2005 fingunt
401 1935 639 2005 quinque
670 1932 966 1998 Minervas,
1000 1946 1160 1986 unam
1189 1929 1406 2000 quidem
1442 1928 1665 1987 Vulcani
1695 1927 1758 1983 ﬁ-

162 2026 316 2091 liam,
347 2025 1004 2082 Atheniensem:alteram
1026 2037 1155 2079 vero
1185 2022 1288 2077 Nili
1321 2042 1340 2075 ι
1366 2021 1456 2093 [de
1480 2037 1582 2092 qua
1611 2020 1762 2077 Plato

163 2117 238 2174 ab
266 2119 494 2189 ipsomet
526 2118 765 2174 Arnobio
796 2118 1038 2192 (Arnob.,
1062 2118 1100 2171 l.
1134 2133 1209 2184 tv,
1240 2134 1294 2188 p.
1320 2116 1422 2172 157
1452 2132 1467 2183 ;
1504 2115 1674 2181 Plato,
1710 2116 1764 2170 in

170 2210 387 2279 Timwo,
434 2224 471 2269 t.
506 2230 599 2281 ιιι,
650 2231 703 2283 ρ.
732 2212 826 2287 QI)
858 2222 1042 2283 postea
1097 2209 1315 2284 citatus]
1351 2228 1370 2262 ι
1409 2207 1714 2281 Egyptiam
1746 2226 1759 2262 :

168 2307 389 2364 tertiam
419 2306 656 2373 Saturni,
693 2304 820 2360 belli
861 2303 1257 2363 inventricem:
1300 2312 1545 2376 quartam
1594 2302 1765 2370 Jovis,

171 2414 333 2470 quam
376 2395 630 2455 Messenii
675 2395 1066 2468 Coryphasiam
1110 2411 1140 2450 a
1186 2406 1359 2453 matre
1423 2395 1768 2465 cognomina-

173 2501 304 2547 runt
331 2505 348 2545 :
374 2502 725 2564 postremam,
758 2489 923 2547 ﬁliam
963 2490 1221 2547 Pallantis
1249 2498 1305 2546 et
1329 2490 1613 2559 Titanidis,
1644 2490 1769 2549 filiae

173 2583 398 2653 Oceani,
430 2600 549 2656 quae
580 2592 730 2654 patre
758 2584 925 2655 impie
977 2585 1045 2639 ab
1086 2585 1197 2654 ipsa
1230 2583 1553 2653 sacriﬁculo,
1582 2593 1771 2641 ornata

175 2677 279 2733 fuit
308 2676 450 2750 pelle
472 2676 641 2749 patris
682 2686 951 2748 tamquam
983 2676 1204 2733 vellere.
1231 2677 1530 2748 Utrumque
1549 2676 1771 2733 Cicero-

176 2770 267 2826 nis
284 2779 339 2826 et
367 2768 667 2826 Clementis
691 2768 1044 2825 Alexandrini
1072 2769 1248 2825 locum
1294 2770 1558 2843 integrum
1586 2770 1772 2827 retuli-

176 2876 323 2930 mus,
351 2862 477 2933 quia
515 2871 756 2920 mutuam
785 2861 888 2919 sibi
917 2872 973 2918 et
1020 2861 1265 2919 Arnobio
1295 2863 1467 2921 lucem
1515 2863 1770 2930 afferunt,

175 2970 244 3013 ac
286 2952 501 3012 facilius
528 2954 701 3027 quivis
722 2952 986 3028 iudicabit
1034 2965 1215 3017 utrum
1263 2954 1378 3027 ipse
1407 2956 1680 3015 Arnobius
1703 2956 1771 3012 ad

175 3064 344 3104 unum
393 3048 571 3118 potius
618 3047 962 3123 respexerit,
1015 3063 1174 3123 quam
1207 3048 1273 3104 ad
1304 3049 1559 3116 alterum,
1588 3056 1682 3105 aut
1707 3046 1772 3103 ad

175 3150 490 3213 utrumque,
524 3149 617 3196 aut
641 3140 845 3217 aliquid
887 3141 957 3199 ab
1004 3158 1133 3211 uno,
1165 3152 1219 3199 et
1246 3141 1395 3205 aliud
1431 3141 1499 3201 ab
1527 3142 1633 3198 alio
1656 3158 1777 3199 mu-

180 3243 366 3290 tuatus
390 3233 481 3291 sit.

179 3353 184 3357 -
255 3325 425 3382 Porro
447 3335 627 3382 autem
657 3325 866 3381 etiamsi
894 3324 981 3381 ille
1007 3340 1131 3381 cum
1158 3336 1408 3399 utroque,
1431 3324 1694 3382 Cicerone
1721 3333 1778 3381 et

179 3419 465 3477 Clemente
489 3417 875 3487 Alexandrino,
906 3427 1113 3474 asserat
1136 3416 1390 3474 Minerva:
1420 3415 1773 3490 Coryphasiw,

182 3529 386 3570 nomen
426 3528 454 3567 a
494 3523 668 3570 matre
708 3512 824 3584 ejus
875 3510 1128 3585 Coryphe
1187 3513 1469 3567 formatum
1516 3512 1771 3583 (Arnob,

187 3607 280 3664 lib.
312 3616 385 3672 tv,
417 3624 535 3679 pag.
576 3606 732 3678 137);
764 3615 950 3678 postea
998 3616 1176 3661 tamen
1222 3606 1339 3675 ipse
1383 3622 1481 3661 nos
1525 3604 1780 3661 admonet

183 3704 315 3761 inde
340 3704 499 3759 etiam
540 3701 668 3757 illud
697 3706 934 3772 potuisse
958 3700 1214 3766 derivari,
1242 3699 1367 3772 quia
1394 3715 1461 3755 ex
1487 3698 1635 3755 Jovis
1659 3713 1780 3755 ver-

184 3798 294 3854 tice
322 3804 526 3852 armata
555 3793 817 3867 prodiisse
844 3791 1137 3848 ferebatur.
1167 3780 1275 3848 Nec
1301 3790 1525 3847 forsitan
1559 3805 1780 3861 prorsus

184 3889 481 3954 immerito.
532 3887 578 3942 A
626 3885 897 3941 nonnullis
954 3885 1230 3940 enimvero
1292 3883 1637 3941 observatum
1699 3890 1783 3938 est

183 3998 367 4059 graeco
411 3982 649 4046 nomine,
679 3984 899 4057 Κορυφή,
926 3976 1210 4049 signiﬁcari
1258 3978 1535 4045 verticem,
1565 3985 1619 4031 et
1656 3991 1782 4047 par-

184 4088 300 4136 tem
331 4076 520 4147 capitis
545 4075 685 4132 inter
709 4073 941 4143 sinciput
971 4082 1025 4129 et
1052 4072 1266 4143 occiput
1295 4069 1525 4125 mediam
1557 4079 1611 4125 et
1636 4084 1782 4127 sum-

74 4186 84 4198 “
184 4184 356 4235 mam.
387 4167 504 4224 Non
547 4165 743 4225 desunt
771 4175 950 4221 tamen
971 4205 987 4233 ,
1018 4160 1111 4234 qui
1136 4178 1201 4220 ex
1230 4159 1563 4235 Coryphasio
1601 4172 1786 4217 monte

186 4266 272 4325 sic
296 4262 617 4337 appellatam
644 4259 831 4317 velint.

264 4359 337 4415 At
373 4373 440 4415 ex
469 4355 731 4415 Cicerone
773 4366 836 4408 ea
879 4350 1127 4406 similiter
1170 4348 1438 4406 Arnobius
1478 4346 1784 4419 decerpsit,

188 4468 316 4527 quae
343 4450 412 4507 de
437 4448 555 4505 aliis
582 4448 704 4514 diis,
734 4444 829 4502 sed
859 4444 1037 4500 verbis
1077 4442 1262 4501 retulit
1291 4440 1652 4513 paucioribus.
1684 4439 1787 4495 Tot

190 4559 430 4616 namque
460 4541 691 4599 insulsas
733 4538 801 4595 de
843 4537 950 4593 illis
989 4536 1327 4593 ethnicorum
1369 4533 1575 4590 fabulas
1618 4532 1785 4588 fusius

1864 1948 1967 2004 que
2004 1946 2065 1989 se
2105 1935 2274 2004 ipsam
2321 1935 2518 2005 prodit,
2559 1944 2615 1992 et
2657 1936 2908 1994 omnibus
2945 1938 3228 1996 manifesta
3255 1951 3357 1996 est.
3397 1941 3458 1999 Si

1863 2037 1992 2079 vero
2036 2024 2091 2077 hi
2137 2025 2376 2096 theologi
2415 2027 2631 2083 mentiti
2660 2036 2807 2095 sunt,
2841 2028 2909 2084 ab
2937 2028 3171 2087 ethnicis
3199 2030 3458 2088 demons-

1867 2117 2112 2175 trandum
2143 2126 2248 2182 est,
2290 2118 2433 2175 unde
2479 2119 2613 2175 certi
2648 2119 2716 2176 de
2744 2119 2847 2175 diis
2876 2122 2990 2177 suis
3016 2122 3219 2193 aliquid
3258 2123 3465 2181 didice-

1866 2211 1992 2267 riut.
2023 2213 2092 2267 At
2112 2212 2385 2283 quomodo
2411 2213 2516 2270 hoc
2543 2213 3009 2283 demonstrabant,
3033 2217 3137 2273 nisi
3159 2233 3229 2273 ex.
3250 2234 3466 2274 eorum-

1868 2305 1988 2361 dem
2057 2303 2432 2377 theologorum
2505 2322 2725 2365 suorum
2797 2310 3011 2381 scriptis
3049 2352 3064 2377 ,
3129 2326 3198 2367 ex
3268 2314 3466 2385 quibus

1869 2411 2193 2471 acceperunt
2234 2402 2364 2469 quid
2404 2402 2474 2459 de
2516 2403 2621 2459 diis
2666 2404 2972 2476 divinisque
3000 2406 3164 2463 rebus
3206 2415 3469 2466 statutum

1872 2492 2139 2551 factumve
2166 2495 2296 2551 olim
2325 2494 2524 2551 fuerit?
2552 2497 2791 2568 Denique
2829 2498 2876 2554 si
2905 2498 3029 2554 libri
3067 2500 3467 2573 theologorum,

1874 2585 2207 2654 pontificum,
2242 2586 2328 2643 vel
2373 2588 2812 2659 philosophorum
2844 2592 3138 2649 mendaciis
3164 2593 3468 2667 fabulisque

1873 2688 2139 2746 scateant,
2163 2679 2438 2748 rejiciendi
2460 2696 2684 2752 prorsus
2702 2691 2845 2749 sunt,
2873 2698 2937 2739 ac
2960 2685 3171 2755 penitus
3192 2687 3466 2756 abolendi,

1875 2784 2171 2840 omnesque
2199 2786 2388 2828 eorum
2418 2772 2705 2844 religiones
2733 2776 3179 2834 exterminanda.

2444 2905 2671 2964 CAPUT
2700 2906 2885 2965 XVIII.

1881 3016 2045 3084 Quam
2085 3018 2350 3089 perspicue
2382 3019 2636 3074 Arnobius
2665 3035 2730 3075 ea;
2756 3021 2902 3078 seriis
2927 3021 3268 3096 grauibusque
3304 3025 3475 3084 ethni-

1949 3129 2123 3167 corum
2153 3113 2400 3178 historiis,
2422 3129 2637 3185 quarum
2658 3115 2902 3170 memoria
2921 3117 3108 3175 annuis
3132 3118 3309 3175 diebus
3329 3122 3474 3193 festis

1801 3226 1848 3291 α
1948 3204 2314 3275 celebrabatur,
2333 3205 2578 3260 absurdos
2598 3205 2801 3261 illorum
2814 3206 2877 3261 de
2893 3207 2991 3263 diis
3006 3224 3205 3266 errores
3222 3211 3472 3268 destruat.

2404 3382 2702 3423 ABTICULUS
2740 3382 2948 3424 PRIMUS.

1879 3503 2375 3569 Examinaturprima
2411 3504 2638 3569 historia;
2669 3517 2762 3568 qua
2796 3504 2952 3569 Numa
2987 3504 3306 3569 Pompilius:
3327 3507 3474 3569 Jove,

1938 3566 2095 3617 Fauni
2129 3572 2182 3618 et
2208 3566 2316 3617 Pici
2341 3567 2529 3617 artibus
2552 3566 2776 3624 evocato,
2823 3566 3039 3617 fulminis
3078 3566 3475 3624 procurationem

1940 3630 2169 3679 didicisse
2183 3628 2523 3691 jaetitahatur;
2550 3637 2602 3692 et
2623 3624 2716 3678 alia
2732 3629 2977 3692 Cybeles,
2993 3624 3241 3691 Agdestis,
3266 3639 3321 3683 et
3342 3632 3477 3683 Atti-

1941 3692 2018 3742 dis
2052 3690 2269 3751 historia,
2296 3692 2470 3740 annuis
2504 3690 2755 3740 celebrata
2771 3690 2921 3743 festis
2948 3690 3150 3754 diebus,
3180 3690 3269 3745 ubi
3287 3695 3353 3746 de
3376 3696 3477 3747 Ab-

1941 3755 2275 3804 deritanorum
2298 3759 2502 3818 stupore
2526 3759 2578 3803 et
2600 3754 2803 3803 insania.

1953 3877 2123 3946 Quam
2151 3876 2284 3933 falsa
2311 3877 2383 3932 sit
2407 3876 2784 3947 superstitiosa
2818 3876 3098 3949 gentilium
3125 3881 3340 3955 religio,
3371 3884 3479 3949 alio

1883 3969 2153 4025 Arnobius
2199 3977 2519 4041 argumento
2559 3968 2995 4029 manifestissime
3036 3974 3310 4033 convincit
3350 3976 3477 4050 (Ar-

1884 4061 2026 4126 nob.,
2050 4062 2138 4116 tib.
2163 4077 2215 4127 v,
2242 4077 2362 4132 pag.
2393 4059 2540 4133 154).
2568 4060 2703 4116 Illud
2742 4071 2923 4118 autem
2952 4065 3086 4134 petit
3121 4080 3190 4121 ex
3224 4068 3479 4137 gravibus

1884 4153 2147 4224 seriisque
2177 4152 2393 4208 illorum
2424 4152 2691 4222 historiis,
2731 4169 2866 4224 quas
2904 4169 3063 4213 veras
3102 4172 3230 4215 esse
3254 4159 3328 4215 ita
3354 4174 3479 4231 per-

1885 4261 2102 4301 suasum
2153 4246 2421 4313 habuere;
2473 4256 2530 4303 ut
2576 4262 2668 4303 eas
2710 4246 3026 4319 quotidiana
3048 4265 3150 4307 usu
3186 4253 3476 4324 probatas,

1885 4340 2078 4396 annuis
2105 4340 2441 4397 celebrarent
2463 4339 2637 4408 festis,
2666 4341 2932 4413 variisque
2955 4342 3258 4403 simulacris
3276 4360 3479 4418 reprae-

1886 4447 1980 4488 εθιι
1988 4442 2185 4488 tarent.

1958 4525 2193 4581 Primam
2223 4526 2404 4598 itaque
2427 4524 2693 4581 Arnobius
2716 4540 2783 4580 ex
2826 4526 3067 4587 secundo
3089 4528 3344 4599 Antiatis,
3374 4532 3482 4589 hoc

191 4612 453 4697 enarrare
494 4641 783 4704 pertaesus,
814 4637 1010 4685 czetera
1048 4629 1126 4683 sic
1166 4627 1404 4683 scrictim
1433 4624 1739 4698 perstringit
1770 4642 1783 4678 :
1810 4612 1866 4679 Β
1889 4630 1990 4685 eSI,
2021 4620 2161 4676 illius
2185 4619 2471 4675 Annalium
2499 4618 2636 4673 libro
2663 4622 2951 4688 excerpsit.
2981 4617 3058 4677 Ibi
3087 4634 3217 4677 vero
3238 4620 3329 4678 ille
3350 4638 3479 4679 nar-

200 4752 223 4785 ι
259 4732 422 4787 Aiunt
447 4726 606 4789 iidem
632 4723 864 4794 theologi
890 4728 1120 4793 quatuor
1141 4735 1263 4777 esse
1287 4718 1573 4784 Vulcanos,
1600 4727 1654 4772 et
1682 4725 1791 4773 tres

195 4825 423 4887 Dianas,
454 4816 794 4888 Esculapios
837 4814 1058 4868 totidem
1080 4855 1095 4877 ,
1126 4823 1181 4867 et
1210 4810 1495 4882 Dionysios
1520 4810 1785 4881 quinque,

197 4929 285 4975 ter
323 4915 481 4977 binos
506 4910 761 4968 Hercules
782 4950 797 4976 ,
831 4916 886 4962 et
912 4914 1138 4978 quatuor
1173 4902 1434 4969 Veneres,
1470 4901 1565 4957 tria
1594 4917 1791 4974 genera

198 5008 507 5068 Castorum,
530 5001 858 5071 totidemque
883 4997 1175 5062 Musarum,
1209 4996 1550 5068 pinnatarum
1574 4991 1795 5062 Cupidi-

202 5114 333 5157 num
364 5096 555 5167 trigas,
598 5102 653 5149 et
697 5090 981 5164 quadrigas
1020 5086 1410 5161 Apollinarium
1460 5084 1735 5143 nominum
1766 5103 1784 5137 ι

204 5187 449 5265 (Arnob.,
475 5186 562 5241 lib.
587 5200 659 5250 tv,
685 5200 805 5257 pag.
830 5182 977 5254 l56).
1003 5180 1073 5237 At
1094 5181 1283 5236 Cicero
1301 5192 1397 5235 eos
1421 5191 1632 5242 omnes,
1657 5177 1795 5231 sicut

205 5292 266 5340 et
291 5280 422 5337 alios
442 5277 650 5351 priores
669 5275 978 5347 singillatim
1001 5281 1266 5329 recenset.
1292 5271 1447 5342 Apud
1472 5286 1594 5326 eum
1618 5271 1795 5340 itaque

205 5373 448 5446 reperies
487 5371 678 5426 horum
705 5370 943 5425 omnium
987 5377 1043 5425 et
1078 5368 1469 5440 expositionem
1507 5373 1562 5421 et
1605 5364 1797 5436 proba-

206 5469 433 5525 tionem.
463 5465 575 5521 Nos
604 5478 734 5521 vero
774 5462 899 5519 alibi
926 5462 992 5518 de
1018 5462 1335 5534 quibusdam
1374 5457 1577 5531 aliquid
1622 5457 1800 5529 attigi-

206 5575 333 5619 mus
362 5558 572 5631 (Cicer.,
619 5557 708 5612 lib.
738 5570 795 5610 ιιι
835 5555 899 5609 de
930 5554 1118 5609 Natur.
1160 5556 1327 5622 deor.,
1359 5570 1480 5625 pag.
1531 5551 1661 5616 245,
1689 5548 1793 5604 247

208 5662 262 5711 et
287 5651 420 5718 248;
453 5659 576 5704 tam.
607 5662 624 5703 ι
676 5647 950 5718 Apparat.,
974 5663 1095 5717 pag.
1120 5644 1269 5717 85I).

282 5745 438 5801 Cotta
465 5750 667 5806 autem,
699 5740 852 5811 cujus
876 5740 1091 5795 nomine
1109 5736 1301 5796 Cicero
1330 5753 1394 5795 ea
1421 5738 1603 5794 omnia
1626 5737 1799 5809 expli-

206 5847 317 5905 cat,
346 5834 469 5891 inde
496 5833 638 5890 haud
666 5831 975 5889 dubitanter
1004 5831 1270 5890 concludit
1298 5830 1386 5901 iis,
1410 5846 1531 5903 quzc
1552 5845 1620 5885 ex
1642 5829 1797 5886 Grae-

1892 4711 2045 4766 rabat
2071 4710 2323 4778 Numam,
2354 4720 2416 4765 ut
2443 4708 2768 4779 procurandi
2797 4708 3039 4767 fulminis
3057 4712 3286 4769 scieutia
3311 4714 3479 4771 infor-

1870 4813 2162 4875 _maretur,
2209 4802 2414 4874 Egeriae
2473 4802 2676 4857 monitu
2724 4801 2965 4859 Faunum
3013 4813 3070 4860 et
3111 4804 3300 4862 Picum
3347 4807 3482 4866 deos

1893 4907 2172 4971 agrestes,
2217 4912 2339 4953 cum
2388 4894 2763 4967 extinguendm
2810 4896 2925 4953 sitis
2971 4912 3136 4954 causa
3181 4900 3248 4956 ad
3278 4900 3484 4962 fontem

1892 4988 2177 5060 quemdam
2225 4988 2535 5070 venissent,
2609 4986 2737 5043 dolo
2785 4998 2841 5044 et
2883 4998 2999 5045 arte
3046 4990 3374 5061 inebriatos,
3421 5009 3488 5050 ac

1896 5090 2080 5151 postea
2112 5080 2336 5150 sopitos,
2369 5094 2399 5133 a
2429 5079 2738 5148 duodecim,
2768 5096 2905 5152 quos
2929 5081 3103 5140 Numa
3131 5084 3247 5155 ipse
3274 5086 3327 5142 in
3354 5088 3489 5144 insi-

1896 5177 1999 5231 diis
2040 5185 2324 5249 posuerat,
2365 5176 2652 5247 juvenibus
2694 5180 3018 5237 constrictos
3044 5181 3211 5239 fuisse
3238 5184 3486 5242 vinculis.

1896 5267 2011 5324 Non
2041 5270 2187 5339 prius
2225 5279 2404 5326 autem
2437 5270 2559 5328 illos
2599 5272 2733 5343 solvi
2775 5273 2962 5339 voluit,
3004 5290 3162 5345 quam
3189 5292 3220 5331 a
3245 5276 3400 5348 Jove,
3432 5280 3493 5339 in

1901 5373 2073 5419 terras
2101 5373 2346 5434 evocato,
2372 5372 2434 5419 et
2463 5364 2624 5422 variis
2650 5366 2934 5427 verborum
2960 5367 3275 5439 ambagibus
3298 5370 3490 5431 deluso

1897 5456 2269 5521 extorsissent,
2301 5472 2459 5527 quam
2501 5472 2596 5513 rex
2624 5457 2792 5513 Numa
2824 5458 2963 5515 scire
3004 5460 3243 5530 volebat,
3270 5463 3492 5535 fulguris

1900 5552 2327 5619 procurationem,
2356 5565 2451 5605 seu
2481 5550 2858 5621 expiationem.
2886 5550 3183 5609 Procurare
3208 5555 3351 5610 enim
3392 5556 3492 5613 fui-

1900 5656 2023 5696 men
2056 5642 2193 5697 idem
2233 5650 2317 5699 est
2339 5683 2354 5710 ,
2388 5658 2451 5698 ac
2478 5642 2707 5699 solemni
2735 5642 2949 5714 expiare
2978 5644 3073 5705 illo
3110 5645 3217 5703 ritu
3246 5656 3302 5705 et
3324 5650 3494 5707 sacri-

1902 5732 2046 5798 ﬁcio,
2076 5750 2183 5806 quo
2208 5735 2338 5791 illud
2368 5734 2683 5795 credebatur
2706 5736 2878 5792 arceri
2919 5746 2975 5793 et
3014 5741 3302 5797 removeri.
3339 5740 3494 5801 Unde

1905 5825 2107 5884 Seneca
2134 5846 2148 5882 :
2188 5847 2206 5883 ‹
2236 5825 2577 5887 Procuranda
2597 5870 2612 5898 ,
2646 5847 2667 5883 ι
2696 5828 2887 5902 inquit,
2932 5848 2953 5885 ι
2983 5832 3291 5895 existimat
3316 5833 3494 5894 fulmi-
