3978 6306
488 329 584 386 591

1732 314 2183 379 DISSERTATIO
2222 314 2505 378 PRIEVIA

3690 319 3808 376 592

487 467 558 506 na
579 493 594 515 ,
625 458 681 505 et
707 445 1035 517 expiationes
1071 455 1175 496 non
1199 439 1446 496 dubitant
1471 439 1728 509 prodesse
1755 438 2077 510 aliquando,
2109 437 2160 497 A
2185 451 2338 493 suum
2383 440 2674 494 maximum
2725 446 2781 494 et
2823 439 3248 508 omnipotentem
3295 436 3509 508 penitus
3559 436 3801 492 infama—

487 541 560 596 ad
591 535 957 598 submovenda
993 533 1250 602 pericula,
1278 531 1566 601 aliquando
1595 531 1664 587 ad
1709 531 1955 597 levanda,
1988 529 2092 584 ali-

489 632 709 704 quando
760 628 825 682 ad
873 625 1186 682 differenda.
1229 643 1248 676 ι
1304 624 1539 694 (Senec.,
1585 623 1675 678 lib.
1723 639 1759 677 ιι
1801 622 1930 677 Nat.
1980 638 2088 693 qu.,

494 741 612 794 cap.
646 721 737 786 56,
769 735 888 790 pag.
919 715 1075 788 422.)

564 816 714 869 Hanc
741 826 902 883 porro
925 809 1204 865 historiam
1228 823 1335 864 non
1359 809 1530 864 solum
1560 810 1826 872 Antiates,
1852 807 1947 864 sed
1972 807 2096 862 Ovi-

488 909 611 964 dius
640 922 856 978 quoque
881 913 937 960 et
963 904 1309 971 Plutarchus,
1335 903 1601 974 atquehie
1625 902 1839 973 quidem
1858 901 2094 965 brevius,

483 1002 580 1058 ille
611 1015 741 1056 vero
787 998 956 1053 fusius
983 997 1412 1066 descripserunt.
1453 996 1634 1051 Livius
1665 1005 1844 1051 autem
1887 995 2005 1049 haec
2031 994 2100 1049 de

488 1096 662 1151 Numa
693 1095 911 1165 scriptis
957 1093 1216 1148 tradidit:
1255 1111 1274 1143 ι
1303 1091 1544 1162 Quaeque
1591 1092 1832 1162 prodigia
1863 1091 2100 1145 fulmini-

486 1190 608 1256 bus,
645 1190 824 1244 aliove
853 1203 961 1259 quo
990 1187 1106 1242 viso
1136 1187 1297 1242 missa
1328 1187 1733 1256 susciperentur
1758 1196 1918 1257 atque
1946 1200 2102 1241 cura-

490 1294 683 1339 rentur
717 1300 730 1336 :
770 1280 837 1335 ad
885 1297 949 1335 ea
995 1280 1256 1336 elicienda
1305 1297 1372 1335 ex
1416 1282 1688 1336 mentibus
1736 1280 1949 1344 divinis,
1983 1279 2101 1334 ,Ιονί

489 1376 663 1432 Elicio
704 1390 856 1430 aram
901 1376 955 1429 in
1000 1374 1268 1429 Aventino
1312 1374 1534 1430 dicavit.
1570 1395 1587 1426 ι
1643 1374 1854 1447 (0vid.,
1912 1374 2002 1429 lib.
2046 1390 2103 1429 ιιι

489 1477 700 1544 fustar.,
721 1472 817 1543 §5,
838 1488 956 1542 pag.
978 1469 1105 1532 5‘29,
1130 1479 1177 1523 et
1195 1485 1358 1539 seqq.;
1381 1469 1676 1534 Plutarclt.,
1700 1469 1754 1523 in
1779 1467 2101 1535 Vit.Numa:,

490 1576 616 1620 tom.
650 1582 710 1629 ιι,
741 1582 861 1636 pag.
887 1565 989 1628 70;
1021 1562 1161 1623 Liv.,
1194 1562 1282 1615 lib.
1312 1579 1347 1625 ι,
1381 1578 1498 1632 cap.
1532 1561 1654 1632 ΞΟ.)

565 1659 766 1714 Verum
802 1657 1069 1712 Arnobius
1111 1656 1250 1710 hanc
1281 1655 1558 1710 historiam
1587 1656 1740 1723 nulli,
1772 1656 1909 1711 sicut
1941 1657 2102 1711 etiam

485 1752 688 1807 fatetur
718 1750 1039 1805 Plutarchus
1068 1748 1390 1820 (Plutarclt.,
1419 1750 1518 1802 loc.
1550 1749 1689 1819 cit.),
1716 1765 1840 1805 esse
1870 1751 2106 1807 credibi—

2194 530 2344 586 bant.
2391 532 2573 587 Palam
2613 533 2757 588 enim
2806 531 3109 588 fatebantur
3151 532 3300 586 illum
3347 531 3570 603 magicis
3599 546 3814 587 evoca-

2197 632 2308 678 tum
2340 639 2463 680 esse
2491 625 2841 690 carminibus,
2878 627 3050 697 iisque
3085 636 3329 682 coactum
3356 624 3572 690 cedere,
3611 641 3678 681 ac
3711 624 3814 680 do-

2201 735 2326 774 cere
2355 717 2597 774 fulminis
2625 719 3080 790 procurationem.

2269 811 2515 868 Secunda
2547 812 2751 884 Magna:
2789 812 3012 869 deorum
3056 803 3275 883 matris,
3307 812 3432 869 'sive
3475 809 3718 883 Cybeles
3762 819 3822 867 et

2201 906 2396 961 Attidis
2429 906 2651 962 historia
2682 908 2750 963 ab
2777 908 3052 975 Arnobio,
3087 909 3153 962 ad
3193 910 3584 977 sempiternum
3625 905 3822 962 ethni-

2201 1015 2387 1055 corum
2442 999 2605 1055 decus
2654 999 2848 1056 deiude
2893 1010 3215 1057 retractatur
3270 1000 3538 1072 (Arnob,
3596 999 3694 1054 lib.
3747 1015 3824 1063 v,

2203 1111 2324 1164 pag.
2361 1093 2464 1147 157
2493 1103 2539 1147 et
2563 1094 2746 1165 seqq.).
2784 1095 2909 1149 Eam
2942 1104 3120 1150 autem
3161 1110 3192 1149 a
3239 1095 3408 1164 prima
3451 1109 3550 1148 sua
3599 1094 3828 1163 origine

2204 1201 2268 1242 ex
2301 1186 2586 1242 Timotheo
2614 1203 2719 1242 non
2750 1187 2971 1257 ignobili
2997 1187 3266 1259 theologo,
3297 1198 3351 1242 et
3377 1187 3498 1242 aliis
3528 1185 3729 1252 etiam,
3760 1201 3830 1242 ac

2205 1281 2498 1336 reconditis
2537 1283 2914 1352 antiquitatum
2958 1282 3140 1348 libris,
3181 1292 3236 1337 et
3285 1283 3488 1337 intimis
3535 1281 3832 1353 mysteriis

2211 1386 2446 1443 erutam,
2479 1377 2557 1433 sic
2585 1377 2674 1432 ille
2703 1377 2989 1448 descripsit
3019 1397 3032 1434 :
3060 1377 3117 1432 In
3147 1377 3392 1449 Phrygia:
3421 1377 3623 1431 finibus
3665 1387 3830 1448 petra

2210 1481 2327 1525 erat
2367 1470 2620 1524 inauditae
2649 1471 2934 1538 vastitatis,
2963 1471 3049 1526 cui
3077 1470 3146 1525 ab
3181 1471 3415 1542 regionis
3443 1470 3591 1524 illius
3624 1470 3832 1525 incolis

2209 1580 2407 1620 nomen
2450 1564 2634 1635 Agdns
2665 1565 2994 1635 impositum.
3035 1565 3240 1634 Sumpti
3286 1563 3410 1619 inde
3463 1563 3712 1634 lapides,
3762 1580 3834 1619 ex

2209 1659 2405 1728 quibus
2436 1675 2464 1712 a
2499 1659 2822 1714 Deucalione
2854 1668 2908 1714 et
2933 1657 3136 1730 Pyrrha
3166 1657 3442 1712 Themidis
3465 1657 3627 1726 jussu
3652 1657 3836 1728 jacta-

2211 1755 2310 1819 tis,
2356 1769 2546 1824 magna
2578 1753 2747 1808 Mater
2773 1769 2894 1808 cum
2943 1753 3152 1808 caeteris
3197 1751 3503 1807 hominibus
3531 1761 3836 1823 procreata

489 1845 598 1901 lem
631 1844 794 1898 variis
824 1844 1012 1914 prohat
1043 1843 1311 1897 rationum
1347 1842 1653 1897 momentis.
1686 1842 1784 1897 Cui
1815 1844 1984 1910 enim,
2019 1845 2100 1899 in-
2138 1825 2185 1885 Β
2213 1848 2332 1903 fuit.
2359 1848 2570 1918 Jupiter
2593 1863 2723 1904 vero
2747 1847 2891 1903 illius
2913 1856 3099 1917 postea
3121 1861 3307 1902 amore
3327 1855 3537 1916 captus,
3567 1861 3701 1901 cum
3728 1845 3837 1900 sibi

491 1940 632 2009 quit,
665 1952 917 2008 umquam
950 1935 1267 2006 persuaderi
1297 1937 1499 2006 poterit
1539 1935 1782 1990 Faunum
1811 1946 1866 1991 et
1893 1936 2103 2002 Picum,

491 2031 563 2088 ad
593 2031 820 2095 fontem,
867 2039 926 2085 ut
971 2030 1112 2084 sitim
1164 2029 1455 2098 sedarent,
1494 2031 1728 2094 venisse,
1779 2031 1962 2101 ibique
2003 2032 2108 2087 illis

492 2128 643 2190 vino,
675 2140 774 2196 pro
801 2140 942 2195 aqua
970 2133 1152 2194 potato
1192 2125 1503 2199 inebriatis,
1532 2135 1587 2180 et
1614 2141 1806 2180 somno
1833 2127 2109 2198 oppressis

491 2221 690 2292 injecta
731 2220 975 2287 vincula,
1028 2234 1130 2274 nec
1174 2219 1244 2273 ab
1277 2219 1405 2286 alio,
1437 2236 1594 2290 quam
1623 2237 1651 2273 a
1680 2220 1815 2276 Jove
1843 2220 1978 2276 disci
2010 2237 2108 2292 po-

499 2314 670 2370 tuisse
715 2312 951 2368 fulminis
997 2313 1483 2382 procuratiOuem?
1523 2312 1707 2384 Neque
1765 2313 1970 2368 facilius
2018 2315 2110 2369 ulli

493 2404 818 2476 probabitur
833 2403 1085 2459 eumdem
1108 2402 1326 2470 Jovem,
1352 2414 1410 2459 ut
1432 2404 1668 2459 remedia
1689 2415 1876 2460 contra
1899 2405 2100 2461 fulmen

497 2513 658 2552 suum
703 2496 1107 2568 suppeditaret,
1153 2497 1570 2552 incantamentis
1608 2509 1922 2560 evocatum,
1957 2511 2012 2554 et
2055 2501 2110 2554 in

497 2591 752 2644 eerricula
770 2630 786 2654 ,
818 2588 893 2643 uti
922 2589 1162 2659 loquitur
1201 2589 1471 2644 Arnobius
1493 2630 1508 2654 ,
1537 2604 1630 2645 seu
1661 2605 1820 2659 parva
1850 2606 2073 2646 verruca
2093 2611 2130 2658 ,-

499 2681 556 2736 id
587 2693 691 2749 est,
728 2683 846 2737 loco
892 2680 1036 2736 edito
1082 2689 1136 2736 et
1178 2697 1394 2751 aspero,
1431 2683 1570 2738 sicut
1615 2697 1680 2738 ex
1711 2684 1916 2738 Catone
1955 2683 2114 2740 docet

501 2774 726 2841 Gellius,
760 2791 882 2830 cum
915 2775 1261 2830 homunculis
1290 2785 1668 2832 conversatum
1691 2820 1706 2844 ,
1739 2787 1901 2849 atque
1943 2777 2116 2831 ambi-

503 2871 626 2940 guis
669 2871 884 2926 illorum
917 2871 1097 2926 verbis
1132 2868 1419 2942 deceptum
1454 2870 1620 2926 fuisse
1679 2870 1838 2944 (Gell.
1862 2913 1877 2938 ,
1920 2871 2010 2927 lib.
2055 2887 2112 2926 ιιι

507 2965 562 3021 Ν
568 2974 669 3019 oct.
718 2965 896 3031 Attia,
941 2980 1056 3036 cap.
1089 2964 1144 3029 8,
1179 2980 1297 3034 pag.
1331 2962 1484 3035 224).
1514 2963 1742 3020 Omnem
1773 2965 2008 3036 denique
2052 2965 2117 3018 fi—

508 3060 631 3116 dem
679 3068 902 3128 superat
941 3057 1155 3122 Jovem,
1189 3059 1348 3112 sicuti
1393 3058 1629 3120 aiebant,
1659 3058 1864 3114 crudeli
1899 3058 2118 3113 humani

508 3152 701 3223 capitis
719 3151 1004 3215 sacriﬁcio,
1025 3151 1092 3206 de
1109 3165 1217 3221 quo
1237 3167 1337 3206 nos
1354 3165 1513 3221 supra
1533 3151 1885 3206 disseruimus
1904 3151 2116 3223 (Supr.,

508 3263 627 3319 cap.
657 3249 712 3310 ιι,
741 3256 841 3300 art.
875 3245 954 3313 l),
981 3255 1091 3300 tum
1119 3245 1362 3300 voluisse
1390 3245 1592 3300 fulmen
1621 3246 1846 3314 expiari.

585 3342 753 3396 Porro
774 3348 955 3395 autem
983 3347 1135 3393 notat
1163 3338 1438 3393 Arnobius
1471 3338 1665 3392 factam
1699 3338 2120 3395 ineantationem

511 3432 654 3489 illam
687 3432 1013 3500 molafalsa,
1048 3430 1237 3496 thure,
1270 3431 1554 3500 sanguine,
1585 3432 1942 3487 verbenarum
1974 3432 2123 3487 suffi—

511 3527 678 3593 tione,
709 3535 764 3581 et
791 3523 1113 3586 terribilium,
1147 3522 1199 3576 id
1234 3531 1336 3586 est,
1370 3522 1724 3592 magicorum,
1758 3525 1978 3592 fremore
2014 3541 2124 3577 ver-

515 3621 718 3674 borum.
754 3619 820 3672 At
849 3615 1098 3687 quzedam
1124 3615 1305 3671 exhis
1336 3629 1590 3685 expressa
1621 3614 1831 3672 videbis
1856 3615 1974 3670 istis
2006 3616 2123 3671 Vir-

520 3711 634 3784 gilii
663 3710 912 3766 versibus
938 3727 952 3763 :

611 3826 749 3877 Effer
775 3838 968 3888 aquam,
993 3822 1193 3888 et_m_olli
1216 3825 1361 3885 cinge
1387 3823 1491 3872 haec
1510 3823 1680 3888 altaria
1703 3826 1842 3878 vitta.

613 3885 976 3950 Verbenasque
1002 3885 1147 3935 adole
1168 3888 1400 3950 pingues,
1429 3893 1481 3935 et
1499 3887 1712 3937 mascula
1730 3890 1875 3938 thura
1904 3904 1914 3936 :

619 3951 852 4012 Conjugis
876 3958 929 3999 ut
947 3950 1150 4010 magicis
1170 3962 1316 4012 sanos
1336 3956 1569 3998 avertere
1588 3952 1742 4001 sacris

620 4011 867 4077 Experiar
881 4025 1088 4077 sensus;
1115 4011 1235 4077 nihil
1259 4013 1356 4077 hic,
1382 4013 1477 4062 nisi
1500 4014 1710 4077 carmina
1731 4013 1930 4077 desunt.

995 4071 1227 4138 (Virgil.,
1249 4074 1401 4138 eclog.
1421 4078 1469 4134 3,
1491 4089 1614 4126 vers.
1635 4075 1699 4126 64
1719 4083 1762 4127 et
1778 4075 1940 4142 seqq.)

527 4184 637 4242 Sed
666 4183 734 4239 de
759 4180 1044 4254 praestigiis
1067 4190 1121 4235 et
1147 4180 1370 4250 magicis
1395 4182 1602 4236 artibus
1624 4180 1735 4250 jam
1769 4180 1974 4252 aliquid
2003 4181 2130 4237 alibi

529 4274 907 4333 annotavimus
954 4274 1098 4344 (tant.
1147 4287 1164 4325 ι
1203 4271 1476 4342 Apparat.,
1529 4289 1651 4343 pag.
1723 4273 1910 4341 19.59).
1942 4273 2132 4328 Narrat

532 4380 712 4425 tamen
763 4367 1088 4437 Augustinus
1128 4364 1353 4420 Numam
1403 4365 1780 4438 hydromantia
1820 4382 1998 4435 nsum,
2030 4377 2136 4423 tes-

532 4473 748 4533 temque
777 4462 908 4516 citat
932 4459 1251 4526 Varronem,
1293 4475 1322 4513 a
1359 4475 1466 4530 quo
1494 4459 1584 4513 ille
1611 4459 1808 4514 dicitur
1840 4459 2133 4531 nympham

538 4554 814 4627 Egeriam
834 4553 1052 4609 duxisse
1080 4567 1332 4616 uxorem;
1367 4551 1486 4622 quia
1521 4567 1737 4621 aquam,
1767 4552 1908 4606 unde
1939 4552 2137 4623 hydro-

536 4650 794 4706 mantiam
840 4647 1068 4713 faceret,
1103 4655 1404 4715 egesserat,
1441 4660 1537 4700 seu
1579 4653 1959 4713 exportaverat
2002 4643 2134 4716 (Au-

535 4754 700 4815 gust.,
739 4742 828 4796 lib.
858 4756 932 4796 vlt
959 4739 1022 4793 de
1041 4739 1217 4803 Civit.,
1249 4755 1365 4806 cap.
1405 4737 1497 4801 35,
1533 4755 1651 4809 pag.
1689 4737 1838 4808 188).
1895 4737 2140 4795 Valerius

540 4845 720 4891 autem
751 4834 1010 4888 Maximus
1031 4874 1046 4898 ,
1080 4831 1294 4897 Florus,
1324 4829 1576 4885 Aurelius
1607 4831 1820 4896 Victor,
1853 4831 2141 4904 Dionysius
2171 4842 2190 4862 '

542 4927 1026 4988 Halicarnasseus,
1081 4923 1278 4991 aliique
1334 4923 1550 4978 tradunt
1579 4940 1702 4979 eum
1749 4925 2033 4980 simulasse
2083 4942 2142 4981 se

544 5021 728 5076 omnia
763 5032 917 5073 sacra
947 5018 1124 5072 facere
1159 5015 1342 5070 uxoris
1367 5032 1477 5070 sua:
1506 5017 1714 5089 Egeriae
1744 5019 1994 5091 nympha:
2024 5037 2142 5075 mo-

543 5115 676 5171 nitis
712 5121 768 5168 et
812 5111 1052 5166 consiliis
1085 5108 1287 5176 (Valer.
1324 5109 1496 5174 Max.,
1537 5129 1652 5181 cap.
1683 5113 1737 5178 2,
1778 5113 1806 5184 ᾗ
1844 5115 1903 5179 t;
1931 5113 2140 5182 Florus,

546 5211 637 5266 lib.
662 5227 700 5270 ι,
730 5225 847 5279 cap.
876 5206 942 5271 2;
965 5205 1142 5259 Aurel.
1177 5203 1329 5265 Vict.,
1353 5205 1416 5259 de
1449 5205 1555 5260 Vir.
1578 5209 1742 5262 illast.
1769 5226 1925 5277 rom.,
1949 5229 2064 5280 cap.
2084 5213 2143 5278 ἓξ

547 5304 767 5373 Dionys.
809 5299 1103 5364 Halicarn.,
1141 5298 1228 5352 lib.
1261 5313 1298 5352 ιι
1357 5299 1602 5370 Antiquit.
1645 5318 1800 5368 rom.,
1835 5321 1954 5376 pag.
1992 5304 2143 5374 122).

547 5399 655 5456 Sed
682 5397 751 5454 de
780 5396 861 5450 his
887 5395 938 5448 in
964 5394 1208 5462 sequenti
1236 5391 1613 5450 dissertatione
1649 5393 1891 5468 (Dissert.
1937 5399 1991 5452 in
2017 5397 2148 5453 Lac-

549 5502 707 5552 tant.,
731 5507 846 5559 cap.
873 5490 962 5553 50,
993 5495 1092 5541 art.
1125 5487 1206 5557 2).

581 5618 584 5622 -
623 5585 891 5640 Cancrum
933 5579 1087 5635 vides
1130 5595 1287 5649 quam
1329 5579 1518 5636 validis
1559 5585 1824 5636 rationum
1861 5586 2151 5642 momentis

550 5675 824 5733 Arnobius
869 5671 1119 5728 ostendat
1163 5687 1267 5743 qua
1316 5672 1620 5728 insulsitate
1671 5674 1902 5744 gentiles
1957 5675 2152 5733 annuis

554 5769 706 5824 festis
735 5781 799 5820 ea
832 5765 1197 5830 celebrarent;
1247 5781 1367 5836 qua:
1397 5763 1595 5820 nullam
1629 5780 1853 5835 prorsus
1881 5766 2153 5826 habebant

559 5861 670 5915 veri
713 5857 964 5928 speciem.
1011 5857 1069 5912 Si
1112 5863 1290 5913 autem
1339 5871 1462 5913 vera
1485 5871 1608 5916 esse
1637 5867 1919 5929 putarent,
1960 5859 2148 5918 Jovem

2212 1942 2475 2013 promissa
2511 1942 2800 2012 impetrare
2844 1940 3194 2010 nequivisset,
3225 1939 3557 2009 voluptatem
3591 1937 3740 1992 fudit
3774 1937 3832 1992 in

2213 2044 2421 2104 petram
2441 2077 2454 2100 ,
2487 2038 2555 2089 ex
2595 2049 2701 2105 qua
2737 2033 2949 2089 decimo
2981 2040 3102 2102 post
3132 2045 3325 2086 mense
3350 2039 3502 2084 ortus
3532 2041 3617 2085 est
3652 2045 3800 2100 puer
3821 2071 3836 2096 ,

2212 2127 2464 2199 Agdestis
2486 2127 2916 2198 cognominatus.
2944 2125 3134 2181 lnvicti
3159 2135 3338 2181 autem
3367 2125 3452 2180 hic
3476 2124 3578 2178 fuit
3610 2124 3842 2179 roboris

2212 2221 2481 2290 animique
2509 2219 2647 2275 adeo
2676 2219 2904 2284 ferocis,
2947 2227 3006 2273 ut
3036 2233 3136 2273 nec
3169 2217 3416 2273 homines
3446 2226 3694 2280 curaret,
3730 2232 3841 2274 nec

2213 2311 2377 2380 deos,
2420 2321 2584 2382 atque
2614 2311 2796 2366 omnia
2829 2326 2927 2381 pro
2967 2309 3193 2365 libidine
3232 2319 3287 2365 et
3325 2309 3504 2364 innata
3535 2307 3843 2366 ferocitate

2213 2417 2419 2477 ageret.
2476 2406 2822 2476 QuaprOpter
2865 2414 3146 2476 postquam
3192 2403 3260 2459 de
3306 2402 3606 2474 frangenda
3658 2405 3843 2474 ipsius

2211 2501 2433 2556 audacia
2463 2501 2536 2555 dii
2566 2500 2981 2567 deliberassent,
3019 2497 3234 2554 tandem
3256 2497 3464 2553 artibus
3491 2497 3704 2562 Liberi,
3735 2497 3837 2570 qui

2212 2594 2263 2649 ei
2309 2595 2491 2648 vinum
2523 2609 2620 2664 pro
2660 2608 2796 2663 aqua
2842 2593 3257 2662 propinaverat,
3284 2589 3540 2645 virilitate
3571 2591 3832 2660 privatus

2214 2687 2336 2742 fuit.
2366 2687 2502 2741 Tum
2549 2702 2614 2741 ex
2647 2685 2947 2756 profluente
2985 2684 3101 2754 ejus
3129 2683 3394 2754 sanguine
3421 2683 3669 2739 nascitur
3709 2701 3835 2740 ma-

2215 2781 2328 2836 lum
2391 2783 2691 2851 punicum;
2757 2779 2910 2850 cujus
2975 2777 3433 2849 pulchritudinem
3483 2777 3674 2847 Nana,
3725 2779 3844 2835 ﬁlia

2221 2875 2463 2945 Sangarii
2487 2875 2650 2945 regis,
2681 2872 2964 2940 admirata,
2995 2887 3059 2926 ex
3085 2887 3257 2941 eoque
3280 2871 3333 2925 in
3356 2870 3534 2925 sinum
3558 2871 3838 2938 admisso,

2218 2981 2538 3037 praegnans,
2579 2975 2831 3034 tanquam
2872 2964 3053 3019 vitiata
3107 2963 3158 3017 iu
3196 2978 3468 3018 carcerem
3513 2963 3660 3020 fame
3700 2980 3846 3021 cne-

2226 3061 2400 3116 canda
2429 3059 2736 3131 conjicitur.
2781 3059 2824 3113 A
2871 3057 3029 3112 deum
3076 3066 3254 3112 autem
3287 3055 3458 3112 Matre
3500 3058 3680 3128 pomis
3711 3072 3845 3114 sus-

2223 3161 2463 3218 tentata,
2500 3150 2779 3221 parvulum
2812 3149 2972 3205 enixa
3001 3157 3115 3215 est,
3153 3163 3313 3220 quem
3355 3148 3655 3220 Sangarius
3681 3149 3851 3220 jubet.

2148 3211 2196 3275 Ο
2227 3249 2430 3318 θχιιοιιί
2462 3266 2474 3301 :
2506 3247 2599 3302 sed
2631 3262 2660 3300 a
2689 3245 2899 3300 Phorba
2930 3245 3066 3300 lacte
3097 3247 3329 3298 nutritus
3357 3243 3593 3311 hircino,
3628 3245 3849 3304 idcirco

2225 3344 2366 3398 Attis
2389 3341 2694 3412 appellatus
2720 3348 2823 3394 est.
2854 3337 2955 3393 Ubi
2985 3346 3164 3414 autem
3188 3337 3444 3401 adolevit,
3479 3338 3637 3394 illum
3669 3339 3852 3397 Mater

2226 3437 2386 3492 deum
2439 3444 2494 3490 et
2528 3433 2779 3504 Agdestis
2831 3431 3038 3487 nefarie
3079 3446 3142 3487 ac
3178 3431 3460 3502 deperdite
3489 3443 3848 3490 amaverunt.

2227 3529 2395 3585 Midas
2423 3544 2575 3595 vero,
2609 3543 2707 3582 rex
2738 3525 3130 3588 Pessinuntins,
3164 3532 3223 3579 ιιι
3251 3541 3477 3594 puerum
3511 3533 3623 3581 tam
3655 3527 3853 3582 infami

2227 3637 2416 3678 amore
2443 3622 2718 3680 liberaret,
2745 3617 2907 3673 filiam
2941 3631 3093 3672 suam
3125 3617 3177 3670 in
3206 3617 3620 3673 matrimonium
3651 3619 3705 3675 ei
3735 3620 3857 3675 colo

2229 3715 2514 3772 locandam
2534 3712 2849 3770 destinavit.
2869 3710 2950 3766 Ne
2969 3711 3093 3780 quid
3117 3725 3281 3779 porro
3303 3710 3504 3766 indicta
3528 3713 3853 3782 nuptiarum

2230 3812 2320 3868 die
2350 3811 2456 3866 illis
2482 3807 2750 3865 accideret
2770 3805 2989 3872 funesti,
3011 3803 3174 3874 jussit
3203 3801 3356 3858 urbis
3387 3812 3576 3872 portas
3605 3805 3854 3862 occludi.

2232 3904 2338 3961 Sed
2373 3905 2538 3960 Deum
2569 3901 2775 3970 Mater,
2805 3897 2974 3954 muris
3015 3896 3248 3951 civitatis
3286 3896 3466 3967 capite
3506 3898 3854 3967 sublevatis,

2233 4000 2426 4056 urbem
2469 3999 2713 4068 ingressa
2743 4003 2845 4050 est.
2891 3992 3026 4047 Tum
3071 3989 3323 4046 omnibus
3367 3989 3436 4045 ab
3462 3990 3729 4062 Agdesti,
3776 3994 3856 4048 ira

2234 4097 2462 4165 percito,
2496 4092 2548 4145 in
2581 4091 2814 4145 furorem
2844 4096 2895 4141 et
2939 4083 3201 4139 insaniam
3233 4082 3368 4137 actis
3402 4101 3416 4137 :
3448 4082 3740 4151 Mammas,
3781 4087 3858 4142 ait

2238 4188 2532 4253 Arnobius,
2558 4186 2654 4240 sibi
2688 4182 2894 4237 demetit
2922 4178 3067 4234 Galli
3097 4177 3209 4248 ﬁlia
3237 4177 3458 4249 pellicis,
3489 4187 3547 4234 et
3581 4181 3727 4236 Attis
3757 4182 3859 4237 sub

2239 4283 2365 4351 pinu
2396 4278 2497 4333 sibi
2523 4285 2766 4347 amputat
2793 4272 2991 4336 virilia,
3030 4280 3085 4326 et
3115 4269 3364 4326 moritur.
3409 4271 3488 4326 Ex
3517 4287 3727 4331 cruore
3755 4291 3857 4330 au-

2241 4384 2349 4430 tem
2390 4372 2656 4430 virilium,
2705 4384 2823 4439 qua:
2852 4366 3022 4421 Mater
3050 4363 3207 4420 deum
3240 4373 3394 4421 veste
3423 4363 3679 4424 defuncti
3711 4377 3856 4426 tecta

2241 4471 2293 4524 in
2326 4479 2519 4522 terram
2550 4462 2824 4532 injecerat,
2869 4458 3009 4513 viola
3040 4457 3298 4512 nascitur.
3335 4457 3552 4528 Sponsa
3583 4476 3724 4517 vero
3754 4464 3856 4518 At-

2243 4560 2402 4626 tidis,
2447 4571 2606 4628 quam
2641 4553 2884 4609 Valerius
2915 4549 3152 4621 pontifex
3180 4547 3291 4604 Iam
3334 4560 3530 4619 vocat,
3563 4551 3706 4610 fusis
3736 4570 3860 4610 cum

2243 4652 2461 4724 Agdesti
2490 4647 2760 4719 lacrymis,
2794 4661 2854 4700 se
2883 4644 3052 4714 ipsam
3094 4641 3369 4708 interficit,
3398 4652 3452 4698 et
3477 4645 3713 4714 sanguis
3742 4647 3862 4716 ejus

2243 4745 2469 4802 vertitur
2507 4741 2560 4795 in
2594 4739 2781 4794 violas.
2816 4735 2925 4791 Has
2951 4750 3072 4790 cum
3102 4733 3272 4789 Mater
3297 4733 3460 4789 deum
3498 4735 3861 4806 suffudisset,

2244 4839 2370 4896 inde
2411 4838 2584 4892 oritur
2628 4831 2965 4906 amygdalus.
2995 4828 3198 4884 Dehinc
3239 4829 3452 4899 pinum,
3483 4832 3651 4900 paulo
3679 4825 3863 4892 antea

2247 4933 2404 4988 nobis
2432 4937 2805 4990 memoratam,
2831 4925 2885 4979 in
2915 4932 3128 4979 antrum
3150 4920 3356 4992 defert,
3385 4934 3549 4994 atque
3583 4926 3660 4982 ibi
3690 4928 3782 4984 illa
3812 4937 3864 4985 et

2250 5025 2501 5096 Agdestis
2540 5022 2928 5090 lacrymantnr,
2969 5025 3295 5084 tunsumque
3339 5025 3536 5085 pectus
3588 5021 3860 5077 sauciant.

2249 5119 2445 5174 Postea
2472 5114 2721 5183 Agdestis
2746 5112 2934 5168 Jovem
2967 5118 3142 5177 rogat,
3175 5115 3233 5161 ut
3262 5104 3431 5162 Attim
3465 5107 3536 5163 ad
3568 5111 3743 5166 vitam
3775 5129 3862 5168 re-

2252 5221 2429 5270 vocet.
2460 5209 2567 5265 Sed
2595 5207 2725 5262 nihil
2766 5204 2908 5260 aliud
2936 5203 3004 5258 ab
3037 5218 3103 5258 eo
3131 5201 3478 5272 impetravit;
3514 5203 3622 5259 nisi
3653 5215 3714 5260 ut
3741 5222 3862 5262 cor-

2255 5325 2356 5380 pus
2383 5307 2526 5360 illius
2553 5320 2656 5358 non
2688 5306 3040 5372 putresceret,
3071 5310 3241 5352 comze
3270 5305 3589 5351 crescerent
3619 5312 3863 5370 semper,

2234 5397 2319 5458 'ac
2344 5398 2595 5453 minimus
2624 5395 2820 5466 digitus
2854 5393 3078 5456 viveret,
3109 5398 3481 5463 perpetuoque
3505 5401 3665 5449 motu
3695 5393 3863 5466 agita-

2254 5502 2423 5550 retur.

2330 5584 2410 5640 Ad
2447 5598 2568 5638 eum
2600 5595 2734 5638 sane
2763 5580 2977 5636 modum
3010 5579 3127 5635 haec
3154 5576 3389 5650 Cybeles
3416 5589 3472 5632 et
3503 5577 3715 5636 Attidis
3760 5577 3866 5636 his-

2261 5679 2395 5735 toria
2436 5676 2505 5730 ab
2536 5674 2772 5730 Arnobio
2808 5673 3152 5730 describitur.
3185 5673 3256 5726 At
3282 5677 3432 5726 certe
3457 5673 3724 5740 quamvis
3750 5685 3862 5729 eam

2259 5787 2326 5827 ex
2356 5767 2648 5824 reconditis
2694 5775 2856 5838 atque
2878 5765 3078 5821 intimis
3099 5762 3438 5834 antiquitatis
3465 5765 3863 5826 monumentis,

2258 5880 2288 5920 a
2319 5877 2380 5921 se
2409 5861 2714 5934 decerptam
2740 5875 2879 5939 esse
2908 5859 3206 5932 signiticet,
3250 5861 3461 5913 certum
3511 5856 3866 5914 nihilominus
