3978 6282
188 568 235 620 in
263 564 472 634 Mutua,
516 583 630 638 cap.
663 569 756 636 20,
797 582 899 628 art.
930 573 1007 646 2),
1040 577 1196 650 longe
1225 579 1382 636 aliter
1421 586 1651 640 narrari.
1684 586 1764 644 Ne

189 656 294 728 quis
317 666 493 714 tamen
528 660 679 716 illum
719 665 941 723 secretis
979 678 1219 727 veterum
1248 679 1671 744 commentariis,
1708 692 1763 736 et

189 752 454 810 Timotheo
476 754 632 811 tidem
660 756 872 814 facilius
895 764 1193 832 praebuisse
1214 779 1421 839 arguat,
1447 771 1586 827 alius
1606 775 1761 829 testis

191 846 576 915 antiquissimus
607 851 958 919 proferendus
982 867 1065 912 est
1093 859 1406 928 Pausanias,
1435 864 1527 933 qui
1552 867 1617 920 ad
1645 868 1763 936 ejus

191 941 533 999 narrationem
584 949 796 1004 caeteris
825 951 1074 1007 omnibus
1103 955 1320 1026 propius
1348 958 1594 1013 accessit.
1621 959 1756 1028 Quia

189 1050 302 1090 vero
343 1035 555 1108 longius
595 1039 736 1096 foret
778 1041 935 1113 hujus
982 1047 1141 1103 verba
1183 1057 1238 1103 et
1283 1065 1458 1119 grmce
1497 1062 1552 1107 et
1599 1053 1764 1110 latine

193 1133 556 1203 transcribere,
583 1135 698 1193 haec
726 1154 844 1209 qua:
869 1141 938 1196 ab
963 1144 1213 1198 omnibus
1244 1145 1610 1218 intelligantur
1636 1165 1761 1219 pro-

186 1225 399 1284 feremus
427 1247 440 1283 :
474 1249 494 1281 ι
529 1232 704 1300 Alius,
735 1253 753 1286 ι
790 1235 978 1303 inquit,
1017 1257 1036 1288 ι
1065 1253 1244 1293 sermo
1270 1240 1338 1296 de
1362 1244 1486 1296 Atte
1511 1258 1595 1298 est
1621 1245 1761 1313 apud

185 1318 335 1391 ipsos,
366 1339 384 1371 ›
410 1319 565 1377 Gallo
585 1339 791 1394 gra'cos
816 1326 1155 1384 Pessinuntis
1177 1331 1401 1395 incolas,
1431 1351 1452 1384 ‹
1481 1335 1760 1390 memoriae

185 1422 541 1471 consecratus.
573 1415 761 1473 Jovem
794 1418 1099 1476 fabulantur
1127 1438 1222 1493 per
1251 1425 1519 1480 somnium
1556 1428 1606 1481 in
1647 1439 1761 1484 ter-

185 1521 289 1561 ram
316 1521 489 1564 semen
521 1512 843 1580 proiudi~se.
873 1513 949 1568 Ex
977 1530 1045 1570 eo
1073 1527 1229 1572 terrae
1249 1528 1511 1589 conceptu
1542 1522 1756 1590 genium

183 1598 396 1656 humana
435 1603 654 1672 quidem
700 1604 867 1677 ﬁgura
889 1649 903 1670 ,
930 1607 1026 1663 sed
1059 1610 1307 1680 ambiguo
1335 1627 1465 1665 sexu
1499 1613 1551 1666 in
1581 1612 1756 1668 lucem

184 1696 447 1764 prodiisse,
476 1697 758 1768 Agdestim
805 1701 1165 1772 appellatum;
1213 1703 1344 1759 deos
1376 1714 1620 1760 monstro
1659 1722 1757 1762 ex-

181 1788 378 1843 territos
397 1790 609 1846 virilem
634 1792 684 1848 ei
716 1804 921 1864 partem
947 1797 1283 1861 exsecuisse;
1317 1813 1384 1852 ex
1412 1813 1476 1854 ea
1503 1799 1759 1870 amygda-

184 1880 274 1936 lam
311 1891 521 1938 enatam
542 1925 557 1949 ,
589 1885 743 1955 cujus
787 1901 908 1941 cum
949 1896 1188 1942 maturos
1231 1888 1434 1945 fructus
1463 1892 1757 1961 appetisset
1790 1890 1836 1951 B

181 1970 403 2044 Sangarii
433 1977 613 2032 amnis
635 1976 763 2042 lilia,
786 1991 988 2049 eosque
1011 1980 1063 2033 in
1093 1980 1269 2036 sinum
1293 1981 1608 2046 abdidisset,
1634 1999 1759 2038 eva-

181 2069 342 2122 nuisse
370 2068 490 2124 illos
529 2069 780 2140 quidem,
823 2087 1009 2127 verum
1048 2075 1280 2143 puellam
1321 2076 1594 2146 gravidam
1643 2076 1759 2133 fae-

180 2166 302 2223 tam,
335 2176 561 2229 puerum
601 2163 854 2218 enixam:
889 2167 1030 2222 hunc
1068 2167 1120 2221 in
1156 2168 1309 2239 sylva
1341 2171 1641 2240 expositum
1668 2214 1682 2239 ,
1727 2187 1758 2226 a

179 2255 362 2323 capella
391 2255 703 2325 educatum,
736 2274 855 2314 cum
888 2260 1231 2328 adolevisset,
1259 2263 1456 2318 eximia
1490 2263 1674 2330 fuisse,
1703 2274 1760 2321 et

179 2347 326 2401 multo
387 2365 552 2420 quam
618 2350 849 2408 humana
899 2355 1278 2411 excellentiore
1329 2355 1746 2432 pulchritudine.

180 2438 419 2507 Quocirca
443 2443 567 2514 ejus
591 2459 778 2502 amore
805 2456 1020 2516 captum
1058 2447 1354 2519 Adgestim,
1382 2466 1503 2504 cum
1530 2450 1598 2505 ad
1623 2451 1752 2506 viri-

177 2531 268 2588 lem
292 2544 499 2592 :etatem
535 2539 890 2607 pervenisset,
917 2540 1289 2596 Pessinuntem
1317 2557 1440 2597 eum
1472 2542 1755 2615 propinqui

177 2626 246 2680 sui
270 2628 552 2685 miserunt.
583 2630 661 2686 lbi
689 2646 810 2686 cum
843 2631 985 2703 regis
1009 2631 1173 2687 filiam
1207 2649 1430 2689 uxorem
1460 2645 1602 2690 esset
1627 2635 1756 2691 duc-

177 2727 344 2786 turus,
384 2731 439 2779 et
473 2722 588 2792 jam
623 2724 858 2793 nuptiale
883 2740 1098 2780 carmen
1135 2733 1460 2789 cantaretur,
1505 2727 1757 2798 Agdestis

182 2809 552 2883 interveniens,
597 2825 800 2872 tantum
834 2817 945 2872 Atti
991 2817 1210 2873 immisit
1253 2816 1522 2883 furorem;
1555 2829 1612 2872 ut
1652 2819 1757 2874 sibi

175 2905 404 2975 pudenda
452 2911 793 2980 praecideret.
844 2910 957 2966 Hoc
987 2911 1114 2966 item
1156 2926 1314 2967 socer
1336 2911 1454 2982 ejus
1482 2911 1626 2967 fecit.
1652 2914 1757 2983 Ag-

175 2999 350 3058 destim
392 3004 521 3062 facti
571 3006 838 3076 paenituit.
885 3007 1114 3075 Quarea
1143 3005 1275 3063 Jove
1307 3008 1645 3079 impetravit,
1687 3024 1757 3065 ne

173 3109 264 3161 qua
290 3103 534 3170 corporis
560 3099 697 3154 Atta:
728 3115 851 3170 pars
881 3111 1228 3170 putresceret,
1257 3110 1348 3155 aut
1378 3102 1694 3158 tabesceret.
1729 3124 1747 3156 ι

175 3184 412 3262 lntelligis
437 3207 575 3248 sane
604 3193 754 3263 plura
778 3193 847 3249 ibi
877 3194 1098 3249 Arnobii
1145 3194 1436 3249 narrationi
1482 3195 1550 3252 de
1570 3196 1754 3252 Attide

173 3291 221 3336 et
244 3283 453 3354 Agdesti
485 3285 705 3351 similia,
737 3287 980 3356 quaedam
1009 3303 1136 3343 vero
1163 3288 1398 3353 diversa,
1429 3305 1492 3345 ac
1524 3307 1752 3359 pr:rser-
1778 3273 1824 3338 C

173 3373 256 3428 tim
280 3376 442 3432 altum
491 3376 563 3432 de
604 3376 828 3434 deorum
859 3379 1025 3434 Matre
1051 3381 1344 3436 silentium.
1373 3380 1478 3436 Sed
1506 3398 1623 3452 quae
1653 3383 1752 3440 sibi

173 3467 384 3524 invicem
413 3471 765 3536 conveniunt,
794 3486 856 3526 ea
897 3480 1043 3527 certe
1075 3473 1302 3543 probant
1325 3473 1622 3529 Arnobium
1652 3491 1752 3531 nec

173 3569 380 3630 temere,
411 3580 514 3621 nec
544 3565 812 3620 immerito
842 3565 1075 3621 ethnicis
1103 3567 1394 3634 Timothei,
1424 3577 1479 3623 et
1502 3570 1748 3639 aliorum,

171 3668 290 3723 quos
312 3667 532 3722 secutus
554 3666 657 3724 est,
689 3658 953 3727 objecisse
978 3660 1370 3716 auctoritatem.

232 3749 306 3805 Ex
337 3754 590 3807 omnibus
624 3762 800 3807 autem
836 3751 993 3824 hujus
1036 3753 1272 3807 historia:
1313 3754 1751 3824 circumstantiis,

171 3857 290 3909 quas
327 3845 418 3902 ille
445 3846 759 3916 singillatim
790 3846 1032 3912 resumit,
1078 3861 1178 3901 nec
1214 3862 1242 3899 a
1275 3848 1428 3902 nobis
1459 3850 1627 3918 repeti
1653 3864 1753 3904 ne-

171 3948 310 3993 cesse
329 3951 430 4004 est,
463 3938 868 3996 evidentissima
898 3939 1234 3993 demonstrat
1263 3939 1394 3994 nihil
1428 3939 1584 4009 plane
1626 3941 1753 4012 [iugi
1835 3997 1838 4000 λ

172 4044 315 4098 posse
341 4049 446 4088 non
471 4033 647 4089 solum
677 4033 895 4088 cuilibet
919 4032 1042 4100 deo,
1072 4032 1166 4087 sed
1193 4033 1509 4103 cuicumque
1529 4034 1753 4089 honesto

171 4127 546 4200 moderatoque
579 4127 778 4182 homini
811 4127 979 4196 magis
1005 4127 1490 4194 contumeliosum,
1525 4142 1624 4182 nec
1643 4144 1751 4199 quo

170 4221 382 4288 proinde
419 4230 528 4276 tota
554 4220 892 4275 ethnicorum
923 4219 1110 4290 religio
1137 4219 1306 4290 magis
1339 4229 1666 4289 proteratur,
1698 4231 1753 4277 et

170 4314 417 4371 radicitus
438 4315 800 4371 convellatur.
826 4314 964 4381 Quin
995 4314 1160 4369 immo
1188 4315 1272 4370 vel
1302 4313 1354 4368 id
1382 4315 1577 4379 solmn,
1607 4314 1750 4383 quod

169 4407 228 4462 de
253 4409 430 4466 Matris
455 4410 678 4465 deorum
701 4415 822 4463 ortu
837 4418 890 4464 et
909 4423 1122 4473 amore,
1157 4418 1212 4463 et
1240 4407 1486 4463 obscenis
1523 4406 1747 4462 aliorum

170 4498 313 4557 factis
341 4503 570 4567 dicitur,
607 4503 804 4557 invicte
832 4502 1022 4572 probat
1059 4516 1209 4568 eam,
1241 4510 1574 4572 czeterosque
1595 4501 1746 4567 deos,

171 4603 333 4648 ortum
362 4594 650 4666 aliquando
673 4593 945 4660 habuisse,
970 4601 1026 4648 et
1044 4593 1268 4649 infames
1296 4594 1459 4648 fuisse
1480 4592 1748 4659 homines,

1386 374 1452 430 IN
1481 375 1860 451 ARNOBIUM,
1898 385 2050 444 CAP.
2100 391 2285 452 XVIII.

1862 702 2047 746 eorum
2095 695 2380 756 ludibrium
2430 705 2720 773 conﬁctas,
2772 714 2913 782 apud
2967 732 3026 772 se
3084 722 3352 779 venditari
3400 741 3466 781 ac

1864 785 2158 852 prazdicari.
2215 794 2280 849 Et
2326 813 2456 852 vero
2497 800 2706 858 Tullius
2761 806 2904 862 haud
2956 826 3178 880 prorsus
3226 819 3464 876 absimili

1863 880 2023 936 modo
2046 895 2165 953 post
2191 892 2514 960 explicatam
2551 897 2842 956 Democriti
2875 905 3019 961 illius
3062 909 3377 968 Abderitani
3409 918 3464 974 in

1863 974 2061 1030 sulsam
2099 979 2165 1035 de
2210 982 2432 1041 deorum
2458 999 2646 1046 natura
2679 1003 2730 1048 et
2765 995 3087 1068 imaginibus
3125 1007 3459 1075 opinionem,

1861 1064 2058 1134 adjecit
2086 1087 2099 1124 :
2150 1091 2168 1122 ι
2199 1073 2328 1141 Quae
2345 1080 2562 1148 quidem
2591 1086 2768 1140 omnia
2795 1064 2922 1142 sunt
2944 1092 3113 1160 patria
3142 1064 3459 1167 Democriti,

1863 1171 2023 1226 quam
2070 1162 2380 1223 Democrito
2423 1171 2665 1242 digniora
2708 1197 2727 1229 ι
2759 1177 2970 1249 (Cicer.,
3018 1184 3105 1239 lib.
3165 1203 3183 1242 ι
3230 1189 3294 1244 de
3334 1162 3464 1248 Nat.

1864 1249 2030 1319 deor.,
2052 1271 2169 1327 pag.
2195 1258 2348 1333 212).

1933 1343 2042 1399 Nec
2079 1361 2196 1404 erat
2222 1367 2351 1410 sane
2379 1357 2518 1413 ullus
2549 1361 2781 1420 ethnicis
2803 1371 3165 1439 respondendi
3194 1375 3368 1444 locus,
3403 1381 3458 1436 in

1864 1443 1970 1491 tota
2003 1438 2090 1495 illa
2118 1444 2342 1502 historia
2366 1451 2498 1506 nihil
2530 1469 2752 1524 prorsus
2783 1438 3008 1519 subesse
3034 1468 3171 1521 veri.
3200 1467 3464 1528 Christia-

1861 1546 2052 1588 norum
2084 1540 2361 1597 enimvero
2393 1545 2524 1600 nihil
2572 1547 2797 1607 interest
2832 1564 3009 1611 utrum
3045 1559 3160 1616 haec
3205 1561 3333 1617 falsa
3367 1574 3464 1621 aut

1861 1641 1987 1680 vera
2011 1627 2241 1686 dicatur.
2265 1634 2396 1690 Nam
2438 1639 2482 1693 si
2513 1655 2643 1696 vera
2672 1645 2798 1712 sint,
2830 1663 2951 1717 qua:
2975 1651 3025 1703 in
3051 1667 3113 1705 ea
3144 1665 3458 1727 narrantur,

1863 1717 1936 1772 dii
1975 1729 2122 1776 certe
2169 1725 2329 1781 irasci
2382 1743 2488 1784 non
2518 1730 2718 1789 debent
2770 1737 3115 1808 ehristianis,
3159 1746 3248 1814 qui
3283 1757 3462 1806 tantas

1865 1811 2080 1868 illorum
2121 1818 2482 1887 turpitudines
2513 1841 2612 1880 nec
2645 1829 2769 1884 ullis
2810 1847 3060 1903 umquam
3087 1839 3306 1908 scriptis
3327 1857 3460 1911 pro-

1862 1905 2071 1974 didere,
2103 1924 2203 1964 nec
2226 1912 2373 1967 ullibi
2395 1915 2686 1985 aliquando
2709 1921 3072 1994 divulgarunt.
3095 1928 3149 1983 Si
3173 1905 3303 1984 vero
3327 1905 3464 1988 tam

1859 2001 2208 2071 sint,justam
2239 2021 2370 2062 sane
2413 2009 2642 2066 deorum
2671 2013 2807 2070 iram
2851 2019 3054 2075 ethnici
3101 2023 3461 2092 concitarunt,

1860 2096 1948 2163 qui
1973 2094 2090 2150 haec
2124 2097 2176 2152 in
2206 2115 2393 2156 eorum
2426 2105 2775 2172 approbrium
2805 2109 3001 2166 litteris
3029 2123 3083 2168 et
3113 2114 3460 2185 sempiternae

1860 2190 2136 2244 memoriae
2186 2193 2444 2249 mandare
2472 2198 2590 2252 ausi
2632 2211 2777 2254 sunt.
2817 2203 2887 2256 At
2916 2204 3003 2258 die
3035 2205 3274 2274 tandem,
3299 2209 3461 2265 obse-

1859 2298 1977 2350 cro,
2008 2300 2109 2353 qua
2151 2286 2240 2341 isti
2271 2289 2478 2345 ratione
2525 2306 2770 2349 asserere
2801 2307 3048 2364 poterant
3093 2299 3208 2356 haec
3245 2303 3460 2374 aliaque

1861 2377 2087 2446 plurima
2114 2380 2193 2435 eis
2229 2382 2423 2437 similia
2463 2399 2583 2442 esse
2625 2387 2789 2457 falsa,
2819 2407 2962 2461 quae,
2999 2394 3157 2450 sicuti
3188 2398 3462 2456 Arnobius

1859 2469 1955 2534 ait,
1980 2483 2034 2526 et
2058 2487 2156 2527 nos
2185 2473 2308 2530 alibi
2333 2480 2733 2549 annotavimus,
2765 2484 2959 2538 annuis
2979 2485 3150 2552 festis,
3182 2497 3238 2543 et
3264 2492 3457 2559 sacris,

1859 2576 1923 2616 ac
1949 2564 2196 2629 solemni,
2234 2568 2306 2621 uti
2327 2569 2606 2639 Apuleius,
2633 2572 2995 2632 Tertulliauus
3018 2588 3073 2633 et
3097 2579 3464 2655 Hieronymus

1861 2657 2235 2725 testificantur,
2283 2661 2526 2718 ciborum
2572 2665 2897 2723 abstinentia
2929 2670 3321 2729 celebrabant?
3347 2676 3458 2732 Sed

1859 2747 1977 2805 lucc
2006 2753 2338 2822 Augustinus
2364 2754 2536 2812 fusius
2565 2758 2879 2825 insectatur,
2913 2763 3066 2834 cujus
3094 2767 3290 2832 verba,
3325 2784 3452 2838 quae

1857 2843 2074 2912 quidem
2102 2845 2260 2916 longe
2289 2848 2438 2917 plura
2471 2861 2616 2917 sunt,
2646 2848 2804 2921 quam
2845 2855 2930 2910 hic
2959 2857 3149 2913 referri
3196 2859 3453 2930 debeant,

1861 2935 1915 2990 in
1943 2936 2062 3007 ejus
2106 2938 2255 2994 libris
2298 2951 2349 2996 te
2380 2942 2573 3014 legisse
2605 2962 2709 3000 non
2741 2949 3040 3016 paenitebit.
3077 2950 3321 3024 (Arnob.,
3366 2955 3457 3010 lib.

1858 3046 1894 3096 t,
1925 3048 2044 3101 pag.
2078 3031 2144 3086 54
2167 3048 2182 3097 ;
2207 3043 2331 3087 lom.
2363 3051 2379 3089 t
2412 3039 2686 3107 Apparat.,
2715 3057 2834 3111 pag.
2871 3043 2996 3108 759;
3022 3043 3240 3101 Dissert.
3271 3047 3325 3101 in
3349 3047 3458 3101 Mi-

1858 3140 1998 3190 nuc.,
2027 3141 2142 3194 cap.
2175 3126 2266 3191 ΞΟ,
2297 3141 2396 3183 act.
2423 3129 2672 3200 2;Apul.,
2700 3134 2769 3187 lib
2797 3150 2831 3187 tt
2863 3133 3100 3202 Metam,
3125 3139 3390 3210 'pag.206
3409 3151 3459 3194 ct

1857 3216 1984 3282 209;
2005 3216 2250 3288 Tertull.,
2281 3221 2368 3276 lib.
2399 3223 2462 3276 de
2479 3222 2682 3295 Jejun.,
2713 3243 2829 3297 cap.
2848 3228 2920 3294 ‘2;
2954 3228 3280 3302 Hieronym,
3301 3235 3452 3302 epist.

1859 3312 1912 3378 7,
1937 3313 2004 3366 ad
2031 3311 2247 3376 Laetam,
2280 3326 2326 3370 et
2376 3316 2464 3372 lib.
2496 3334 2530 3374 ll
2557 3321 2674 3374 adv.
2704 3321 2905 3387 Jovin.,
2939 3343 3059 3396 pag.
3087 3325 3187 3393 9i;
3213 3327 3408 3400 August

1859 3406 1947 3461 lib.
1972 3423 2040 3462 vn
2072 3408 2136 3463 de
2163 3407 2338 3478 Civit.,
2361 3427 2478 3482 cap.
2503 3413 2594 3480 26,
2628 3431 2751 3486 pag.
2786 3415 2941 3488 I72.)

2468 3569 2762 3610 ARTICULUS
2801 3571 2856 3610 Il.

1855 3662 2217 3734 Evpenduntur
2239 3664 2455 3734 vulgatae
2472 3667 2588 3734 aliae
2631 3668 2849 3720 historias
2873 3671 2936 3722 de
2962 3671 3128 3722 Fauna
3163 3673 3336 3734 Fatua,
3365 3689 3456 3728 seu

1959 3739 2051 3801 ona
2073 3727 2185 3801 dea,
2211 3731 2416 3790 myrteis
2440 3731 2592 3794 virgis
2631 3745 2774 3793 czesa,
2817 3740 2869 3784 et
2914 3735 2978 3785 de
3005 3738 3285 3800 turpissimo
3306 3727 3456 3790 Tullii

1915 3798 2054 3850 regis
2077 3798 2203 3840 ortu.

1928 3917 2146 3973 Fatetur
2175 3918 2445 3976 Arnobius
2466 3928 2521 3976 et
2542 3923 2803 3991 materiae,
2832 3940 2862 3978 a
2884 3940 2943 3980 se
2968 3926 3036 3981 de
3062 3943 3186 3984 vera
3215 3945 3279 3985 ac
3310 3931 3446 3988 falsa

1854 4011 2113 4081 religione
2163 4012 2480 4079 tractandae,
2521 4014 2821 4084 rationem,
2852 4027 2906 4072 et
2950 4030 3261 4090 susceptum
3301 4023 3452 4079 chri-

1853 4106 2041 4159 stiana:
2092 4105 2367 4176 religionis
2419 4107 2756 4164 vindicandae
2800 4126 2996 4168 munus
3037 4117 3342 4184 postulare;
3394 4129 3456 4174 ut

1854 4198 1989 4252 alias
2017 4197 2224 4252 similes
2267 4197 2523 4255 historias
2564 4203 2735 4257 sacris
2765 4204 3104 4261 ethnicorum
3153 4210 3450 4281 mysteriis,

1854 4305 1917 4345 ac
1941 4291 2089 4345 festis
2106 4290 2294 4346 diebus
2313 4302 2743 4362 repraesentatas,
2767 4307 3185 4368 prosequeretur
3202 4300 3447 4372 (Arnob.,

1853 4381 1938 4436 lib.
1973 4398 2022 4446 v,
2054 4401 2172 4455 pag.
2203 4383 2350 4454 168).
2385 4384 2583 4440 Verum
2617 4402 2683 4441 ne
2715 4389 3020 4457 turpissima
3053 4405 3238 4446 earnm
3272 4408 3450 4464 expo-

1853 4476 2049 4530 sitione
2072 4476 2185 4546 ipse
2213 4478 2412 4545 aliique
2437 4480 2953 4547 contaminarentur,
2986 4482 3453 4553 pluresjudicavit

1852 4570 2102 4641 prudenti
2133 4572 2346 4626 silentio
2373 4587 2495 4626 esse
2525 4574 2942 4640 praetereundas.
2968 4574 3256 4630 Rhetorica
3288 4578 3453 4648 igitur

171 4691 251 4754 qui
279 4664 479 4743 idcirco
507 4703 605 4743 nec
631 4697 849 4743 aeterna:
880 4701 981 4743 nec
1018 4685 1213 4742 divina:
1238 4695 1442 4742 natura:
1472 4695 1748 4758 compotes
1773 4671 1827 4731 D
1854 4665 2023 4736 “3"”
2064 4681 2124 4758 δέ
2154 4664 2482 4736 Pmmmere
2532 4665 2767 4731 ⁵ί¹¹¹¹¹¹³¹ν
2818 4667 2972 4758 quod
3014 4666 3252 4722 breviter
3271 4711 3286 4729 °
3314 4671 3449 4726 satis

175 4796 412 4854 umquam
446 4799 566 4839 esse
589 4790 896 4854 potuerunt.
1787 4845 1802 4860 ἱ

233 4873 359 4931 Jure
388 4875 550 4947 igitur
580 4875 774 4929 merito
811 4871 1128 4929 exclamavit
1168 4879 1356 4928 auctor
1384 4880 1567 4926 noster
1597 4888 1611 4924 :
1649 4889 1666 4921 ι
1703 4870 1748 4925 Ο

173 4966 393 5033 Abdera,
442 4967 676 5034 Abdera,
717 4967 875 5022 dares
904 4975 1130 5035 quantas
1159 4964 1273 5019 vias
1311 4963 1631 5020 mortalibus
1672 4965 1747 5018 ir-

171 5059 400 5125 ridendi,
435 5060 555 5116 talis
603 5062 648 5117 si
673 5061 812 5130 apud
843 5069 893 5115 te
919 5069 1064 5116 esset
1093 5057 1266 5114 fabula
1306 5058 1377 5111 ita
1424 5057 1687 5112 conﬂata?
1722 5076 1743 5112 ι

176 5152 404 5222 (Arnob..
436 5155 523 5209 lib.
557 5171 611 5219 v,
660 5172 778 5225 pag.
810 5151 963 5224 164.)
1008 5152 1219 5208 Abdera
1253 5161 1432 5206 autem
1479 5151 1606 5205 urbs
1635 5161 1753 5206 erat

173 5243 435 5315 Thracia),
462 5247 746 5302 Democriti
773 5245 1094 5316 philosophi,
1124 5255 1177 5300 et
1207 5243 1430 5299 aliorum
1461 5243 1748 5313 insignium

173 5339 398 5395 virorum
424 5341 612 5409 patria.
643 5339 748 5396 Sed
767 5339 856 5394 alii
883 5339 1000 5409 ejus
1021 5339 1165 5394 cives
1190 5337 1562 5407 erantstupori
1589 5347 1750 5407 atque

175 5429 386 5488 insania:
411 5433 647 5488 obnoxii.
684 5431 836 5488 [inde
863 5431 1015 5500 illud,
1033 5431 1101 5487 de
1130 5446 1236 5502 quo
1257 5430 1512 5485 Erasmus
1533 5430 1750 5496 disserit

176 5523 408 5596 adagium
440 5543 455 5583 :
486 5527 773 5583 Abderitica
803 5543 944 5580 mens
966 5526 1221 5598 (Emam,
1247 5525 1436 5596 Adag.,
1467 5524 1591 5578 chil.
1623 5525 1678 5590 4,
1702 5536 1747 5579 et

175 5630 297 5676 cent.
326 5621 380 5686 6,
403 5623 555 5695 adag.
576 5623 668 5688 28,
695 5639 815 5693 pag.
839 5621 986 5693 877);
1017 5629 1069 5676 et
1098 5621 1200 5676 hoc
1215 5618 1470 5675 Martialis
1485 5633 1704 5674 carmen
1733 5636 1746 5671 :

383 5737 694 5789 Abderitana:
719 5744 917 5806 pectora
933 5735 1102 5806 plebis
1120 5737 1299 5806 habes.

720 5797 982 5864 (Martial.,
1003 5797 1089 5850 lib.
1113 5812 1200 5858 xx,
1221 5797 1380 5863 epigr.
1401 5797 1506 5862 23.)

171 5879 365 5940 Sensus
389 5885 572 5959 itaque
598 5885 822 5945 Arnobii
869 5893 952 5941 est
999 5883 1382 5950 Abderitanos,
1413 5879 1755 5955 quantumvis

1853 4767 2032 4812 tamen
2058 4757 2123 4811 ad
2153 4758 2484 4827 propositum
2509 4771 2660 4810 suum
2677 4770 2914 4822 enarrat,
2941 4757 3444 4833 FaunamFatuam,

1855 4871 1948 4909 seu
1980 4854 2182 4907 Bonam
2214 4851 2368 4907 deam
2400 4852 2623 4923 myrteis
2648 4852 2833 4923 virgis,
2868 4862 3004 4908 teste
3031 4853 3200 4910 Sesto
3227 4855 3446 4927 Clodio,

1856 4955 2137 5017 propterea
2177 4959 2371 4998 caesam
2405 4943 2586 5010 fuisse,
2636 4946 2758 5015 quia
2800 4949 2993 5002 marito
3021 4964 3119 5004 suo
3150 4952 3446 5021 nesciente,

1859 5039 2070 5109 plenam
2096 5036 2204 5091 vini
2237 5037 2435 5092 seriam
2485 5038 2728 5094 bibisset.
2772 5039 2941 5112 Cujus
2980 5043 3197 5114 quidem
3231 5047 3284 5100 in
3323 5045 3451 5102 facti

1857 5129 2174 5184 memoriam
2232 5131 2492 5199 amphora
2545 5131 2654 5186 vini
2709 5133 2759 5187 in
2819 5135 2961 5190 illius
3013 5138 3284 5207 mysteriis
3344 5138 3446 5193 ob-

1857 5229 1996 5277 tecta
2047 5222 2426 5292 constituitur,
2462 5239 2562 5281 nec
2591 5227 2683 5282 ulli
2715 5227 2795 5283 fas
2840 5237 2924 5283 est
2967 5229 3031 5284 iis
3074 5229 3274 5286 inferre
3318 5246 3446 5287 ver-

1855 5315 2042 5372 benas.

1927 5408 2232 5467 Macrobius
2259 5423 2437 5468 autem
2471 5414 2584 5469 haec
2607 5415 2764 5482 paulo
2793 5414 3097 5478 enodatius,
3130 5432 3238 5472 non
3266 5419 3446 5491 aliquo

1859 5510 2035 5556 tamen
2065 5503 2181 5558 sine
2224 5503 2564 5574 discrimine,
2613 5507 2859 5576 huncque
2903 5506 2955 5560 in
3000 5508 3219 5587 modum
3264 5513 3450 5569 retulit

1857 5597 2139 5670 (Macrob.,
2173 5598 2287 5652 libr.
2317 5614 2332 5653 ι
2390 5598 2682 5665 Saturnal.,
2717 5616 2834 5670 cap.
2865 5599 2978 5671 12).
3024 5601 3226 5670 Fauna,
3251 5604 3443 5676 inquit,

1857 5701 1913 5748 et
1936 5691 2101 5747 Fatua
2131 5708 2159 5747 a
2192 5692 2534 5763 quibusdam,
2580 5708 2643 5748 ac
2682 5695 3019 5763 potissimum
3049 5695 3305 5754 Cornelio
3336 5698 3444 5754 La-

1859 5785 2052 5853 beone,
2080 5793 2134 5840 et
2175 5785 2229 5840 in
2262 5786 2578 5841 Pontificum
2625 5785 2777 5840 libris
2816 5788 3003 5843 eadem
3052 5791 3246 5847 dicitur
3286 5802 3447 5864 atque

1863 5879 2018 5948 Maia,
2063 5880 2210 5937 Bona
2243 5879 2364 5949 dea,
2407 5882 2538 5951 Ops,
2590 5879 2782 5952 Terra,
2810 5893 2863 5940 et
2902 5883 3088 5958 Magna
3138 5895 3329 5958 mater,
3360 5890 3446 5946 cui
