4000 6338
566 391 682 448 595

564 523 754 564 mense
779 506 945 573 Maio,
980 506 1110 576 ipsis
1140 505 1364 576 hujusce
1397 506 1600 562 mensis
1638 504 1912 572 Calendis,
1943 521 2031 561 res
2069 506 2152 561 di-
2178 519 2229 579 Α

568 600 698 654 vina
721 596 916 670 agitur.
941 596 1024 651 Ab
1049 596 1171 652 aliis
1198 605 1376 654 tamen
1394 597 1585 653 eadem
1603 611 1666 653 ac
1692 597 1861 652 Fauni
1892 598 2001 653 ﬁlia
2028 613 2152 653 cen-

566 701 743 759 setur,
772 706 892 762 qua:
919 705 1041 745 cum
1069 691 1235 761 patris
1266 690 1381 759 sui,
1412 706 1442 747 a
1472 706 1579 761 quo
1605 691 1815 762 perdite
1848 692 2149 759 amabatur,

564 782 833 839 voluntati
870 780 1197 850 obstitisset,
1225 782 1375 853 virga
1407 792 1613 854 myrtea
1651 783 1721 838 ab
1750 782 1843 838 illo
1870 784 2151 839 verberata

565 885 670 934 est.
699 875 837 932 Tum
865 875 958 931 ille
984 875 1133 932 addit
1163 893 1177 930 :
1211 895 1230 928 ι
1264 875 1467 933 ﬂorum
1485 876 1725 932 omnium
1752 876 1856 933 hoc
1878 878 2156 949 proferunt

559 968 772 1037 indicii,
798 969 941 1040 quod
970 968 1174 1041 virgam
1203 978 1465 1041 myrteam
1487 969 1542 1025 in
1568 970 1768 1041 templo
1789 970 1972 1027 haberi
2004 970 2155 1027 nelas

564 1063 668 1129 sit;
717 1060 862 1132 quod
909 1075 1072 1132 super
1124 1072 1287 1132 caput
1334 1060 1453 1131 ejus
1500 1061 1821 1118 extendatur
1874 1062 2020 1126 vitis,
2051 1076 2153 1132 qua

560 1157 805 1213 maxime
828 1169 946 1209 eam
978 1162 1130 1224 pater
1167 1153 1286 1225 ejus
1322 1153 1574 1224 decipere
1606 1155 1869 1221 tentavit;
1901 1154 2042 1225 quod
2073 1155 2148 1208 vi-

563 1266 697 1306 num
728 1250 781 1304 in
801 1248 1061 1319 templum
1084 1247 1203 1318 ejus
1233 1262 1341 1302 non
1373 1262 1469 1303 suo
1500 1248 1727 1304 nomine
1744 1248 1915 1304 soleat
1946 1246 2150 1315 inferri,

561 1342 661 1401 sed
689 1357 784 1399 vas
812 1342 866 1396 in
902 1355 1009 1411 quo
1038 1340 1223 1396 vinum
1268 1340 1495 1395 inditum
1530 1341 1621 1407 sit,
1650 1340 1953 1397 mellarium
1984 1342 2155 1394 nomi-

563 1444 746 1501 netur,
784 1443 840 1490 et
887 1434 1069 1490 vinum
1116 1434 1202 1487 lac
1247 1442 1609 1503 nuncupetur,
1661 1440 2054 1504 serpentesque
2098 1433 2152 1487 in

563 1529 772 1600 templo
801 1527 919 1598 ejus
944 1542 1048 1584 nec
1078 1537 1362 1594 terrentes,
1388 1542 1490 1583 nec
1512 1528 1763 1584 timentes
1783 1526 2154 1583 indifferenter

564 1630 882 1695 appareant.
923 1640 943 1673 ι

635 1713 957 1770 Plutarchus
995 1721 1176 1770 autem
1232 1713 1497 1785 quazrenti
1531 1728 1630 1770 cur
1660 1722 1921 1770 matronae
1961 1712 2153 1769 dome-

563 1808 759 1865 sticum
790 1808 1072 1865 muliebris
1097 1807 1237 1875 deae,
1257 1823 1417 1879 quam
1443 1808 1647 1864 Bonam
1676 1808 2038 1879 appellavere,
2070 1822 2152 1863 sa-

1788 389 2239 449 DISSERTATIO
2275 390 2556 451 PRZEVIA

3776 396 3887 453 596

2441 507 2539 576 Aut
2558 506 2666 569 fuit,
2692 514 2778 576 aut
2801 509 2906 576 visa
2929 519 3023 573 est,
3050 510 3139 562 sed
3160 507 3254 563 fuit
3277 511 3358 563 illa
3380 514 3568 576 magis.

2347 568 2489 638 Iussa
2509 569 2614 638 foco
2631 575 2821 638 captiva
2841 573 2996 633 fovet,
3010 568 3291 638 conceptus
3309 578 3373 625 ab
3395 568 3485 628 illa

2437 632 2658 701 Servius,
2684 632 2709 683 ἑ
2728 635 2853 701 coelo
2871 638 3061 687 semina
3082 632 3249 701 gentis
3275 638 3446 691 habet.

2345 694 2496 763 Signa
2517 696 2655 763 dedit
2672 700 2870 763 genitor
2892 704 3012 755 tum,
3036 694 3143 749 cu'm
3166 694 3310 763 caput
3333 702 3455 763 igne
3476 713 3699 752 corusco

2443 757 2843 823 Contigitfinque
2859 772 2998 812 coma
3012 757 3271 813 timus
3289 757 3413 814 arsit
3431 777 3588 827 apex.

2813 844 3003 911 (0913.,
3025 846 3113 899 lib.
3133 863 3181 900 Vl
3199 849 3415 910 Easton,
3437 848 3467 913 θ
3490 850 3610 913 13.)

2253 944 2483 1014 Quinam
2510 957 2713 1015 autem,
2740 951 2843 1006 nisi
2870 951 3019 1023 impii
3050 968 3274 1024 prorsus
3294 967 3359 1009 tte
3384 955 3649 1010 scelerati
3683 955 3876 1010 homi-

2253 1053 2373 1106 nes,
2414 1038 2578 1096 hosce
2602 1041 2754 1111 deos,
2790 1043 2875 1098 vel
2901 1046 3079 1114 potius
3107 1044 3331 1103 deorum
3372 1054 3650 1114 meum,
3681 1049 3876 1104 colere

2256 1135 2580 1202 potuerunt?
2610 1137 2714 1192 Sed
2746 1137 2863 1193 hac
2895 1154 3085 1194 eorum
3110 1140 3359 1211 impietas
3384 1156 3495 1197 non
3524 1143 3717 1199 latinus
3751 1159 3874 1197 Ina-

2255 1224 2449 1282 nileste
2479 1228 2699 1297 patebat
2723 1246 2789 1285 ex
2811 1231 3142 1289 solemnibus
3169 1231 3325 1289 festis
3345 1244 3400 1290 et
3420 1236 3873 1308 mysterﬁsaum

2256 1317 2311 1371 in
2352 1318 2562 1377 illorum
2592 1321 2875 1392 honorem,
2922 1335 2979 1381 et
3020 1324 3291 1383 factorum
3336 1330 3670 1385 memoriam
3722 1344 3869 1400 quo-

2257 1414 2434 1470 tannis
2487 1430 2651 1488 agere
2692 1431 3126 1487 consueverant,
3181 1437 3302 1492 quam
3356 1422 3470 1493 jam
3522 1422 3869 1480 excutienda

2255 1519 2401 1565 sunt.

2838 1648 3065 1707 CAPUT
3102 1648 3245 1706 XIX.

2259 1784 2527 1851 Quomodo
2549 1787 2866 1845 ethnicorum
2894 1792 3135 1862 mysteria
3184 1800 3233 1846 et
3267 1792 3399 1861 feda
3425 1792 3482 1846 ita
3505 1792 3737 1848 deorum
3766 1795 3868 1847 bo-

563 1900 766 1957 cellum
808 1908 1101 1967 ornantes,
1130 1908 1363 1972 myrtum
1414 1915 1522 1955 non
1553 1900 1812 1969 inserant,
1863 1901 2151 1972 respondet

2326 1895 2521 1947 norem,
2553 1891 2599 1935 et
2620 1898 2791 1936 rerum
2817 1884 2883 1937 ab
2906 1884 2971 1938 iis
2998 1894 3255 1955 gestarum
3278 1887 3583 1940 mmor-iant
3624 1888 3869 1943 instituta

566 2001 815 2065 apertam
845 2007 951 2047 non
980 2007 1102 2048 esse
1130 1993 1274 2048 illius
1313 1993 1451 2048 ritus
1474 1993 1771 2058 rationem;
1796 1992 1987 2049 fabulae
2018 1995 2158 2049 nihi-

569 2087 808 2143 lominus
847 2087 894 2142 si
919 2101 1024 2158 qua
1054 2085 1189 2142 ﬁdes
1234 2084 1479 2142 habenda
1504 2085 1610 2155 sit,
1641 2102 1765 2145 eum
1796 2101 2002 2143 morem
2032 2088 2159 2144 inde

565 2188 772 2248 ortum,
802 2179 946 2250 quod
983 2179 1156 2236 Faulii
1183 2178 1345 2252 (forte
1370 2179 1564 2253 Fauni)
1592 2180 1872 2252 cujusdam
1894 2182 2158 2252 aruspicis

565 2290 832 2343 uxorem,
863 2275 1002 2330 clam
1055 2286 1183 2346 poto
1227 2276 1375 2343 vino,
1426 2277 1591 2346 virgis
1644 2276 1867 2349 myrteis
1895 2292 1926 2331 a
1964 2278 2159 2333 marito

561 2383 760 2425 casam
788 2367 955 2425 fuisse
979 2367 1293 2424 existiment
1314 2367 1636 2439 (Plutarch,
1682 2369 1876 2436 Quwst.
1905 2369 2154 2438 Romam,

564 2473 691 2519 tam.
719 2477 781 2530 tt,
808 2478 929 2533 pag.
952 2460 1106 2533 268).

639 2557 861 2613 Clodius
887 2572 1021 2614 vero
1044 2557 1185 2629 apud
1209 2557 1551 2614 Lactantium
1581 2558 1748 2615 refert
1773 2558 2011 2615 Faunum
2052 2560 2155 2616 Fa-

565 2661 737 2717 tuam,
784 2650 953 2707 Fauni
1004 2667 1228 2709 uxorem
1260 2694 1277 2718 ,
1343 2662 1628 2724 propterea
1667 2654 1812 2725 quod
1857 2655 2017 2710 ollam
2051 2655 2159 2709 vini

567 2754 758 2801 contra
774 2760 983 2801 morem
1011 2744 1284 2816 decusque
1311 2746 1517 2817 regium
1548 2746 1687 2803 clam
1716 2747 1995 2816 ebibisset,
2029 2748 2160 2803 fuis-

565 2846 759 2909 setque
791 2837 1076 2904 inebriata,
1106 2839 1270 2908 virgis
1312 2839 1534 2911 myrteis
1560 2855 1732 2910 usque
1759 2840 1828 2896 ad
1868 2850 2098 2896 mortem
2125 2856 2155 2895 a

562 2931 683 2985 viro
705 2930 1043 2987 verberatum
1078 2948 1092 2984 :
1122 2930 1217 2986 sed
1244 2947 1365 2987 cum
1396 2932 1543 2986 illum
1586 2942 1772 3002 postea
1811 2932 1935 2988 facti
1982 2932 2155 3003 |)(Blll-

566 3025 784 3089 luisset,
817 3038 917 3079 nec
947 3033 1129 3093 posset
1169 3024 1352 3079 uxoris
1375 3023 1519 3080 ferre
1545 3023 1905 3093 desiderium,
1946 3026 2158 3080 divinos

568 3117 806 3173 honores
831 3116 909 3171 illi
939 3116 1217 3184 detulisse,
1245 3126 1299 3172 et
1329 3116 1529 3172 idcirco
1559 3115 1613 3173 in
1641 3119 1760 3186 ejus
1788 3118 1958 3172 sacris
1983 3118 2156 3173 obvo-

564 3210 733 3265 lutam
754 3209 939 3267 oﬂ'erri
955 3211 1059 3264 vini
1083 3212 1422 3279 amphoram.
1446 3210 1606 3265 Plura
1626 3210 1695 3266 de
1711 3212 1799 3266 illa
1824 3211 1886 3265 L.
1907 3211 2158 3267 Giraldus

2329 1990 2390 2027 ac
2415 1974 2667 2031 celebrata
2704 1978 2895 2046 fabam
2931 1978 3338 2035 demonstrarent
3363 1979 3579 2035 illarum

2333 2075 2449 2121 tem.

2795 2202 3085 2244 Αιιτιευιυε
3110 2204 3231 2245 PRII
3238 2202 3298 2245 US
3307 2232 3317 2245 .

2260 2298 2414 2370 Quam
2449 2300 3091 2370 evidenterjiaccbanalia,
3132 2318 3221 2370 seu
3269 2304 3610 2370 Omopbagia.
3653 2304 3873 2370 Veneris

2312 2362 2508 2430 Cypriae
2529 2365 2686 2430 initia,
2713 2362 3362 2430 Sabazia,thesm0phoria.
3386 2362 3670 2430 Eleusinia,
3698 2372 3759 2418 et
3775 2367 3870 2417 Ali.

2321 2427 2503 2477 moutia
2525 2427 2866 2478 demonstrent
2885 2428 3034 2480 falsos
3054 2427 3445 2494 esse'gentilium
3462 2430 3610 2481 deos.

2330 2553 2449 2608 Non
2478 2554 2718 2610 infimum
2760 2557 2900 2613 inter
2928 2559 3234 2630 turpissima
3282 2558 3565 2631 gentilium
3595 2563 3861 2635 Mysteria

2260 2658 2315 2706 et
2342 2649 2477 2706 festa
2501 2651 2675 2706 locum
2720 2651 3035 2709 obtinebant
3060 2654 3325 2718 immania,
3355 2664 3412 2709 ut
3439 2656 3513 2709 ait
3553 2652 3859 2722 Arnobius,

2258 2740 2638 2812 Bacchanalia,
2673 2759 2791 2814 quae
2836 2760 3011 2815 graeco
3042 2748 3259 2802 nomine
3290 2746 3612 2819 Omopltagia
3645 2762 3861 2804 nuncu-

2258 2836 2543 2906 pabantur.
2585 2836 2793 2906 Quanta
2838 2851 3016 2895 autem
3045 2882 3060 2906 ,
3107 2854 3171 2895 ac
3201 2852 3365 2911 quam
3408 2836 3722 2897 execranda
3756 2853 3869 2898 tur-

2259 2929 2501 3000 pitudine
2530 2942 2837 3002 agerentur,
2869 2946 2933 2987 ex
2964 2932 3047 2987 his
3067 2932 3289 3001 quilibet
3315 2942 3607 3003 agnoscere
3640 2936 3864 3004 poterit,

2259 3032 2380 3090 qua:
2410 3022 2479 3076 de
2508 3023 2609 3077 illis
2637 3024 2689 3077 in
2721 3023 2901 3093 priore
2929 3024 3232 3094 Apparatus
3264 3026 3433 3080 nostri
3473 3035 3626 3081 turno
3672 3027 3840 3097 dispu

2258 3114 2514 3169 tavimus.
2546 3114 2674 3170 [nde
2704 3116 2867 3170 etiam
2886 3115 3040 3171 facile
3062 3116 3325 3188 intelliget
3350 3116 3487 3183 haec,
3511 3130 3636 3188 quas
3654 3120 3867 3175 Auctor

2260 3215 2445 3262 noster
2474 3216 2708 3274 enarrat,
2767 3223 2832 3263 ex
2878 3206 3171 3264 Clementis
3203 3209 3554 3265 Alexandrini
3596 3210 3865 3283 decerpta

564 3313 620 3359 et
646 3303 905 3373 Vossius,
954 3318 1090 3375 quos
1134 3303 1284 3358 adire
1312 3306 1551 3373 poteris,
1580 3304 1735 3360 sicuti
1764 3305 1899 3360 alios
1925 3316 1955 3360 a
2001 3306 2153 3360 nobis
2183 3298 2227 3361 C
2260 3314 2380 3355 esse
2403 3300 2555 3355 libris
2609 3300 2784 3372 (Am,
2812 3302 2847 3356 ι.
2881 3318 2937 3369 v,
2974 3318 3089 3373 pag.
3134 3302 3267 3366 169;
3324 3312 3444 3357 tam.
3478 3314 3496 3357 ι
3524 3302 3791 3374 Apparat.
3826 3308 3864 3359 ι.

563 3397 728 3468 paulo
767 3405 893 3451 ante
937 3396 1130 3452 citatos
1169 3396 1455 3468 (Lactant.,
1498 3398 1589 3452 lib.
1626 3412 1644 3452 ι
1686 3399 1751 3453 de
1779 3399 1901 3467 [αις.
1956 3398 2153 3471 Relig..

564 3504 683 3558 cap.
705 3488 797 3552 22,
826 3506 945 3559 pag.
993 3488 1117 3554 127;
1148 3486 1375 3555 Girald.,
1410 3487 1551 3542 Hist.
1584 3490 1750 3553 deor.,
1799 3500 2053 3561 syntagm.
2100 3494 2151 3558 4,

570 3599 693 3654 pag.
730 3583 828 3637 l57
858 3592 912 3637 et
949 3598 1090 3653 scq.;
1162 3580 1326 3645 Voss”
1364 3578 1450 3636 lib.
1503 3596 1522 3635 ι
1567 3583 1630 3637 de
1682 3582 1830 3654 Orig.
1877 3595 1921 3637 et
1970 3585 2151 3655 Progr.

565 3674 771 3737 idolol.,
801 3689 917 3745 cap.
949 3674 1051 3739 12;
1080 3690 1219 3743 sup.,
1251 3684 1364 3746 cap.
1402 3674 1461 3731 Η
1474 3716 1489 3741 ,
1515 3684 1613 3729 art.
1650 3674 1725 3748 5).

573 3774 577 3781 '
638 3764 808 3821 Porro
854 3777 1033 3821 autem
1084 3782 1148 3821 ex
1204 3768 1303 3821 hac
1345 3764 1614 3821 variorum
1657 3769 1992 3839 Scriptorum
2039 3786 2156 3827 nar-

564 3856 777 3913 ratione
806 3858 981 3927 quivis
1012 3857 1142 3911 illud
1184 3858 1484 3929 intelligere
1536 3858 1751 3929 poterit,
1786 3861 1928 3927 quod
1978 3867 2151 3918 Aruo-

562 3949 686 4005 hius
713 3950 960 4006 ethnicos
1006 3950 1280 4006 irridendo
1308 3954 1455 4022 prius
1498 3952 1705 4008 dixerat
1739 3973 1752 4010 :
1784 3972 1802 4005 t
1841 3952 2018 4010 Fauna
2052 3958 2154 4011 Fa-

562 4052 676 4108 tua,
727 4040 897 4097 Fauni
928 4056 1083 4107 uxor,
1118 4042 1265 4099 Bona
1291 4043 1389 4100 dea
1436 4061 1554 4116 quae
1586 4042 1801 4112 dicitur,
1836 4048 1930 4103 sed
1962 4049 2012 4104 in
2043 4051 2150 4105 vini

557 4133 754 4189 melior
798 4143 852 4190 et
876 4130 1196 4191 laudabilior
1239 4147 1423 4206 pom.»
1482 4135 1681 4209 (Am,
1714 4138 1751 4194 ι.
1790 4156 1827 4204 ι,
1856 4157 1976 4213 pag.
2018 4139 2149 4216 20.)

560 4227 695 4295 Quis
724 4244 872 4300 ergo,
911 4229 995 4284 his
1024 4226 1237 4295 auditis,
1271 4243 1391 4284 cum
1435 4231 1552 4299 ipso
1582 4246 1689 4286 non
1716 4232 1906 4300 rideat,
1938 4245 2031 4290 aut
2058 4253 2154 4307 po-

556 4323 669 4379 tius
700 4338 806 4378 non
836 4322 1083 4395 deploret
1108 4324 1349 4379 insanam
1382 4324 1719 4381 ethnicorum
1764 4331 2143 4399 temeritatem,

555 4419 651 4491 qui
675 4420 762 4474 tali
784 4418 1016 4487 feminae,
1034 4419 1264 4491 aliisque
1281 4420 1545 4475 similibus
1567 4420 1895 4477 divinitatem
1913 4424 2148 4482 tribuere

552 4528 667 4570 non
707 4513 1123 4572 dubitaverunt?
1148 4512 1255 4572 Sed
1301 4514 1353 4569 id
1399 4515 1504 4571 alio
1535 4515 1710 4572 adhuc
1752 4519 2000 4591 exemplo
2026 4537 2148 4592 per-

549 4608 744 4681 Spicue
758 4609 1113 4666 demonstrat.

2256 3409 2334 3461 in,
2364 3395 2562 3449 dissert.
2605 3411 2640 3461 ι,
2675 3410 2791 3465 cap.
2819 3397 2872 3459 9.
2901 3406 2998 3451 art.
3026 3410 3063 3463 t,
3087 3413 3206 3468 pag.
3243 3396 3350 3453 756
3368 3412 3386 3461 ;
3416 3394 3651 3452 Clemens
3678 3398 3861 3463 Αιρέεη

2258 3490 2518 3544 Admonit.
2546 3492 2613 3542 ad
2639 3499 2799 3560 genl.,
2830 3506 2949 3560 pag.
2983 3491 3097 3556 il).

2330 3583 2405 3637 Ex
2452 3581 2640 3637 eodem
2674 3583 3026 3651 proculdubio
3057 3582 3203 3638 fonte
3250 3583 3334 3636 illa
3390 3592 3607 3655 quoque
3647 3583 3859 3647 hausit.

2201 3696 2217 3712 ν
2255 3691 2373 3744 qua:
2395 3675 2460 3729 de
2490 3675 2609 3729 aliis
2639 3674 3081 3742 Bacchanalibus,
3107 3675 3195 3731 tibi
3238 3674 3417 3742 Liber,
3451 3686 3547 3732 seu
3576 3676 3851 3746 Bacchus,

2255 3783 2284 3819 a
2313 3765 2609 3830 Titanibus,
2628 3767 2704 3821 uti
2732 3769 2848 3838 ipse
2860 3768 2986 3823 alibi
3006 3769 3313 3834 dixerat,ac
3336 3769 3602 3825 Diodorus
3628 3771 3856 3828 Siculus

2254 3868 2309 3913 et
2341 3859 2641 3914 Macrobius
2671 3871 2987 3926 memorant,
3026 3861 3367 3917 membratim
3393 3866 3573 3917 sectus
3604 3864 3859 3919 celebra-

2254 3952 2410 4008 batur
2448 3954 2622 4023 (ΑΜ,
2652 3952 2689 4007 l.
2718 3970 2770 4017 v,
2804 3970 2925 4024 pag.
2956 3953 3081 4020 169,
3110 3964 3157 4007 et
3183 3956 3219 4009 ι.
3248 3970 3283 4018 r,
3318 3966 3436 4025 pag.
3469 3954 3541 4009 2'5
3568 3965 3619 4008 et
3660 3967 3806 4026 seqq.
3838 3974 3857 4018 ,-

2254 4044 2474 4103 Di'odor.
2518 4048 2702 4116 θῆναι,
2752 4049 2790 4102 ι.
2830 4060 2886 4103 tn
2922 4047 3187 4112 lﬁbliolh.,
3250 4064 3366 4119 pag.
3400 4049 3537 4112 137;
3586 4046 3852 4113 Macr-06.,

2254 4139 2291 4192 Ι.
2336 4155 2352 4192 l
2398 4141 2453 4193 in
2484 4140 2661 4194 Somn.
2712 4140 2879 4209 Scip,
2923 4155 3037 4209 cap.
3090 4138 3198 4210 l2).
3262 4139 3335 4193 De
3366 4137 3450 4192 his
3491 4147 3677 4193 autem
3722 4140 3856 4194 Bac-

2252 4232 2566 4287 chanalibus
2613 4244 2666 4288 et
2715 4231 3063 4302 Omophagiis
3105 4233 3148 4287 si
3193 4232 3385 4302 plura,
3433 4246 3593 4302 quam
3632 4246 3667 4286 a
3694 4234 3854 4288 nobis

2251 4323 2392 4379 dicta
2420 4335 2545 4378 sunt
2576 4323 2721 4396 (tam.
2759 4325 3072 4395 rApparat.,
3097 4324 3195 4378 loc.
3249 4321 3387 4395 cit),
3420 4323 3599 4394 legere
3654 4324 3853 4394 aliquis

2251 4416 2599 4481 desiderabit,
2630 4418 2676 4471 is
2701 4416 3050 4471 adeat'l‘itum
3075 4417 3303 4484 Livium,
3329 4417 3714 4488 Augustinum,
3751 4418 3850 4473 Ca-

2250 4509 2536 4566 stellanum
2557 4549 2572 4575 ,
2601 4522 2664 4564 ac
2692 4509 2990 4565 Iohannem
3028 4509 3266 4575 Nicolai,
3304 4520 3359 4564 et
3390 4508 3687 4565 Meursium
3709 4553 3726 4576 ,
3758 4513 3849 4582 qui

2249 4603 2317 4659 de
2339 4602 2442 4657 illis
2474 4603 2640 4657 libros
2666 4601 2954 4658 ediderunt
2978 4600 3138 4674 (bim,
3173 4604 3209 4657 l.
3242 4617 3432 4668 xxxix,
3454 4601 3481 4673 ᾗ
3502 4600 3565 4657 Η
3592 4613 3643 4656 et
3679 4618 3851 4675 seqq;

546 4705 587 4773 ti.
626 4702 709 4758 Ad
748 4704 1116 4774 turpissimum
1162 4703 1425 4776 siquidem
1470 4704 1642 4760 Servii
1684 4700 1845 4761 Tullii
1874 4704 2145 4763 Romano-

2258 4696 2489 4768 Augast.,
2519 4697 2555 4749 ι.
2599 4706 2670 4748 vn
2696 4697 2756 4750 de
2778 4694 2950 4761 Civit.,
3007 4709 3122 4765 cap.
3149 4695 3241 4759 21,
3289 4709 3408 4765 pag.
3438 4695 3575 4761 177;
3603 4691 3845 4768 Castell.,

550 4810 674 4853 rum
712 4798 857 4868 regis
899 4808 1076 4853 ortum
1108 4796 1378 4855 delabitur
1427 4800 1446 4870 (
1481 4800 1631 4866 Arn.,
1662 4801 1699 4854 ι.
1731 4818 1782 4866 v,
1814 4817 1932 4871 pag.
1966 4801 2143 4873 169);
2186 4844 2195 4853 .

549 4897 610 4943 et
636 4888 880 4955 quamvis
919 4888 1067 4943 illum
1094 4905 1153 4945 se
1176 4893 1428 4948 omittere
1466 4892 1604 4947 velle
1639 4892 1923 4965 signiticet,
1961 4894 2142 4964 paucis

545 4988 730 5036 tamen
774 4981 954 5037 verbis
983 4998 1045 5037 ea
1073 4982 1351 5049 describit,
1382 5000 1504 5055 quae
1553 4986 1618 5039 ad
1664 4984 2138 5041 demonstrandam

549 5072 718 5144 hujus
759 5073 998 5130 historiae
1029 5073 1303 5130 infamiam
1340 5077 1554 5132 abunde
1581 5077 1873 5133 sufﬁciunt.
1904 5082 1973 5134 At
2013 5079 2138 5135 Dio-

546 5167 738 5237 nysins
772 5161 1211 5221 Halicarnasseus
1238 5182 1351 5221 rem
1385 5176 1549 5223 totam
1580 5170 1778 5238 retulit,
1814 5180 1972 5241 prout
1996 5172 2135 5242 apud

542 5257 743 5314 multos
772 5273 1010 5312 romanae
1046 5257 1291 5313 historiae
1321 5260 1612 5329 scriptores
1644 5264 1915 5318 memoria:
1945 5264 2136 5321 tradita

539 5349 715 5406 fuerat
733 5348 914 5424 (Dion.
941 5350 1141 5418 Halic.,
1166 5352 1282 5407 init.
1302 5352 1338 5406 ι.
1364 5368 1419 5407 tv
1449 5353 1617 5424 Antiq.
1639 5353 1885 5423 Romam,
1911 5374 1962 5429 ρ.
1982 5357 2135 5429 207).

541 5440 765 5499 Ovidius
810 5454 973 5513 porro
1025 5443 1156 5499 illud
1211 5442 1316 5510 his,
1367 5445 1563 5516 quibus
1614 5458 1837 5520 utraque
1891 5452 2133 5519 Arnobii,

543 5543 600 5589 et
629 5532 874 5603 Dionysii
904 5534 1144 5589 narratio
1204 5534 1574 5603 confirmatur,
1609 5539 1855 5594 versibus
1884 5541 2084 5597 cecinit
2117 5560 2130 5597 :

634 5647 1458 5713 Namque,paterATulliVulcanus,
1480 5650 1686 5713 Ocresia
1708 5660 1886 5713 mater,

726 5708 989 5771 Pracsi'gnis
1011 5708 1134 5760 facie
1155 5709 1472 5762 Corniculana
1494 5712 1603 5761 fuit.

629 5772 771 5839 Hanc
791 5784 959 5839 secum
984 5772 1243 5839 Tanaquil,
1262 5776 1415 5839 sacris
1431 5775 1495 5839 de
1520 5788 1659 5839 more
1680 5778 1878 5839 paratis,

722 5832 878 5881 Jussit
895 5837 940 5882 in
965 5832 1189 5883 ornatum
1212 5835 1422 5886 fundere
1446 5838 1560 5886 vina
1583 5832 1759 5888 locum.

630 5895 723 5945 Hic
744 5894 875 5943 inter
897 5896 1097 5944 cineres
1113 5895 1312 5947 obsceni
1338 5897 1658 5949 forma'virilis

2247 4788 2316 4842 ad
2339 4786 2472 4842 verb.
2506 4786 2781 4858 Διονυσία).

2318 4879 2448 4947 Qtne
2503 4879 2699 4935 dehinc
2745 4884 2946 4934 Auctor
2991 4888 3175 4934 noster
3226 4878 3410 4934 retulit
3452 4878 3522 4934 de
3574 4880 3846 4937 abstrusis

2243 4970 2455 5044 Cypriae
2491 4970 2715 5027 Veneris
2740 4972 2903 5027 initiis
2932 4981 2986 5027 et
3013 4971 3201 5039 sacris,
3227 4985 3524 5042 eorumque
3560 4974 3848 5030 conditore

2246 5065 2463 5137 Cinyra,
2500 5067 2613 5121 haec
2634 5078 2849 5137 quoque
2874 5081 2940 5121 ex
2957 5064 3145 5120 eodem
3169 5064 3463 5120 Clementis
3483 5064 3841 5123 Alexandrini

2245 5158 2383 5214 libro
2409 5159 2690 5229 desumpta
2716 5169 2861 5213 sunt.
2881 5158 3053 5214 Julius
3077 5167 3257 5213 autem
3276 5157 3540 5214 Firmicus
3564 5158 3733 5215 dehis
3762 5162 3843 5217 sic

2244 5252 2479 5323 loquitur
2504 5270 2519 5307 :
2550 5271 2570 5303 ι
2605 5245 2774 5306 Audio
2798 5250 3049 5323 Cyniram
3078 5251 3332 5322 Cyprium
3359 5253 3621 5321 templum
3647 5255 3839 5308 amicrc

2244 5346 2511 5399 meretrici
2560 5344 2814 5409 donasse,
2844 5346 2895 5398 ei
2937 5353 3056 5399 erat
3083 5344 3266 5400 Venus
3317 5358 3536 5402 nomen.
3588 5346 3839 5403 initiasse

2244 5438 2404 5494 etiam
2431 5435 2643 5508 Cypriae
2670 5436 2865 5492 Veneri
2893 5438 3170 5507 plurimos,
3200 5448 3255 5494 et
3280 5438 3443 5494 variis
3468 5442 3839 5497 consecratio-

2242 5525 2399 5585 nibus
2457 5529 2760 5596 deputasse.
2821 5528 3087 5585 Statuisse
3125 5531 3334 5597 etiam,
3396 5539 3459 5585 ut
3512 5531 3849 5604 quicumque

2240 5621 2441 5677 initiari
2462 5620 2645 5684 vellet,
2672 5630 2883 5676 secreto
2911 5622 3008 5677 sibi
3052 5621 3277 5678 Veneris
3306 5623 3535 5688 tradito,
3560 5637 3743 5681 assem
3775 5627 3831 5681 in

2241 5727 2404 5768 manu
2445 5711 2713 5792 mercedis
2758 5713 2974 5769 nomine
3021 5713 3134 5769 dem
3164 5715 3354 5783 daret,
3385 5716 3529 5786 quod
3558 5728 3827 5773 secretum

2241 5805 2397 5876 quale
2422 5806 2508 5873 sit,
2529 5819 2719 5861 omnes
2740 5806 3346 5878 intelligeredebemus;
3379 5809 3501 5879 quia
3529 5808 3631 5864 hoc
3650 5810 3824 5881 ipsum

2245 5904 2467 5967 propter
2498 5898 2880 5969 turpitudinem
2909 5900 3183 5972 explicare
3208 5915 3321 5957 non
3345 5912 3651 5971 possumus.
3682 5902 3825 5959 Bene
