3978 6286
210 363 324 419 597

1433 365 1499 422 IN
1537 364 1917 435 AMOBIUI,
1953 366 2112 425 CAP.
2154 366 2297 425 XII.

3392 368 3498 427 598

210 490 424 541 amator
452 480 681 555 Cyniras
701 482 1022 541 meretriciis
1041 482 1249 556 legibus
1264 482 1453 549 servit,
1472 490 1803 540 consecrata
1829 491 1882 556 Α
1907 482 2168 539 sacriﬁcia
2193 525 2210 551 ,
2266 491 2322 539 et
2400 483 2600 540 cultum
2675 492 2942 539 nocturno
3008 490 3217 540 tantum
3260 492 3504 556 tempore

214 574 476 632 Veneria
519 574 893 633 sacerdotibus
940 577 1054 631 suis
1106 577 1301 647 stipem
1355 575 1471 630 dari
1509 577 1700 644 jussit,
1754 585 1812 630 ut

210 678 417 725 scorto.
450 688 473 722 ι
503 666 643 741 (Jul.
672 667 817 736 Fin,
855 668 919 725 de
939 667 1123 725 Error.
1153 672 1291 740 prof.
1320 669 1497 738 relig.,
1543 663 1667 741 pag.
1694 668 1810 743 l5.)

212 760 595 819 Theodoretus
616 775 747 817 vero
765 760 835 815 de
858 760 1051 833 Cynira
1079 760 1197 817 haec
1222 760 1418 817 litteris
1436 762 1770 833 consignavit
1793 779 1809 817 :

211 857 313 919 Tuis
346 851 404 909 δέ
449 873 508 925 7s
535 851 826 928 Ἀφροδίτην
872 852 984 909 οὐδὲ
1034 855 1341 926 εὐεργεσίας·
1373 855 1508 914 τινὸς
1556 849 1807 928 ἄρξασαν,

207 946 339 1003 ἀλλὰ
364 948 453 1001 καὶ
769 947 1099 1019 γεγενημένην
1118 944 1440 1002 διδάσκαλον.
1466 947 1809 1017 χαμαιτύπην

207 1040 310 1115 γὰρ
357 1040 520 1098 αὐτήν
550 1041 638 1095 καὶ
676 1038 883 1116 εταίραν
926 1041 1226 1112 γεγενῆσθαὶ
1254 1060 1382 1111 φασι
1424 1042 1513 1093 καὶ
1556 1040 1809 1114 ἐρωμένην

206 1135 449 1206 Κινύρου,
477 1134 589 1187 θεὰν
608 1135 908 1205 Was.
938 1131 1288 1204 (Theodoreb,
1325 1143 1428 1188 tam
1481 1149 1551 1197 tv,
1573 1149 1721 1187 serui.
1754 1135 1808 1197 ‘5,

207 1226 274 1281 ds
297 1227 488 1298 Auget.
512 1236 560 1281 et
586 1226 832 1290 άωηιοη..
859 1242 959 1296 pag
980 1222 1131 1296 5H.)
1168 1243 1187 1276 ι
1224 1226 1293 1281 At
1325 1225 1583 1281 Venerem
1613 1224 1812 1283 nullius

205 1320 465 1378 beneﬁcii
512 1328 813 1383 auctorem,
870 1319 967 1375 sed
1020 1308 1454 1389 intemperantia
1498 1319 1806 1391 magistram

207 1416 519 1490 (prostituti
546 1415 811 1487 siquidem
833 1415 1079 1485 corporis
1099 1414 1441 1471 meretricem
1463 1413 1806 1481 luisseaitmt,

207 1526 275 1568 ac
305 1510 524 1583 Cynirm
570 1508 855 1582 amasiam)
902 1508 1059 1565 deam
1111 1517 1293 1564 tamen
1342 1508 1698 1579 appellantes.
1734 1510 1809 1565 Ds

207 1604 413 1677 Cynira
440 1618 635 1673 porro,
672 1618 738 1659 ac
776 1602 988 1659 Venere
1019 1601 1268 1657 Vossium
1299 1602 1544 1668 consule,
1577 1602 1623 1658 si
1652 1602 1805 1657 velis.

209 1696 421 1769 (ναι,
444 1697 487 1755 l.
504 1713 554 1752 vt
579 1696 643 1751 de
665 1695 812 1767 Orig.
834 1703 883 1750 et
905 1693 1091 1764 Progr.
1110 1692 1275 1759 Μαίη
1292 1709 1409 1764 cap.
1437 1693 1527 1758 17,
1551 1709 1671 1763 pag.
1692 1691 1808 1764 71.)

205 1786 322 1845 Nos
349 1802 484 1843 vero
507 1788 576 1843 de
612 1787 720 1845 illis
744 1787 871 1843 alibi
897 1784 1253 1842 disseruimus
1302 1785 1447 1857 (tant.
1482 1802 1498 1840 ι
1528 1785 1805 1855 Apparet,

1912 593 1976 632 ac
2005 586 2217 632 secreto
2240 618 2257 644 ,
2291 586 2510 647 promer
2536 590 2723 631 eorum
2774 575 3158 646 turpitudinem
3191 576 3503 632 introduce-

1909 669 2057 724 bant.
2102 668 2257 724 Unde
2296 685 2482 724 rursus
2511 668 2701 724 Cicero
2735 686 2749 723 :
2799 687 2819 721 ι
2855 664 3039 723 Novos
3062 667 3217 735 deos,
3255 686 3275 720 s
3306 667 3502 740 inquit,

1917 781 1937 814 s
1957 773 2011 818 et
2024 764 2080 818 in
2098 763 2180 817 liis
2193 764 2434 818 colendis
2449 772 2739 818 littclllﬂlaS
2753 761 3189 833 pervigilationes
3202 762 3280 817 sic
3293 761 3505 817 Aristo-

1910 857 2138 928 phanes,
2168 858 2524 912 facetissimus
2556 867 2708 925 poeta
2742 858 2939 911 veteris
2967 854 3281 921 comedim,
3322 865 3503 921 vexat,

1911 961 1969 1006 ut
1994 949 2136 1021 apud
2176 968 2297 1006 eum
2338 951 2615 1011 Sabasius,
2646 958 2699 1005 et
2728 950 2942 1020 quidam
2981 950 3073 1004 alii
3114 948 3187 1004 dii
3231 948 3504 1020 peregrini

1908 1041 2151 1112 iudicati,
2170 1060 2202 1099 e
2223 1045 2433 1100 civitate
2448 1044 2748 1114 ejiciantur.
2780 1062 2799 1095 s
2820 1041 3027 1111 (Cicer.,
3047 1040 3136 1096 lib.
3153 1057 3190 1096 ιι
3211 1044 3274 1097 de
3298 1040 3502 1113 Legib.,

1912 1152 2033 1206 pag.
2079 1136 2326 1197 557,1in.
2373 1135 2492 1209 4b.)
2535 1137 2776 1206 Denique
2806 1145 2862 1190 ut
2899 1135 3216 1191 Strabonem
3260 1135 3505 1206 aliosque

1910 1231 2108 1285 missos
2136 1230 2415 1297 faciamus,
2462 1232 2656 1287 Suidas
2703 1238 2887 1302 aperte
2915 1231 3157 1286 declarat
3193 1229 3498 1296 Sehasium,

1911 1324 2186 1389 Σαϐἀσιον,
2218 1324 2466 1380 eumdem
2493 1340 2615 1380 esse
2638 1338 2702 1378 ac
2730 1324 3041 1396 Dionysium
3060 1365 3077 1390 ,
3105 1339 3201 1379 seu
3233 1322 3501 1378 Bacchum

1915 1414 2138 1485 (Strab.,
2166 1417 2256 1472 lib.
2281 1416 2378 1472 XX
2409 1418 2594 1486 Geogr.
2620 1458 2636 1483 ,
2666 1435 2787 1489 pag.
2818 1416 2927 1473 670
2952 1429 3000 1472 et
3023 1433 3189 1488 segq.;
3236 1416 3412 1484 Suid.,
3444 1417 3511 1472 ad

1914 1507 2046 1564 verb.
2076 1508 2343 1578 σεϐἀσιος)
2357 1553 2370 1566 .

1984 1601 2163 1672 Neque
2188 1601 2388 1658 dixeris
2414 1605 2462 1658 in
2493 1604 2716 1659 Arnobii
2744 1603 2911 1659 nostri
2942 1612 3090 1659 textu
3114 1602 3300 1660 haberi
3334 1603 3504 1660 Saba-

1913 1693 2042 1759 diis,
2085 1706 2211 1761 aut,
2264 1706 2321 1749 ut
2372 1697 2586 1767 quidam
2641 1706 2858 1766 putant,
2908 1695 3164 1752 Sebadiis.
3207 1696 3338 1752 Nam
3365 1697 3506 1765 apud

1913 1788 2195 1859 Apuleium
2228 1789 2454 1860 legimus
2488 1810 2500 1843 :
2535 1791 2756 1846 Sanctus
2812 1789 3068 1846 Sabadius
3098 1830 3114 1856 ,
3159 1789 3299 1846 haud
3344 1789 3507 1845 dubie

210 1896 338 1952 pag.
389 1879 497 1937 7‘29
537 1891 584 1935 et
614 1879 791 1945 “76;
821 1878 1038 1943 Arnob,
1069 1879 1159 1933 lib.
1190 1894 1248 1945 v,
1278 1894 1379 1950 pag
1407 1876 1559 1949 169).
1595 1878 1667 1934 At
1690 1881 1811 1949 quis
1840 1887 1889 1949 Β
1916 1882 2181 1939 Bacchus.
2219 1882 2373 1953 Apud
2409 1884 2734 1941 Macrobium
2763 1899 2891 1941 vero
2920 1902 2935 1938 :
2966 1902 2986 1937 ι
3015 1882 3074 1939 ln
3104 1883 3332 1938 Thracia
3352 1899 3504 1938 eum-

209 1988 323 2031 non
344 1971 527 2029 videat
548 1971 633 2031 bis
651 1970 974 2040 turpissimis
993 1971 1489 2041 crudelissimisque
1511 1970 1809 2042 mysteriis,

205 2072 266 2121 et
294 2063 453 2121 festis
481 2063 734 2121 radicitus
771 2063 933 2119 evelli
974 2078 1161 2119 eorum
1188 2063 1545 2129 divinitatem,
1578 2078 1806 2133 quorum

205 2159 260 2214 in
308 2156 593 2226 honorem,
639 2156 808 2215 immo
850 2156 1197 2225 ignominiam
1246 2155 1654 2226 sempiternam,
1681 2171 1807 2227 egeo

202 2251 429 2311 bantur.

276 2346 524 2403 Breviter
544 2344 764 2412 {deinde
791 2353 980 2403 auctor
1028 2353 1213 2401 noster
1240 2344 1418 2415 attigit
1453 2358 1608 2401 saera
1638 2344 1805 2417 Cory-

200 2437 411 2505 bantia,
438 2439 634 2510 quibus
665 2438 847 2497 fratris
882 2454 914 2493 a
949 2438 1116 2494 fratre
1141 2438 1395 2494 trucidati
1422 2454 1568 2497 mors
1598 2454 1801 2509 reprae—

203 2535 415 2591 sentari
447 2534 678 2591 solebat.
723 2534 829 2590 Sed
874 2534 942 2588 de
973 2534 1055 2589 bis
1085 2534 1140 2589 in
1168 2534 1343 2604 primo
1371 2534 1674 2603 Apparatus
1705 2546 1803 2589 no-

201 2628 307 2687 stri
357 2637 507 2683 temo
544 2627 970 2697 disputavimus,
999 2641 1063 2680 ac
1105 2627 1152 2681 si
1189 2626 1312 2697 quis
1349 2641 1411 2682 ea
1443 2625 1621 2696 legere
1651 2627 1799 2693 velit,

197 2722 491 2778 confestim
532 2720 831 2791 eomperiet
881 2718 1180 2775 Arnobium
1228 2718 1317 2774 hic
1357 2733 1548 2773 rursus
1583 2719 1637 2774 in
1681 2717 1802 2774 Cie-

199 2814 410 2873 mentis
430 2812 780 2870 Alexandrini
800 2812 1049 2868 insistere
1063 2810 1302 2881 vestigiis
1318 2808 1464 2885 (tam.
1489 2810 1795 2880 tApparat.,

196 2924 327 2978 pag.
360 2904 469 2963 655
509 2914 558 2961 et
599 2904 741 2972 758;
779 2902 1217 2971 Clemens-Alcen,
1247 2900 1510 2957 Admonit.
1540 2902 1609 2955 ad
1633 2910 1799 2972 genu,

196 3014 327 3069 pag.
350 2996 466 3071 12).

276 3088 419 3146 Τιιιιι
462 3088 663 3145 deinde
705 3086 1003 3149 lmdissima
1033 3087 1146 3154 illa,
1174 3087 1369 3159 quibus
1412 3088 1653 3159 Phryges
1692 3086 1798 3142 ini-

199 3184 483 3239 tiabantur
506 3224 522 3250 ,
569 3182 823 3254 mysteria
863 3181 1032 3236 fusius
1062 3180 1303 3252 quidem,
1344 3181 1439 3241 sed
1469 3189 1688 3251 propter
1720 3181 1799 3237 in-

1911 1974 2036 2030 dem
2064 1974 2247 2031 haberi
2273 1974 2459 2033 Solem
2495 1985 2657 2048 atque
2694 1975 2949 2033 Liberum
2993 1976 3318 2045 accipimus;
3346 1989 3505 2044 quem

1909 2070 2198 2127 Sebadium
2272 2080 2643 2141 nuncupantcs
2718 2069 3002 2143 magniﬁca
3048 2070 3311 2138 religione
3354 2068 3504 2125 cele-

1908 2166 2069 2223 brant
2114 2186 2134 2220 ι
2176 2166 2382 2239 (Αριιιη
2414 2167 2505 2223 lib.
2551 2183 2643 2223 vin
2676 2165 2912 2231 Metam,
2961 2184 3015 2237 p.
3053 2165 3196 2230 uo;
3246 2163 3503 2232 Macr-0b.,

1907 2258 1978 2314 lib
2026 2274 2082 2314 ιιι
2123 2258 2418 2326 Satumal.,
2464 2274 2582 2330 cap.
2638 2258 2729 2324 18,
2784 2274 2901 2329 pag.
2949 2254 3103 2327 364).
3137 2255 3301 2311 Vides
3330 2256 3511 2326 itaque

1908 2349 2177 2405 Bacchum
2198 2350 2266 2405 ab
2302 2350 2367 2406 iis
2391 2359 2446 2404 et
2479 2348 2779 2414 Sebadium,
2805 2356 2859 2404 et
2883 2347 3189 2411 Sabadism,
3220 2346 3506 2419 mysteria.

1907 2459 2011 2512 que
2033 2443 2149 2513 ejus
2174 2442 2402 2500 Sabadia
2432 2442 2823 2514 cngnominari.
2840 2441 2950 2497 Cur
2969 2456 3120 2512 ergo,
3145 2440 3504 2511 inquies,ipsa

1907 2550 2121 2605 quoque
2156 2536 2409 2606 mysteria
2434 2576 2449 2600 ,
2475 2535 2667 2604 quibus
2697 2533 2907 2604 Jupiter
2936 2533 3195 2603 imprimis
3224 2532 3503 2589 colebatur

1904 2625 2127 2681 Sahasia
2142 2626 2480 2697 appellantur
2501 2627 2524 2679 ?
2550 2625 2820 2696 Numquid
2842 2624 3046 2680 idcirco
3063 2625 3183 2695 quia
3200 2624 3317 2681 Jovi
3341 2626 3503 2679 etiam

1906 2716 2130 2773 Sabasio
2166 2732 2465 2788 cognomen
2506 2718 2622 2772 luit.
2668 2716 2802 2773 Nam
2836 2716 3141 2773 Crutberus
3157 2715 3503 2793 variaseshio

1853 2825 1859 2832 '
1904 2810 1997 2865 bet
2027 2810 2424 2880 inscriptiones,
2456 2810 2577 2866 lori
2608 2811 2852 2867 SABASIO.
2897 2811 2966 2865 At
3015 2810 3281 2875 nonnulli,
3309 2824 3502 2880 quem-

1903 2905 2189 2962 admodum
2226 2904 2501 2973 .Vossius,
2525 2906 2835 2961 existimant
2865 2902 3053 2959 Jovem
3101 2903 3348 2960 eumdem
3381 2917 3503 2961 esse

1903 3014 1967 3055 ac
2005 2998 2273 3057 Bacchum
2315 3013 2410 3054 seu
2453 2988 2706 3055 Liberum
2734 2996 2942 3071 (νοις.⁹
2976 2996 3064 3053 lib.
3110 3014 3149 3053 ιι
3172 2997 3237 3051 de
3264 2995 3411 3068 Orig.
3448 3006 3497 3052 et

1911 3091 2094 3164 Progr.
2148 3091 2353 3157 idolol.,
2375 3106 2492 3160 cap.
2528 3091 2616 3155 14,
2656 3106 2777 3160 pag.
2806 3087 2961 3160 241).
2989 3088 3127 3156 Quid
3152 3103 3281 3160 ergo
3301 3089 3497 3144 mirum

1901 3187 1947 3241 si
1988 3184 2291 3253 turpissima
2315 3183 2402 3238 illa
2432 3182 2709 3256 mysteria,
2736 3182 2929 3252 quibus
2957 3182 3152 3253 duplex
3170 3181 3325 3238 lovis
3348 3182 3501 3238 adul-

197 3277 531 3349 terpositum
553 3275 700 3333 lovis
730 3290 950 3342 nomen,
982 3276 1178 3331 invitus
1199 3276 1429 3344 explicat
1469 3273 1640 3346 (Am,
1667 3274 1707 3329 ι.
1739 3289 1791 3326 νο
1824 3275 1871 3343 C
1904 3279 2096 3335 terium
2136 3277 2533 3343 celebrabatur,
2566 3278 2789 3333 Sabasia
2820 3278 3184 3333 vocarentur?
3212 3275 3328 3333 Huc
3366 3275 3497 3333 illud

196 3389 326 3443 pag.
356 3369 461 3426 170
489 3378 537 3426 et
564 3368 754 3440 seqq.).
785 3369 1043 3425 Ethnicos
1070 3368 1230 3439 igitur
1260 3378 1319 3422 ut
1345 3365 1532 3423 Jovem
1560 3366 1803 3437 aliosque

197 3465 337 3520 deos
365 3478 497 3519 suos
525 3462 1039 3519 obscenissitnorum
1067 3460 1335 3517 scelerum
1382 3459 1674 3530 ignominia
1714 3459 1800 3515 in-

197 3560 416 3616 famare
446 3557 695 3628 puderet,
747 3555 983 3611 breviter
1010 3554 1231 3625 exponit
1258 3552 1531 3624 quomodo
1561 3552 1614 3607 in
1653 3550 1803 3609 hisce

196 3651 482 3726 mysteriis
511 3649 980 3721 repraesentabant
1022 3646 1356 3704 ell‘rainatam
1385 3645 1629 3716 ejusdem
1653 3642 1803 3700 lovis

199 3744 512 3810 libidinem,
557 3742 650 3813 qui
704 3741 871 3798 variis
912 3740 1115 3797 artibus
1144 3741 1379 3810 primum
1421 3739 1698 3805 Cererem,
1741 3750 1805 3791 ac

196 3839 405 3897 deinde
450 3836 862 3908 Proserpinam,
911 3851 977 3892 ex
1025 3835 1194 3904 ipsius
1239 3848 1362 3890 cum
1411 3834 1502 3889 illa
1540 3832 1805 3893 adulterio

198 3931 544 4007 progenitam
573 3929 965 4003 constupravit.
992 3927 1122 3997 Qua:
1149 3936 1329 3983 autem
1361 3927 1432 3983 ibi
1461 3934 1664 3988 narrat.
1689 3925 1807 3981 haec

199 4030 249 4086 si
280 4043 407 4085 cum
432 4026 545 4097 jam
587 4028 753 4081 citato
790 4023 1087 4079 Clementis
1117 4020 1465 4077 Alexandrini
1513 4018 1651 4074 libro
1678 4034 1805 4075 eon-

199 4122 352 4179 ferre
393 4119 661 4185 volueris,
710 4116 835 4173 inde
871 4115 1102 4171 delibata
1149 4129 1271 4169 esse
1302 4111 1459 4168 facile
1511 4110 1843 4183 perspicies’

201 4213 463 4291 (Clemens
504 4210 816 4277 Almanam,
860 4209 1124 4265 Adutonit.
1163 4206 1232 4261 ad
1286 4216 1450 4278 gent.,
1491 4223 1612 4277 pag.
1645 4204 1713 4259 10
1759 4213 1808 4258 et

201 4306 397 4380 seqq.).
437 4307 511 4362 De
540 4305 625 4363 bis
650 4319 810 4376 porro
837 4302 1107 4375 mysteriis
1135 4303 1186 4356 in
1208 4300 1474 4371 superiori
1506 4300 1808 4371 Apparatus

203 4400 383 4457 nostri
411 4407 557 4453 tumo
586 4397 938 4453 disseruimus
980 4395 1125 4468 (tom.
1156 4410 1172 4449 ι
1202 4394 1451 4464 Apparet.
1471 4436 1486 4462 ,
1529 4410 1649 4466 pag.
1704 4390 1809 4448 759

205 4503 253 4548 et
299 4491 454 4563 seq.),
510 4490 799 4560 pluresque
841 4488 911 4543 ibi
949 4487 1233 4545 citavimus
1262 4487 1584 4559 scriptores,
1614 4485 1707 4558 qui
1745 4500 1807 4543 ea

205 4584 502 4643 enucleare
532 4582 711 4638 conati
739 4591 884 4639 sunt.

1904 3372 2143 3437 accedit,
2177 3371 2321 3441 quod
2350 3372 2403 3427 in
2434 3370 2518 3426 bis
2548 3371 2843 3442 mysteriis,
2882 3372 2960 3425 uti
2990 3369 3238 3427 Clemens
3267 3369 3502 3427 Alexan-

1906 3465 2092 3522 drinus
2114 3465 2421 3530 annotavit,
2459 3464 2827 3536 Corybantum
2858 3473 2913 3519 et
2942 3464 3139 3529 Bacchi
3179 3464 3377 3519 mentio
3405 3464 3501 3518 lie-

1903 3557 1996 3613 bat
2026 3556 2276 3629 (Clemens
2297 3557 2603 3625 Alemandr.,
2623 3557 2883 3612 Admouit.
2914 3557 2982 3612 ad
3035 3567 3197 3628 gent.,
3223 3573 3343 3627 pag.
3378 3555 3493 3627 11).

1975 3650 2106 3718 Quae
2130 3664 2259 3705 vero
2287 3649 2356 3705 de
2387 3650 2508 3706 aliis
2537 3649 2812 3720 mysteriis
2836 3689 2852 3715 ,
2884 3665 3005 3723 quat
3030 3648 3204 3705 Gnaei
3231 3647 3498 3703 Thesmo-

1906 3742 2094 3814 phoria
2123 3741 2521 3812 nuncupabant,
2555 3741 2827 3797 Arnobius
2846 3751 3029 3812 postea
3056 3748 3258 3806 narrat,
3272 3738 3388 3795 inec
3411 3739 3502 3794 ille

1905 3850 2096 3890 rursus
2142 3851 2208 3890 ex
2265 3834 2543 3890 Clemente
2588 3834 2951 3890 Alexandrino
2989 3834 3303 3905 deprompta
3329 3874 3348 3902 ,
3390 3834 3504 3890 suis

1905 3927 2084 3990 verbis
2132 3926 2363 3983 reddidit
2422 3927 2662 3999 (Αιηιοὺ.³
2710 3928 2884 3995 lib.v,
2937 3945 3059 3999 pag.
3091 3929 3236 3995 173;
3269 3928 3501 3984 Clemens

1906 4020 2212 4086 Alexandr.,
2243 4020 2340 4075 loc.
2373 4022 2511 4092 cit.).
2545 4021 2719 4079 Pauca
2750 4021 3287 4093 tameniillisadjecit,
3306 4021 3502 4093 quibus

1907 4113 2281 4183 exagitandam
2304 4128 2425 4171 esse
2454 4117 2657 4184 putavit
2684 4114 2946 4173 horumce
2976 4117 3356 4189 mysteriorum
3390 4127 3503 4171 tur-

1908 4205 2228 4276 pitudinem,
2260 4217 2316 4263 et
2339 4207 2681 4264 ethnicorum
2707 4224 2771 4265 ea
2796 4209 3500 4266 eelebrantiumcmcitatem

1907 4311 2068 4371 atque
2118 4301 2527 4373 impudentiam.
2563 4302 2672 4358 Nos
2706 4318 2837 4359 vero
2875 4304 2929 4359 in
2974 4304 3148 4373 primo
3197 4304 3502 4375 Apparatus

1908 4395 2076 4450 nostri
2106 4403 2254 4450 tomo
2286 4394 2355 4452 de
2382 4395 2485 4451 illis
2510 4394 2898 4468 disputavimus
2952 4393 3125 4468 (Tom.
3149 4399 3164 4449 t
3191 4396 3446 4466 Apparet.
3480 4436 3497 4461 ,

1909 4488 1997 4544 lib.
2025 4504 2102 4557 ιιι,
2134 4487 2336 4543 dissert.
2361 4505 2399 4556 ι,
2422 4504 2536 4558 cap.
2555 4488 2607 4553 9,
2630 4499 2732 4542 art.
2755 4489 2812 4554 2,
2844 4505 2964 4559 pag.
2999 4488 3162 4544 759st
3180 4488 3367 4560 seqq.).
3385 4488 3507 4546 Suf-

1910 4579 2053 4635 ﬁciat
2098 4581 2276 4651 itaque
2308 4579 2751 4635 animadvertisse
2793 4579 2866 4633 ibi
2915 4580 3066 4635 citari
3102 4578 3347 4651 quatdam
3372 4595 3501 4636 car—

280 4677 402 4737 Non
430 4678 549 4733 sine
568 4676 747 4751 aliqua
780 4684 959 4732 tamen
982 4674 1362 4731 observatione
1385 4671 1804 4745 praetermittens
1829 4666 1886 4731 D
1911 4674 2053 4729 mina
2096 4674 2256 4745 graeci
2294 4681 2466 4744 poetae
2486 4714 2500 4737 ,
2530 4687 2688 4742 quem
2710 4671 2961 4727 Clemens
2989 4671 3385 4728 Alexandrinus
3405 4673 3507 4733 0r-

207 4771 339 4827 dum
363 4778 447 4825 est
470 4768 553 4823 his
573 4766 847 4841 mysmriis
864 4766 1046 4837 datum
1076 4784 1105 4820 a
1135 4766 1417 4821 Clemente
1444 4764 1810 4821 Alexandrino

206 4863 472 4927 Σαϐαζίων
493 4864 795 4933 μυστηρίων
823 4871 1036 4924 nomen,
1066 4856 1197 4913 etab
1209 4866 1428 4912 auctore
1453 4865 1639 4913 nostro
1665 4856 1768 4913 dici
1795 4873 1811 4911 :

212 4974 234 5010 ι
269 4955 477 5023 Quibus
504 4953 750 5010 Sabadiis
777 4968 970 5007 nomen
998 4962 1079 5007 est
1116 4969 1134 5002 ι
1159 4948 1334 5022 (Ann,
1358 4950 1393 5003 ι.
1429 4964 1487 5009 v.
1512 4966 1630 5019 pag.
1656 4949 1809 5021 171).

209 5046 259 5103 A
293 5044 532 5115 pluribus
576 5054 755 5099 autem
799 5051 1110 5099 annotatum
1160 5038 1258 5097 fuit
1309 5038 1579 5096 Bacchum
1630 5041 1810 5097 vocari

210 5139 517 5204 Sabasium,
547 5154 610 5193 ac
632 5137 883 5208 mysteria
903 5137 1018 5207 ejus
1045 5135 1285 5193 Sabasia.
1323 5137 1359 5189 Α
1371 5135 1473 5204 pud
1496 5133 1811 5191 Ciceronem

217 5233 418 5304 quippe
443 5230 703 5300 scriptum
731 5230 956 5299 legimus
982 5247 995 5283 :
1031 5248 1048 5281 ι
1082 5226 1322 5287 Tertium
1354 5226 1695 5298 Dionysium,
1716 5240 1813 5280 seu

220 5325 519 5390 Bacchum,
542 5321 740 5391 Caprio
770 5333 922 5392 patre
959 5330 1164 5385 natum,
1198 5335 1428 5391 eumque
1457 5335 1638 5390 regem
1672 5320 1814 5376 Asiae

216 5418 500 5489 pneluisse
512 5417 714 5481 dicunt,
735 5414 886 5483 cujus
899 5414 1116 5470 Sabasia
1132 5422 1256 5469 sunt
1272 5413 1532 5469 instituta.
1560 5432 1578 5465 ι
1599 5410 1811 5485 (Cicer.,

217 5512 257 5565 ι.
287 5526 325 5565 ιι
362 5508 425 5563 de
465 5505 659 5571 Natur,
687 5508 851 5574 deor.,
894 5523 1013 5577 pag.
1040 5505 1170 5567 248,
1202 5505 1239 5560 l.
1269 5504 1385 5576 25.)
1416 5504 1613 5560 Scribit
1650 5503 1809 5561 etiam

220 5602 485 5658 Diodorus
522 5600 734 5658 Siculus
777 5596 1039 5670 (Diodor.,
1073 5592 1111 5655 Ι.
1143 5614 1222 5665 ιιι,
1264 5614 1382 5669 pag.
1416 5597 1542 5665 M8)
1583 5599 1808 5651 alterum

220 5692 451 5766 proferri
484 5693 815 5765 Dionysium,
862 5692 977 5746 sive
1021 5689 1311 5755 Bacchum,
1343 5688 1475 5745 Jove
1504 5699 1558 5744 et
1590 5688 1813 5743 Proser-

221 5789 347 5861 pina
401 5797 599 5853 ortum,
630 5790 717 5843 τὸν
764 5787 864 5841 ὑπὸ
926 5808 1072 5842 τινων
1125 5784 1373 5842 Σαϐάσιον
1422 5784 1808 5857 ὀνομαζόμενον,

228 5899 372 5954 quem
398 5881 633 5939 nonnulli
663 5878 934 5938 Sabasium
961 5877 1245 5950 appellant,
1273 5893 1336 5934 ac
1386 5876 1539 5948 cujus
1590 5885 1766 5934 ortum
1797 5916 1813 5945 ,

1913 4768 2144 4840 pheum,
2188 4775 2243 4821 et
2280 4765 2483 4822 Auctor
2518 4774 2701 4821 noster
2726 4764 2995 4835 Calliopes
3024 4764 3193 4819 lilium
3226 4766 3501 4837 appellat,

1917 4858 2054 4914 haud
2096 4858 2255 4913 dubie
2294 4859 2416 4930 quia
2457 4855 2703 4928 Orpheus
2727 4899 2742 4925 ,
2778 4866 2835 4912 ut
2878 4858 3021 4913 canit
3060 4854 3316 4928 Virgilius
3342 4901 3356 4924 ,
3388 4859 3509 4916 Cal-

1915 4952 2057 5022 liope
2087 4964 2237 5004 musa
2264 4960 2421 5006 natus
2449 4948 2716 5006 ferebatur
2740 4947 2976 5022 (Virgil.,
2998 4949 3179 5022 Eclog.
3203 4952 3258 5016 4,
3282 4952 3335 5004 in
3362 4950 3505 5021 βω).

1920 5044 1992 5098 Ea
2022 5050 2199 5097 autem
2248 5043 2315 5097 ab
2370 5042 2462 5098 illo
2506 5057 2680 5114 graece
2707 5041 3049 5109 exhibentur,
3080 5051 3135 5098 et
3165 5043 3233 5098 ab
3263 5042 3505 5100 Arnobio

1918 5136 2080 5189 latine
2109 5143 2311 5189 tantum
2340 5150 2358 5191 :
2387 5145 2565 5190 utrum
2594 5144 2774 5191 autem
2804 5150 2869 5189 eo
2900 5135 3015 5206 ipso
3042 5134 3355 5204 interprete,
3383 5135 3505 5206 quis

1916 5229 2142 5285 delinire
2172 5229 2429 5286 audebit?
2461 5232 2530 5285 At
2555 5239 2764 5286 certum
2793 5240 2873 5284 est
2899 5229 2951 5283 in
2986 5229 3133 5299 regio
3162 5227 3346 5283 codice
3390 5243 3508 5282 ma-

1920 5322 2194 5393 nuscripto
2222 5323 2478 5380 mendose
2504 5325 2760 5396 scriptum
2790 5324 3139 5395 sanguinibus,
3165 5322 3356 5377 melius
3380 5338 3510 5380 vero

1916 5414 1971 5471 in
1999 5414 2158 5471 editis
2177 5416 2487 5488 inguinibus,
2518 5417 2614 5473 sed
2639 5418 2813 5472 minus
2839 5417 3083 5482 honeste,
3102 5430 3260 5486 quam
3292 5414 3348 5471 in
3374 5430 3512 5488 grat-

1918 5508 1997 5564 cis
2018 5506 2346 5563 carminibus
2369 5524 2382 5561 :
2417 5506 2531 5564 οὐδέ
2556 5510 2821 5587 πρέποντα
2840 5510 3023 5564 τύπον.
3592 5582 3599 5595 .

1990 5598 2195 5655 Rursus
2222 5614 2349 5663 vero
2381 5599 2647 5655 Arnobius
2685 5615 2749 5655 cx
2781 5598 2970 5655 eodem
2995 5597 3273 5654 Clemente
3298 5614 3362 5655 ea
3391 5615 3513 5657 mu-

1921 5704 2095 5749 tuatus
2153 5702 2230 5750 est
2304 5708 2423 5764 quae
2468 5693 2535 5747 de
2578 5690 2870 5746 Eleusiniis
2914 5689 3186 5762 mysteriis
3240 5691 3516 5762 subjunvit

1923 5786 2164 5856 (Arnob.,
2195 5781 2352 5853 lib.v,
2385 5800 2505 5855 pag.
2539 5783 2681 5851 175;
2711 5782 2940 5839 Clemens
2982 5783 3288 5851 Αιεπαηάνο,
3320 5785 3512 5840 Admo-

1924 5883 2017 5940 m‘t.
2051 5881 2118 5937 ad
2150 5888 2312 5953 gent.,
2346 5894 2463 5950 pag.
2496 5877 2607 5952 l3).
2640 5879 2708 5937 At
2740 5876 2788 5939 si
2813 5878 2976 5952 quisa
2999 5877 3154 5939 nobis
3168 5877 3401 5953 inquirat
3418 5892 3516 5937 cur
