3978 6288
503 340 609 397 599

1720 349 2170 409 DISSERTATIO
2209 353 2488 411 PREVIA

3689 369 3798 426 60f)

499 454 575 509 ibi
622 464 842 528 uterque
881 457 1323 516 Erechthidarum
1355 465 1548 520 iecerit
1577 469 1936 536 mentionem;
1965 468 2089 528 huic
2119 489 2174 548 Α
2195 472 2468 530 naturales
2491 516 2508 542 ,
2539 489 2674 546 quas
2702 476 2916 534 illorum
2945 489 3218 551 auctores,
3269 494 3431 558 atque
3466 501 3534 543 ex
3565 487 3632 544 iis
3656 500 3799 560 post-

502 557 627 616 post
681 548 967 604 Diodorum
1019 549 1257 607 Siculum
1306 556 1753 626 respondebimus
1809 560 2087 618 advectam

496 639 914 698 Atheniensibus
941 643 1236 700 sterilitatis
1265 655 1506 719 tempore
1532 651 1808 722 ingentem
1849 656 2087 711 frumen-

491 735 529 789 ti
585 737 793 804 capiam
841 737 909 792 ab
956 738 1264 797 Erechtheo
1317 742 1606 816 Egyptio,
1666 764 1822 817 quem
1883 759 2087 806 tantum

491 837 713 898 propter
741 827 1058 886 beneficium
1091 848 1268 904 regem
1293 849 1613 892 creaverunt
1641 838 2082 910 (Diodor.Sicul.,

491 920 583 974 lib.
632 937 646 975 t
698 920 967 992 Bibli'ot/a.,
994 942 1112 998 pag.
1150 928 1265 998 17).
1295 929 1514 986 Summa
1544 947 1725 989 autem
1779 951 1959 991 rerum
1987 953 2084 1008 po-

485 1015 636 1083 titus,
666 1017 956 1086 Eleusinia,
984 1023 1097 1077 sive
1132 1020 1344 1080 Cereris
1373 1031 1624 1100 mysteria
1645 1072 1659 1096 ,
1690 1030 1881 1089 ritibus
1903 1051 1968 1089 ex
1994 1034 2087 1089 1E-

492 1119 657 1178 gypto
700 1112 959 1169 traductis
988 1156 1003 1181 ,
1058 1115 1310 1172 instituit.
1340 1118 1681 1191 QuaprOpter
1728 1124 2087 1185 Athenienses

491 1201 854 1272 Erechthidaa,
887 1223 983 1264 seu
1005 1211 1449 1270 Erechthidarum
1487 1218 1688 1288 populi,
1713 1221 1782 1275 ab
1809 1219 2086 1280 Clemente

491 1301 878 1366 Alexandrino,
910 1307 1146 1362 Aruobio
1173 1317 1230 1362 et
1257 1310 1378 1365 aliis
1405 1322 1683 1368 vocantur.
1731 1312 1805 1371 De
1835 1316 1943 1372 illis
1987 1335 2081 1375 au-

489 1404 598 1449 tem
633 1395 918 1452 Eleusiniis
949 1402 1220 1472 mysteriis
1248 1419 1276 1456 a
1302 1405 1452 1460 nobis
1500 1407 1551 1460 in
1583 1408 1862 1478 superiore
1903 1414 2084 1483 Appa-

482 1499 628 1544 ratus
678 1493 846 1547 nostri
908 1502 1052 1550 tomo
1093 1506 1272 1552 actum
1325 1509 1409 1555 est
1439 1499 1566 1572 (tam
1613 1501 1934 1572 tApparal.,
1992 1507 2082 1561 lib.

487 1589 601 1655 cil.,
628 1610 748 1664 pag.
777 1593 926 1666 760).

553 1684 865 1741 Execranda
901 1689 1147 1756 tandem,
1194 1707 1294 1747 nec
1323 1695 1454 1749 satis
1499 1711 1731 1767 unquam
1761 1698 2084 1755 detestanda

489 1776 778 1834 Alimentia
804 1783 1055 1853 mySteria
1085 1786 1374 1854 Arnobius,
1406 1787 1696 1845 Clementis
1727 1791 2078 1848 Alexandrini

2192 564 2411 622 modum
2466 566 2670 624 Natalis
2721 567 2918 626 Comes
2943 582 2998 628 et
3029 572 3253 633 Vossius
3289 577 3576 636 enucleare
3604 581 3794 638 conati

2190 666 2336 712 sunt.
2354 658 2422 714 Et
2453 671 2600 717 certe
2619 677 2687 718 ex
2713 660 2974 720 Cicerone
2985 664 3244 724 discimus
3263 668 3400 728 hanc
3424 671 3596 744 ipsam
3623 673 3792 730 fuisse

2190 750 2473 825 Chrysippi
2494 755 2828 828 aliorumque
2845 758 3310 832 philosophorum,
3340 767 3429 837 qui
3460 766 3671 840 physici
3701 784 3796 826 vo-

2193 845 2472 912 cabantur,
2508 847 2818 917 opinionem
2847 866 2910 906 ac
2937 869 3282 925 responsum.
3313 858 3369 913 In
3407 861 3648 916 secundo
3673 870 3793 920 ete-

2191 937 2302 992 nim
2331 938 2473 995 illius
2501 939 2572 996 de
2589 940 2789 997 Natura
2812 942 3042 1000 deorum
3070 947 3209 1003 libro
3229 948 3446 1018 Balbus,
3479 951 3792 1012 Stoicorum

2191 1033 2440 1102 nomine,
2472 1035 2725 1092 latentem
2751 1037 2806 1092 in
2837 1037 3078 1096 historiis
3108 1042 3238 1112 illis,
3265 1054 3322 1100 et
3350 1047 3619 1118 mysteriis
3648 1048 3790 1122 phy-

2191 1126 2360 1181 sicum
2387 1127 2846 1200 allegoricumque
2890 1147 3106 1189 sensum
3166 1152 3360 1195 eruere
3396 1150 3452 1196 et
3497 1142 3793 1212 explanare

2189 1218 2393 1273 nititur.
2428 1220 2713 1292 Postquam
2741 1239 2872 1279 vero
2895 1227 3114 1296 planum
3142 1229 3214 1284 ibi
3237 1230 3380 1297 fecit,
3411 1232 3537 1303 quid
3566 1233 3789 1293 Saturni

2187 1323 2217 1363 a
2243 1309 2378 1366 Jove
2407 1313 2570 1368 vincti
2599 1355 2614 1379 ,
2658 1324 2712 1370 et
2739 1316 2969 1374 aliorum
2997 1319 3240 1390 ejusdem
3279 1325 3495 1394 generis
3523 1325 3788 1384 factorum

2187 1403 2492 1461 nominibus
2526 1405 2747 1479 physice
2773 1420 2829 1466 et
2855 1411 3148 1480 allegorice
3181 1414 3536 1486 significetur,
3568 1419 3712 1476 hunc
3735 1421 3790 1477 in

2186 1495 2403 1550 modum
2443 1498 2745 1556 concludit:
2779 1519 2799 1554 ι
2825 1501 3100 1560 Videtisne
3119 1506 3280 1576 igitur
3301 1516 3410 1563 uta
3428 1508 3664 1581 physicis
3695 1526 3787 1568 re-

2185 1585 2446 1655 bus,beue
2460 1601 2621 1664 atque
2641 1593 2839 1650 utiliter
2863 1595 3290 1666 iuventis,tracta
3308 1601 3446 1656 ratio
3463 1604 3533 1658 sit
3551 1603 3618 1659 ad
3631 1618 3789 1661 com-

2187 1681 2464 1736 mentitios
2491 1689 2547 1737 et
2591 1682 2747 1740 fictos
2791 1685 2957 1742 deos?
2986 1686 3118 1756 Quae
3145 1706 3232 1748 res
3257 1693 3440 1763 genuit
3467 1695 3628 1753 falsas
3667 1698 3786 1770 opi—

2186 1773 2399 1841 niones,
2455 1792 2784 1852 erroresque
2837 1783 3173 1841 turbulentos
3196 1827 3212 1852 ,
3270 1799 3326 1844 et
3365 1793 3782 1861 superstitiones

487 1880 766 1940 sequester
797 1873 972 1930 adhuc
1001 1885 1054 1932 et
1097 1878 1384 1949 interpres,
1416 1896 1511 1950 pro
1545 1883 1742 1938 merito
1787 1885 2080 1942 insectatur

2190 1879 2323 1937 pene
2341 1868 2534 1924 aniles.
2571 1888 2590 1923 ι
2638 1871 2850 1942 (Cicer.,
2891 1874 2981 1929 lib.
3038 1892 3055 1930 ι
3097 1877 3162 1933 de
3208 1877 3402 1935 Natur.
3439 1883 3604 1950 deor.,
3661 1903 3785 1958 pag.

488 1963 732 2032 (Arnob.,
768 1965 856 2021 lib.
886 1984 938 2033 v,
969 1985 1086 2041 pag.
1124 1971 1227 2027 176
1247 1982 1294 2027 et
1317 1990 1419 2041 seq.
1445 1992 1465 2039 ;
1520 1975 1750 2031 Clemens
1779 1977 2080 2044 Alexandr.,

486 2055 749 2110 Admonil.
783 2059 852 2111 ad
881 2071 1018 2131 gent.
1047 2105 1060 2125 ,
1091 2080 1211 2135 pag.
1241 2065 1303 2120 9.!
1338 2076 1385 2119 et
1405 2067 1521 2136 22).
1550 2068 1659 2125 Nos
1690 2086 1818 2126 vero
1837 2071 1906 2126 de
1936 2072 2086 2129 hisce

488 2147 658 2202 sacris
684 2148 998 2208 fmdissimis
1027 2165 1082 2209 et
1110 2165 1310 2212 :eterua
1337 2160 1628 2224 oblivione.
1657 2162 1757 2218 nisi
1802 2165 1868 2219 ad
1891 2165 2086 2222 confu-

485 2239 680 2294 tandos
693 2243 921 2310 gentiles
945 2286 959 2308 ,
991 2261 1193 2317 eosque
1223 2265 1250 2302 a
1281 2253 1658 2319 superstitioso
1685 2255 1909 2312 deorum
1940 2259 2085 2315 cultu

487 2330 554 2384 ad
603 2347 784 2389 veram
838 2337 1152 2408 religionem
1201 2341 1567 2412 adducendos,
1601 2347 1958 2419 damnandis,
1986 2367 2086 2408 nos

485 2424 612 2483 alibi
640 2427 1027 2497 disputavimus
1055 2432 1216 2507 (Eod.
1270 2447 1391 2492 tom.
1439 2455 1456 2493 ι
1491 2441 1766 2512 Apparat.,
1789 2462 1909 2518 pag.
1939 2447 2044 2503 774
2066 2491 2080 2513 ,

495 2527 543 2571 el
571 2520 758 2592 seqq).

564 2613 734 2669 Porro
755 2625 930 2672 autem
958 2622 1075 2690 quis
1092 2637 1239 2677 sanae
1270 2626 1466 2682 mentis
1488 2627 1650 2685 homo
1674 2630 1818 2686 illam
1848 2642 1926 2689 tot
1951 2643 2087 2690 tam-

495 2717 601 2773 que
642 2704 1031 2766 horrendorum
1068 2715 1448 2785 mysteriorum
1472 2722 1867 2779 enarrationem
1901 2726 2087 2784 audire

488 2807 686 2867 potest,
735 2803 859 2872 quin
909 2809 1089 2861 statim
1118 2823 1239 2863 cum
1289 2814 1522 2869 Auctore
1563 2824 1749 2871 nostro
1799 2821 2086 2877 concludat

488 2905 753 2948 summam
786 2911 906 2952 esse
933 2899 1271 2957 ethnicorum
1305 2904 1638 2976 iniquitatem
1654 2909 2080 2981 aedementiam,

496 2984 584 3050 qui
615 2984 681 3038 ad
710 2985 844 3042 deos
885 2992 1043 3045 tantis
1091 2993 1333 3065 adeoque
1365 2997 1610 3054 nefandis
1632 3002 1926 3060 sceleribus
1950 3007 2088 3061 infa-

493 3089 613 3131 mes
638 3080 893 3136 colendos
913 3125 926 3144 .
959 3095 1118 3155 atque
1147 3088 1214 3142 ad
1267 3097 1373 3144 tam
1405 3092 1635 3149 obscena
1669 3111 1732 3151 ac
1749 3097 2085 3156 detestabilia

488 3173 743 3240 mysteria
774 3177 1072 3248 peragenda
1101 3181 1246 3236 omni
1271 3184 1658 3254 suppliciorum
1680 3205 1879 3259 genere
1904 3193 2079 3250 chris-

2187 1955 2295 2013 225
2317 1972 2366 2013 et
2392 1977 2525 2032 seq.;
2551 1972 2597 2017 et
2625 1963 2714 2021 lib.
2747 1981 2764 2020 ι
2821 1983 2941 2039 pag.
2970 1967 3122 2041 20L)
3153 1970 3439 2029 Contendit
3474 1955 3774 2049 itaqueire—s

2188 2050 2437 2123 physicas
2480 2064 2535 2111 et
2565 2059 2860 2126 naturales,
2899 2077 3108 2118 summa
3135 2077 3423 2135 poetarum
3454 2069 3790 2145 aliorumque

2188 2142 2402 2200 licentia
2430 2188 2444 2210 ,
2476 2147 2544 2203 ad
2587 2149 2722 2206 deos
2758 2151 2920 2208 falsos
2968 2165 3026 2210 et
3068 2162 3470 2218 commentitios
3501 2142 3790 2224 translatas

2189 2233 2376 2304 fuisse,
2400 2247 2558 2309 atque
2579 2241 2632 2296 in
2655 2257 2750 2298 eos
2777 2255 3104 2316 praepostere
3132 2251 3559 2312 transformatas.
3586 2257 3787 2316 Contra

2192 2338 2370 2385 tamen
2403 2331 2665 2390 Eusebius
2688 2335 2926 2408 (Euseb.,
2972 2341 3061 2396 lib.
3097 2359 3132 2398 n
3159 2341 3398 2417 Prtepar.
3427 2365 3636 2422 evang.,
3667 2370 3783 2425 cap.

2191 2420 2242 2486 6,
2274 2439 2395 2494 pag.
2431 2424 2548 2497 74),
2579 2426 2799 2484 Diodori
2827 2430 2997 2488 Siculi
3019 2445 3073 2490 et
3102 2435 3395 2496 Clementis
3434 2420 3789 2503 Alexandrini

2189 2517 2511 2573 auctoritate
2558 2517 2754 2591 fretus,
2803 2526 3081 2583 contendit
3118 2531 3267 2599 prius
3295 2531 3365 2588 ab
3401 2535 3790 2607 antiquissimis

2189 2608 2482 2678 gentilibus
2510 2610 2895 2672 dissentinatas
2920 2617 3089 2676 fuisse
3117 2623 3452 2693 turpissimas
3468 2627 3584 2683 illas
3601 2628 3674 2686 de
3686 2630 3789 2688 diis

2190 2702 2302 2756 suis
2317 2703 2618 2774 opiniones,
2651 2708 2734 2763 vel
2768 2709 2944 2779 potius
2973 2712 3287 2782 opinionum
3317 2730 3560 2775 monstra
3581 2736 3646 2777 ac
3661 2737 3790 2794 por-

2129 2815 2132 2818 '
2193 2804 2359 2851 tenta.
2393 2796 2642 2854 Posthaac
2671 2816 2800 2857 vero
2827 2819 2949 2859 cum
2979 2809 3312 2866 recentiores
3344 2820 3612 2869 tantarum
3644 2858 3662 2884 ,
3703 2817 3790 2872 in-

2189 2889 2327 2960 quit,
2360 2891 2804 2966 obscoenitatum,
2836 2897 2891 2952 in
2912 2897 2994 2953 his
3020 2906 3131 2955 tam
3160 2903 3391 2973 turpiter
3415 2921 3792 2976 expressarum

2191 2986 2435 3057 puderet,
2467 3006 2568 3047 nec
2595 3006 2658 3046 ea
2683 3001 2865 3049 tamen
2887 3005 3112 3065 possent
3137 2999 3362 3055 omnino
3391 3013 3485 3058 aut
3514 3004 3744 3075 rejicere
3772 3050 3789 3077 ,

2190 3090 2283 3135 aut
2327 3082 2552 3139 inliciari
2583 3126 2599 3151 ,
2650 3085 2718 3141 ad
2765 3086 3048 3161 physicum
3078 3091 3540 3169 allegoricumque
3569 3114 3790 3160 sensum

2193 3175 2488 3247 confugere
2509 3182 2680 3236 coacti
2709 3191 2855 3236 sunt.

484 3261 662 3318 tianos
686 3270 1016 3337 compellere
1043 3275 1423 3330 conabantur?
1451 3279 1588 3347 Quid
1615 3283 1759 3337 enim
1791 3287 1960 3357 magis
1980 3288 2083 3343 ini-

2263 3269 2484 3339 Verum,
2500 3283 2790 3346 utcumque
2811 3291 2899 3333 res
2913 3292 2973 3334 se
2989 3278 3258 3349 habuerit,
3288 3296 3501 3342 constat
3519 3303 3654 3346 sane
3670 3289 3787 3348 haec

488 3367 673 3422 quum,
725 3374 886 3428 qnam
947 3377 1043 3416 eos
1107 3363 1308 3421 idcirco
1358 3369 1756 3441 condemnare,
1812 3387 2084 3449 tamquam

495 3447 743 3504 atheismi
774 3454 1088 3509 convictos?
1139 3455 1327 3514 Nonne
1372 3455 1468 3530 ipéi
1496 3467 1724 3533 gentiles
1752 3447 1953 3538 potiori
1967 3472 2089 3542 jure

493 3537 637 3594 athei
667 3541 878 3597 dicendi
911 3557 1095 3613 erant,
1150 3551 1261 3619 qui,
1291 3553 1494 3621 rejecto
1521 3559 1630 3611 veri
1663 3537 1762 3614 Dei
1789 3537 2090 3636 cultuipu—

494 3627 652 3684 blicis
676 3633 728 3686 in
756 3632 907 3689 festis
932 3648 984 3691 et
1013 3642 1284 3711 mysteriis
1311 3643 1530 3702 fictitios
1554 3649 1802 3706 colebant
1823 3627 1976 3723 deos,
1994 3627 2087 3728 qui

489 3727 790 3783 execranda
839 3744 933 3786 sua
961 3733 1031 3787 ob
1060 3733 1255 3806 flagitia
1297 3753 1396 3795 nec
1441 3740 1716 3800 hominum
1745 3745 1894 3820 digni
1933 3727 2088 3809 erant

493 3818 712 3873 nomine
727 3819 751 3870 ἶ)

1102 4004 1399 4050 Διιτιςυιυε
1429 4010 1480 4051 ΙΙ.

498 4115 749 4196 Quomodo
768 4123 1074 4200 ethnicorum
1095 4133 1368 4200 responsio,
1395 4147 1491 4200 qua
1510 4142 1756 4200 Amysteria
1779 4140 1859 4190 illa
1884 4155 1940 4192 ac
1979 4150 2086 4196 tur-

554 4184 780 4243 pissimas
801 4186 1007 4264 deorum
1023 4184 1221 4264 suor‘ur'n
1241 4184 1465 4264 historias
1479 4184 1756 4264 allegorice
1773 4184 2088 4264 Eii-.iiéariéis

558 4257 672 4294 esse
698 4251 1082 4311 contendebant,
1107 4253 1168 4304 ab
1186 4253 1401 4307 Arnobio
1418 4251 1633 4311 funditus
1655 4251 1928 4318 evertatur.

567 4397 681 4453 Non
724 4415 912 4471 magna
954 4403 1071 4458 sine
1107 4405 1270 4461 animi
1297 4412 1657 4467 commotione
1685 4418 2088 4484 persentiebant

494 4490 714 4558 ethnici,
746 4509 904 4564 quam
937 4495 1216 4555 evidenter
1242 4501 1463 4557 deorum
1493 4519 1713 4562 suorum
1758 4508 1910 4572 festa,
1938 4528 2085 4585 mys-

493 4587 655 4649 teria,
687 4597 849 4658 atque
877 4591 1039 4645 etiam
1073 4591 1332 4661 historiae,
1367 4613 1500 4668 quas
1530 4600 1580 4655 in
1622 4603 1883 4671 superiori
1912 4608 2086 4678 capite

2189 3363 2528 3421 ethnicorum
2545 3382 2825 3438 responsa,
2868 3387 3144 3445 vanasque
3173 3377 3564 3449 explicationes
3591 3384 3664 3439 ab
3686 3385 3787 3441 Ar-

2189 3459 2354 3516 nobio
2378 3473 2566 3516 nostro
2594 3462 2824 3536 aliisque
2851 3465 3107 3523 Ecclesiae
3136 3470 3388 3528 Patribus
3428 3477 3669 3545 stirpitus
3695 3495 3788 3536 ex-

2189 3551 2352 3612 trahi.
2380 3552 2499 3622 Quo
2528 3555 2672 3610 enim
2702 3565 2858 3625 pacto
2887 3600 2902 3623 ,
2951 3559 3028 3614 ait
3053 3570 3244 3617 auctor
3260 3573 3468 3632 noster,
3503 3568 3584 3622 ha:
3617 3568 3787 3626 inter-

2187 3647 2516 3716 pretationes
2538 3648 2825 3718 prohibere
2849 3663 3072 3721 possunt
3092 3653 3332 3726 (Arnob.,
3355 3658 3445 3715 lib.
3464 3677 3516 3728 v,
3540 3680 3664 3734 pag.
3682 3665 3786 3724 180

2189 3749 2237 3794 et
2285 3741 2451 3813 seqq.)
2495 3742 2625 3813 quin
2667 3757 2768 3809 ea,
2815 3759 2933 3816 qua:
2984 3745 3052 3802 de
3107 3747 3209 3803 diis
3255 3752 3453 3822 scripta
3509 3755 3782 3826 legimus,

2188 3847 2350 3908 prout
2380 3837 2538 3894 verba
2555 3851 2772 3909 sonant,
2800 3847 2910 3898 sint
2935 3843 3197 3915 flagitiosa
3242 3863 3306 3904 ac
3332 3850 3552 3906 omnino
3574 3853 3781 3926 impia?

2187 3931 2320 4001 Quis
2348 3948 2479 3991 vero
2498 3950 2560 3992 ea
2586 3938 2874 4010 allegorica
2891 3949 3096 3996 tantum
3128 3957 3291 3999 sensu
3308 3946 3624 4015 explicanda
3647 3964 3774 4007 esse

2187 4025 2425 4095 probare
2469 4029 2704 4099 poterit?
2729 4029 2783 4086 Si
2813 4031 2898 4088 hic
2928 4033 3206 4090 enimvero
3232 4051 3454 4106 sensus,
3487 4041 3642 4096 sicuti
3669 4043 3783 4098 aie-

2187 4117 2318 4172 bant
2338 4162 2352 4184 ,
2411 4121 2653 4176 occultus
2691 4132 2775 4178 est
2801 4166 2817 4192 ,
2846 4125 2966 4194 quis
2991 4126 3140 4181 illtuu
3170 4129 3456 4197 gentilibus
3489 4133 3783 4203 patefecit?

2186 4210 2376 4269 Nonne
2403 4215 2564 4270 etiam
2597 4217 2780 4288 plures
2805 4218 2987 4275 aflerri
3009 4233 3236 4291 possunt
3259 4224 3416 4281 unius
3440 4237 3494 4281 et
3535 4227 3784 4298 ejusdem

2188 4303 2427 4362 historia:
2455 4348 2472 4373 ,
2515 4309 2665 4365 verbi
2697 4313 2888 4381 gratia,
2920 4313 2989 4370 de
3013 4313 3147 4371 Jove
3173 4325 3230 4372 et
3257 4315 3454 4376 Cerere
3470 4321 3783 4393 explicatio.

2191 4403 2326 4457 nes?
2353 4403 2484 4472 Quis
2511 4421 2644 4477 ergo
2672 4423 2831 4464 uuam
2857 4411 3056 4480 potius,
3086 4428 3244 4483 quam
3275 4413 3456 4483 aliam,
3489 4431 3670 4474 veram
3698 4434 3787 4490 ge-

2190 4496 2525 4568 nuinamque
2551 4514 2676 4555 esse
2703 4511 2855 4556 certo
2887 4504 3044 4559 nobis
3071 4506 3357 4575 probabit?

2258 4588 2374 4661 Age
2407 4605 2566 4658 vero;
2605 4595 2862 4665 numquid
2901 4611 3093 4653 omnes
3120 4599 3362 4668 ejusdem
3388 4600 3630 4658 historia:
3664 4621 3786 4675 par—

490 4681 866 4736 recensuimus
889 4725 903 4748 ,
956 4683 1146 4740 falsam
1171 4703 1356 4744 eorum
1387 4667 1720 4750 divinitatem
1743 4667 2081 4757 demonsira-
2110 4667 2162 4727 D
2187 4689 2268 4738 ίθδ
2297 4697 2458 4738 “ns”
2480 4685 2773 4755 δηθεοτίθο
2803 4689 3163 4761 ίηιθηίεθιιάεε
3189 4701 3316 4747 sum
3335 4693 3358 4745 ?
3379 4693 3646 4766 (Ῑδίάοίνσ
3671 4699 3779 4754 189

493 4783 616 4828 rent
667 4776 905 4845 (Arnob.,
959 4779 1046 4834 lib.
1080 4797 1132 4848 v,
1163 4786 1464 4859 1:09.179).
1515 4788 1874 4857 Quamobrem
1927 4809 2086 4867 argu-

488 4879 669 4922 menta
697 4886 762 4925 ex
813 4873 878 4926 iis
903 4872 1061 4928 ducta
1084 4919 1099 4942 ,
1131 4893 1345 4949 quoquo
1373 4881 1588 4938 tandem
1623 4885 1782 4939 modo
1810 4887 2085 4948 infirmare

484 4964 921 5020 connitehantnr.
955 4965 1140 5037 Itaque
1177 4973 1572 5042 respondebant
1598 4991 1659 5031 ea
1711 4993 1832 5047 qute
1857 4980 1959 5036 sibi
1987 4982 2082 5037 ob-

477 5054 826 5122 jiciebantur,
862 5074 960 5114 nec
986 5076 1182 5132 negare
1199 5074 1291 5119 aut
1315 5065 1653 5125 dissimulare
1673 5079 1940 5141 poterant,
1971 5084 2082 5131 tur-

487 5152 574 5220 pia
598 5149 822 5206 (leorum
840 5167 1058 5210 suorum
1077 5160 1278 5213 scelera
1297 5161 1348 5214 in
1381 5164 1653 5232 mysteriis
1677 5164 2078 5237 réprmsentata,

485 5243 797 5310 neutiquam
826 5245 1078 5302 debuisse
1108 5250 1174 5303 ad
1206 5251 1457 5316 litteram,
1489 5255 1582 5308 sed
1611 5255 1900 5326 allegorice
1926 5261 2080 5316 altio-

467 5335 635 5406 'riqne
683 5352 842 5392 sensu
879 5339 1120 5411 intelligi.
1156 5342 1443 5401 Peritiorcs
1478 5348 1676 5403 etenim
1713 5349 1980 5407 docebant
2023 5352 2074 5408 in

478 5428 547 5484 iis
583 5419 873 5498 omnibus,
911 5431 1312 5504 quantumlibet
1347 5441 1517 5512 turpia
1568 5443 1905 5516 obscenaque
1929 5445 2078 5501 vide-

377 5561 382 5566 .
483 5529 701 5585 rentur,
740 5525 1014 5605 contineri
1064 5528 1332 5600 physicas,
1363 5535 1645 5605 mysticas,
1693 5537 1976 5614 mirabiles.
2011 5553 2074 5594 ac

465 5602 666 5688 'paucis
697 5602 942 5686 cognitas
969 5621 1225 5678 rationes.
1254 5623 1384 5678 Nam
1399 5624 1574 5691 Jovis,
1603 5627 1930 5696 inquiehant,
1950 5643 2070 5685 cum

439 5746 442 5750 .
484 5698 700 5781 Cerere,
733 5701 1097 5776 a’ut‘filia'sua
1129 5716 1469 5782 concubitus,
1500 5726 1686 5784 raptus
1713 5717 2067 5789 Proserpinae,

435 5847 439 5851 ,
486 5801 539 5843 ct
570 5794 668 5846 alia
689 5798 943 5864 'qtt:'t_t|ihet
987 5803 1070 5856 his
1095 5805 1286 5860 similia
1315 5808 1447 5862 nihil
1477 5806 2022 5898 significabantialiud
2051 5859 2066 5883 ,

485 5873 592 5939 nisi
609 5875 864 5959 pluviam,
890 5883 1157 5964 tenariam,
1189 5901 1438 5969 imbrem,
1467 5904 1698 5970 semina,
1724 5887 1963 5979 aliasque
1984 5923 2070 5966 res
2107 5911 2116 5914 ’

2190 4787 2236 4831 et
2258 4776 2420 4849 seqq.)
2452 4776 2556 4834 Sed
2589 4781 2710 4850 quis
2738 4781 2894 4838 nobis
2925 4799 3177 4855 umquam
3207 4785 3497 4844 edisseruit
3514 4801 3604 4845 aut
3639 4791 3784 4848 edis-

2189 4883 2374 4926 serere
2416 4872 2588 4942 potuit
2615 4873 2742 4944 quid
2789 4877 2989 4942 Brimo,
3020 4877 3148 4948 quid
3179 4878 3384 4945 Baubo,
3416 4881 3544 4952 quid
3579 4881 3783 4939 Henna:

2185 4979 2375 5020 nemus
2395 4975 2452 5021 et
2480 4965 2661 5036 flores,
2691 4968 2820 5040 quid
2861 4969 3041 5026 Etnae
3081 4971 3218 5043 ignis
3247 4985 3301 5030 et
3329 4974 3494 5042 iaces,
3527 4978 3656 5049 quid
3684 4980 3783 5035 At-

2186 5057 2292 5112 tica
2321 5059 2491 5129 regio,
2517 5059 2646 5130 quid
2678 5076 2844 5133 pagus
2872 5062 3203 5130 Eleusinius,
3231 5075 3286 5120 et
3314 5066 3416 5123 alia
3448 5069 3779 5138 ejuscemodi

2186 5153 2576 5221 propemodum
2600 5155 2802 5210 infinita
2829 5156 3118 5228 allegorice
3143 5158 3484 5230 significent?

2257 5249 2325 5303 At
2350 5247 2478 5304 illud
2507 5249 2752 5319 inprimis
2796 5252 3096 5308 attentione
3113 5252 3353 5324 dignum,
3391 5257 3532 5327 quod
3563 5257 3618 5314 in
3647 5259 3776 5316 illo-

2183 5357 2303 5397 rum
2335 5345 2648 5399 memoriam
2681 5347 2811 5400 festa
2872 5355 2926 5402 et
2967 5350 3467 5420 mysteriahannuis
3506 5366 3570 5407 ac
3617 5359 3774 5413 statis

2183 5434 2506 5502 quibusdam
2536 5435 2729 5517 diebus
2755 5478 2770 5505 ,
2804 5437 2872 5493 ab
2898 5440 3149 5496 omnibus
3175 5441 3406 5497 ethnicis
3437 5446 3772 5517 perageban-

2183 5541 2269 5586 tur
2299 5530 2484 5603 (Ibid.,
2536 5508 2667 5604 'pag.
2710 5533 2812 5589 184
2857 5545 2904 5589 et
2947 5535 3096 5607 seq.).
3125 5508 3596 5605 Quemadmodum
3639 5557 3770 5615 ergo

2179 5633 2324 5680 certa
2356 5635 2410 5680 et
2432 5636 2707 5693 constans,
2739 5641 2802 5683 ac
2828 5629 3020 5700 insigni
3052 5626 3195 5684 facto
3224 5630 3404 5703 aliquo
3430 5631 3649 5690 fundata
3675 5650 3768 5692 es-

2176 5735 2236 5775 se
2263 5718 2490 5776 debebat
2517 5720 2774 5777 horumce
2805 5722 3064 5777 festorum
3084 5723 3292 5779 dierum
3321 5725 3471 5796 origo
3503 5745 3517 5780 :
3548 5728 3619 5782 ita
3646 5744 3767 5799 qua:

2176 5813 2423 5871 solebant
2459 5815 2513 5871 in
2557 5817 2636 5871 eis
2667 5816 2934 5884 exhiberi,
2958 5816 3157 5889 aliquid
3189 5834 3380 5891 reapse
3401 5831 3560 5876 antea
3584 5833 3767 5881 actum

2175 5909 2655 5979 reprcesentahant.
2683 5909 2915 5967 Necesse
2935 5911 3094 5982 igitur
3113 5911 3284 5969 fuitut
3302 5915 3544 5986 quaedam
3567 5918 3762 5976 saltem
