3978 6298
123 407 250 462 601·

1335 405 1400 462 IN
1438 400 1814 472 ARNOBIUM,
1855 398 2007 459 CAP.
2049 402 2192 460 XIX.

3310 371 3416 457 eos

117 521 472 578 historiarum
493 521 707 578 illarum
736 530 918 594 partes
948 521 1247 579 naturalem
1278 532 1334 578 et
1361 520 1584 577 minime
1639 518 1714 573 al-
1741 522 1797 583 Α
1821 521 1972 590 tiani,
2008 533 2119 578 tum
2155 521 2379 594 ethnici,
2406 523 2527 581 illos
2555 539 2621 582 ex
2643 525 2744 582 hac
2783 523 3062 581 levissima
3093 521 3413 580 defensione

137 619 417 688 egoricum
472 630 693 673 sensum
733 615 1038 673 habuerint.
1067 619 1136 672 At
1165 616 1212 671 si
1247 614 1493 688 quaedam
1529 621 1712 684 partes

116 710 351 765 naturali
393 719 450 766 et
496 709 619 766 alia:
663 710 956 781 allegorico
986 725 1150 765 sensu
1182 717 1308 764 sunt
1332 705 1658 777 accipiendae
1686 746 1703 772 ,

117 802 240 872 quis
267 817 363 858 eas
391 809 539 858 recte
565 802 877 858 discernet?
903 801 1059 857 Nulla
1091 801 1369 857 enimvero
1399 809 1556 868 nota,
1596 797 1712 853 nul-

118 893 341 964 lumque
366 896 578 965 signum
607 903 694 951 est
712 909 819 966 quo
850 909 954 949 una
981 895 1048 950 ab
1073 893 1178 948 alia
1201 903 1538 949 secernatur.

188 987 301 1044 Sed
341 987 590 1044 ethnicos
623 986 798 1043 adhuc
818 986 994 1042 acrius
1023 994 1178 1056 urget
1211 984 1501 1040 Arnobius.
1535 981 1714 1039 Gratis

117 1085 266 1140 enim
293 1094 346 1138 et
363 1084 656 1140 liberaliter
681 1083 788 1140 illis
813 1081 1062 1137 concedit
1087 1080 1186 1135 has
1217 1079 1494 1144 historias,
1511 1088 1567 1132 et
1593 1091 1711 1146 qua:

117 1177 171 1232 in
195 1175 475 1247 mysteriis
503 1176 704 1231 flebant
723 1216 741 1243 ,
781 1173 1090 1243 neutiquam
1119 1171 1360 1235 litterali,
1389 1169 1483 1225 sed
1514 1168 1714 1239 allego-

118 1270 232 1328 rico
263 1281 472 1326 tantum
514 1284 675 1326 sensu
709 1284 867 1341 posse
896 1267 1179 1340 explicari.
1209 1270 1278 1321 At
1306 1279 1413 1320 non
1438 1263 1563 1318 inde
1594 1277 1715 1332 pro-

117 1360 283 1431 fecto,
313 1363 491 1434 arguit
523 1361 631 1429 ille,
678 1362 858 1417 minor
889 1361 943 1415 in
991 1358 1124 1414 deos
1170 1356 1435 1414 redundat
1472 1354 1711 1411 infamia.

119 1452 238 1521 Quo
258 1456 403 1510 enim
426 1453 659 1525 graviori
689 1453 935 1509 convicio
961 1450 1234 1508 verberari
1266 1458 1532 1520 poterant,
1551 1461 1711 1518 quam

118 1547 240 1604 illos
276 1547 479 1604 idcirco
525 1546 835 1603 nominibus
881 1545 1154 1616 appellare
1191 1543 1390 1614 flagitia
1430 1551 1483 1597 et
1507 1541 1712 1597 scelera

117 1641 460 1713 apertissime
486 1639 936 1712 signiﬁcantibus.
966 1639 1089 1710 quia
1114 1638 1296 1708 plures
1323 1629 1712 1707 garriebantiis
1792 1646 1803 1657 ’

116 1750 206 1792 res
223 1735 504 1791 naturales
529 1734 759 1807 mystico
788 1747 950 1790 sensu
977 1729 1201 1787 indicari
1226 1730 1250 1784 ’ἶ

184 1830 324 1898 Quid
364 1829 551 1886 iisdem
581 1830 684 1886 diis
710 1832 880 1901 magis
908 1827 1359 1885 contumeliosum
1407 1839 1569 1895 quam
1599 1832 1713 1878 tur-

116 1926 341 1998 pissima
373 1926 587 1982 illorum
615 1927 749 1981 facta
780 1925 952 1997 palam
979 1934 1036 1980 et
1055 1923 1250 1994 ubique
1271 1931 1326 1977 et
1347 1918 1708 1992 prmdicando,
1739 1911 1789 1974 B

119 2030 174 2076 et
216 2020 679 2091 repraesentanda,
727 2034 814 2075 res
864 2019 1004 2075 velle
1050 2016 1342 2089 signiticari
1387 2028 1579 2086 graves
1613 2028 1715 2068 nec

117 2112 470 2169 inhonestas?
518 2113 598 2168 Eo
651 2115 849 2185 quippe
894 2111 1130 2167 absurdo
1191 2109 1403 2180 penitus
1460 2106 1714 2178 loquendi

114 2206 277 2262 modo
304 2207 579 2278 turpitudo
597 2207 745 2278 prius
774 2207 1033 2271 animum,
1069 2220 1228 2277 quam
1255 2219 1446 2259 sensus
1475 2203 1617 2258 illius
1635 2203 1714 2256 al-

114 2298 409 2372 legoricus,
461 2309 515 2356 et
571 2300 844 2373 religionis
869 2299 1159 2355 auctoritas
1209 2297 1536 2368 perstringit.
1581 2296 1713 2363 Quis

121 2395 283 2452 etiam
335 2393 540 2452 inficias
593 2397 673 2451 ire
732 2395 926 2450 audeat
981 2394 1140 2466 longe
1187 2393 1353 2449 satius
1391 2393 1554 2448 fuisse
1597 2405 1711 2446 rem

114 2489 408 2562 quamlibet
437 2489 670 2545 naturali
695 2504 816 2556 suo,
857 2503 1017 2560 quam
1050 2488 1209 2542 ullius
1230 2487 1449 2543 obsceni
1481 2494 1713 2541 autern-

114 2584 248 2641 delis
271 2584 498 2642 deorum
529 2585 785 2640 facinoris
822 2585 1040 2640 nomine
1068 2583 1288 2636 vocari?
1312 2580 1448 2636 Tum
1479 2581 1620 2636 enim
1646 2595 1710 2636 ea

115 2689 167 2733 et
205 2679 422 2750 cognitu
476 2677 668 2743 facilis.
710 2686 767 2735 et
803 2678 973 2733 illaesa
1029 2685 1240 2733 servata
1284 2674 1475 2732 fuisset
1516 2673 1710 2730 coeles-

114 2772 243 2828 tium
271 2771 550 2826 numinum
578 2771 836 2842 dignitas.

177 2865 294 2921 Non
346 2866 530 2937 itaque
575 2865 828 2921 audiendi
859 2865 1088 2936 amplius
1113 2863 1346 2936 gentiles
1370 2906 1385 2930 ,
1413 2864 1505 2936 qui
1532 2862 1709 2918 adhuc

111 2958 454 3030 obiectabant
477 2959 609 3014 deos
647 2959 792 3015 nolle
822 2974 918 3014 sua
956 2959 1080 3014 sciri
1121 2961 1375 3031 mysteria
1398 3001 1412 3025 ,
1444 2968 1604 3029 atque
1633 2971 1697 3014 ea

109 3052 307 3109 idcirco
330 3094 346 3119 ,
406 3061 462 3108 et
510 3053 723 3108 illorum
769 3051 1022 3108 historias
1047 3051 1348 3122 allegoricis
1379 3059 1548 3106 tectas
1585 3065 1706 3106 esse

113 3145 426 3216 ambagibus
475 3143 637 3219 (Ibid.
669 3187 684 3212 ,
740 3162 860 3216 pag.
897 3142 1044 3216 187).
1074 3144 1202 3213 Quis
1230 3144 1506 3200 enimvero
1546 3157 1706 3198 nosse

112 3241 280 3309 potuit
332 3239 404 3294 ita
430 3237 536 3295 diis
571 3239 739 3296 fuisse
773 3239 1076 3311 placitum?
1114 3237 1276 3293 Certo
1316 3249 1493 3292 autem
1548 3238 1704 3294 nobis

111 3343 441 3402 compertum
471 3343 555 3389 est
578 3334 710 3389 deos
739 3349 1028 3404 numquam
1060 3332 1300 3389 voluisse
1339 3336 1514 3406 turpia
1542 3333 1610 3388 de
1639 3348 1701 3390 se

108 3424 209 3481 dici
229 3435 282 3481 et
310 3425 607 3497 praedicari.
633 3409 944 3494 Quid'enim
986 3427 1090 3492 sol,
1117 3428 1270 3482 verbi
1294 3443 1452 3483 causa
1473 3473 1487 3494 ,
1515 3427 1695 3494 tellus,

111 3515 335 3588 aliaque
361 3533 449 3573 res
472 3518 768 3584 naturales,
802 3521 845 3573 si
893 3519 1139 3589 quaedam
1169 3521 1276 3575 sint
1307 3522 1547 3588 numina,
1583 3537 1698 3577 me-

107 3622 328 3666 ruerunt
358 3620 417 3666 ut
440 3611 508 3666 ab
531 3611 782 3678 ethnicis,
828 3611 1027 3668 Attidis
1047 3655 1063 3679 ,
1095 3613 1147 3667 id
1175 3622 1281 3680 est,
1313 3614 1548 3670 hominis
1579 3630 1692 3671 cas-

107 3703 228 3760 trati
254 3714 311 3762 et
329 3705 590 3772 semiviri,
635 3707 974 3777 aliorumque
1003 3707 1392 3763 sceleratorum
1424 3708 1701 3765 hominum

105 3801 414 3856 nominibus
465 3804 938 3873 nuncuparentur?
983 3802 1229 3874 Denique
1273 3818 1378 3858 non
1428 3804 1602 3858 solum
1625 3802 1698 3862 dii

108 3894 210 3966 ipsi
237 3896 475 3961 colendi,
505 3896 601 3952 sed
646 3898 859 3952 illorum
889 3897 1049 3953 etiam
1090 3897 1305 3951 nomina
1356 3901 1700 3954 veneratione

107 4001 160 4046 et
189 3989 397 4046 honore
441 3989 599 4060 digna
653 3999 797 4054 sunt,
841 4005 1014 4061 neque
1053 3989 1143 4044 illa
1187 3989 1310 4044 aliis
1349 3990 1700 4059 proculdubio

104 4082 336 4138 terrenis
359 4090 414 4136 et
441 4081 684 4151 abiectis,
706 4083 983 4153 multoque
1005 4082 1181 4136 minus
1199 4081 1442 4150 turpibus
1462 4097 1525 4136 ac
1543 4081 1700 4138 foedis

102 4176 267 4232 rebus
291 4175 636 4246 imponenda.
668 4174 800 4244 Quis
827 4191 955 4245 ergo
975 4173 1068 4229 his
1114 4175 1408 4230 rationibus
1448 4177 1549 4230 rite
1579 4191 1698 4243 per-

101 4269 307 4340 pensis,
335 4284 441 4324 non
471 4268 616 4325 videt
642 4285 800 4340 quam
830 4279 977 4324 recte
1017 4268 1282 4324 Arnobius
1306 4270 1612 4339 probaverit
1631 4270 1699 4325 ab

101 4362 189 4428 iis,
218 4361 310 4432 qui
333 4361 556 4416 deorum
599 4377 820 4417 suorum
855 4361 1109 4416 historias
1136 4371 1190 4417 et
1216 4361 1471 4436 mysteria
1500 4362 1698 4433 allego-

98 4457 216 4509 rico
261 4456 598 4525 mystiCOque
623 4471 783 4511 sensu
815 4455 1160 4526 explicabunt
1185 4495 1200 4521 ,
1245 4471 1349 4511 non
1380 4461 1548 4526 magis
1569 4449 1699 4512 reli-

95 4549 354 4620 gionibus
378 4549 491 4604 suis
521 4549 686 4606 fuisse
707 4551 1034 4618 consultum,
1059 4566 1217 4622 quam
1248 4552 1316 4607 ab
1334 4549 1473 4616 aliis,
1493 4552 1584 4622 qui
1605 4566 1698 4607 eas

95 4643 321 4700 litterali
344 4644 607 4714 obvioque
635 4660 798 4700 sensu
830 4644 1203 4716 intelligendas
1244 4660 1366 4700 esse
1400 4645 1694 4716 opinaban-

95 4737 232 4792 tur?
261 4735 456 4792 Parem
483 4737 757 4793 enimvero
805 4739 1019 4808 utrique
1045 4737 1148 4792 diis
1181 4737 1295 4793 suis
1322 4736 1525 4793 faciunt
1549 4739 1692 4809 inju-

94 4831 233 4885 riam
256 4873 271 4899 ,
315 4845 641 4904 omnemque
677 4831 1043 4904 imprudentes
1068 4833 1146 4888 eis
1173 4832 1416 4889 adimunt
1446 4833 1694 4891 divinita-

95 4933 202 4980 tem
213 4963 227 4976 .

697 5034 984 5076 ARTICULUS
1018 5035 1096 5075 Ill.

95 5129 348 5191 Quomodo
371 5133 829 5200 eademrgentilium
856 5138 1112 5200 responsio
1137 5136 1200 5186 ab
1234 5135 1344 5186 aliis
1375 5137 1695 5199 scriptoribus

443 5199 641 5260 penitus
666 5197 955 5249 iutirmetur'
979 5209 1028 5250 et
1048 5200 1350 5250 destruatur.

167 5303 533 5375 Exposuimus
573 5321 732 5376 quam
779 5305 997 5363 brevius
1024 5306 1329 5376 clariusque
1358 5291 1473 5360 fieri
1495 5305 1694 5361 anobis

97 5398 301 5466 potuit,
332 5399 512 5451 omnia
545 5399 770 5454 Arnobii
803 5409 990 5454 contra
1021 5399 1179 5454 datas
1202 5400 1270 5454 ab
1300 5401 1588 5472 gentilibus
1618 5403 1695 5456 al-

99 5488 364 5558 legoricas
403 5501 458 5544 et
491 5495 743 5563 mysticus
774 5491 996 5547 deorum
1039 5493 1529 5564 mysteriormnque
1567 5510 1693 5550 suo-

100 5596 214 5635 rum
251 5581 749 5653 interpretationes,
782 5595 1094 5654 argumenta
1123 5602 1138 5650 ;
1174 5593 1229 5638 nt
1258 5600 1447 5642 omnes
1480 5586 1687 5644 facilius

99 5673 398 5745 intelligant
432 5674 548 5729 illas
582 5685 728 5730 tanto
757 5676 966 5746 planius
993 5676 1060 5730 ab
1087 5692 1153 5731 eo
1184 5676 1476 5744 confutari,
1505 5695 1681 5750 quau-

101 5777 152 5820 to
181 5768 381 5836 saepius
410 5767 610 5823 ethnici
640 5769 706 5823 ad
735 5785 826 5824 eas
859 5779 1108 5840 tanquam
1138 5770 1204 5824 ad
1232 5773 1526 5827 maximqu
1557 5773 1686 5828 reli-

98 5858 273 5928 gionis
318 5874 428 5914 sua:
458 5863 911 5934 propugnaculum
943 5863 1336 5934 confugiebant.
1378 5864 1495 5920 Non
1536 5866 1684 5922 solus

99 5961 278 6006 tamen
309 5952 600 6017 Arnobius,
623 5952 716 6010 sed
747 5954 836 6010 alii
858 5955 1017 6011 etiam
1043 5954 1333 6025 scriptores
1356 5971 1479 6012 cum
1516 5957 1688 6014 chris-

1817 615 2146 685 dejecerunt.

1885 727 2074 784 Cicero
2103 729 2363 800 siquidem
2388 731 2440 785 in
2469 732 2628 787 tertio
2659 731 2726 788 de
2764 731 2964 788 Natura
2999 731 3229 788 deorum
3271 731 3411 789 libro

1816 817 2080 888 Balbum,
2143 821 2226 878 his
2274 824 2720 893 explicationibus
2762 825 3044 896 opiniones
3112 826 3409 882 stoicorum

1820 926 2268 987 propugnantem,
2293 918 2461 973 Cottae
2480 918 2787 974 Academici
2813 921 3052 986 nomine,
3072 920 3151 975 sic
3171 918 3368 976 refellit
3393 939 3406 975 :

1822 1025 1840 1058 α
1869 1007 1986 1063 Jam
2026 1025 2152 1064 vero
2189 1011 2313 1081 quid
2343 1027 2471 1077 vos,
2512 1033 2530 1065 ι
2567 1013 2757 1084 inquit,
2788 1032 2808 1065 ‹
2844 1015 2932 1069 illa
2961 1014 3195 1070 delectat
3219 1014 3395 1087 expli-

1815 1103 1956 1156 catio
1986 1102 2318 1172 fabularum‘,
2361 1115 2416 1161 et
2451 1107 2707 1162 enodatio
2729 1109 3126 1164 nominum.....
3158 1107 3406 1182 Magnam

1815 1193 2117 1249 molestiam
2148 1202 2415 1268 suscepit,
2466 1209 2519 1252 et
2548 1200 2768 1255 minime
2796 1202 3158 1257 necessariam
3191 1204 3404 1275 primus

1815 1286 1980 1349 Zeno.
2014 1300 2134 1358 post
2173 1288 2480 1359 Cleanthes,
2505 1292 2700 1348 deinde
2726 1292 3059 1367 Chrysippus
3083 1338 3099 1364 ,
3127 1311 3408 1353 commen-

1817 1381 2052 1436 titiarum
2083 1383 2383 1441 fabularum
2409 1387 2635 1444 reddere
2659 1391 2922 1446 rationem
2952 1410 2966 1459 ;
2995 1392 3401 1463 vocabulorum,

1815 1491 1912 1532 cur
1955 1480 2187 1551 quidque
2237 1482 2306 1537 ita
2360 1484 2680 1553 explicatum
2724 1485 2830 1552 sit,
2869 1501 3061 1542 causas
3107 1487 3403 1554 exolicare.

1815 1571 1966 1638 Quod
1998 1587 2119 1628 cum
2153 1572 2328 1630 facitis
2350 1617 2364 1640 ,
2423 1577 2552 1632 illud
2599 1580 2840 1647 profecto
2865 1581 3196 1636 confitemini
3236 1583 3400 1654 longe

1813 1665 1966 1720 aliter
1981 1681 2039 1720 se
2070 1682 2182 1722 rem
2215 1667 2414 1724 habere
2439 1679 2599 1739 atque
2623 1669 2902 1726 hominum
2930 1672 3114 1740 Opinio
3139 1672 3247 1738 sit;
3299 1687 3394 1728 eos

1813 1758 1977 1823 enim,
2009 1759 2097 1828 qui
2125 1759 2198 1814 dii
2248 1762 2608 1831 appelluntur,
2646 1779 2824 1820 rerum
2854 1777 3071 1821 naturas
3098 1781 3220 1822 esse
3247 1809 3262 1834 ,
3294 1783 3403 1822 non

1817 1850 2013 1922 figuras
2032 1853 2277 1908 deorum.
2309 1854 2409 1922 Qui
2440 1864 2618 1911 tantus
2650 1871 2804 1912 error
2833 1858 2958 1925 fuit;
2993 1868 3050 1914 ut
3086 1859 3404 1928 perniciosis

1814 1945 1974 2000 etiam
2009 1946 2166 2000 rebus
2196 1963 2301 2002 non
2335 1949 2496 2004 modo
2529 1966 2722 2004 nomen
2756 1951 2981 2006 deorum
3030 1953 3357 2009 tribueretur
3385 1997 3402 2023 ,

1812 2036 1908 2091 sed
1933 2042 2091 2092 etiam
2118 2053 2269 2094 sacra
2295 2044 2772 2097 constituerentur.
2807 2042 2998 2099 Febris
3038 2049 3182 2101 enim
3215 2045 3401 2103 fanum

1814 2128 1869 2183 in
1899 2131 2213 2200 palatio.....
2237 2133 2424 2190 Omnis
2464 2136 2624 2206 igitur
2652 2137 2773 2192 talis
2803 2153 2831 2190 a
2864 2138 3204 2210 phil050phia
3235 2141 3404 2214 pella-

1813 2231 1901 2278 tur
1919 2238 2105 2289 error;
2138 2235 2194 2280 ut
2214 2242 2336 2281 cum
2354 2227 2422 2283 de
2442 2228 2541 2283 diis
2568 2229 2922 2300 disputamus,
2954 2233 3196 2290 dicamus
3226 2234 3394 2307 digna

1813 2315 1915 2371 diis
1946 2318 2334 2374 immortalibus
2368 2339 2381 2376 :
2410 2321 2479 2378 de
2516 2324 2712 2394 quibus
2762 2325 2936 2380 habeo
2963 2328 3091 2399 quid
3117 2331 3349 2386 sentiam
3379 2372 3397 2398 ,

1815 2425 1922 2465 non
1963 2410 2136 2467 habeo
2187 2423 2362 2468 autem
2387 2415 2531 2485 quod
2586 2417 2680 2471 tibi
2709 2418 2976 2474 assentiar
3013 2438 3032 2471 ι
3057 2419 3267 2492 (Cicer.,
3302 2422 3393 2478 lib.

1812 2519 1850 2559 ιι
1881 2503 1942 2560 de
1975 2505 2166 2559 Natur.
2223 2507 2387 2576 deam,
2413 2527 2533 2581 pug.
2557 2509 2661 2566 248
2691 2521 2740 2567 et
2768 2512 2920 2583 δρψ).
2975 2515 3211 2571 Audisne
3239 2532 3402 2589 quam

1813 2609 1958 2655 recte
1985 2600 2190 2656 Tullius
2237 2601 2332 2658 has
2369 2605 2662 2660 stoicorum
2715 2606 3187 2678 interpretationes
3214 2651 3230 2676 ,
3261 2620 3402 2666 tam-

1812 2709 1970 2764 quam
2000 2695 2292 2750 absurdum
2323 2698 2534 2767 penitus
2556 2715 2822 2767 errorem,
2860 2716 2889 2755 a
2936 2701 3272 2775 philosophia
3313 2721 3399 2763 re-

1813 2789 2143 2859 pellendum,
2172 2791 2464 2861 explodat?
2488 2791 2598 2848 Nec
2624 2794 2832 2849 minore
2869 2793 3122 2853 facilitate
3156 2799 3402 2855 animad-

1811 2884 2017 2939 vertisti
2045 2894 2244 2955 quanta
2297 2886 2562 2943 evidentia
2604 2888 2940 2945 demonstret
2990 2891 3055 2947 iis
3094 2892 3269 2959 nihil,
3324 2895 3400 2953 uti

1809 2978 1970 3033 etiam
2012 2980 2281 3036 Arnobius
2315 2981 2628 3050 contendit,
2673 2982 2784 3039 Deo
2832 2983 3128 3041 innuortali
3178 2986 3399 3058 dignum

1810 3072 2058 3142 proferri.

1882 3206 2141 3264 Eusebius
2190 3224 2350 3275 vero,
2389 3218 2446 3266 et
2481 3219 2603 3283 post
2641 3225 2765 3266 eum
2821 3211 3223 3280 Theodoretus,
3255 3223 3401 3271 tran-

1730 3303 1777 3367 Ο
1806 3302 2021 3374 scriptis
2065 3303 2300 3360 Platonis
2325 3319 2393 3361 ex
2421 3307 2587 3376 ipsius
2627 3306 2832 3362 Timaeo
2884 3307 3061 3364 verbis
3106 3309 3400 3365 ostendunt

1803 3397 1957 3452 illum
2007 3397 2206 3453 diserte
2235 3407 2289 3454 et
2321 3400 2586 3470 explicate
2630 3399 2880 3456 docuisse
2910 3401 3156 3472 vulgares
3183 3402 3301 3458 illas
3330 3403 3398 3460 de

1802 3488 1904 3544 diis
1934 3488 2158 3558 fabulas,
2189 3492 2302 3548 sive
2326 3491 2594 3559 historias,
2631 3507 2924 3564 omnesque
2947 3494 3267 3565 allegoricos
3290 3511 3386 3551 ea-

1802 3598 1920 3638 rum
1943 3597 2154 3653 sensus,
2174 3602 2305 3656 quos
2333 3585 2546 3641 Ethnici
2574 3587 2640 3641 ad
2672 3587 3065 3658 philosophiam
3094 3574 3398 3646 accommo-

1802 3675 1955 3731 datos
2007 3691 2128 3732 esse
2183 3677 2470 3745 rebantur,
2522 3678 2887 3734 excludendos
2931 3694 3052 3736 esse
3091 3696 3314 3752 prorsus
3343 3693 3398 3739 et

1801 3770 2130 3825 coercendos
2173 3769 2409 3842 (Euseb,
2470 3771 2558 3827 lib.
2589 3787 2624 3826 ιι
2679 3770 2915 3839 Prwpar.
2941 3789 3152 3844 cvang.,
3181 3790 3297 3847 cap.
3329 3777 3360 3829 7
3380 3819 3394 3842 ,

1801 3876 1922 3932 pag.
1953 3860 2022 3915 76
2049 3871 2094 3915 et
2121 3877 2263 3931 seq.,°
2301 3860 2554 3917 Theodor.
2577 3904 2590 3929 ,
2633 3879 2784 3918 serm.
2814 3865 2880 3932 5,
2924 3863 2986 3918 de
3011 3864 3190 3936 Augei.
3224 3876 3268 3920 et
3291 3866 3399 3921 dw—

1802 3967 1968 4017 nton.,
2001 3961 2122 4006 tam.
2156 3968 2231 4016 IV,
2260 3969 2380 4024 pag.
2411 3953 2517 4009 512
2535 3963 2582 4008 et
2609 3953 2762 4027 seq.).
2822 3954 2904 4010 Ad
2947 3955 3060 4010 haec
3093 3971 3223 4012 vero
3253 3956 3394 4012 idem

1803 4043 2089 4110 Ense-hius,
2126 4045 2367 4118 Dionysii
2395 4047 2792 4104 Halicarnassei
2821 4047 3034 4116 verbis,
3067 4064 3131 4105 ex
3158 4051 3396 4106 secundo

1801 4137 1946 4191 illius
1999 4137 2388 4208 Autiquitatum
2461 4156 2803 4196 romanarum
2861 4142 3000 4198 libro
3051 4141 3392 4215 desumptis,

1804 4230 2038 4297 probata
2059 4232 2247 4300 priscis
2273 4233 2530 4289 Romanis
2556 4244 2809 4291 statutum
2840 4235 3024 4301 fuisse,
3062 4246 3120 4290 ut
3145 4238 3393 4294 universa

1801 4321 1889 4375 illa
1938 4321 2247 4379 Grai-corum
2300 4327 2652 4399 physiologia,
2705 4337 2956 4398 tanquam
2988 4329 3142 4400 plane
3171 4332 3392 4401 inutilis,

1800 4430 1902 4471 nec
1928 4415 2030 4470 sibi
2061 4415 2378 4485 cohaerens,
2430 4421 2498 4475 ab
2551 4419 2815 4475 universis
2870 4420 3153 4492 tlteologitn
3201 4424 3396 4480 finibus

1800 4508 2086 4580 ejiceretur
2115 4513 2688 4585 exterminarelurque.

1793 4641 1800 4650 ’
1869 4645 1985 4703 Non
2015 4648 2207 4704 mirum
2238 4650 2436 4722 itaque,
2468 4651 2510 4705 si
2538 4650 2893 4721 antiquissimi
2921 4650 3174 4706 Ecclesiae
3202 4662 3384 4724 patres

1803 4752 1948 4799 tanto
1976 4745 2141 4799 animi
2169 4745 2360 4800 ardore
2389 4744 2604 4800 eosdem
2645 4745 2962 4815 allegoricos
2990 4761 3180 4802 sensus
3212 4749 3388 4806 insec-

1802 4838 1894 4892 tati
1937 4848 2080 4894 sunt.
2127 4838 2258 4893 Nam
2290 4850 2346 4894 ut
2375 4839 2816 4913 Recoguitionum
2845 4840 3138 4898 Clementis
3175 4845 3392 4902 nomine

1801 4929 2174 5001 inscriptarum
2198 4939 2252 4985 et
2275 4929 2725 4987 (Ilementiuarum
2767 4943 3042 4990 auctorem
3073 4936 3162 5006 qui
3194 4953 3285 4994 eas
3318 4940 3392 4995 si-

1800 5022 2016 5077 milibus
2039 5031 2200 5092 atque
2228 5024 2495 5078 Arnobius
2521 5035 2706 5081 noster
2740 5027 3037 5085 rationibus
3081 5030 3389 5104 impugnat,

1802 5119 2026 5172 missum
2049 5116 2323 5186 faciamus,
2358 5119 2728 5191 Athenagoras
2753 5123 3030 5180 evidenter
3057 5125 3391 5181 demonstrat

1804 5209 2070 5275 ethnicos,
2103 5226 2164 5264 ac
2195 5211 2512 5269 nominatim
2565 5216 2762 5273 stoicos
2811 5218 2958 5274 hisce
3005 5219 3274 5291 allegoriis
3325 5237 3392 5277 nc

1803 5304 1970 5359 hilum
2015 5305 2226 5376 quidem
2274 5308 2339 5361 ad
2390 5309 2662 5381 religionis
2691 5328 2799 5368 sua:
2826 5313 3193 5371 defensionem
3224 5315 3389 5387 profi-

1802 5412 1947 5453 cere.
1965 5395 2180 5453 Certum
2209 5400 2405 5471 quippe
2435 5417 2556 5459 esse
2586 5403 2745 5459 debet
2771 5405 2835 5458 iis
2865 5405 3197 5462 divinitatem
3229 5409 3390 5465 rebus

1800 5490 2076 5546 dumtaxat
2111 5495 2305 5548 creatis
2338 5505 2392 5549 et
2416 5497 2687 5566 corporeis
2739 5497 2975 5552 attribui.
3029 5497 3156 5553 Veri
3208 5510 3388 5556 autem

1801 5581 1894 5635 Dei
1927 5599 2029 5638 una
2057 5593 2259 5638 tantum
2290 5599 2411 5641 esse
2441 5595 2615 5654 potest
2656 5587 2884 5656 ingenita
2907 5629 2921 5651 ,
2977 5588 3291 5660 incorporea
3334 5602 3390 5649 ct

1798 5683 1999 5730 aeterna
2056 5677 2374 5732 substantia.
2407 5679 2473 5731 At
2517 5677 2639 5732 hinc
2682 5679 2838 5748 plane
2872 5679 3154 5737 conficitur
3196 5683 3385 5742 Satur-

1796 5782 1958 5835 num,
1987 5767 2208 5836 Jovem,
2246 5779 2300 5824 et
2323 5769 2458 5824 alios
2506 5769 2836 5840 ejusccmodi
2870 5789 3161 5847 numquam
3219 5775 3385 5835 fuisse

1794 5858 1926 5916 deos
1955 5860 2316 5933 (Clem.,lib.x
2355 5861 2606 5934 Recogn.,
2625 5880 2740 5935 cap.
2772 5864 2841 5922 55
2868 5877 2912 5921 et
2938 5883 3066 5939 seq.,
3097 5887 3218 5942 pag.
3245 5865 3386 5940 517,‘

1793 5943 2052 6019 Clamant,
2090 5956 2225 6010 hom.
2260 5956 2314 6024 4,
2343 5972 2458 6023 cap.
2483 5957 2554 6013 9.4
2580 5966 2626 6012 et
2648 5976 2779 6032 δέρᾳ,
2802 5979 2920 6033 pag.
2951 5961 3073 6033 607,
3099 5976 3145 6021 et
3163 5967 3300 6025 liam.
3325 5969 3380 6037 6,
