3978 6312
622 369 731 430 ωδ
818 388 821 389 ,

1867 380 2321 443 DISSEBTATIO
2356 384 2638 443 PREVIA
3784 395 3884 451 604'

625 505 743 560 sap.
769 490 836 547 17
864 498 912 546 et
935 506 1040 563 seq.
1061 532 1080 560 ,
1124 508 1247 565 pag.
1270 494 1376 552 625
1395 503 1443 551 et
1463 510 1569 565 seq.
1586 512 1607 561 ;
1653 495 1932 569 Atheuae.
1960 496 2085 568 μς.
2118 514 2213 568 pro
2239 504 2293 564 Α
2316 509 2575 567 meretur,
2603 510 2657 556 et
2682 458 2829 572 quod
2873 511 3096 559 esterue
3143 503 3312 560 oculis
3340 504 3608 575 obiicitur,
3637 507 3871 565 fumium

624 583 909 649 Christian,
941 601 1061 657 pag.
1090 585 1162 641 22
1185 598 1231 642 et
1260 592 1412 660 seq.).

696 675 898 733 Eodem
948 693 1161 752 quoque
1212 681 1373 739 modo
1428 682 1718 750 Tatiauus,
1766 668 2215 756 quemadmodum

624 767 753 824 alibi
780 772 1155 830 annotavimus
1177 815 1195 843 ,
1224 775 1449 845 corripit
1483 776 1747 849 gentiles,
1800 793 1864 834 ac
1920 780 2219 849 priasertim

623 858 985 919 Metrodorum
1012 863 1461 938 Lampsacenum,
1485 870 1572 940 qui
1603 884 1792 925 omnes
1822 869 1973 940 deos,
2006 886 2220 927 eorum-

624 968 731 1025 que
761 953 1036 1025 historias,
1068 956 1138 1014 ad
1166 960 1513 1031 allegoricum
1538 976 1756 1017 sensum
1805 962 2020 1019 trahere
2050 962 2220 1021 moliti

626 1051 753 1100 sunt
773 1043 944 1115 (Tom.
970 1064 987 1103 1
1036 1050 1315 1121 Apparat.,
1332 1069 1453 1125 pag.
1475 1052 1581 1108 522
1601 1063 1647 1109 rt
1669 1053 1774 1109 550
1793 1070 1811 1121 ;
1832 1053 1875 1109 Τ
1880 1055 2041 1109 atiau.
2070 1054 2219 1112 Orat.

625 1145 790 1192 contr.
819 1136 1013 1209 Gram,
1044 1160 1166 1215 pag.
1186 1145 1337 1214 160).

698 1232 769 1289 At
795 1230 1059 1293 Eusebius
1084 1238 1205 1296 aliis
1238 1239 1414 1297 adhuc
1467 1242 1764 1299 rationibus
1818 1242 1959 1299 hanc
2004 1258 2219 1311 novam,

628 1326 704 1381 uti
726 1326 989 1399 loquitur,
1018 1339 1073 1386 et
1097 1332 1417 1391 insolentem
1460 1335 1799 1391 ethnicorum
1832 1338 2222 1393 contumaciam

628 1416 873 1491 reprimit
928 1423 948 1495 (
972 1420 1161 1481 Euseb.
1183 1468 1199 1494 ,
1244 1427 1331 1483 lib.
1388 1443 1426 1485 ll
1465 1428 1704 1500 Prwpar.
1734 1428 1936 1502 Evang.
1961 1471 1977 1496 ,
2006 1447 2123 1502 cap.
2154 1431 2221 1498 6,

630 1529 753 1586 pag.
784 1510 898 1588 74).
947 1516 1076 1573 Post
1126 1521 1371 1576 iuventas
1422 1522 1698 1579 enimvero
1746 1524 1866 1579 illas
1911 1524 2227 1596 allegoricus

627 1605 986 1680 physicasque
1030 1612 1529 1685 interpretationes,
1573 1616 1736 1673 iidem
1782 1617 1982 1674 ethnici
2027 1620 2227 1690 patrios

628 1701 980 1761 colendorum
1001 1704 1226 1763 deorum
1252 1709 1388 1765 ritus
1413 1725 1525 1766 non
1549 1720 1847 1768 mutavere.
1892 1711 2031 1780 Quin
2064 1712 2228 1770 immo

630 1795 888 1865 pecudes,
923 1798 1169 1857 homines
1188 1844 1204 1869 ,
1233 1802 1485 1874 ipsasque
1515 1803 1733 1861 humani
1754 1806 1996 1877 corporis
2024 1817 2226 1878 partes,

2320 601 2376 647 et
2400 594 2685 649 exitiosum
2732 604 2835 649 est.
2872 614 2892 648 ι
2934 594 3115 668 (Grcg.
3173 595 3310 651 Nas.
3341 636 3358 665 ,
3402 608 3533 653 orat.
3563 600 3649 665 59,
3678 604 3799 656 seni
3830 603 3871 657 in

2318 684 2541 754 Julian.,
2575 704 2693 759 pag.
2722 686 2875 756 250.)
2919 688 3074 744 Prius
3121 704 3250 745 vero
3291 690 3546 761 Origenes
3587 693 3672 747 ubi
3714 702 3873 750 eontra

2322 776 2533 833 Celsum
2557 779 2816 851 disputat,
2841 781 2975 837 scite
2993 781 3209 852 quidem
3239 784 3473 838 ostendit
3498 784 3874 843 christianorunt

2321 873 2710 942 gentiliumque
2745 875 3029 946 allegorias
3059 891 3127 931 eo
3150 876 3288 932 inter
3307 892 3367 934 se
3393 877 3624 945 differre,
3655 882 3783 949 quod
3804 881 3874 936 hie

2323 966 2418 1021 Dei
2443 966 2717 1029 oﬂ'eudaut
2766 970 3102 1039 maiestatem
3148 975 3170 1039 t
3200 970 3446 1041 0rigen.,
3495 972 3582 1028 lib.
3633 989 3686 1029 tv
3736 986 3873 1031 contr.

2322 1056 2482 1126 Cale,
2515 1077 2633 1130 pag.
2661 1060 2786 1133 196)
2818 1079 2832 1116 :
2882 1063 2991 1117 illa)
3036 1079 3167 1119 vero
3210 1066 3460 1121 omnibus
3495 1067 3609 1122 sive
3646 1066 3876 1135 indoctis,

2322 1154 2436 1209 sive
2462 1152 2653 1221 doctis,
2705 1170 2770 1211 ac
2797 1157 3241 1229 quibuscumque,
3279 1161 3370 1230 qui
3399 1161 3618 1229 cupiunt
3637 1176 3781 1216 veros
3806 1177 3879 1216 ss-

2322 1261 2431 1302 cric
2480 1244 2775 1316 Scriptura:
2811 1263 3001 1303 sensus
3044 1253 3303 1317 scrutari,
3334 1252 3534 1323 optime
3559 1254 3878 1319 conveniant,

2325 1348 2485 1410 atque
2508 1349 2565 1394 ut
2582 1356 2648 1395 ex
2668 1342 2969 1411 Augustino
2992 1344 3314 1409 audivimus,
3334 1360 3442 1400 nou
3471 1344 3750 1415 impediant
3770 1360 3882 1415 quo—

2326 1436 2503 1487 minus
2532 1447 2693 1489 verus
2720 1433 2899 1503 Deus,
2929 1449 2995 1491 eo
3015 1477 3029 1498 ,
3081 1452 3240 1507 quem
3286 1437 3473 1504 decet,
3523 1440 3626 1495 ritu
3651 1438 3880 1509 modoque

2326 1524 2555 1580 colatur.

2928 1619 3156 1677 CAPUT
3194 1620 3312 1677 XX.
3376 1640 3382 1651 ’

2333 1709 2500 1777 Quam
2540 1714 2734 1782 frustra
2759 1713 2945 1767 etlmici
2975 1729 3039 1769 ea:
3063 1714 3368 1785 quibusdam
3418 1716 3705 1783 miraculis,
3735 1724 3813 1769 aut
3836 1716 3885 1769 de

2400 1820 2456 1859 re
2479 1805 2653 1874 aliqua
2679 1810 2855 1875 futura
2883 1811 3141 1879 responsis
3163 1852 3178 1877 ,
3221 1812 3439 1884 probare
3461 1812 3764 1865 conabantur
3788 1811 3884 1864 deos

631 1901 767 1957 quas
787 1890 1067 1947 nominare
1092 1893 1276 1964 pudet,
1301 1895 1491 1952 iisdem
1518 1896 1710 1954 divinis
1738 1898 2053 1965 honoribus,
2075 1903 2229 1972 hym-
2258 1891 2306 1954 Β
2402 1915 2526 1954 suos
2550 1916 2727 1956 revera
2755 1903 2990 1957 existere.

634 1981 749 2047 nis,
792 1982 1071 2040 sacrificiis
1090 2026 1106 2052 ,
1128 1985 1354 2058 aliisque
1380 1989 1643 2061 religiosis
1672 1991 1863 2047 ritibus
1888 2004 2012 2050 sunt
2040 2008 2230 2064 prose-

635 2070 765 2126 cuti.
824 2074 872 2130 A
908 2072 1052 2131 Julio
1092 2086 1271 2133 autem
1317 2078 1551 2136 Firtuieo
1598 2082 1787 2139 eadem
1843 2085 2230 2156 propemodum

635 2163 903 2220 rationum
932 2178 1202 2224 momenta
1232 2180 1417 2226 contra
1444 2172 1693 2229 ethnicos
1745 2174 2067 2232 adhibentur
2094 2175 2229 2250 (Jul.

634 2252 828 2324 Firm.,
856 2259 919 2315 de
950 2259 1126 2316 Error.
1160 2264 1294 2334 prof.
1322 2266 1496 2337 relig.,
1524 2283 1641 2339 pag.
1666 2266 1746 2339 i).

706 2349 1065 2420 Quamobrem
1117 2357 1446 2428 Augustinus
1475 2364 1609 2416 scite
1656 2361 1816 2417 docet
1844 2378 1965 2417 eum
1994 2363 2085 2433 qui
2115 2377 2227 2417 sce-

636 2444 785 2500 lestis
811 2448 1164 2520 turpibusque
1189 2451 1372 2519 rebus,
1397 2468 1485 2509 res
1506 2454 1641 2510 alias
1666 2456 1938 2512 naturales
1964 2456 2113 2522 colit,
2146 2456 2232 2511 bis

637 2552 863 2609 peccare
915 2540 1233 2614 (Augustin.
1265 2588 1281 2614 ,
1344 2546 1433 2601 lib.
1487 2563 1560 2603 vu
1610 2549 1674 2604 de
1715 2547 1947 2616 Civitat.,
1980 2567 2094 2620 cap.
2124 2551 2232 2617 27,

636 2648 758 2704 pag.
788 2632 948 2701 i815):
975 2646 1084 2691 tum
1106 2636 1227 2707 quia
1251 2654 1434 2695 verum
1469 2639 1634 2696 Deum
1663 2657 1769 2696 non
1792 2643 1938 2708 colit,
1969 2651 2079 2696 tum
2109 2643 2232 2714 quia

638 2722 789 2778 illum
819 2740 885 2780 eo
905 2727 1068 2784 modo
1098 2745 1203 2785 uon
1229 2731 1376 2796 colit,
1406 2746 1514 2803 quo
1537 2732 1793 2788 colendus
1818 2743 1919 2789 est.
1947 2734 2087 2790 Alibi
2105 2749 2234 2789 vero

637 2814 756 2870 illas
781 2817 1099 2889 allegoricas
1123 2831 1178 2876 et
1204 2821 1454 2895 physicas
1487 2826 1721 2897 turpium
1749 2826 1970 2882 deorum
2000 2828 2235 2897 explica-

637 2908 813 2965 tiones
841 2927 872 2967 a
900 2912 1231 2970 doctioribus
1261 2916 1449 2972 allatas
1478 2918 1715 2988 explodit
1735 2960 1750 2986 ,
1781 2919 1902 2991 quia
1934 2935 2121 2990 parum
2150 2920 2232 2974 in-

640 3011 806 3060 terest
851 3015 1027 3062 utrum
1064 3027 1084 3060 r
1115 3008 1249 3077 hoc,
1285 3031 1304 3064 ι
1345 3012 1549 3083 inquit,
1598 3031 1619 3065 ι
1654 3014 1703 3067 iu
1751 3014 2032 3069 veracibus
2084 3014 2234 3070 libris

638 3097 886 3155 homines
915 3100 1145 3157 instruat
1169 3104 1449 3176 religiosos
1468 3149 1483 3173 ,
1531 3106 1658 3161 illud
1698 3107 1751 3161 in
1782 3105 2062 3162 fallacibus
2093 3107 2233 3161 ludis

634 3192 908 3250 damones
944 3196 1170 3252 delectet
1214 3198 1489 3268 impuros,
1520 3212 1658 3269 quos
1687 3208 1863 3254 tamen
1896 3198 1971 3253 illi
1993 3197 2231 3267 religiosi

2868 2010 3165 2052 Αιιτιευιυε
3194 2012 3408 2053 ΡΙΙΙΙΗΞ.

2333 2082 2523 2144 Quanta
2553 2085 2900 2148 perSpicuitate
2921 2084 3191 2148 Arnobius
3231 2087 3390 2137 diluat
3428 2087 3728 2138 ethnicorum
3765 2096 3886 2148 argu-

2394 2146 2613 2212 mentum
2644 2146 2705 2196 ex
2734 2146 2982 2212 miraculis
3018 2150 3241 2212 petitum,
3267 2152 3375 2198 sive
3409 2164 3519 2199 cum
3560 2150 3709 2212 pestis
3748 2147 3885 2196 sedata

2397 2215 2495 2267 est,
2514 2209 2618 2257 sive
2639 2221 2748 2257 cum
2773 2208 2891 2268 ludi,
2932 2208 3165 2260 monente
3195 2209 3339 2267 Jove.
3384 2208 3653 2268 instaurati,
3683 2211 3777 2258 sive
3799 2221 3884 2258 cum

2396 2269 2657 2385 {Escqliipii
2678 2270 2990 2322 simulacrum
3008 2274 3059 2324 in
3089 2273 3294 2324 insulam
3319 2275 3602 2326 Tiberinum
3620 2277 3881 2335 transportr

2421 2348 2500 2383 um
2544 2349 2572 2383 u
2621 2371 2633 2382 .

2421 2348 2500 2383 um
2526 2348 2633 2383 ιυιι.

2411 2436 2635 2494 Unicum
2679 2438 2906 2495 ethnicis
2962 2448 3148 2497 contra
3190 2449 3266 2496 tot
3294 2440 3707 2497 christianorum
3754 2450 3886 2506 argu-

2336 2540 2538 2595 menta,
2570 2547 2798 2605 quorum
2827 2532 2912 2588 vel
2936 2548 3043 2589 uno
3073 2533 3190 2588 solo
3212 2535 3389 2589 omnis
3414 2533 3631 2590 deorum
3651 2531 3826 2597 cultus,
3844 2537 3887 2582 et

2338 2633 2445 2679 tota
2477 2624 2690 2680 illorum
2722 2625 2912 2692 religio
2941 2625 3177 2681 funditus
3223 2626 3599 2690 evertebatur,
3653 2627 3888 2691 supererat

2337 2716 2646 2789 priesidium
2670 2758 2686 2783 ,
2732 2718 2874 2787 quod
2902 2717 3171 2773 Arnobius
3202 2720 3417 2789 penitus
3436 2718 3596 2774 diruit
3620 2732 3679 2773 ac
3697 2713 3887 2771 demoli-

2337 2818 2442 2866 tur.
2495 2809 2836 2880 Objiciebant
2864 2812 3005 2867 enim
3039 2811 3202 2866 multa
3228 2826 3258 2866 a
3287 2813 3390 2866 diis
3420 2821 3627 2882 patrata
3653 2804 3887 2866 miracula,

2335 2914 2389 2961 et
2416 2903 2623 2960 reddita
2651 2904 2718 2959 de
2760 2903 2955 2961 futuris
2984 2904 3144 2961 rebus
3172 2920 3429 2974 respousa
3447 2946 3463 2972 ,
3496 2902 3684 2973 quibus
3712 2914 3793 2956 eos
3819 2912 3887 2950 re-

2336 3013 2457 3055 vera
2489 3000 2723 3055 existere
2747 3008 2801 3054 et
2828 2998 3104 3054 hominum
3158 2998 3525 3054 satisfactione
3562 3004 3714 3065 atque
3749 2987 3887 3046 sacri-

2338 3089 2476 3145 ﬁciis
2508 3089 2728 3158 placari,
2760 3104 2862 3146 nec
2890 3090 3060 3146 semel
3091 3105 3187 3145 nec
3227 3089 3461 3146 obscure
3510 3088 3885 3147 demonstratum

2340 3182 2762 3239 arbitrabantur.

636 3291 891 3356 tanquam
917 3285 1050 3342 deos
1087 3263 1305 3354 colunt;
1336 3296 1391 3344 et
1408 3263 1620 3345 cum-de
1642 3290 1750 3346 mis
1770 3288 1891 3346 hac
1914 3263 2125 3362 negant:
2165 3291 2234 3346 ab
2260 3279 2308 3343 α
2408 3276 2644 3332 Primum
2677 3277 2858 3349 itaque
2881 3273 3169 3331 narrabant
3186 3274 3389 3332 editum
3414 3275 3576 3330 fuisse
3598 3263 3885 3327 miraculum.

633 3379 781 3432 omni
806 3392 902 3433 eos
931 3380 1160 3435 crimine
1179 3395 1409 3452 purgare
1435 3396 1545 3438 non
1575 3393 1834 3452 possunt;
1870 3386 2122 3455 quoniam
2152 3384 2233 3437 Iu-

634 3466 828 3526 dos'iis
853 3471 1047 3526 ritibus
1072 3472 1367 3539 exhibent,
1416 3475 1505 3531 ubi
1556 3477 1783 3545 turpiter
1834 3486 2083 3546 agantur,
2113 3490 2234 3547 qum

633 3561 783 3618 velut
802 3563 1075 3633 sapienter
1100 3576 1398 3635 negantur;
1429 3574 1484 3623 et
1512 3566 1596 3621 his
1620 3566 1773 3623 falsis
1796 3583 1860 3623 ac
1890 3568 2135 3638 turpibus
2159 3569 2233 3623 dli

635 3653 948 3724 plectatur,
992 3655 1082 3711 ubi
1122 3658 1222 3712 etsi
1262 3658 1442 3713 fabula
1483 3668 1666 3715 cantat
1701 3660 1906 3715 crimen
1951 3661 2232 3715 numinum

634 3746 861 3812 falsum,
892 3748 1147 3805 delectari
1186 3760 1362 3806 tamen
1405 3750 1543 3807 falso
1590 3752 1855 3819 crimine},
1900 3753 2103 3808 crimen
2154 3767 2237 3810 εει

636 3854 821 3894 verum
857 3859 878 3894 s
920 3840 1140 3914 (idem,
1167 3842 1450 3909 ibialibr.
1475 3854 1665 3910 sxvui,
1689 3858 1806 3913 cap.
1832 3843 1918 3909 l2,
1940 3843 2233 3916 pag.491).

706 3931 876 3989 Nobis
922 3948 1085 4004 porro
1131 3935 1331 3992 ethnici
1377 3937 1616 4006 obiicere
1638 3951 1744 3991 non
1776 3946 2027 4007 poterant
2056 3951 2238 3992 saera-

638 4039 759 4081 rum
780 4040 994 4097 quoque
1023 4037 1329 4083 nostrarum
1386 4029 1783 4099 Scripturarum
1832 4029 2131 4095 abstrusos,
2162 4030 2236 4084 la-

640 4124 817 4173 tentes
837 4160 854 4184 ,
881 4127 935 4174 et
963 4118 1282 4190 allegoricos
1311 4134 1433 4175 esse
1456 4134 1667 4176 sensus.
1701 4120 1833 4175 Nam
1860 4119 1915 4174 hi
1942 4120 2101 4190 plane
2140 4134 2237 4190 pe-

640 4208 892 4282 nitusque
920 4210 990 4265 ab
1018 4212 1234 4266 illorum
1255 4214 1680 4283 expositionibus
1697 4214 2023 4282 discrepant,
2045 4229 2239 4284 quem-

638 4300 925 4357 admodum
964 4301 1257 4374 Gregorius
1319 4302 1720 4370 Nasiansenns,
1773 4304 1926 4361 hisce
1944 4305 2125 4361 verbis
2150 4304 2238 4360 di-

639 4395 939 4451 sertissime
992 4396 1261 4467 explicat:
1297 4414 1316 4450 t
1348 4396 1504 4467 Apud
1552 4412 1650 4453 nos
1697 4411 1940 4468 quoque,
1975 4418 1994 4451 ι
2039 4398 2234 4469 inquit,

645 4507 665 4540 ι
699 4489 863 4545 abditi
893 4490 1111 4561 quidem
1141 4500 1195 4545 ct
1216 4492 1449 4546 abstrusi
1477 4505 1759 4546 sermones
1782 4501 1940 4557 sunt;
1970 4504 2071 4546 nec
2093 4491 2235 4547 enim

637 4580 845 4637 inficias
886 4583 1058 4639 ivero.
1088 4582 1286 4639 Verum
1315 4598 1561 4654 quaenam
1584 4582 1812 4653 duplicis
1833 4596 2019 4637 eorum
2048 4596 2240 4638 sensus

2334 3386 2457 3427 cum
2505 3380 2724 3441 propter
2766 3371 2920 3426 ludos
2961 3372 3261 3437 circenses,
3308 3371 3476 3442 quiin
3496 3367 3639 3425 Jovis
3666 3366 3884 3417 honorem

2336 3461 2564 3517 instituti
2594 3471 2769 3528 erant,
2798 3476 2903 3516 non
2936 3459 3036 3516 rite
3066 3461 3255 3527 factos,
3279 3463 3445 3531 pestis
3470 3459 3649 3516 urbem
3677 3452 3879 3522 ἀερονο-

2333 3554 2543 3608 labatur
2572 3550 2810 3627 (Arnob.,
2841 3553 2928 3608 lib.
2956 3569 3051 3622 vn,
3085 3571 3204 3625 pag.
3232 3554 3341 3609 242
3367 3564 3414 3609 et
3434 3552 3588 3622 seq.).
3635 3546 3721 3601 His
3764 3540 3879 3595 enim

2334 3644 2478 3701 ludis
2518 3660 2585 3700 eo
2625 3661 2784 3715 quem
2834 3645 2993 3700 alibis
3047 3644 3416 3717 exposuimus,
3443 3643 3592 3701 Jovis
3619 3635 3804 3693 monitu
3828 3629 3883 3682 iu-

2336 3736 2609 3803 stauratis,
2637 3738 2753 3794 lues
2781 3736 3064 3794 confestim
3118 3740 3352 3795 cessavit
3386 3737 3625 3814 (Dissert.
3654 3731 3704 3784 in
3726 3725 3886 3782 Minue.

2341 3828 2548 3895 Oetam,
2579 3845 2697 3901 cap.
2735 3830 2824 3893 i7,
2853 3840 2955 3886 art.
2987 3832 3065 3903 5).

2408 3924 2567 3980 Aliud
2595 3926 2912 3981 miraculum
2935 3925 3136 3981 factum
3162 3924 3327 3982 fuisse
3350 3923 3579 3997 gentiles
3599 3910 3886 3989 jactitabanl.

2338 4016 2553 4088 quando
2600 4017 2669 4073 ob
2710 4018 3058 4073 simulacrum
3114 4017 3414 4090 Esculapii
3469 4012 3755 4087 Epidauro,
3797 4007 3888 4068 qua)

2340 4108 2703 4182 Pelnponnesi
2733 4109 2928 4166 civitas
2954 4119 3059 4180 est,
3081 4110 3137 4166 in
3159 4109 3476 4168 Tiberinam
3506 4102 3727 4162 insulam
3751 4102 3889 4149 trans-

2339 4213 2645 4276 portatum,
2678 4205 2850 4278 pestis
2900 4204 3079 4260 adhuc
3105 4204 3292 4261 sedata
3319 4205 3419 4262 fuit
3444 4196 3694 4276 (Arnob.,
3723 4188 3798 4245 lib.
3820 4194 3889 4243 vn.

2342 4312 2463 4367 Ραθσ
2494 4295 2603 4351 248
2633 4305 2680 4349 ει
2710 4312 2848 4368 seqq.
2869 4297 2913 4371 ).
2943 4295 3050 4354 Res
3079 4307 3260 4353 autem
3301 4307 3412 4352 tota
3442 4290 3614 4350 Ovidii
3654 4282 3888 4341 decaan

2341 4390 2678 4444 carminibus
2718 4389 2891 4459 hunc,
2924 4391 2967 4445 si
2997 4406 3116 4463 qua:
3144 4391 3199 4446 ei
3228 4390 3399 4453 lides,
3433 4403 3493 4443 se
3522 4376 3699 4439 habuit
3715 4375 3769 4467 in
3787 4376 3888 4467 Amor

2341 4481 2470 4538 dum
2501 4481 2713 4554 (Ouid.,
2742 4483 2833 4538 lib.
2860 4457 2923 4537 sv
2949 4457 3189 4550 Metam"
3222 4500 3346 4556 pag.
3373 4480 3483 4539 580
3508 4487 3552 4531 et
3576 4463 3728 4539 seqq.)
3780 4457 3884 4513 Cum

2342 4552 2616 4630 dirissima
2655 4576 2827 4647 pestis
2855 4573 3083 4630 Romam
3116 4572 3434 4647 vicinasque
3468 4567 3708 4639 regiones
3732 4552 3887 4608 devas-

637 4683 722 4730 est
745 4674 903 4741 ratio,
936 4686 992 4731 et
1016 4691 1136 4746 qua:
1170 4675 1270 4743 vis,
1300 4652 1421 4747 qua;
1444 4652 1703 4731 facultas?
1726 4672 1838 4730 Nec
1864 4683 2083 4730 externa
2116 4690 2240 4746 spe-
2265 4668 2320 4732 D
2345 4678 2516 4736 taret,
2547 4668 2777 4725 Romani
2806 4678 2930 4741 post
2954 4668 3193 4725 adhibita
3220 4670 3496 4727 incassum
3555 4662 3766 4747 humani|

638 4771 751 4826 cies
801 4771 1055 4826 indecora
1098 4780 1152 4826 et
1203 4768 1488 4826 inhonesta
1535 4781 1647 4838 est;
1690 4778 1745 4825 et
1770 4768 1914 4840 quod
1940 4768 2240 4824 occultatur

637 4863 1013 4921 admirandum
1058 4869 1176 4930 est,
1222 4863 1393 4932 iisque
1419 4863 1507 4936 qui
1537 4863 1588 4918 in
1619 4861 1913 4934 penetralia
1946 4863 2059 4932 ipsa
2089 4862 2239 4917 incu-

639 4959 856 5024 duntur,
905 4958 1042 5013 mire
1089 4956 1464 5025 Splendidum,
1495 4972 1559 5011 ac
1588 4955 1933 5026 pulcherrimi
1961 4954 2238 5026 cujusdam

638 5052 882 5124 corporis
925 5052 1129 5117 instar,
1160 5050 1301 5106 haud
1330 5049 1665 5122 aspernanda
1713 5059 1864 5107 veste
1903 5050 2230 5122 contegitur.

639 5144 841 5201 Rerum
874 5143 1017 5198 enim
1043 5142 1380 5210 divinarum,
1430 5159 1549 5198 mea
1575 5142 1794 5215 quidem
1825 5144 2124 5205 sententia.
2169 5158 2238 5197 ne

638 5239 997 5297 indicationes
1022 5235 1239 5308 quidem
1270 5236 1413 5306 ipsas
1442 5244 1800 5306 externasque
1837 5237 2045 5307 species
2086 5237 2241 5291 inho-

640 5341 825 5390 uestas
861 5345 982 5387 esse
1022 5330 1294 5396 convenit,
1326 5330 1593 5401 rebusque
1622 5330 1933 5401 significatis
1964 5330 2232 5402 indignas,

638 5442 702 5483 ac
752 5424 986 5496 denique
1037 5424 1204 5488 tales,
1250 5433 1304 5477 ut
1338 5421 1586 5479 homines
1614 5438 1825 5495 quoque
1854 5422 1951 5494 ipsi
1972 5438 2064 5478 eas
2092 5421 2161 5477 de
2182 5437 2243 5478 se

638 5517 923 5592 praedicari
948 5518 1274 5588 permoleste
1304 5518 1460 5573 laturi
1488 5518 1617 5585 sint,
1636 5533 1817 5573 verum
1839 5526 1933 5571 aut
1951 5514 2240 5572 maximam

640 5610 863 5666 omnino
890 5609 1339 5679 pulchritudinem
1374 5610 1605 5676 habere,
1655 5619 1746 5664 aut
1796 5604 1947 5665 certe
1975 5624 2004 5661 a
2032 5623 2242 5664 summa

642 5703 974 5773 turpitudine
1015 5703 1229 5772 abesse,
1256 5713 1311 5759 ut
1340 5705 1533 5775 partim
1579 5702 1901 5759 eruditiores
1946 5701 2240 5769 oblectent,

648 5794 843 5862 partim
876 5794 1017 5863 vulgi
1049 5797 1257 5851 animos
1306 5796 1529 5851 minime
1577 5793 1929 5853 labefactent.
1968 5792 2121 5864 Apud
2150 5808 2247 5849 vos

665 5845 2250 5959 an....2.3..;;;{'i.;i;iiig.1.d;.i'ieiuniaias
2357 5881 2682 5953 Liv.,inﬁn.
2732 5881 2819 5936 tib.
2875 5845 2945 5949 χ’,
2976 5889 3024 5936 et
3053 5879 3139 5936 tib.
3172 5845 3327 5952 nn},
3358 5888 3473 5941 caP-
3505 5845 3743 5923 ιιί¹⁰¹¹⁴¹

2344 4763 2682 4831 dicameuta,
2738 4762 3054 4834 Delphicum
3104 4762 3383 4820 oraculum
3436 4758 3505 4814 ab
3554 4766 3618 4809 eo
3660 4734 3887 4834 πείριυηξ

2346 4854 2711 4927 Esculapium
2733 4856 3011 4927 Epidauro
3034 4857 3262 4912 Romam
3292 4845 3693 4912 arcessendum-

2348 4919 2584 5005 oraculo.
2621 4919 2889 5015 Romani,
2942 4949 3259 5021 legatosque
3316 4945 3640 5018 Epidaurum
3686 4919 3879 5021 mittunt

2346 5042 2550 5098 Eorum
2605 5041 2859 5110 precibus
2913 5017 3186 5096 anuuuuh
3214 5017 3490 5111 Epidaurii
3539 5017 3883 5111 quidam,

2346 5138 2516 5192 nuuut
2553 5102 2664 5190 alii.
2726 5132 2832 5190 Sed
2878 5132 3105 5189 Romani
3145 5134 3212 5189 ab
3258 5102 3572 5196 Esculapio

2348 5232 2496 5286 illum
2538 5231 2589 5284 in
2629 5227 2898 5299 serpentis
2936 5226 3162 5282 formam
3202 5233 3502 5284 mutatum.
3544 5192 3881 5325 ίηλτίὴὶῗῖἒῗι

2348 5325 2576 5380 insulam
2603 5290 2933 5379 detulerunt.
2958 5320 3073 5389 Quo
3095 5321 3236 5376 facto
3261 5310 3563 5410 pestilentia.
3582 5292 3784 5417 MPT:

2349 5414 2417 5472 E‘

2349 5508 2468 5565 lerii
2498 5486 2712 5565 Masimi
2731 5498 2751 5576 ,ί
2777 5507 2949 5575 Livii,
2979 5505 3292 5573 Plutarchi,
3321 5494 3524 5600 sui-aii
3551 5486 3879 5600 timorm;

2350 5603 2539 5658 ctantii
2580 5610 2635 5658 et
2672 5601 2961 5673 Augustini
2993 5602 3316 5655 auctoritate
3344 5575 3645 5679 conlinit}:ri
3667 5614 3680 5637 ν

2349 5707 2441 5753 aut
2465 5696 2725 5762 brevius,
2756 5672 2849 5750 aut
2881 5693 3039 5763 paulo
3063 5692 3219 5747 aliter
3250 5685 3506 5759 quasdam
3536 5672 3734 5763 illius‘CI

2350 5790 2574 5845 stantias
2604 5754 2932 5857 retulerint'(
2961 5785 3080 5841 Vat.
3117 5754 3288 5855 Mam,
3321 5783 3409 5840 lib.
3441 5793 3489 5842 ιν
3521 5754 3712 5857 εαροξν

3741 5650 3879 5705 τρυπη-

3758 5730 3876 5811 ξπ

3745 5825 3875 5890 ardia
