3978 6294
133 387 242 446 605

1354 390 1419 446 IN
1462 384 1841 455 ARNOBIUM,
1880 387 2034 446 CAP.
2077 388 2195 447 XX.

3311 388 3414 446 606

134 500 338 567 Quaest.
380 516 606 569 romam,
650 510 774 557 tam.
809 517 843 557 ιι
864 544 878 567 ,
913 518 1033 575 pag.
1065 498 1212 572 286;
1249 502 1425 558 Aurel.
1471 500 1628 571 Vict.,
1662 500 1727 555 de
1752 498 1807 561 A
1830 515 1936 572 quo
1966 501 2196 559 ﬁliorum
2223 502 2507 561 orbitatem
2554 512 2608 560 et
2659 510 2887 560 mortem
2937 502 3106 558 sensit
3150 499 3415 558 acerbius.

138 589 251 646 Vir.
294 593 487 660 illast,
533 611 651 668 cap.
699 595 802 662 22;
842 597 1106 667 Laclanl.,
1139 597 1227 652 lib.
1260 612 1296 652 Il
1319 639 1333 662 ,
1368 613 1485 667 cap.
1517 598 1569 663 7,
1602 614 1721 668 pag.

130 686 265 757 475;
299 689 552 763 August.,
585 692 674 746 lib.
705 708 762 747 ιιι
794 692 860 748 de
889 692 1064 761 Ciuit.,
1098 710 1220 765 pag.
1259 693 1329 749 l2
1357 704 1404 748 et
1436 694 1525 757 17,
1557 704 1604 748 el
1634 695 1722 748 lib.

126 794 200 847 ι,
230 797 354 853 cap.
391 781 521 856 16).

195 873 420 930 Ethnici
452 877 633 947 itaque
664 880 991 950 praecipuum
1013 922 1026 945 ,
1059 890 1222 952 atque
1252 890 1310 936 ut
1336 880 1470 952 ipsis
1499 880 1721 936 videba-

123 975 231 1032 tur,
264 970 589 1038 palmarium
624 986 719 1041 pro
748 988 843 1028 sua
863 1015 877 1040 ,
910 982 965 1029 et
987 985 1172 1030 contra
1201 976 1518 1046 religionem
1545 975 1717 1030 cbris‘

122 1057 330 1114 tianam
356 1073 736 1132 argumentum
762 1078 827 1119 ex
856 1065 967 1121 illis
991 1067 1218 1137 aliisque
1246 1068 1488 1136 ejusdem
1508 1070 1723 1139 generis

122 1153 526 1210 narrationibus
559 1164 744 1226 petere
773 1159 1048 1215 solebant.
1082 1161 1192 1217 Nec
1218 1161 1481 1217 difﬁtetur
1504 1162 1720 1233 quidem

123 1245 402 1303 Arnobius
440 1249 543 1304 hac
582 1250 636 1304 in
678 1265 738 1307 re
776 1254 1080 1318 articulum,
1116 1256 1273 1309 sicuti
1312 1255 1572 1325 loquitur,
1605 1258 1721 1311 sive

125 1339 410 1398 cardinem
464 1345 629 1399 totius
678 1344 837 1417 hujus
880 1362 1063 1404 causa:
1108 1364 1171 1405 ac
1219 1352 1532 1421 quzestionis
1579 1352 1720 1407 verti

123 1435 371 1504 (Arnob.,
396 1435 486 1491 lib.
510 1454 616 1505 vn,
651 1457 776 1513 pag.
801 1441 963 1515 243).
996 1442 1076 1499 Eo
1099 1445 1242 1499 enim
1272 1445 1403 1501 illud
1431 1460 1719 1519 argumen-

120 1534 234 1582 tum
265 1528 497 1585 validius
524 1532 757 1600 videtnr,
791 1535 935 1606 quod
964 1533 1082 1591 haec
1125 1538 1177 1591 in
1220 1537 1560 1594 ethnicorum
1612 1554 1712 1594 an-

121 1621 340 1677 nalibus
366 1627 564 1694 scripta
598 1640 709 1696 pra:
733 1640 792 1681 se
834 1626 1078 1683 ferebant
1115 1630 1348 1701 aliquam
1380 1633 1623 1687 veritatis
1654 1647 1718 1688 ac

118 1713 369 1769 miraculi
399 1718 660 1786 speciem.
692 1717 891 1775 Verum
918 1721 963 1777 si
994 1723 1211 1793 penitus
1235 1767 1249 1790 ,
1282 1724 1487 1795 inquit,
1517 1725 1718 1784 intros-

121 1809 414 1878 piciantur,
447 1822 560 1867 tum
591 1814 968 1886 deprehendes
998 1818 1130 1874 nihil
1162 1821 1364 1877 habere
1404 1823 1544 1893 quod
1572 1823 1712 1892 diis,

1900 596 2014 652 Non
2044 598 2223 654 minus
2248 599 2449 654 insulse
2478 608 2533 654 et
2562 602 2743 668 inepte
2767 596 2994 652 conficta
3034 594 3206 650 fuerat
3232 592 3419 650 Αἰδου-

1827 689 1984 761 lapii,
2048 692 2314 761 Epidauro
2369 692 2595 747 Romam
2641 690 2883 755 advecti,
2932 688 3156 744 historia
3198 684 3416 758 (Ibid.,

1826 801 1945 857 pag.
1966 783 2123 856 249).
2152 784 2267 840 Non
2297 784 2439 839 enim
2461 784 2552 839 ille
2580 782 2861 839 Coronidis
2903 781 3044 837 ﬁlius
3083 779 3190 836 dici
3216 787 3415 851 potest,

1824 877 1915 946 qui
1946 875 2169 932 fulmine
2191 877 2469 948 perculsus
2492 876 2716 931 interiit.
2736 873 2843 931 Sed
2862 872 3109 944 quisquis
3126 872 3218 927 ille
3234 870 3414 937 fuerit,

1825 969 1961 1023 nihil
2014 969 2156 1025 aliud
2199 968 2468 1040 Epidauro
2515 967 2741 1024 allatum
2785 964 3010 1033 ferunt,
3058 964 3164 1022 nisi
3208 979 3417 1035 magna:

1822 1063 1984 1118 molis
2027 1070 2082 1118 et
2113 1062 2393 1117 immensae
2435 1060 2774 1131 proceritatis
2815 1068 3144 1130 serpentem.
3169 1055 3302 1126 Quis
3324 1069 3417 1111 au-

1825 1164 1930 1210 tem
1958 1155 2058 1209 sibi
2085 1154 2239 1209 facile
2264 1153 2583 1225 persuadeat
2635 1152 2797 1208 deum
2840 1150 3085 1206 vilissimi
3127 1148 3413 1219 serpentis,

1821 1263 1987 1320 super
2040 1258 2234 1304 terram
2284 1247 2579 1318 reptantis,
2612 1246 2849 1302 induisse
2877 1245 3103 1301 formam
3126 1286 3143 1313 ,
3174 1243 3414 1299 membra

1822 1340 2074 1397 habuisse
2095 1341 2162 1396 ad
2183 1340 2613 1396 manducandum
2636 1349 2693 1395 et
2713 1337 3063 1410 digerendum
3087 1335 3412 1402 necessaria,

1820 1443 1982 1506 atque
2012 1444 2068 1491 ut
2096 1436 2261 1491 maria
2293 1440 2689 1500 transnataret,
2744 1447 2879 1487 nave
2927 1428 3259 1502 indiguisse?
3308 1424 3415 1483 Cur

1819 1544 1949 1584 vero
1976 1542 2037 1585 se
2063 1530 2235 1599 ipsum
2288 1530 2468 1595 talem,
2489 1527 2664 1598 qualis
2687 1529 2799 1597 ipse
2826 1537 2909 1582 est
2930 1570 2946 1594 ,
2977 1524 3271 1582 videndum
3304 1532 3411 1577 non

1820 1622 2085 1693 prwbttit?
2110 1622 2168 1678 Si
2193 1633 2371 1687 autem
2404 1621 2619 1677 mentiri
2646 1630 2702 1676 et
2727 1619 2953 1676 formam
2985 1627 3194 1673 mutare
3219 1614 3411 1680 voluit,

1818 1728 1916 1770 cur
1936 1728 2040 1770 non
2071 1715 2229 1769 aliam
2259 1715 2581 1785 assumpsit,
2605 1726 2764 1783 quam
2792 1710 3114 1767 horrendam
3150 1705 3414 1777 serpentis

1819 1807 2270 1863 similitudinem?
2311 1806 2501 1863 Nonne
2547 1810 2723 1863 locum
2758 1798 3034 1862 dubitandi
3061 1801 3208 1858 dedit
3230 1809 3406 1855 utrum

117 1916 419 1975 eorumque
441 1905 627 1962 divino
652 1910 891 1979 numini,
920 1927 984 1968 ac
1011 1928 1238 1969 summa:
1283 1886 1550 1986 maiestati
1579 1886 1714 1972 con;
1743 1886 1792 1952 Β
1819 1912 2008 1957 revera
2033 1902 2146 1973 ipse
2168 1912 2333 1969 esset.
2360 1904 2445 1958 νει
2473 1902 2617 1958 amid
2645 1902 2712 1957 ab
2735 1901 2853 1970 ipso
2882 1899 3038 1970 βιίηιθ
3066 1892 3379 1986 divam”?

116 1996 323 2051 veniat.

185 2087 273 2143 Ad
292 2088 623 2148 instauratos
641 2093 920 2151 enimvero
942 2096 1097 2153 ludos
1114 2098 1257 2170 quod
1275 2108 1513 2171 spectat,
1534 2117 1714 2158 nonne

120 2182 302 2249 dictu,
333 2183 536 2256 inquit,
564 2187 854 2244 absurdum
885 2200 969 2247 est
997 2190 1184 2248 Jovem
1221 2193 1371 2250 illum
1403 2194 1710 2266 Optimum,

116 2274 439 2344 Maximum,
470 2294 653 2335 rerum
680 2284 952 2345 Omnium.
986 2287 1061 2339 uti
1095 2286 1472 2351 venditabant,
1505 2299 1714 2345 creato-

116 2385 229 2425 rem
251 2413 268 2436 ,
302 2386 496 2442 magna
527 2385 650 2428 cum
680 2377 844 2430 animi
876 2378 1239 2437 oblectatione
1266 2398 1297 2438 e
1327 2384 1466 2438 cmlo
1496 2395 1712 2455 specta-

118 2473 229 2517 tum
262 2466 484 2522 venisse
522 2471 835 2526 cantherios
876 2486 968 2528 seu
998 2488 1166 2545 equos
1197 2486 1494 2544 castratos,
1523 2479 1590 2535 de
1618 2494 1714 2536 ve-

113 2555 339 2611 locitate
376 2566 682 2627 certantes,
722 2563 1031 2633 replicantes
1069 2583 1221 2637 gyros
1249 2578 1473 2639 septem,
1504 2569 1557 2624 id
1587 2581 1669 2627 est
1693 2613 1708 2639 ,

114 2650 318 2718 septies
347 2650 483 2706 circi
512 2661 709 2708 metam
740 2657 1177 2727 circumeuntes,
1211 2670 1436 2731 tumque
1467 2662 1712 2731 homines

114 2756 235 2796 cum
277 2743 526 2799 curritus
566 2751 769 2813 everti,
812 2757 904 2804 aut
947 2748 1132 2807 fratris
1159 2752 1284 2809 inde
1314 2755 1511 2810 retrahi
1539 2756 1712 2811 cruri-

116 2833 251 2890 bus?
272 2832 469 2906 (Ibid.,
498 2852 618 2909 pag.
642 2839 749 2896 245
771 2852 817 2894 et
837 2842 969 2914 seq.)
993 2843 1123 2913 Quis
1148 2847 1384 2916 prudens
1411 2849 1575 2906 homo
1597 2853 1712 2908 lucc

116 2936 389 2998 tamquam
417 2931 654 3000 pueriles
676 2932 1017 3005 ludicrasque
1050 2938 1447 2997 ludiﬁcatioucs
1484 2957 1592 2998 non
1624 2957 1712 2999 as-

117 3019 473 3088 pernabitur?

182 3111 327 3180 Quid
367 3124 546 3193 autem
584 3114 719 3173 Jove
761 3122 930 3191 magis
961 3122 1237 3195 indignum
1286 3141 1446 3198 quam
1480 3130 1558 3184 ira
1588 3128 1712 3187 ideo

113 3206 548 3271 excandescere;
581 3210 700 3279 quia
732 3226 923 3267 servus
952 3214 1003 3268 in
1033 3216 1178 3271 circo
1210 3217 1392 3288 ﬂagris
1419 3234 1615 3288 exesus,
1645 3237 1708 3278 ac

113 3298 305 3352 mortis
350 3299 616 3369 supplicio
664 3300 891 3359 affectus
946 3304 1081 3361 fuit?
1126 3309 1181 3363 Si
1228 3311 1371 3365 enim
1404 3327 1591 3380 poenas
1623 3316 1709 3371 ille

115 3392 310 3446 merito
333 3391 501 3460 dedit,
537 3410 641 3449 non
672 3395 857 3452 debuit
884 3396 1091 3471 Jupiter
1119 3403 1195 3456 ira
1226 3404 1459 3460 incendi.
1502 3406 1556 3461 Si
1580 3423 1708 3463 vero

113 3484 374 3540 innocens
400 3488 610 3543 occisus
632 3499 734 3557 est,
760 3502 883 3547 reus
911 3492 1012 3549 fuit
1038 3494 1420 3568 ludimagister,
1447 3502 1534 3569 qui
1558 3501 1705 3556 illum

112 3590 235 3630 cum
270 3589 451 3646 posset
474 3621 489 3645 ,
523 3594 555 3633 a
581 3592 755 3639 morte
782 3600 888 3639 non
910 3589 1141 3657 eripuit,
1169 3598 1224 3645 et
1251 3589 1438 3646 Jovem
1468 3608 1705 3663 pronun-

114 3668 264 3722 tiavit
282 3668 445 3740 huius
465 3686 598 3728 nece
629 3673 915 3731 odensum.
947 3678 1048 3747 Qui
1075 3692 1254 3736 autem
1287 3683 1400 3739 ﬁeri
1432 3693 1623 3755 potuit,
1649 3696 1707 3742 ut

112 3775 172 3815 ea
200 3762 345 3817 servi
375 3772 551 3820 morte
575 3766 791 3838 Jupiter
816 3769 1104 3826 lmderetur
1122 3813 1137 3838 ,
1187 3775 1280 3844 qui
1314 3775 1510 3831 dicitur
1536 3770 1705 3848 pluri-

111 3869 228 3910 mos
253 3857 417 3925 plane
444 3857 762 3915 innocentes
790 3862 843 3915 in
871 3863 959 3918 his
979 3865 1118 3919 ludis
1138 3868 1344 3922 occisos
1377 3870 1500 3923 laeto
1525 3872 1704 3927 animo

108 3950 499 4018 conspexisse?
526 3950 748 4008 Fatetur
770 3955 987 4024 quidem
1023 3959 1313 4025 Arnobius,
1344 3962 1388 4015 si
1412 3963 1464 4015 in
1492 3963 1704 4035 religio-

108 4042 192 4094 nis
204 4047 574 4112 contemptum
600 4043 651 4098 id
672 4055 797 4100 ante
824 4048 977 4101 ludos
1003 4061 1180 4104 actum
1206 4051 1703 4121 fuerit,condonan-

106 4133 239 4188 dum
294 4133 420 4188 Jovi
451 4176 465 4199 ,
497 4137 601 4206 qui
646 4138 934 4210 sacrilegio
962 4157 1023 4196 se
1055 4144 1239 4211 Sperni
1269 4146 1536 4215 patienter
1562 4148 1702 4207 ferre

106 4226 384 4297 nequibat.
410 4226 503 4282 Sin
525 4239 705 4284 autem
734 4245 921 4287 errore
947 4244 998 4287 et
1028 4249 1155 4289 casu
1185 4233 1379 4291 factum
1408 4244 1510 4305 est,
1540 4239 1703 4297 debe-

105 4323 198 4378 bat
226 4324 413 4395 utique
438 4325 669 4395 optimus
699 4325 908 4396 Jupiter
932 4328 1178 4384 humanae
1213 4329 1486 4403 fragilitati
1514 4342 1568 4390 et
1596 4336 1700 4391 imo

103 4414 411 4484 prudentia
440 4415 570 4471 dare
590 4419 827 4473 veniam.
861 4418 1118 4487 Quamvis
1146 4437 1309 4493 porro
1340 4424 1471 4481 illud
1495 4468 1508 4489 ,
1563 4443 1701 4498 quo-

101 4506 381 4577 quomodo
420 4507 655 4576 factum,
698 4524 807 4565 non
849 4511 1095 4568 debuerit
1149 4514 1374 4571 inultum
1433 4518 1696 4591 relinqui;

1888 1995 2076 2051 Nonne
2121 1995 2287 2050 etiam
2331 1995 2508 2066 aliqua
2548 1992 2737 2050 saltem
2769 1992 2909 2047 ratio
2933 1989 3002 2045 ab
3030 1988 3259 2045 ethnicis
3292 1984 3413 2041 red-

1814 2087 1990 2145 denda
2037 2097 2198 2156 erat,
2244 2102 2343 2144 cur
2385 2102 2611 2158 serpens
2650 2086 2741 2141 ille
2765 2092 2887 2158 post
2909 2096 3065 2138 suum
3090 2079 3158 2136 ad
3183 2079 3411 2135 insulam

1816 2182 2142 2255 Tyberinam
2165 2196 2443 2239 accessum
2466 2194 2573 2237 non
2602 2180 2834 2251 amplius
2853 2174 3248 2247 comparuerit?
3271 2172 3412 2228 Nihil

1816 2279 2014 2348 quippe
2034 2276 2337 2344 christiani,
2360 2289 2539 2347 neque
2565 2275 2780 2348 ipsimet
2804 2266 3161 2343 proculdubio
3187 2267 3408 2333 ethnici,

1814 2364 1961 2423 aliud
1985 2368 2052 2423 de
2082 2370 2180 2424 bac
2209 2366 2387 2423 fabula
2418 2376 2716 2432 noverant,
2755 2378 2915 2435 quam
2946 2361 3091 2433 quod
3116 2361 3170 2416 in
3190 2373 3410 2416 eorum-

1813 2460 1937 2517 dem
1966 2462 2246 2533 gentilium
2275 2461 2492 2532 scriptis
2522 2459 2775 2515 traditum
2805 2455 3115 2512 invenitur?

1887 2554 2128 2625 Denique
2174 2554 2377 2609 ethnici
2428 2566 2625 2624 negare
2652 2566 2757 2607 non
2785 2556 3073 2621 potuerunt
3110 2548 3255 2602 hunc
3282 2560 3397 2601 ser-

1814 2659 2029 2720 pentem
2081 2649 2297 2721 generis
2345 2647 2509 2703 fuisse
2564 2642 2798 2712 terreni,
2827 2662 2846 2696 ‹
2874 2643 3139 2715 quamvis,
3177 2661 3196 2693 ι
3234 2642 3404 2712 inquit

1812 2741 2083 2797 Arnobius
2110 2739 2274 2812 (Ibid.
2306 2783 2320 2804 .
2366 2757 2485 2812 pag.
2508 2738 2663 2810 251),
2697 2752 2718 2790 ‹
2755 2740 2917 2793 fuerit
2964 2734 3214 2791 immanis
3243 2740 3299 2791 et
3326 2735 3408 2790 ni-

1811 2834 1971 2899 mius,
2001 2833 2245 2903 quamvis
2274 2828 2426 2887 illum
2454 2831 2521 2886 ab
2552 2828 2777 2901 Regulo,
2806 2830 3076 2885 exercitus
3103 2829 3151 2883 vi
3180 2841 3403 2890 ctesum,

1811 2924 2145 2996 longitudine
2189 2925 2433 2996 corporis
2470 2932 2525 2978 ct
2576 2921 2787 2977 roboris
2839 2922 3093 2977 antenet.
3130 2938 3152 2972 ι
3180 2918 3406 2989 Quantae

1813 3032 1943 3074 vero
1975 3017 2132 3074 molis
2159 3018 2247 3073 hic
2270 3016 2463 3081 fuerit,
2510 3014 2634 3071 inde
2668 3012 2880 3086 iudica,
2929 3012 3075 3084 quod
3124 3020 3404 3083 postquam

1810 3111 1905 3167 ille
1930 3110 1998 3165 ab
2021 3109 2189 3167 ΛιιῙηί
2239 3108 2429 3181 Reguli
2474 3108 2714 3165 exercitu
2763 3106 2907 3179 apud
2957 3106 3253 3178 Bragadam
3305 3104 3407 3160 fitt-

1813 3204 1980 3267 vium,
2015 3201 2102 3256 u‘bi
2135 3202 2371 3273 Regulus
2399 3210 2573 3256 castra
2602 3209 2874 3271 posuerat,
2908 3201 3261 3269 interemptus
3280 3207 3402 3262 est;

1737 3275 1783 3341 ο
1815 3297 1956 3353 illius
2001 3297 2243 3361 corium,
2299 3295 2522 3350 Romam
2566 3307 2751 3366 postea
2787 3295 3041 3361 missum,
3100 3291 3265 3362 pedes
3306 3290 3405 3347 120

1809 3393 2025 3463 longum
2076 3391 2240 3445 fuisse
2287 3390 2618 3461 perhibetur.
2670 3387 2860 3445 Testes
2901 3387 3059 3458 hujus
3086 3388 3164 3442 rei
3195 3387 3237 3441 si
3263 3400 3400 3456 quos

1807 3484 2106 3551 desideras,
2141 3484 2235 3539 tibi
2266 3482 2513 3538 dabimus
2540 3482 2604 3537 A.
2633 3476 3106 3546 Gellium,l.ivium
3137 3492 3166 3532 a
3189 3474 3403 3533 Valerio

1806 3577 2038 3632 Maximo
2067 3578 2318 3645 citatum,
2350 3576 2615 3643 Plinium,
2645 3575 2907 3631 Senecam
2933 3616 2949 3641 ,
2979 3570 3198 3628 Florum
3220 3614 3234 3636 ,
3269 3570 3405 3626 Oro-

1806 3669 1945 3724 sium
1965 3714 1980 3737 ,
2006 3680 2062 3725 et
2090 3671 2224 3725 alios
2245 3670 2422 3725 adhuc
2445 3712 2460 3736 ,
2502 3671 2549 3726 si
2583 3683 2804 3724 necesse
2851 3667 2990 3723 foret
3020 3665 3201 3740 (σαι,
3233 3663 3323 3720 lib.
3349 3678 3402 3719 vr

1807 3759 1968 3817 Noct.
2015 3762 2204 3830 Attia,
2257 3778 2372 3833 cap.
2407 3760 2476 3827 5,
2522 3774 2641 3833 pag.
2674 3759 2812 3821 308:
2868 3758 2982 3814 Val.
3020 3757 3165 3813 Diam.
3188 3800 3203 3823 ,
3236 3756 3322 3812 lib.
3354 3772 3401 3823 ι,

1804 3870 1920 3927 cap.
1948 3854 2068 3922 ult,
2101 3854 2242 3926 §19,
2267 3868 2384 3926 pag.
2412 3850 2514 3919 77;
2549 3852 2712 3917 Plin,
2741 3852 2826 3906 lib.
2861 3864 2955 3906 vut
3012 3849 3153 3905 Hist.
3203 3860 3403 3916 natum,

1804 3962 1921 4018 cap.
1948 3948 2033 4013 15,
2066 3962 2186 4019 pag.
2213 3948 2352 4013 155ς
2386 3948 2593 4013 δέπα,
2624 3947 2773 4016 epist.
2805 3945 2894 4009 82,
2914 3960 3034 4017 pag.
3066 3944 3202 4009 156;
3228 3942 3400 4007 Flam,

1806 4040 1894 4095 lib.
1929 4057 1984 4096 ιιι
2007 4083 2020 4106 ,
2057 4049 2189 4112 post.
2219 4042 2376 4107 inin;
2406 4040 2583 4105 οῖον..
2616 4038 2704 4095 lib.
2736 4052 2790 4094 tv
2828 4036 2987 4105 Hist,
3021 4053 3139 4107 cap.
3164 4034 3240 4109 8).
3271 4036 3402 4106 Quis

1804 4150 1933 4205 ergo
1956 4134 2202 4190 ethnicos
2230 4146 2335 4189 non
2367 4135 2614 4202 miretur,
2639 4134 2730 4205 qui
2763 4130 3071 4204 huiusmodi
3089 4137 3398 4202 serpentem

1802 4226 1963 4283 deum
1989 4241 2112 4283 esse
2140 4227 2391 4283 dixerunt
2411 4236 2466 4283 et
2493 4226 2812 4283 coluerunt?

1874 4320 2146 4392 Urgebant
2172 4329 2371 4386 tamen,
2398 4320 2491 4377 ubi
2524 4321 2753 4390 primum
2780 4320 2887 4385 ille,
2915 4332 3031 4384 seu,
3059 4326 3119 4372 ut
3160 4317 3396 4382 aiebant,

1802 4412 2162 4485 )Esculapius,
2193 4430 2258 4469 ea:
2282 4415 2426 4469 libris
2450 4413 2712 4486 fatalibus,
2743 4413 2796 4467 id
2825 4420 2929 4476 est,
2956 4410 3248 4482 Sibyllinis,
3292 4406 3397 4464 Va-

1805 4518 2033 4580 tumqae,
2064 4507 2166 4564 huc
2193 4506 2589 4579 est,‘Apollinis
2613 4505 2888 4575 responsis,
2912 4502 3136 4556 Romam
3163 4502 3397 4556 advoca-

102 4600 262 4654 unius
315 4608 492 4657 tamen
543 4612 765 4674 propter
814 4604 1071 4661 delictum
1104 4622 1211 4662 non
1241 4608 1477 4666 debuere
1522 4613 1699 4669 omnis

1815 4610 1889 4656 tus
1919 4611 2020 4670 est,
2053 4608 2162 4657 tum
2196 4612 2401 4673 pestem
2430 4600 2694 4670 protinus,
2737 4610 2838 4651 nec
2866 4608 3056 4665 magno
3086 4606 3201 4650 sine
3230 4596 3390 4649 mira-

101 4689 339 4746 civitatis
360 4663 607 4763 populus,
635 4663 825 4751 omnes
855 4696 1086 4763 feminae,
1108 4700 1280 4768 pueri,
1725 4663 1780 4727 Β
1804 4695 1926 4750 culo
1956 4663 2121 4751 fuisse
2151 4663 2705 4766 depulsam-(Arnob,
2747 4688 2839 4743 lib.
2869 4663 2975 4753 vn,
2994 4702 3114 4783 pag.
3143 4685 3295 4759 251).
3321 4687 3397 4783 at

100 4797 209 4854 que
236 4785 502 4841 innumeri
528 4788 769 4844 insontes
798 4790 1003 4847 crudeli
1034 4790 1191 4860 plecti
1220 4794 1385 4862 pestis
1411 4796 1697 4866 supplicio.

98 4876 297 4932 Nonne
318 4878 463 4933 enim
489 4879 729 4950 iniquum
757 4891 841 4938 est
864 4893 940 4939 tot
967 4883 1216 4940 innoxios
1239 4900 1336 4956 pro
1358 4901 1465 4942 uno
1493 4897 1697 4945 tantum

99 4985 199 5027 reo
222 4975 575 5028 condemnari
601 4983 656 5029 et
680 4977 896 5045 puniri?

172 5065 465 5132 Prmterea,
496 5065 541 5120 si
561 5065 769 5137 Jupiter
796 5067 949 5123 Indos
968 5070 1178 5124 restitui
1201 5070 1386 5137 voluit,
1418 5085 1515 5127 cur
1531 5074 1693 5127 rusti-

99 5176 224 5215 cum
271 5160 547 5217 hominem
595 5163 794 5231 potius,
824 5180 983 5233 quam
1009 5164 1317 5233 Consulem,
1351 5177 1445 5221 aut
1474 5166 1690 5237 pontifi-

101 5267 221 5308 cem
244 5253 564 5317 maximum,
591 5263 682 5309 aut
707 5255 975 5311 ﬂaminem
1008 5272 1161 5312 suum
1189 5257 1411 5325 dialem,
1436 5258 1692 5317 horumce

101 5348 301 5401 rituum
321 5345 482 5417 longe
510 5348 795 5417 peritiores
814 5344 851 5416 ,’
877 5350 1161 5406 voluntatis
1199 5362 1308 5405 sua:
1338 5350 1694 5408 admonebat?

100 5439 209 5494 Cur
256 5440 449 5495 rustici
492 5440 730 5495 animum
755 5441 824 5496 ad
852 5454 1058 5498 morem
1101 5443 1203 5499 sibi
1249 5444 1542 5514 gerendum
1585 5456 1690 5501 non

101 5534 250 5602 prius
279 5530 523 5598 adduxit,
554 5547 714 5602 quam
745 5533 798 5587 in
829 5542 952 5589 eum
980 5543 1087 5590 tam
1115 5536 1309 5592 acerbe
1346 5536 1596 5593 saeviret?
1624 5538 1693 5594 At

101 5625 395 5695 completo,
426 5624 769 5693 inquiebant,
796 5627 1219 5682 annuntiationis
1248 5627 1426 5683 ofﬁcio
1446 5672 1459 5696 ,
1488 5630 1576 5685 ille
1601 5644 1690 5685 sa-

102 5728 258 5772 natus
288 5726 394 5770 est.
426 5715 629 5788 Ecquid
660 5717 876 5785 mirum,
905 5720 1119 5789 reponit
1143 5720 1431 5785 Arnobius,
1463 5723 1507 5777 si
1530 5722 1577 5777 is
1601 5723 1691 5795 qui

99 5811 285 5871 intulit
321 5809 521 5865 malum
544 5850 561 5876 ,
619 5809 747 5865 illud
790 5812 1025 5881 repulit?
1074 5812 1302 5868 Reddita
1334 5829 1463 5870 vero
1490 5818 1689 5873 sanitas

99 5903 321 5959 crudele
388 5901 743 5973 proculdubio
791 5901 894 5959 fuit
941 5904 1145 5960 homini
1194 5903 1274 5959 illi
1328 5906 1686 5977 beneﬁcium,

1801 4788 1846 4843 si
1869 4786 2212 4857 AEsculapius
2243 4786 2294 4839 in
2324 4794 2628 4853 serpentem
2655 4794 2968 4848 conversus,
2998 4780 3076 4835 uti
3103 4779 3397 4852 respondet

1799 4884 2090 4951 Arnobius,
2115 4881 2237 4936 ideo
2259 4880 2459 4935 accitus
2487 4886 2588 4944 est,
2618 4887 2676 4932 ut
2700 4877 2838 4932 hanc
2873 4875 3079 4933 cladem
3106 4885 3390 4943 averteret,

1799 4977 1890 5031 ubi
1922 4985 2048 5031 tunc
2086 4983 2222 5039 erat,
2255 4972 2471 5043 quando
2513 4970 2701 5027 eadem
2745 4970 2934 5027 civitas
2976 4969 3165 5026 eodem
3212 4974 3393 5041 postea

1800 5069 1990 5124 morbo
2029 5068 2187 5123 toties
2223 5064 2419 5122 amicta
2457 5064 2572 5131 fuit,
2617 5070 2868 5136 tantaque
2914 5064 3188 5120 hominum
3229 5063 3391 5117 millia

1799 5162 1963 5217 simili
1994 5172 2144 5232 peste
2174 5159 2484 5229 perierunt?
2506 5158 2619 5214 Cur
2657 5169 2777 5229 pust
2808 5158 3002 5228 templa
3031 5158 3078 5211 ei
3109 5156 3388 5221 aedificata,

1800 5268 1911 5312 non
1949 5254 2242 5326 prohibuit,
2277 5269 2344 5309 ne
2375 5254 2491 5309 lues
2533 5255 2764 5326 amplius
2805 5250 3183 5325 grassaretur?
3209 5249 3391 5320 Neque

1799 5350 2001 5407 dixeris
2037 5348 2384 5420 subsequenti
2427 5357 2668 5418 tempore
2709 5356 2989 5415 corruptos
3018 5343 3183 5399 fuisse
3214 5342 3388 5397 homi-

1799 5454 1926 5498 num
1964 5456 2162 5498 mores.
2194 5441 2252 5497 lu
2285 5442 2491 5513 magnis
2520 5440 2717 5497 etenim
2746 5446 2801 5494 et
2828 5438 3037 5509 populis
3071 5444 3126 5491 et
3164 5436 3392 5490 civitati-

1798 5537 1899 5594 bus
1927 5552 2142 5608 semper
2166 5535 2291 5592 boni
2322 5551 2444 5592 cum
2477 5535 2631 5590 malis
2659 5533 2895 5604 permisti
2924 5532 3157 5585 fuerunt.
3194 5530 3389 5584 Dicen-

1797 5631 1925 5687 dum
1961 5642 2090 5702 ergo
2117 5641 2211 5686 aut
2249 5631 2484 5685 attritam
2521 5628 2684 5683 fuisse
2716 5626 2984 5696 serpentis
3019 5625 3084 5680 ad
3121 5624 3390 5681 sedandas

1799 5736 1982 5795 postea
2011 5736 2188 5795 pestes
2213 5724 2319 5778 vim
2346 5732 2402 5777 et
2427 5728 2767 5793 potestatem,
2791 5727 2883 5773 aut
2903 5717 3033 5774 falsa
3061 5716 3240 5773 fatalia
3272 5733 3390 5773 car-

1797 5817 1976 5881 mina;
2026 5814 2238 5884 quando
2281 5811 2496 5885 quidem
2538 5817 2849 5881 suggestum
2890 5808 2961 5863 ah
2997 5808 3078 5865 eis
3120 5810 3388 5879 serpentis

1796 5909 2095 5968 remedium
2136 5907 2285 5962 outni
2323 5921 2429 5967 non
2469 5902 2670 5975 profuit
2696 5911 2876 5958 aetate.
2908 5900 3046 5967 Quid
3074 5917 3202 5971 ergo
3228 5917 3293 5959 ex
3326 5901 3391 5955 iis
