4000 6290
548 353 656 411 607
1803 348 2177 410 DISSERTA'I

2295 348 2574 409 PRIEVIA
3787 349 3893 410 608

552 467 806 525 omnibus
825 465 1275 534 concludendum,
1300 464 1403 525 nisi
1424 462 1652 538 gentiles
1674 472 1783 522 tota
1802 465 1887 521 via
1907 479 2140 532 errasse.
2170 469 2223 530 Α
2246 463 2378 532 diis;
2410 479 2473 521 ac
2501 463 2646 523 nulla
2680 465 2780 523 sibi
2813 465 2937 522 data
2964 478 3147 534 causa,
3174 479 3306 538 opes
3345 464 3556 521 horum
3590 463 3891 538 frangere,

553 559 705 633 quia
738 557 873 615 Jove
899 566 955 614 et
991 556 1307 633 IEsculapio
1340 573 1465 616 vere
1504 556 1647 614 edita
1684 556 1849 616 fuisse
1889 557 2145 614 miracula
2248 566 2305 612 ut
2347 557 2563 613 illorum
2610 558 2886 615 fautricem
2932 574 2994 615 se
3038 557 3352 625 exhiberet;
3403 557 3752 614 libertatem
3811 559 3893 615 his

555 650 918 709 venditabant.

1156 760 1451 802 ARTICULUS
1489 745 1547 802 ii.

555 857 745 920 Quanta
781 857 1031 909 evidentia
1052 858 1301 910 Arnobius
1335 858 1562 910 ostendat
1595 856 1717 908 falsa
1760 868 1872 908 esse
1896 856 2146 918 miracula,

613 933 725 1034 ﬂium
746 921 936 997 ethnici
954 920 1080 971 facta
1106 933 1220 970 esse
1263 920 1649 980 contendebant,
1687 933 1799 971 cum
1834 920 2148 969 simulacrum
2247 933 2623 1007 gravissimum
2654 933 2929 989 servitum
2953 932 3137 1006 iugum
3167 934 3431 989 mmora.

666 989 789 1034 atris
810 996 999 1034 magna:
1022 997 1088 1033 ex
1126 982 1341 1034 Pbrvtrio
1356 992 1523 1033 monte
1548 983 1746 1032 Romam
1772 982 2028 1032 adductum
2054 989 2148 1034 est.
2322 1025 2368 1034 -.
2466 1026 2481 1034 -
2672 1024 2685 1034 .
2748 1025 2761 1034 .
2799 1025 2811 1034 .
3052 1025 3087 1034 -.
3205 1025 3217 1034 .
3354 1025 3369 1034 .

666 985 789 1034 atris
810 996 999 1048 magna:
1022 997 1088 1033 ex
1113 982 1341 1048 Phrygio
1356 992 1523 1048 monte
1548 983 1754 1048 Romam
1772 982 2028 1048 adductum
2054 989 2148 1048 est,

617 1054 766 1109 atque
789 1043 923 1097 aliud
941 1050 1090 1100 etiam
1106 1043 1244 1097 Jovis
1265 1043 1317 1097 in
1341 1046 1551 1098 editiore
1568 1044 1676 1098 loco
1697 1044 1759 1095 ad
1780 1043 2039 1096 Orientem
2055 1043 2151 1095 θοι·
2222 1083 2226 1087 «

616 1109 846 1161 locatum.

2322 1025 2596 1097 Urgebant
2616 1024 2813 1081 ethnici
2839 1036 2998 1097 atque
3019 1025 3124 1081 alio
3147 1025 3409 1082 miraculo
3442 1038 3721 1096 prorsus,
3752 1023 3892 1080 sicut

2251 1119 2384 1192 ipsis
2420 1118 2722 1183 videbatur,
2753 1119 3019 1190 stupendo
3056 1119 3284 1191 probare
3312 1135 3511 1175 rursus
3554 1118 3893 1175 nitebantur

626 1212 748 1270 Non
795 1213 1017 1284 majoris
1060 1212 1301 1285 profecto
1352 1212 1606 1285 ponderis
1653 1221 1772 1270 erat
1812 1212 2151 1270 ethnicorum
2253 1211 2387 1269 deos
2409 1227 2537 1270 suos
2558 1214 2732 1285 reipsa
2754 1213 3010 1276 existere.
3041 1220 3203 1285 atque
3231 1211 3503 1268 infinitam
3533 1225 3674 1268 esse
3693 1226 3890 1268 eorum

558 1306 976 1379 argumentatio,
1020 1320 1085 1362 ex
1126 1306 1232 1363 alio
1268 1313 1325 1362 et
1365 1320 1560 1377 magno
1604 1305 1842 1378 quidem.
1885 1306 1959 1361 uti
1997 1305 2155 1375 jacti-

560 1398 768 1466 tabant,
793 1397 1052 1454 miraculo
1070 1396 1355 1468 desumpta
1376 1397 1726 1468 (Arnob.,lib.
1746 1414 1838 1463 vn,
1864 1414 1983 1469 pag.
1998 1395 2151 1468 εδδ).

559 1491 835 1549 Instabant
883 1493 1079 1548 etenim
1134 1491 1397 1563 frequenti
1441 1506 1691 1547 sermone
1740 1493 1922 1548 tritum
1951 1490 2156 1564 divino

561 1600 770 1658 magna:
804 1583 1007 1646 Matris.
1042 1584 1157 1641 sive
1186 1584 1369 1639 Matris
1393 1583 1552 1640 deum
1579 1583 1836 1652 subsidio,
1875 1596 2157 1656 postquam

563 1679 759 1736 Vatum
785 1678 937 1751 jussu
968 1678 1180 1751 signum
1211 1677 1354 1735 illius
1375 1691 1444 1733 ex
1470 1677 1702 1750 Phrygio
1725 1687 1907 1734 monte
1932 1677 2158 1733 Romam

562 1780 896 1845 aSportatum
957 1770 1095 1839 fuit,
1132 1779 1262 1827 tunc
1290 1769 1501 1846 hostem
1530 1770 1961 1841 potentissimum
1992 1768 2159 1824 Anni-

2256 1314 2579 1378 potestatem
2607 1304 2846 1377 (Arnob.,
2873 1305 2963 1360 lib.
2986 1321 3081 1370 vn.
3126 1324 3181 1375 p.
3222 1305 3374 1375 245).
3402 1304 3684 1362 Testibus
3708 1305 3890 1361 enim-

2258 1412 2411 1464 vero,
2444 1397 2776 1470 inquiebant,
2801 1397 2904 1453 fide
2926 1396 3253 1469 dignissimis
3281 1398 3568 1453 memoria:
3601 1397 3890 1467 proditum

2258 1502 2374 1548 erat
2405 1507 2527 1548 cum
2565 1491 2885 1563 Capitolium
2924 1489 3147 1547 fulmine
3177 1491 3338 1545 ictum
3377 1489 3608 1556 fuisset,
3649 1500 3793 1546 tunc
3833 1491 3892 1547 de

2259 1583 2391 1641 sede
2438 1599 2533 1641 sua
2582 1583 2924 1640 deturbatum
2969 1582 3118 1639 Jovis
3159 1582 3541 1639 simulacrum.
3589 1581 3710 1639 Ubi
3765 1597 3889 1638 vero

2263 1675 2390 1730 illud
2442 1675 2633 1731 altiore
2688 1675 2808 1732 loco
2851 1674 2921 1731 ad
2986 1675 3250 1731 orientem
3298 1673 3466 1730 solem
3521 1673 3890 1745 haruspicum

2264 1785 2527 1841 responso
2551 1770 2872 1826 collocatum
2902 1778 3008 1835 est,
3034 1777 3144 1824 tum
3176 1768 3413 1842 patuisse
3440 1784 3533 1826 res
3562 1768 3890 1835 abditas,et

565 1865 745 1922 balem
766 1880 833 1922 ex
858 1863 1011 1920 Italia
1036 1863 1270 1935 pulsum,
1292 1879 1356 1920 ac
1375 1863 1663 1935 reportatis
1684 1863 1975 1919 illustribus
1997 1861 2162 1917 vieto-
2189 1861 2239 1923 B
2266 1862 2320 1919 in
2368 1873 2607 1919 reserata
2659 1862 2984 1919 vindicatum
3027 1852 3306 1918 maleficia.
3358 1861 3562 1918 Narrat
3609 1862 3890 1933 siquidem

566 1959 686 2027 riis,
732 1958 999 2015 redditum
1045 1956 1176 2015 Urbi
1220 1957 1403 2026 decus,
1448 1957 1723 2028 multaque
1763 1957 1866 2012 alia
1916 1956 2062 2011 domi
2108 1962 2165 2010 et

570 2053 703 2110 foris
741 2053 999 2124 praeclare
1025 2061 1199 2124 gesta,
1234 2068 1351 2124 qua:
1390 2052 1646 2107 Romana:
1675 2052 1851 2124 gentis
1884 2065 2079 2106 nomen
2110 2061 2165 2107 et

573 2145 906 2216 majestatem
933 2143 1280 2215 insuperabili
1304 2144 1555 2199 firmitate
1582 2143 1954 2199 fundaverant.
1978 2143 2025 2198 Α
2049 2143 2166 2213 (ιυὶ-

575 2239 677 2295 bus
717 2248 900 2295 autem
941 2237 1303 2311 Scriptoribus
1349 2236 1467 2294 hac
1510 2238 1700 2295 litteris
1745 2238 1993 2293 mandata
2035 2237 2162 2305 sint,

570 2331 699 2389 alibi
728 2331 1063 2390 ostendimus
1098 2330 1338 2403 (Dismt.
1372 2332 1426 2386 in
1452 2329 1673 2400 Mirum,
1703 2346 1820 2402 cap.
1853 2329 1941 2398 f9,
1970 2337 2071 2384 art.
2100 2328 2165 2400 ι).

645 2423 753 2481 Sed
801 2424 906 2481 hoc
944 2436 1319 2497 argumentum
1362 2424 1632 2481 Arnobius
1674 2424 1959 2491 similibus,
2006 2435 2168 2495 atque

573 2518 842 2590 superius.
872 2517 1150 2591 responsis
1179 2516 1395 2574 refellit.
1426 2516 1566 2572 Nihil
1589 2517 1786 2589 quippe
1808 2516 1941 2583 veri,
1977 2516 2164 2588 inquit,

575 2614 630 2671 in
660 2622 768 2670 tota
805 2613 894 2669 illa
932 2612 1156 2669 historia
1190 2613 1513 2677 continetur,
1542 2612 1644 2667 nisi
1673 2610 1816 2681 quod
1843 2626 1874 2665 a
1904 2624 2032 2682 rege
2069 2611 2167 2665 At-

578 2705 709 2775 talo,
741 2706 898 2762 sicuti
937 2704 1176 2773 aiebant,
1218 2705 1416 2761 missus
1458 2713 1543 2761 est
1581 2720 1647 2761 ex
1687 2704 1919 2776 Phrygio
1960 2712 2166 2771 monte,

579 2811 635 2858 et
682 2800 909 2857 Romam
953 2799 1081 2856 inde
1127 2808 1435 2871 asportatos
1508 2812 1704 2870 parvus
1748 2798 1965 2870 quidam
2011 2796 2165 2867 lapis,

578 2893 753 2965 niger,
807 2892 994 2961 durus,
1047 2906 1206 2964 asper
1253 2906 1354 2948 nec
1406 2891 1537 2949 satis
1594 2905 1848 2962 expressa
1897 2889 2171 2945 simulacri

578 2984 756 3057 effigie
783 2985 999 3057 politus.
1028 2982 1125 3041 Cui
1156 2995 1335 3043 autem
1357 3002 1607 3055 umquam
1638 2984 1970 3056 probabitur.
1996 2983 2171 3040 Anni~

579 3076 777 3147 balem,
807 3079 907 3135 sub
927 3095 1033 3151 quo
1055 3078 1296 3136 Romana
1324 3078 1621 3151 respublica
1656 3078 1855 3134 tamdiu
1879 3078 2043 3134 sortis
2060 3092 2173 3134 sua:

578 3170 739 3227 dubia
766 3172 1113 3238 contremuit,
1138 3187 1205 3228 eo
1235 3171 1412 3243 lapide
1461 3180 1758 3243 asportato,
1792 3171 1989 3225 factum
2026 3169 2173 3225 illico

2267 1956 2458 2013 Cicero
2484 1972 2514 2011 a
2541 1956 2799 2012 Romanis
2839 1948 3151 2011 memoriter
3177 1954 3353 2009 adhuc
3381 1953 3562 2009 teneri
3603 1954 3891 2025 quomodo

2270 2050 2516 2121 plurimis
2541 2050 2765 2106 deorum
2795 2048 3115 2116 simulacris,
3146 2063 3213 2105 ex
3242 2062 3334 2103 sua
3366 2047 3422 2103 in
3447 2046 3743 2119 Capitolio
3769 2047 3892 2104 sede

2268 2142 2526 2214 depulsis,
2555 2142 2890 2214 haruspices,
2920 2158 2989 2198 ex
3022 2152 3131 2197 tota
3162 2140 3377 2197 Etruria
3409 2141 3705 2210 accersiti,
3741 2162 3763 2194 ι
3787 2143 3894 2211 jus-

2269 2247 2455 2293 serunt
2492 2236 2839 2293 simulacrum
2868 2236 3017 2293 Jovis
3048 2234 3224 2291 facere
3250 2235 3442 2306 majus,
3474 2244 3533 2290 et
3570 2234 3630 2291 in
3673 2236 3893 2292 excelso

2269 2331 2561 2395 collocare,
2596 2342 2649 2388 et
2677 2341 2867 2388 contra
2892 2340 3052 2403 atque
3082 2329 3277 2397 fuerat,
3308 2328 3374 2384 ad
3414 2328 3721 2387 Orientem
3771 2346 3894 2385 con-

2269 2435 2517 2491 vertere;
2565 2440 2630 2480 ac
2673 2440 2733 2481 se
2775 2439 2997 2496 sperare
3038 2422 3308 2489 dixerunt.
3354 2421 3402 2477 si
3453 2421 3597 2477 illud
3649 2408 3893 2495 signum,

2271 2519 2412 2591 quod
2440 2519 2655 2585 videtis,
2683 2518 2826 2576 Solis
2851 2526 3051 2584 ortum.
3084 2526 3140 2574 et
3168 2515 3368 2582 forum,
3398 2515 3745 2588 curiamque
3774 2532 3895 2571 con—

2272 2613 2525 2683 spiceret,
2560 2612 2674 2668 fore
2700 2623 2757 2668 ut
2782 2626 2845 2668 ea
2876 2608 3119 2678 consilia,
3149 2625 3268 2681 qua:
3304 2608 3441 2665 clam
3479 2608 3735 2666 fuissent
3774 2612 3893 2667 inita

2271 2715 2457 2762 contra
2496 2706 2726 2763 salutem
2767 2705 2923 2763 Urbis
2962 2714 3126 2776 atque
3166 2704 3398 2785 imperii,
3437 2703 3888 2773 illustrarentur;

2273 2809 2332 2855 ut
2375 2816 2403 2855 a
2447 2800 2506 2856 S.
2550 2801 2611 2856 P.
2658 2799 2725 2868 ρ.
2770 2799 2837 2855 R.
2887 2798 3115 2869 perspici
3158 2804 3399 2869 possent.
3430 2815 3467 2870 ι,
3499 2795 3736 2872 (ϐᾶσα-η
3769 2788 3889 2854 orci.

2272 2893 2307 2948 '5
2342 2893 2394 2947 in
2439 2890 2616 2957 Catil.,
2648 2908 2768 2964 pag.
2801 2889 2957 2962 529.)

2346 2986 2481 3056 Quid
2516 2986 2582 3042 ad
2619 2986 2759 3043 hanc
2781 2985 3121 3042 ethnicorum
3157 2983 3696 3055 argumentationem
3724 2990 3893 3042 Aruo-

2274 3079 2398 3135 bius
2433 3079 2791 3150 responderit,
2826 3076 2957 3132 nihil
2997 3077 3156 3148 plane
3196 3090 3371 3145 neque
3410 3075 3465 3130 in
3513 3080 3891 3147 manuscripto

2278 3172 2537 3229 librorum
2588 3172 2704 3243 ejus
2748 3171 2935 3227 codice
2982 3170 3153 3243 regio,
3202 3184 3377 3241 neque
3423 3172 3476 3225 in
3523 3168 3641 3225 ulla
3685 3171 3891 3227 illorum

577 3264 680 3321 sibi
708 3278 926 3336 prorsus
945 3263 1280 3330 dissimilem.
1310 3264 1378 3319 ab
1406 3263 1555 3319 Italia
1576 3262 1794 3334 pulsum
1820 3271 1875 3318 et
1900 3260 2175 3333 fugatum?
2203 3263 2249 3328 C
2279 3266 2538 3335 editione,
2592 3276 2682 3322 aut
2726 3266 2853 3337 alibi
2910 3265 3123 3336 legitur.
3170 3263 3608 3336 Suspicabuntur
3663 3264 3892 3323 fortasse

575 3357 848 3430 Numquid
868 3367 995 3415 tunc
1007 3357 1139 3414 nihil
1159 3357 1407 3413 humanis
1419 3357 1682 3423 consiliis.
1701 3356 1831 3412 nihil
1850 3357 2176 3427 praestantis-

539 3435 557 3442 ’
583 3451 845 3508 simorum
878 3451 1096 3506 militari
1126 3450 1321 3505 virtute
1347 3448 1719 3516 ducum.nihil
1744 3463 1939 3520 magno
1959 3448 2175 3504 exerci-

588 3559 735 3600 tuum
759 3542 955 3600 robore
970 3552 1148 3599 actum
1172 3551 1256 3598 est
1272 3540 1575 3613 iNumquid
1601 3542 1763 3597 etiam
1783 3541 1875 3596 ille
1903 3540 2060 3613 lapis,
2083 3541 2174 3611 qui

582 3653 653 3693 an
681 3653 789 3693 uno
816 3636 1036 3694 homine
1063 3637 1268 3709 portari
1294 3635 1451 3692 facile
1490 3644 1720 3707 poterat,
1756 3635 1907 3691 auxit
1948 3628 2178 3691 Romani

581 3730 871 3797 exercitus,
926 3739 983 3785 et
1023 3729 1179 3801 fregit
1222 3744 1285 3786 ac
1323 3729 1624 3786 debilitavit
1682 3729 1964 3785 Annibalis
2013 3729 2176 3796 vires,

582 3839 813 3895 eumque
839 3824 1061 3891 victum,
1083 3833 1140 3880 et
1166 3823 1438 3880 Romanos
1481 3823 1718 3880 victores
1763 3822 2030 3880 reddidit?
2079 3821 2179 3878 Cui

589 3917 803 3974 tandem
839 3916 995 3973 facile
1032 3916 1379 3989 persuadebis
1428 3917 1483 3973 in
1536 3916 1844 3988 hujusmodi
1865 3915 2042 3987 lapide
2070 3915 2182 3970 Ma-

585 4022 722 4069 trem
759 4011 919 4068 deunt
951 4026 1139 4067 revera
1169 4010 1354 4078 fuisse;
1380 4019 1473 4066 aut
1491 4026 1691 4067 numen
1717 4010 1934 4082 aliquod
1954 4009 2009 4065 in
2038 4008 2183 4065 illius

583 4103 856 4161 habitasse
893 4104 1067 4172 venis,
1111 4102 1296 4160 frustis
1319 4118 1382 4161 ac
1402 4102 1757 4177 fragmentis?
2167 4158 2173 4167 ,

659 4196 781 4267 Quo
811 4210 943 4269 ergo
973 4194 1153 4263 modo,
1184 4196 1497 4268 inquiebant
1525 4196 1749 4264 ethnici,
1780 4196 2013 4252 adventu
2038 4196 2185 4253 illius

589 4303 742 4364 parta
785 4301 871 4348 est
913 4291 1155 4356 victoria,
1204 4291 1250 4346 si
1295 4290 1500 4346 nullum
1544 4292 1597 4346 in
1645 4306 1710 4347 eo
1760 4291 1937 4362 lapide
1985 4306 2186 4347 numen

587 4384 798 4441 inerat?
844 4381 1160 4455 Respondet
1215 4383 1487 4440 Arnobius
1533 4398 1652 4439 eam
1707 4383 2046 4442 tribuendam
2090 4400 2189 4454 pu-

587 4491 864 4548 gnantium
910 4475 1097 4531 virtuti
1129 4491 1193 4531 ac
1229 4474 1545 4541 fortitudini,
1578 4485 1670 4530 aut
1700 4474 1929 4531 fortunae
1958 4476 2188 4532 mutabi—

587 4568 725 4626 litati
755 4580 811 4626 et
836 4570 1227 4626 inconstantia.
1257 4569 1327 4625 Et
1360 4584 1493 4626 vero
1532 4569 1749 4625 ubinam
1778 4569 2018 4640 gentium
2060 4569 2190 4624 illud

2280 3359 2525 3415 nonnulli
2566 3357 2670 3415 hoc
2710 3360 2779 3415 ab
2818 3358 2912 3415 illo
2951 3357 3189 3428 potuisse
3226 3357 3598 3428 prmtermitti;
3635 3361 3891 3430 quoniam

2280 3453 2399 3509 aliis
2435 3453 2502 3508 ad
2536 3452 2781 3525 superius
2808 3452 3020 3523 objecta
3046 3452 3317 3523 responsis
3345 3449 3449 3507 hoc
3477 3453 3620 3508 satis
3650 3454 3892 3525 confuta-

2282 3561 2393 3606 tum
2428 3549 2621 3607 fuerat.
2657 3549 2764 3605 Sed
2791 3553 2914 3621 quia
2939 3550 3050 3620 jam
3088 3548 3458 3605 annotavimus
3497 3548 3578 3604 ibi
3616 3547 3891 3618 fragmen-

2284 3652 2397 3698 tum
2436 3644 2505 3699 ab
2544 3642 2806 3698 oscitante
2844 3641 3066 3698 librario
3105 3649 3436 3713 praepostere
3475 3643 3891 3712 transpositum,

2287 3735 2414 3792 hinc
2454 3735 2629 3806 colligi
2672 3743 2856 3807 potest
2891 3734 3189 3791 Arnobium
3233 3734 3358 3790 huic
3399 3733 3698 3804 gentilium
3743 3750 3893 3804 argu-

2283 3839 2487 3897 mento,
2532 3829 2673 3885 sicut
2702 3837 2758 3885 et
2795 3828 2915 3885 aliis
2951 3827 3248 3900 sigillatim,
3287 3826 3669 3896 respondisse.
3712 3828 3811 3884 sed
3842 3842 3893 3882 ea

2283 3922 2465 3978 omnia
2500 3921 2570 3978 de
2609 3922 2786 3978 medio
2828 3922 3059 3987 sublata,
3102 3936 3222 3993 qua:
3257 3921 3326 3976 ab
3364 3919 3458 3976 illo
3500 3919 3653 3976 hanc
3692 3921 3756 3978 in
3794 3936 3893 3977 rem

2286 4013 2485 4084 scripta
2510 4013 2742 4069 fuerant.
2778 4013 2974 4069 Verum
3006 4012 3177 4077 illam.
3199 4013 3246 4070 si
3268 4027 3387 4082 qua:
3412 4011 3503 4076 sit,
3527 4013 3815 4082 jacturam
3839 4029 3892 4068 ea

2285 4106 2498 4162 abunde
2540 4106 2811 4178 supplent,
2858 4121 2977 4177 quae
3017 4122 3083 4161 ex
3123 4105 3245 4161 aliis
3282 4105 3400 4176 ejus
3442 4107 3895 4176 responsionibus

2288 4195 2550 4256 hactenus
2593 4198 2895 4266 retulimus,
2943 4207 2999 4253 et
3042 4197 3095 4253 in
3145 4196 3263 4269 ejus
3310 4196 3462 4253 libris
3512 4196 3738 4269 integra
3785 4216 3896 4271 per-

2288 4302 2530 4349 manent.

2361 4383 2420 4441 Si
2455 4383 2582 4456 quid
2623 4394 2802 4442 tamen
2832 4384 2958 4442 huic
2994 4393 3314 4456 argumento
3337 4383 3648 4455 respondit,
3680 4387 3898 4444 minime

2291 4477 2596 4536 dubitamus
2637 4479 2768 4536 illud
2803 4479 2970 4536 fuisse
2998 4481 3355 4552 potissimum,
3390 4478 3536 4550 quod
3571 4477 3801 4551 Cicero,
3836 4498 3896 4537 ex

2292 4588 2399 4644 quo
2439 4573 2618 4645 plura,
2660 4582 2718 4628 ut
2758 4589 2905 4646 saepe
2937 4573 3196 4639 diximus,
3240 4571 3596 4639 delibaverat,
3640 4575 3894 4646 scriptum

589 4666 861 4738 egregium
893 4681 1093 4722 numen
1117 4665 1365 4736 degebat,
1392 4679 1517 4735 cum
1544 4663 1706 4719 tantis
1731 4663 2059 4720 exercitibus
2085 4678 2188 4720 cae-
2214 4660 2530 4738 Dreliquit.
2580 4668 2709 4724 Post
2750 4668 2911 4724 allata
2957 4666 3219 4738 siquidem
3288 4681 3316 4720 a
3359 4665 3518 4720 nobis
3562 4666 3693 4734 ejus
3744 4669 3895 4723 verba

590 4760 686 4829 sis,
715 4759 941 4816 Romani
968 4759 1023 4815 in
1048 4773 1317 4815 summum
1351 4756 1649 4830 periculum
1678 4756 1978 4811 venerunt?

666 4854 723 4910 Si
771 4853 888 4925 quis
931 4866 1062 4908 vero
1108 4859 1335 4923 reponat
1375 4851 1532 4907 deum
1581 4851 1803 4906 Matrem
1856 4860 1967 4905 tum
2016 4849 2187 4906 Roma

596 4945 832 5003 abfuisse
858 4960 952 5016 per
970 4961 1130 5016 quam
1151 4944 1491 5014 longissime;
1523 4944 1592 4999 ab
1621 4944 1859 5000 Arnobio
1887 4943 2065 4999 statim
2096 4960 2189 5000 au-

598 5038 711 5095 diet
739 5038 976 5093 divinum
1006 5052 1204 5094 numen
1230 5038 1428 5109 ubique
1456 5053 1672 5109 semper
1696 5054 1818 5094 esse
1847 5053 2107 5109 praesens,
2138 5048 2195 5094 et

600 5145 696 5186 sua
736 5129 837 5185 sub
887 5138 1151 5199 potestate
1196 5130 1373 5185 omnia
1422 5144 1637 5201 semper
1676 5130 1895 5186 habere.
1928 5128 2195 5185 Praeterea

600 5242 716 5292 cur,
749 5226 977 5282 obsecro
1004 5234 1078 5291 te,
1101 5225 1201 5280 dea
1234 5226 1346 5293 illa,
1374 5226 1581 5296 priores
1607 5241 1736 5280 suos
1761 5225 1996 5281 cultores
2025 5223 2195 5297 Phry-

600 5322 718 5391 gios
759 5320 973 5392 penitus
1013 5319 1286 5387 deseruit;
1335 5329 1395 5375 ut
1435 5320 1501 5375 ad
1542 5319 1897 5391 potentiorem
1940 5321 2196 5392 populum

602 5415 904 5473 Romanum
934 5417 1348 5489 commigraret?
1383 5415 1529 5472 Talis
1565 5425 1816 5486 tantaque
1857 5416 2043 5472 levitas
2088 5416 2198 5472 Deo

604 5524 714 5565 non
743 5511 1017 5582 competit.

678 5603 790 5660 Nec
833 5605 1061 5661 Romani
1089 5604 1421 5676 respondere
1447 5595 1697 5676 poterant
1724 5602 1846 5658 ideo
1873 5601 2014 5658 hanc
2042 5602 2200 5659 deam

608 5696 676 5752 ad
710 5697 1022 5754 bellicosam
1053 5699 1293 5769 ipsorum
1321 5708 1535 5769 gentem
1575 5695 1905 5761 transirisse,
1946 5694 2069 5764 quia
2114 5710 2203 5751 res

610 5790 873 5848 militares
919 5793 1156 5849 amabat.
1203 5792 1404 5847 Divinas
1457 5789 1723 5863 siquidem
1776 5788 2040 5860 aequitatis
2099 5804 2204 5845 non

610 5890 747 5952 crat.
768 5884 937 5955 inquit
956 5884 1248 5955 Arnobius.
1271 5884 1521 5946 humanis
1540 5898 1660 5945 sese
1680 5880 1985 5941 immiscere
2003 5880 2205 5942 discor-

2294 4761 2632 4818 continenter
2677 4760 2922 4831 adjecit:
2964 4780 2983 4812 ι
3021 4760 3091 4816 At
3129 4759 3283 4821 illud,
3328 4758 3475 4815 Jovis
3518 4758 3890 4825 simulacrum,

2294 4855 2367 4911 ita
2404 4855 2774 4912 collocandum
2820 4854 3083 4911 Consules
3121 4854 3195 4909 illi
3231 4861 3536 4909 statuerunt
3566 4870 3580 4905 :
3614 4854 3719 4910 sed
3758 4865 3891 4911 tanta

2295 4946 2396 5003 fuit
2422 4948 2604 5018 Operis
2644 4948 2899 5013 tarditas;
2933 4956 2991 5002 ut
3016 4962 3192 5019 neque
3220 4963 3249 5001 a
3277 4946 3661 5018 superioribus
3687 4946 3890 5005 Consu-

2297 5041 2461 5109 libus,
2492 5057 2667 5113 neque
2692 5058 2721 5097 a
2752 5042 2905 5098 nobis
2931 5051 3054 5097 ante
3084 5041 3400 5097 hodiernum
3427 5039 3571 5095 diem
3601 5041 3892 5099 collocare-

2302 5144 2410 5191 tur.
2442 5155 2462 5188 ι
2496 5133 2688 5209 (lbid.)
2731 5135 2923 5191 Nonne
2958 5135 3100 5190 enim
3141 5135 3225 5189 his
3263 5134 3349 5190 vel
3385 5134 3515 5189 solis
3558 5134 3751 5191 verbis
3793 5145 3890 5191 tota

2302 5231 2640 5287 ethnicorum
2672 5230 2944 5286 levissima
2974 5229 3215 5298 profecto
3239 5227 3580 5284 ratiocinatio
3607 5227 3778 5298 plane
3806 5245 3890 5300 pe-

2302 5322 2556 5392 nitusque
2579 5320 2918 5376 inﬁrmatur?
2947 5320 3138 5377 Nonne
3160 5320 3246 5375 illa
3269 5317 3567 5375 Consulum
3597 5318 3889 5376 aliorumve

2303 5415 2626 5487 negligentia
2668 5415 3103 5472 manifestissime
3134 5416 3323 5486 probat
3363 5423 3623 5484 quantum
3662 5416 3890 5485 gentiles

2306 5506 2651 5579 haruspicum
2707 5510 2922 5565 oracula
2967 5522 3031 5565 ac
3080 5508 3484 5578 praedictiones,
3536 5516 3705 5579 atquc
3755 5509 3878 5566 illud

2307 5599 2458 5656 Jovis
2486 5600 2833 5657 simulacrum
2868 5601 3276 5671 parvifecerint?

2376 5694 2645 5750 Caeterum
2677 5697 2787 5765 jam
2823 5696 3156 5753 ostendimus
3184 5706 3348 5753 totam
3381 5697 3544 5763 hanc,
3577 5711 3741 5769 quam
3765 5714 3890 5771 gen.

2308 5789 2434 5846 tiles
2472 5788 2854 5847 validissimam
2893 5805 3017 5848 esse
3055 5791 3338 5863 putabant,
3381 5793 3891 5863 argumentationem

2308 5884 2412 5942 alia
2440 5884 2649 5944 ratione
2673 5885 2742 5945 ab
2769 5885 3000 5945 Minucio
3024 5886 3224 5954 Felice,
3249 5886 3477 5957 aliisque
3500 5885 3740 5958 antiquis
3760 5888 3887 5946 scri-

2246 648 2481 717 auferre.
2514 659 2570 706 ut
2603 650 2726 706 illos
2769 650 2836 707 ad
2875 665 3182 722 supremum
3212 650 3508 708 extolleret
3534 649 3893 706 dominatio-
3960 648 3961 711 ἶ

2249 743 2331 799 nis
2362 743 2652 815 fastigium,
2684 743 2945 816 Phrygios
2968 743 3174 809 delere.
3199 752 3258 800 ut
3286 742 3545 800 Romana
3575 743 3813 810 civitas,
3844 744 3892 800 in

2249 838 2469 895 humani
2492 840 2705 909 generis
2732 838 3020 910 perniciem
3051 847 3196 906 nata,
3226 838 3516 895 innoxium
3546 836 3770 895 orbem
3799 838 3892 895 Sub
