4000 6272
113 324 223 380 609

1351 324 1413 382 IN
1453 317 1825 394 ARNOBIUM,
1862 321 2018 382 CAP.
2049 321 2188 381 XXI.

3302 320 3405 383 610

107 443 364 512 ptoribus
405 443 607 500 nostris
651 440 838 499 everti.
886 441 1068 498 Multis
1108 441 1372 513 siquidem
1415 445 1713 516 validisque
1741 448 1792 508 Α
1887 443 2158 498 Lueianus
2207 453 2335 514 ergo
2380 442 2539 512 longe
2581 437 2777 512 potiori
2811 439 3020 519 ratione
3058 452 3186 496 suos
3221 439 3411 496 irridet

110 534 390 590 rationum
440 536 792 591 firmamentis
835 535 1228 602 demonstrant,
1277 537 1322 592 si
1363 538 1492 609 quid
1535 537 1616 592 his
1657 539 1710 594 in

109 628 373 683 omnibus
404 629 738 695 inusitatum,
768 637 822 685 et
851 641 1003 684 extra
1031 639 1349 685 consuetum
1382 639 1588 686 natura:
1618 647 1710 686 or-

107 715 302 776 dinem
333 719 528 776 factum
556 720 738 788 fuerit,
769 720 897 776 illud
923 737 1085 778 omne
1110 721 1414 777 daemonum
1438 722 1714 780 fraudibus

109 824 177 865 ac
196 811 490 884 praestigiis
508 828 628 870 esse
658 811 1024 870 tribuendum.
1058 817 1156 869 Ast
1183 815 1314 869 nulli
1343 825 1489 870 certe
1519 817 1711 871 mirum

110 902 292 958 videri
333 903 516 970 debet,
561 907 606 960 si
647 921 785 960 unus
816 906 1065 976 idemque
1093 906 1371 978 gentilium
1412 923 1566 963 error
1595 908 1714 978 plu-

110 996 269 1053 ribus
306 999 638 1070 argumentis
677 1001 1017 1057 convellatur
1053 1004 1373 1072 penitusque
1409 1003 1714 1058 destruatur

112 1087 362 1159 (Dissert.
396 1093 452 1146 in
480 1090 679 1147 Minuc.
717 1092 920 1157 0ctau.,
948 1111 1064 1165 cap.
1097 1094 1185 1162 19,
1219 1103 1320 1148 art.
1356 1105 1446 1150 tet
1474 1093 1552 1166 ιι).
1579 1162 1595 1169 ί

721 1207 947 1265 CAPUT
987 1206 1132 1263 XXI.

623 1324 697 1380 De
727 1325 926 1396 templis
953 1325 1236 1396 gentilium.

657 1453 944 1495 AB’I‘ICULUS
981 1455 1195 1495 PRIMUS.

115 1573 315 1635 Quibus
336 1579 642 1639 argumentis
660 1575 901 1627 Arnobius
923 1576 1152 1626 ostendat
1163 1573 1297 1624 nulla
1318 1575 1416 1639 diis
1439 1573 1718 1624 aediﬁcanda

181 1653 300 1702 esse
329 1638 527 1702 templa,
555 1652 719 1702 neque
738 1639 999 1702 tuguriola,
1028 1653 1194 1702 neque
1217 1638 1485 1702 conclavia,
1507 1646 1592 1688 aut
1614 1639 1716 1688 cel-

183 1699 338 1761 lulas;
361 1699 444 1751 ubi
463 1701 526 1750 de
553 1699 734 1765 primis,
760 1699 964 1751 deorum
999 1699 1195 1765 templis
1223 1708 1276 1765 et
1299 1700 1428 1761 aliis,
1448 1713 1560 1763 quae
1585 1714 1717 1765 mor-

183 1769 382 1813 tuorum
428 1763 680 1813 dumtaxat
725 1764 973 1813 hominum
997 1763 1221 1826 sepulcra
1247 1763 1446 1813 fuerunt
1469 1776 1482 1812 :
1511 1767 1628 1812 ltem
1651 1763 1717 1813 de.

1813 535 2067 606 gentiles,
2107 535 2198 605 qui
2239 533 2436 603 templa
2484 532 2588 588 diis
2631 547 2690 587 se
2735 530 3035 586 fabricasse
3073 530 3411 598 asserebant,

1814 643 1883 684 ne
1905 628 2058 684 tectis
2086 637 2176 681 aut
2201 625 2484 696 penatibus
2504 633 2750 681 carerent
2767 622 3033 697 (Lucium.
3057 623 3121 678 de
3143 623 3405 694 Sacri/im,

1814 737 1936 791 pag.
1970 718 2121 790 185).
2151 717 2385 775 Timaeus
2412 726 2614 783 autem,
2648 725 2784 774 teste
2812 716 2992 772 adhuc
3015 717 3299 784 Cicerone,
3327 716 3410 773 vel

1814 820 1874 866 ut
1902 821 2086 868 narrat
2111 812 2452 880 Plutarchus,
2484 810 2738 882 Hegesias
2767 810 3093 882 Magnesius,
3127 810 3295 867 libere
3320 811 3410 881 jo-

1816 905 2120 970 culabatur,
2149 922 2272 962 cum
2303 907 2437 962 dixit
2468 906 2650 961 Dianae
2680 906 2925 976 Ephesiae
2955 905 3212 976 templum
3241 905 3410 961 delia-

1814 1001 2075 1068 gravisse,
2095 1000 2215 1072 quia
2235 1017 2350 1055 cum
2364 1001 2418 1054 in
2435 1009 2586 1070 partu
2609 999 2951 1070 Olympiadis,
2972 1000 3160 1054 matris
3174 999 3410 1056 Alexan-

1815 1089 1896 1145 dri
1939 1091 2135 1162 Magni,
2184 1094 2362 1148 adesse
2403 1093 2662 1160 uoluisset,
2703 1092 2944 1162 abfuisset
2989 1091 3158 1158 domo,
3198 1091 3251 1146 id
3302 1101 3406 1158 est,

1816 1186 2020 1256 templo
2049 1201 2148 1242 suo
2183 1186 2394 1258 (Cicer.,
2427 1187 2516 1241 lib.
2550 1202 2587 1242 ιι
2615 1187 2678 1240 de
2704 1185 2894 1240 Natur.
2929 1186 3099 1252 deor.,
3133 1202 3254 1256 pag.
3281 1185 3405 1253 2‘24,

1823 1282 1916 1336 (in.
1957 1282 2062 1347 26;
2105 1281 2400 1348 Plutarch.,
2435 1283 2486 1336 in
2534 1281 2635 1336 Vit.
2681 1283 2829 1336 Alex.
2863 1280 3069 1352 Magn.,
3100 1298 3222 1353 pag.
3254 1279 3407 1350 665).

1817 1373 2078 1442 Quamvis
2108 1387 2289 1431 autem
2320 1375 2535 1447 quidam
2566 1375 2850 1445 peritiores
2883 1373 3082 1430 ethnici
3113 1372 3229 1429 haec
3263 1373 3414 1429 simi-

1819 1467 1944 1523 liter
1995 1468 2295 1536 irriserint;
2344 1479 2570 1526 czeteros
2615 1479 2790 1525 tamen
2842 1485 3033 1524 omnes
3075 1471 3190 1524 haec
3231 1468 3414 1540 opinio

1817 1563 2034 1630 penitus
2082 1574 2392 1633 pervaserat
2433 1563 2563 1621 deos
2603 1579 2731 1620 suos
2776 1579 2882 1618 non
2927 1578 3049 1619 esse
3097 1563 3412 1629 immensos,

1817 1663 1981 1723 atque
2013 1653 2215 1709 ideirco
2253 1655 2482 1726 quodam
2531 1656 2650 1712 loco
2685 1654 2885 1710 includi
2924 1665 2977 1709 et
3004 1653 3415 1726 comprehendi.

1890 1744 2251 1813 Quamobrem
2274 1747 2327 1803 hi
2351 1747 2538 1804 iisdem
2561 1749 2664 1804 diis
2687 1749 2798 1803 suis
2820 1762 2928 1803 non
2944 1748 3418 1817 sumptuosissima

489 1827 661 1911 Apidis
679 1828 894 1911 tumulo;
922 1835 976 1876 et
997 1826 1406 1911 papitpliouquod
1425 1828 1488 1877 ab
1514 1826 1717 1876 invento

1831 1839 2195 1896 lantummodo
2226 1846 2422 1911 templa
2449 1840 2823 1897 condederaut
2847 1882 2863 1907 ,
2893 1839 3011 1906 sed,
3044 1850 3101 1896 ut
3141 1840 3218 1894 ait
3243 1841 3419 1896 Arno-

181 1887 296 1938 Toli
313 1891 476 1952 capite
493 1887 672 1939 dietum
696 1895 792 1950 est,
819 1899 964 1953 atque
987 1887 1384 1952 de'polyandriis.

194 2017 338 2074 Deos
362 2017 644 2089 gentilium
674 2016 852 2072 nullos
879 2031 943 2072 ac
975 2016 1134 2086 plane
1167 2015 1567 2072 commentitios
1593 2029 1717 2072 esse

117 2125 244 2167 cum
287 2111 555 2169 Arnobius
594 2122 674 2166 tot
715 2112 986 2181 tantisque
1025 2111 1316 2177 rationum,
1348 2110 1424 2165 uti
1465 2109 1714 2176 vidimus,

118 2209 418 2264 momentis
472 2207 824 2264 invictissime
872 2205 1352 2271 demoustraverit,
1402 2203 1546 2260 nulla
1596 2219 1720 2274 pro-

118 2300 269 2356 fecto
298 2316 434 2370 opus
467 2309 584 2356 erat
620 2301 724 2355 alia
754 2297 1240 2370 argumentatione,
1285 2313 1389 2368 qua
1429 2297 1540 2353 illis
1575 2297 1718 2352 nulla

120 2393 328 2462 templa
373 2391 685 2449 aediﬁcanda
730 2392 1002 2462 probaret.
1046 2390 1242 2446 Verum
1280 2390 1418 2446 ultra
1465 2390 1554 2447 ille
1595 2405 1719 2460 pro-

121 2485 393 2556 greditur,
427 2485 588 2556 idque
624 2485 989 2556 peculiaribus
1025 2485 1349 2555 quibusdam
1391 2485 1722 2556 argumentis

120 2580 408 2636 evidenter
429 2579 685 2636 ostendit.
709 2579 929 2650 Templa
953 2580 1122 2645 enim,
1147 2581 1340 2650 inquit,
1365 2580 1410 2634 si
1430 2579 1536 2636 diis
1563 2579 1722 2636 alicui

121 2675 249 2729 usui
289 2689 410 2730 esse
437 2674 670 2746 possint,
703 2663 801 2730 cur
827 2689 922 2744 per
950 2673 1201 2745 plurima,
1229 2682 1517 2744 antequam
1555 2673 1723 2729 aedili-

119 2776 404 2833 curentur,
436 2767 634 2824 smcula
668 2768 733 2823 iis
767 2767 1100 2822 caruerunt?
1127 2767 1339 2822 Primus
1369 2767 1567 2836 quippe
1597 2767 1722 2821 illo-

121 2875 246 2916 rum
279 2860 591 2927 fabricator,
621 2861 696 2916 ait
717 2861 1010 2926 Arnobius,
1045 2879 1065 2910 ι
1099 2868 1192 2914 aut
1218 2859 1534 2915 Phoroneus
1559 2857 1726 2931 Αἰαν-

123 2955 295 3026 ptius,
337 2964 430 3010 aut
468 2955 681 3026 Merops
718 2955 814 3010 tibi
856 2954 1021 3010 fuisse
1063 2954 1490 3009 monstrabitur:
1519 2964 1632 3020 aut,
1669 2963 1728 3009 ut

124 3048 296 3104 tradit
315 3048 367 3103 in
391 3047 734 3104 Admirandis
755 3047 950 3113 Varro,
973 3048 1123 3104 Jovis
1143 3047 1427 3120 progenies
1448 3047 1668 3104 IEacus.
1701 3067 1720 3099 ι

124 3142 372 3214 (Arnob.,
407 3143 496 3197 lib.
528 3158 602 3208 v1,
637 3160 755 3214 pag.
789 3143 892 3198 189
928 3151 974 3196 et
1009 3159 1181 3213 seqq.;
1214 3141 1378 3207 Ibid.,
1417 3158 1537 3213 pag.
1571 3139 1724 3212 191.)

1820 1931 1961 2001 bius,
2003 1935 2279 2006 tuguriolo,
2321 1936 2580 1990 conclavia
2619 1944 2667 1990 et
2699 1936 2934 2002 cellulas,
2966 1935 3018 1990 id
3049 1943 3151 1999 est,
3197 1934 3417 2002 sacella,

1821 2040 1915 2082 seu
1969 2028 2206 2097 privatas
2255 2028 2512 2098 quasdam
2563 2030 2702 2083 intra
2745 2027 3030 2099 magnifica
3078 2027 3168 2084 illa
3219 2028 3421 2099 templa

1822 2117 2100 2186 aediculas,
2130 2119 2216 2175 ubi
2239 2119 2455 2191 aliquod
2483 2119 2570 2175 dei
2599 2119 2897 2191 cujuspiam
2924 2118 3275 2176 simulacrum
3302 2120 3421 2176 col-

1822 2209 2104 2265 Iocabatur
2141 2209 2384 2281 (Arnob.,
2428 2211 2519 2265 lib.
2561 2227 2632 2277 vr,
2667 2228 2788 2284 pag.
2829 2209 2982 2282 191).
3016 2210 3094 2267 Ex
3133 2215 3196 2267 A.
3247 2211 3423 2268 Gellio

1823 2301 2088 2372 siquidem
2140 2301 2398 2358 discimus
2448 2303 2778 2374 Scipionem,
2829 2303 3039 2359 scilicet
3084 2301 3417 2371 Africanum,

1823 2398 2045 2452 solitum
2096 2397 2262 2454 fuisse
2305 2396 2407 2453 sub
2453 2398 2830 2468 crepusculum
2877 2396 2930 2451 in
2977 2395 3300 2469 Capitolium
3344 2397 3424 2452 iu-

1824 2498 1990 2556 trare,
2022 2508 2040 2540 ‹
2070 2505 2135 2546 ac
2163 2489 2358 2559 jubere
2395 2491 2594 2561 aperiri
2634 2489 2827 2546 cellam
2857 2489 3027 2555 Jovis,
3056 2505 3121 2546 ac
3147 2490 3217 2546 ibi
3248 2491 3422 2548 solum

1824 2580 1915 2638 diu
1944 2585 2164 2649 morari,
2209 2585 2361 2654 quasi
2403 2583 2797 2640 consultantem
2850 2583 2917 2640 de
2963 2583 3257 2655 Republica
3299 2600 3423 2640 cum

1825 2673 1980 2732 Jove.
2009 2695 2028 2728 ι
2053 2675 2138 2748 (Α.
2161 2675 2320 2741 θεία,
2343 2676 2433 2730 lib.
2470 2691 2540 2731 vu
2563 2674 2720 2731 Noct.
2739 2678 3042 2748 attic.,cap.
3066 2693 3103 2744 ι,
3127 2695 3248 2750 pag.
3268 2677 3422 2750 396.)

1825 2767 1976 2836 Quod
2015 2768 2231 2839 quidem
2263 2769 2332 2823 ab
2364 2767 2535 2836 Livio,
2571 2768 2785 2824 Valerio
2822 2768 3074 2837 Maximo,
3117 2779 3173 2825 et
3205 2771 3426 2827 Aurelio

1828 2857 2047 2914 Victore
2073 2859 2441 2917 conﬁrmatur.
2477 2860 2583 2917 Sed
2613 2860 2754 2917 haud
2783 2860 3094 2933 infrequens
3121 2863 3262 2933 apud
3291 2863 3427 2920 alios

1828 2953 2120 3023 scriptores
2152 2952 2340 3008 harum
2371 2953 2688 3009 cellularum
2725 2955 2929 3009 mentio
2961 2953 3123 3025 (Liv.,
3151 2955 3241 3010 lib.
3270 2971 3424 3023 xxvn,

1828 3062 1945 3118 cap.
1985 3047 2084 3112 l9;
2131 3046 2249 3102 Val.
2285 3046 2459 3114 Μαίη,
2497 3048 2586 3101 lib.
2622 3063 2679 3114 ιι,
2711 3063 2830 3119 cap.
2858 3048 2914 3114 2,
2944 3047 2972 3119 ᾗ
3000 3048 3067 3114 2;
3099 3050 3225 3104 Aur.
3267 3048 3427 3118 γὸτι..

1829 3141 1893 3196 de
1927 3139 2034 3195 Vir.
2060 3141 2242 3204 ξηαπ..
2272 3159 2387 3207 cap.
2415 3139 2530 3213 49).
2563 3142 2618 3197 Si
2640 3143 2760 3212 quis
2785 3151 2962 3198 tamen
2992 3143 3294 3212 probaverit
3327 3148 3430 3202 Ar-

123 3234 303 3290 Antca
335 3249 463 3290 vero
493 3235 749 3292 Clemens
777 3234 1184 3290 Alexandrinus
1233 3235 1444 3290 dixerat
1475 3234 1728 3307 (Clemens
1756 3231 1800 3295 C
1833 3232 2053 3288 nobium
2097 3235 2364 3305 tugurioli,
2406 3234 2681 3299 conclavis,
2724 3245 2771 3289 et
2817 3235 3036 3299 cellulis,
3080 3237 3318 3303 nomine,
3357 3237 3428 3295 de

124 3328 442 3395 Messanam,
476 3329 737 3384 Admonit.
770 3329 838 3384 ad
869 3340 1033 3401 gent.,
1058 3346 1174 3401 cap.
1204 3328 1301 3400 28)
1337 3345 1352 3384 :
1400 3327 1510 3384 Εἴτε
1562 3341 1730 3406 Φορω-

123 3425 244 3482 νεὺς
269 3424 452 3483 ἐκεῖνος
479 3420 558 3488 ἦν,
594 3421 692 3478 εἴτε
722 3423 916 3500 Μέροψ,
945 3421 1043 3479 εἴτε
1076 3421 1219 3484 ἄλλός
1245 3445 1324 3484 τις
1343 3465 1357 3483 .
1391 3422 1436 3478 οἳ
1465 3429 1610 3490 νεὼς,
1643 3427 1730 3480 καὶ

127 3513 339 3585 βωμοὺς
379 3515 668 3573 ἀνέστησαν
706 3517 898 3575 αὐτοῖς.
940 3513 1046 3570 Seu
1085 3513 1390 3570 Phoroneus
1428 3515 1515 3569 ille
1553 3517 1728 3586 fuerit,

126 3621 218 3659 seu
249 3603 480 3677 MerOps,
506 3622 593 3662 seu
627 3607 811 3677 aliquis
844 3607 996 3670 alius.
1020 3608 1108 3678 qui
1133 3607 1205 3662 eis
1236 3617 1512 3678 posuerunt
1542 3609 1730 3679 templa

128 3706 176 3751 et
217 3698 425 3753 altaria.
470 3699 576 3756 Sed
621 3699 688 3755 de
730 3699 900 3769 prima
941 3700 1262 3770 templorum
1293 3701 1526 3772 origine,
1568 3711 1624 3757 et
1661 3703 1731 3758 de

129 3791 307 3848 {Eaco
349 3790 474 3847 alibi
503 3792 898 3862 disputavimus
925 3791 1096 3862 (Tom.
1129 3810 1146 3848 ι
1178 3793 1456 3864 Apparat.,
1480 3810 1600 3866 pag.
1625 3793 1731 3849 ἨΞ

129 3894 179 3940 et
211 3901 372 3957 seqq.,
405 3895 454 3939 et
483 3901 603 3958 pag.
635 3883 824 3957 1118).

204 3977 436 4050 Quoquo
478 3989 658 4034 autem
707 3988 950 4051 tempore
982 3981 1179 4052 templa
1209 3980 1313 4036 diis
1343 3981 1585 4037 construi
1615 3996 1727 4038 c03-

130 4073 336 4144 periut,
365 4073 708 4144 quantumvis
733 4075 842 4129 sint
869 4075 1170 4145 titagnillea,
1201 4077 1549 4147 quantumvis
1575 4091 1726 4146 auro,

131 4175 189 4219 et
238 4166 468 4234 gemmis
523 4165 814 4237 fulgentia;
867 4175 1082 4222 constat
1138 4183 1268 4224 sane
1322 4184 1508 4225 verum
1564 4169 1730 4225 Deum

133 4261 289 4316 nullo
362 4276 597 4333 unquam
665 4277 824 4333 posse
879 4262 1097 4318 includi.
1167 4262 1489 4318 Persuasum
1552 4272 1730 4320 tamen

134 4355 344 4412 ethnici
364 4355 780 4412 habebantdeos
809 4371 937 4412 suos
959 4356 1065 4412 illis
1093 4367 1235 4412 totos
1263 4357 1731 4429 concludi,quem-

133 4447 427 4505 admodum
469 4449 522 4504 in
568 4449 817 4506 domibus
886 4450 1000 4506 suis
1055 4450 1322 4506 homines.
1373 4450 1547 4506 Falsa:
1587 4453 1731 4508 enim

134 4541 299 4613 huius
330 4543 600 4614 opinionis
630 4551 798 4600 testes
826 4559 986 4615 quam
1019 4544 1280 4614 plurimos
1309 4555 1368 4600 ut
1396 4546 1731 4612 omittamus,

1829 3329 2011 3401 parvis
2040 3327 2268 3394 aedibus,
2299 3345 2418 3400 qua:
2447 3330 2744 3386 minoribus
2769 3331 2873 3387 diis
2897 3333 3137 3388 construi
3159 3334 3425 3399 solebant,

1829 3437 1950 3478 esse
1977 3438 2191 3494 quoque
2219 3423 2652 3494 intelligendum,
2687 3423 2812 3479 huic
2847 3440 2954 3480 non
2994 3439 3216 3495 prorsus
3251 3425 3426 3482 refra-

1827 3514 2092 3586 gahimur.
2137 3514 2245 3570 Sed
2291 3529 2514 3571 necesse
2557 3524 2642 3571 est
2689 3524 2747 3570 ut
2776 3529 2968 3571 omnes
2996 3515 3269 3578 fateantur
3306 3517 3432 3574 illos

1829 3622 1991 3663 veros
2028 3607 2161 3662 deos
2191 3622 2297 3662 non
2337 3622 2480 3674 esse,
2509 3622 2646 3678 quos
2673 3607 2905 3678 gentiles
2940 3609 3055 3664 sive
3082 3611 3282 3681 parvis,
3315 3611 3430 3667 sive

1831 3699 2081 3756 maximis
2139 3699 2345 3756 aedibus
2397 3708 2454 3755 et
2508 3701 2724 3770 templis
2776 3699 2976 3757 includi
3028 3717 3190 3772 posse
3238 3703 3430 3760 existi-

1833 3791 2069 3846 mabant.

1904 3885 2087 3959 Neque
2135 3895 2323 3944 censet
2361 3887 2631 3944 Arnobius
2675 3887 2974 3945 audiendos
3013 3904 3136 3947 esse
3179 3892 3429 3964 gentiles,

1833 3981 1923 4052 qui
1967 3979 2370 4051 respondebant
2402 3997 2462 4037 se
2502 3981 2607 4038 diis
2648 3984 2844 4054 templa
2875 3983 3176 4052 aedificare;
3214 3996 3273 4042 ut
3307 4004 3431 4045 eum

1833 4075 1932 4141 eis,
1964 4074 2034 4131 ibi
2058 4074 2460 4146 quodammodo
2485 4076 2867 4147 praesentibus,
2897 4092 3081 4133 coram
3111 4089 3164 4135 et
3187 4083 3434 4140 cominus

1833 4170 2291 4241 colloquerentur,
2339 4185 2403 4226 ac
2448 4170 2521 4226 dii
2569 4172 2692 4228 illos
2741 4171 2811 4228 de
2858 4177 3108 4244 proximo
3150 4178 3436 4250 loquentes

1833 4262 2104 4318 audirent.
2140 4263 2317 4320 Verus
2355 4264 2634 4322 enimvero
2671 4265 2835 4331 Deus,
2871 4268 3186 4338 immensus,
3224 4283 3280 4328 et
3314 4271 3436 4328 ubi-

1834 4373 1938 4428 que
1985 4372 2223 4428 praesens
2252 4358 2400 4413 audit
2441 4358 2688 4414 homines
2726 4362 3151 4430 quoseumlibet,
3188 4379 3434 4436 quaeque

1836 4447 1889 4503 in
1923 4450 2106 4506 mundi
2138 4459 2291 4521 parte
2322 4451 2604 4521 loquentes
2632 4460 2686 4506 et
2721 4463 3021 4521 precantes,
3054 4464 3216 4526 atque
3252 4458 3433 4514 omnia

1836 4544 1996 4600 etiam
2028 4561 2215 4601 eorum
2244 4545 2475 4618 cogitata
2499 4545 2715 4616 penitus
2746 4548 3046 4617 cognoscit.
3074 4549 3260 4622 Neque
3288 4554 3432 4609 enim

135 4638 266 4709 quid
303 4638 501 4694 clarius
547 4639 630 4694 his
672 4637 951 4696 Ciceronis
995 4638 1210 4694 verbis?
1243 4658 1261 4690 ‹
1296 4637 1513 4694 Patrum
1557 4639 1733 4711 (aliter
1759 4627 1812 4690 D
1838 4636 1946 4704 ille,
1974 4637 2115 4693 sicut
2137 4637 2350 4708 Jupiter
2379 4637 2614 4708 tingitur,
2638 4648 2911 4694 caanatum
2943 4640 3092 4695 venit
3117 4641 3183 4696 ad
3211 4642 3432 4700 Ethio.

137 4732 390 4808 deorum)
415 4734 637 4790 delubra
669 4748 791 4791 esse
813 4735 864 4788 in
892 4731 1112 4789 urbibus
1140 4748 1338 4789 censeo
1366 4751 1377 4787 :
1405 4748 1505 4790 nec
1535 4749 1734 4805 sequor

138 4826 324 4899 Magos
353 4825 666 4894 Persarum,
707 4826 901 4898 quibus
941 4825 1252 4882 auctoribus
1284 4825 1492 4882 Xerxes
1523 4827 1730 4883 inflam-

141 4935 321 4976 masse
351 4921 550 4992 templa
578 4920 800 4977 Gramine
821 4920 1040 4988 dicitur,
1069 4919 1212 4990 quod
1241 4919 1536 4989 parietibus
1562 4919 1733 4976 inelu-

141 5013 338 5072 derent
361 5015 515 5080 deos,
542 5016 737 5086 quibus
759 5015 935 5072 omnia
960 5014 1217 5070 deberent
1242 5028 1362 5070 esse
1393 5013 1622 5083 patentia
1668 5027 1733 5070 ac

141 5106 334 5174 libera,
367 5123 702 5179 quorumque
725 5107 812 5164 hic
841 5106 1072 5164 mundus
1100 5105 1278 5162 omnis
1305 5104 1558 5174 templum
1591 5112 1735 5159 esset

144 5212 199 5259 et
224 5204 434 5259 domus.
463 5203 653 5269 Melius
672 5203 844 5260 Graeci
871 5213 1031 5275 atque
1055 5203 1246 5270 nostri,
1272 5203 1361 5273 qui
1391 5209 1450 5257 ut
1473 5208 1735 5272 augerent

146 5299 402 5370 pietatem
433 5297 485 5355 in
518 5298 669 5361 deos,
703 5297 920 5356 easdem
950 5298 1092 5364 illos,
1127 5313 1189 5353 ac
1221 5312 1342 5364 nos,
1379 5295 1542 5352 urbes
1581 5295 1731 5350 inco-

145 5391 258 5450 lere
286 5391 592 5447 voluerunt.
635 5388 822 5446 Adfert
859 5390 1001 5446 enim
1044 5389 1162 5446 haec
1194 5389 1376 5459 opinio
1419 5385 1733 5458 religionem

144 5485 330 5542 utilem
353 5483 675 5540 civitatibus.
705 5502 724 5536 ι
745 5481 958 5557 (Cicer.,
982 5482 1069 5538 lib.
1093 5498 1130 5538 ll
1153 5482 1215 5536 de
1237 5480 1435 5554 Legib..
1461 5497 1579 5551 pag.
1600 5479 1728 5545 555,

147 5577 242 5633 lin.
271 5577 391 5648 M.)
419 5575 525 5634 Sed
554 5577 640 5632 hic
666 5591 890 5632 acumen
910 5575 1280 5632 desideramus
1309 5573 1612 5640 Ciceronis,
1642 5572 1731 5644 qui

147 5669 438 5736 nesciebat,
473 5679 566 5725 aut
594 5671 772 5742 potius
797 5669 1008 5726 nescire
1029 5684 1089 5725 se
1116 5667 1510 5737 dissimulabat,
1546 5681 1732 5723 verum

148 5762 319 5818 Deum
357 5778 478 5819 esse
517 5762 859 5828 immensum,
893 5761 1200 5834 nulliusque
1230 5761 1332 5819 loci
1372 5760 1547 5833 spatio
1577 5774 1736 5832 posse

148 5855 533 5914 circumscribi.

1836 4745 1952 4801 pas,
1977 4731 2142 4786 immo
2167 4746 2296 4787 vero
2326 4730 2502 4786 locum
2527 4739 2738 4786 mutare
2765 4747 3054 4804 numquam
3085 4745 3264 4806 potest
3291 4737 3435 4806 {llo-

1838 4823 2169 4889 mer.,lliad.
2218 4840 2258 4890 ι,
2291 4823 2533 4895 pag.20;
2581 4823 2819 4892 Lucian.,
2863 4826 2927 4880 de
2947 4827 3208 4898 Sacriﬁc.,
3236 4832 3434 4903 p.186;

1837 4916 2052 4972 Diodor.
2109 4914 2300 4982 δίκαι..
2377 4916 2466 4970 lib.
2515 4933 2532 4970 1
2579 4914 2854 4986 Biblioth.,
2899 4937 3018 4991 pag.
3063 4922 3161 4990 ὗες
3224 4925 3433 4995 Athan,

1837 5009 1927 5064 lib.
1972 5024 2062 5064 vm
2123 5006 2396 5078 Deipnos.,
2441 5025 2562 5081 pag.
2607 5008 2746 5077 565;
2791 5010 2944 5085 Greg.
2993 5011 3132 5069 Naz.
3158 5055 3175 5086 ,
3219 5026 3350 5072 orat.
3407 5018 3432 5075 1

1835 5102 1889 5156 in
1913 5101 2049 5169 Jul.,
2081 5119 2200 5174 pag.
2230 5101 2384 5170 263).

1905 5193 2074 5248 Instat
2103 5193 2372 5249 Arnobius
2399 5210 2466 5252 ex
2498 5195 2598 5252 hac
2624 5197 2987 5266 ethnicorum,
3019 5202 3109 5273 qui
3147 5202 3281 5261 deos
3309 5220 3436 5263 suos

1836 5288 1955 5345 loco
1983 5288 2186 5344 moveri
2215 5288 2532 5356 credebant,
2563 5291 2821 5363 opinione
2850 5294 3000 5365 sequi
3040 5309 3191 5364 spem
3233 5298 3437 5356 nullam

1838 5379 2145 5436 hominibus
2174 5381 2433 5452 reliquam
2466 5380 2602 5451 fore,
2636 5393 2694 5439 ut
2723 5385 2792 5439 ab
2831 5384 2934 5440 illis
2961 5387 3270 5446 audiantur.
3302 5390 3432 5447 Plu-

1837 5476 1971 5532 rima
2013 5476 2213 5532 etenim
2255 5477 2346 5531 uni
2387 5477 2672 5548 eidemque
2714 5479 2823 5534 Deo
2867 5481 2918 5534 in
2962 5480 3207 5544 diversis.
3237 5492 3292 5540 et
3318 5501 3346 5540 a
3376 5501 3436 5544 se

1840 5569 2066 5626 invicem
2108 5569 2484 5626 remotissimis
2527 5580 2683 5626 terra:
2714 5571 3025 5641 regionibus
3068 5578 3240 5644 posita
3280 5587 3437 5636 erant

1841 5663 2063 5733 templa,
2095 5662 2147 5716 in
2175 5678 2404 5734 quorum
2431 5661 2714 5718 dumtaxat
2741 5678 2849 5720 uno
2873 5664 3023 5722 illum
3049 5666 3293 5726 habitare
3317 5671 3433 5744 opi-

1843 5755 2130 5811 nabantur.
2162 5753 2279 5810 Non
2309 5754 2445 5811 alios
2475 5753 2676 5826 itaque,
2707 5770 2867 5828 quam
2895 5758 2986 5830 qui
3015 5759 3068 5815 in
3100 5759 3268 5820 hocce
3297 5772 3435 5822 tem-

1845 5847 1936 5921 plo
1971 5847 2218 5915 orabant,
2255 5845 2389 5905 deus
2429 5845 2520 5904 ille
2556 5846 2745 5907 audire
2783 5857 3017 5921 poterat.
3055 5851 3280 5914 Frustra
3304 5871 3434 5935 ergo
