4000 6282
573 294 670 353 Gl!

1817 292 2273 361 DlSSEBTATIO
2297 296 2580 357 PREVIA

3802 300 3904 355 6l2

572 412 661 471 alii
703 410 950 473 homines
992 412 1137 469 illum
1179 412 1303 469 aliis
1344 413 1702 484 precabantur
1744 415 1801 471 in
1846 416 2083 486 templis,
2132 430 2158 465 a
2190 413 2563 475 ActArnobii
2605 414 2783 471 locum
2824 414 3184 480 exhibemus;
3224 422 3283 471 ut
3319 415 3391 470 ab
3418 412 3708 471 omnibus
3737 412 3903 470 facile

575 508 768 583 quibus
806 508 1023 571 absens,
1064 507 1322 577 nequibat
1363 507 1483 565 illos
1521 507 1732 577 audire,
1773 507 1946 564 multo
1987 506 2167 565 minus

576 598 772 670 aliquid
800 614 989 663 eorum
1018 598 1319 661 concedere
1346 600 1651 670 postulatis.

647 690 752 749 Sed
789 700 1066 755 auctorem
1098 702 1339 753 tiostrum
1378 692 1639 753 Ethnicos
1664 694 1845 755 adhuc
1884 702 2165 765 urgentem

577 803 884 859 sequamur.
917 788 1162 858 Templa,
1186 789 1618 858 inquitlArnob.,
1645 789 1734 844 lib.
1762 806 1836 855 vr,
1862 806 1984 860 pag.
2016 788 2166 859 l95).

578 893 633 938 et
673 882 898 945 delubra
936 883 1166 945 deorum
1214 893 1340 939 sunt
1378 893 1717 945 mortuorum
1765 883 2046 943 hominum
2075 897 2168 939 se-

579 974 763 1044 pulcra
784 1016 800 1043 ,
831 974 914 1030 vel
943 974 1082 1035 sicut
1119 975 1236 1045 ipse
1262 974 1522 1046 loquitur.
1564 986 1884 1031 mortuorum
1910 975 2172 1043 παραίσια

580 1068 755 1123 bustis.
781 1066 1023 1124 Gentiles
1065 1067 1245 1137 itaque
1283 1070 1335 1125 in
1365 1068 1513 1126 hisce
1543 1070 1782 1138 templis,
1820 1079 1914 1124 aut
1950 1085 2044 1140 pro
2070 1068 2172 1127 diis

578 1161 947 1221 immortalibus
982 1160 1231 1223 colebant
1256 1171 1503 1221 mortuos
1539 1162 1814 1231 homines,
1853 1170 1949 1221 aut
1981 1171 2171 1219 contra

578 1270 765 1317 eorum
802 1253 988 1319 decos,
1022 1254 1130 1311 illis
1168 1256 1472 1315 viventibus
1510 1265 1756 1313 mortuos
1793 1255 2042 1315 homines
2079 1270 2168 1315 so-

577 1349 690 1404 cios
717 1346 1080 1418 adiungebant
1102 1388 1118 1415 ,
1153 1346 1238 1407 vel
1266 1354 1525 1419 utrosque
1550 1347 1798 1405 similiter
1826 1355 1883 1404 et
1908 1355 2171 1415 mortuos,

577 1450 633 1497 et
657 1440 894 1517 sepultos
925 1438 1091 1496 fuisse
1115 1438 1541 1501 arbitrabantur.
1585 1440 1717 1510 Quae
1754 1450 1934 1496 autem
1974 1439 2173 1498 divina:

579 1531 845 1603 majestali
883 1532 1213 1588 contumelia
1245 1531 1418 1605 major
1456 1532 1573 1590 fieri
1602 1535 1851 1605 poterat?
1895 1532 2174 1605 Exemplis

579 1636 754 1685 tamen
785 1624 1175 1696 propemodum
1200 1625 1502 1683 innumeris
1521 1642 1645 1683 cum
1670 1626 1940 1683 Arnobius
1966 1626 2018 1683 id
2044 1640 2173 1698 pro-

576 1722 706 1778 bare
745 1720 1029 1791 potuisset,
1072 1721 1202 1776 satis
1218 1719 1287 1779 ad
1312 1721 1647 1791 propositum
1691 1736 1847 1777 suum
1877 1735 2001 1777 esse
2021 1720 2175 1777 duxit

2270 505 2604 578 intelligatur
2641 506 2797 562 illum
2835 508 2905 565 ab
2942 509 3176 565 Auctore
3216 515 3406 565 nostro
3447 506 3901 577 transcriptum,

2269 613 2332 653 ac
2371 598 2537 655 latine
2577 599 2648 654 ita
2686 598 2951 655 redditum
2977 642 2992 668 ,
3031 609 3091 655 ut
3127 600 3232 657 alia
3266 600 3758 671 interpretatione
3800 614 3904 656 non

2270 706 2405 758 Opus
2429 694 2517 747 sit.
2541 690 2673 760 Quae
2695 703 2877 748 autem
2897 692 3127 751 diversa:
3142 686 3200 753 in
3219 693 3506 764 utriusque
3528 700 3703 749 testu
3729 691 3907 748 lectio-

2270 802 2399 851 nes,
2446 802 2509 841 ac
2552 802 2672 856 qua:
2715 788 2947 843 obscura
2987 796 3044 844 et
3083 785 3329 845 difficilia
3374 797 3739 851 occurrunt,
3786 785 3907 843 amri

2270 880 2676 937 enucleavimus
2704 881 2725 953 (
2758 880 2904 937 Tom.
2935 898 2954 938 ι
2997 883 3247 951 Apparet.
3269 923 3286 949 ,
3316 882 3410 938 lib.
3442 897 3543 950 nt,
3587 882 3828 938 dissert.
3858 882 3905 947 Ι,

2271 991 2388 1047 cap.
2414 975 2467 1041 7,
2498 985 2599 1030 art.
2623 976 2678 1043 5,
2703 991 2824 1047 pag.
2856 974 2961 1033 725
2986 985 3034 1030 et
3057 991 3197 1047 seqq.
3224 976 3267 1045 ).

2345 1067 2459 1121 Duo
2489 1066 2695 1123 addidit
2724 1066 3026 1135 Arnobius,
3058 1076 3112 1122 et
3144 1068 3378 1137 primum
3409 1067 3655 1138 quidem
3693 1086 3714 1123 :
3746 1086 3771 1122 ι
3803 1068 3906 1124 Nec

2272 1171 2514 1215 exactam
2542 1158 2816 1215 desiderat
2844 1174 3052 1225 curam,
3073 1175 3234 1231 quam
3259 1162 3305 1216 is
3332 1175 3561 1231 pinnam
3594 1162 3901 1217 constitue-

2272 1254 2343 1308 rit
2392 1251 2679 1324 Egyptius
2720 1254 2777 1335 in
2817 1268 2939 1307 eum
2982 1252 3073 1324 qui
3128 1252 3464 1321 publicasset
3510 1254 3734 1324 quibus
3777 1254 3900 1324 Apis

2265 1344 2475 1415 jaceret
2520 1345 2868 1401 absconditus
2918 1363 2937 1397 ι
2971 1339 3206 1413 (Arnob.
3237 1389 3251 1411 ,
3299 1346 3385 1400 lib.
3425 1363 3520 1414 vt,
3551 1363 3693 1419 pag.
3736 1348 3843 1403 164
3866 1348 3899 1415 ),

2274 1439 2327 1494 id
2356 1449 2440 1495 cst
2464 1481 2479 1507 ,
2528 1440 2614 1495 ubi
2648 1442 2717 1495 sit
2752 1440 2940 1510 Apidis
2983 1440 3314 1510 sepulcrum.
3359 1440 3497 1512 Apis
3523 1449 3737 1496 autem
3765 1483 3784 1507 ,
3835 1440 3900 1494 uti

2273 1534 2469 1595 Strabo
2518 1535 2717 1607 aliique
2746 1536 3140 1603 testiﬁcantur,
3176 1534 3320 1591 idem
3346 1542 3431 1591 est
3454 1543 3640 1606 atque
3670 1535 3898 1605 Serapis

2273 1637 2327 1684 et
2356 1627 2526 1683 Osiris
2547 1669 2563 1695 ,
2593 1627 2661 1682 de
2686 1628 2841 1698 cujus
2877 1628 3127 1698 sepulcro
3149 1627 3295 1698 loqui
3322 1626 3645 1682 Arnobiam
3674 1668 3693 1692 ,
3740 1641 3813 1681 ex
3842 1627 3898 1681 iis

2275 1720 2437 1791 plane
2462 1719 2862 1779 demonstratur
2884 1763 2898 1787 ,
2929 1736 3048 1793 qua:
3068 1719 3194 1779 alibi
3216 1720 3613 1778 annotavimus
3642 1719 3667 1794 (
3693 1718 3893 1787 Strab,
3958 1788 3959 1791 η

578 1811 836 1873 nonnulla
882 1820 1029 1867 certo
1056 1814 1290 1867 certiora
1327 1812 1590 1883 seligere,
1631 1828 1749 1884 qua:
1790 1812 1933 1871 hunc
1974 1827 2166 1883 propo-
2198 1799 2248 1862 B
2274 1813 2363 1869 lib.
2408 1830 2556 1879 xvn,
2604 1831 2725 1887 pag.
2765 1814 2911 1881 807;
2962 1812 3181 1869 Dissert.
3230 1813 3285 1867 in
3329 1810 3537 1869 Hirtus.
3567 1853 3586 1879 ,
3636 1828 3770 1885 cap.
3814 1812 3892 1881 ιι,

577 1906 686 1960 suit
723 1905 774 1959 in
816 1903 1076 1959 modum:
1109 1903 1210 1959 «In
1263 1903 1608 1961 historiarum
1649 1904 1950 1967 Antiochus
2000 1919 2168 1972 nono,

580 2000 805 2054 Athenis
840 1998 896 2055 in
936 1998 1195 2059 Minervio
1226 2009 1493 2057 memorat
1530 1999 1828 2071 Cecropem
1868 2016 1991 2057 esse
2013 2017 2171 2059 man-

578 2092 760 2149 datum
802 2094 979 2149 terrai.
1024 2091 1081 2148 lu
1126 2093 1330 2163 templo
1370 2108 1559 2151 rursus
1596 2093 1842 2165 ejusdem
1871 2135 1888 2162 ,
1929 2094 2075 2165 quod
2115 2095 2168 2151 in

580 2201 707 2241 arce
732 2184 962 2243 Larissae
1000 2193 1104 2252 est,
1146 2186 1397 2245 conditus
1428 2186 1681 2242 scribitur
1705 2196 1866 2257 atque
1906 2185 2173 2245 indicatur

583 2278 824 2337 Acrisius
867 2297 880 2333 :
925 2278 1270 2337 Ericthonius
1308 2279 1545 2336 Poliadis
1582 2280 1636 2337 in
1677 2280 1841 2348 lano;
1895 2281 2081 2341 Dairas
2117 2288 2175 2339 et

580 2373 841 2435 lmmarus
867 2373 1060 2435 fratres
1087 2374 1137 2428 in
1167 2373 1427 2435 Eleusino
1464 2384 1725 2446 consepta
1748 2417 1765 2443 ,
1796 2374 1939 2445 quod
1970 2373 2173 2431 civitati

583 2466 885 2536 Subiectum
917 2478 1021 2521 eSt.
1062 2464 1243 2533 Quid?
1290 2466 1440 2521 Celei
1469 2466 1706 2537 virgines
1742 2481 1849 2522 non
1876 2467 1932 2522 in
1957 2464 2173 2522 Cereris

584 2561 853 2617 Eleusinae
893 2560 1219 2625 humationis
1259 2560 1512 2619 habuisse
1552 2559 1904 2631 perhibentur
1950 2559 2172 2619 officia?

581 2654 697 2712 Non
730 2653 783 2709 in
825 2653 1007 2713 Diana:
1032 2652 1280 2719 delubro,
1321 2653 1464 2724 quod
1506 2654 1558 2708 in
1598 2654 1865 2725 Apollinis
1901 2655 2175 2711 constitu-

581 2760 692 2807 tum
722 2756 806 2804 est
835 2746 1006 2815 Delii,
1049 2747 1386 2819 llypcrocha,
1427 2746 1766 2818 Laodiceque
1795 2788 1809 2814 ,
1850 2763 1985 2818 quas
2009 2747 2175 2807 adve-

580 2856 693 2900 ctas
733 2844 861 2899 illuc
888 2858 1009 2903 esse
1049 2842 1244 2903 finibus
1266 2858 1336 2903 ex
1361 2842 1726 2913 Hyperboreis
1755 2842 2069 2903 indicatur?
2112 2842 2169 2901 lu

583 2937 855 3009 Didymzeo
882 2935 1087 2993 Milesio
1122 2932 1445 2993 Clearchum
1472 2934 1603 2995 dicit
1641 2935 1891 2993 habuisse
1916 2951 2172 3007 suprema

580 3030 879 3091 Leandrius
929 3029 1155 3093 funeris.
1220 3028 1627 3101 Leucophrynae
1665 3040 2073 3091 monumentum
2114 3030 2173 3089 in

578 3126 703 3181 fano
726 3123 865 3196 apud
890 3122 1216 3195 Magnesiam
1240 3123 1421 3180 Dianae
1443 3137 1565 3180 esse
1588 3122 1835 3196 Myndius
1861 3125 2166 3194 profitetur,

577 3236 641 3275 ac
677 3229 942 3277 memorat
983 3217 1151 3275 Zeno.
1201 3217 1315 3274 Sub
1360 3217 1626 3288 Apollinis
1666 3216 1849 3287 arula.
1899 3233 2020 3288 quin
2049 3216 2171 3274 τοι.

578 3314 739 3370 messi
765 3312 907 3384 apud
935 3312 1191 3383 oppidum
1218 3311 1430 3376 visitur,
1472 3310 1810 3367 Telmessum
1837 3324 1961 3367 esse
1984 3312 2171 3371 condi-

579 3416 688 3463 tum
718 3414 894 3463 vatem
920 3419 1029 3459 non
1057 3402 1273 3474 scriptis
1296 3403 1669 3463 constantibus
1694 3402 2001 3461 indicatur?
2046 3405 2169 3459 Pto-

577 3497 799 3555 lemreus
852 3494 1185 3565 Agesarchi,
1250 3494 1319 3550 de
1380 3494 1725 3565 Philopatore
1787 3510 1948 3566 quem
1995 3495 2168 3553 edidit

578 3589 776 3660 primo,
808 3586 1064 3660 Cyniram
1094 3603 1275 3659 regem
1302 3587 1469 3658 Paphi
1494 3602 1617 3647 cum
1645 3588 1845 3645 familia
1863 3590 2008 3645 omni
2039 3606 2168 3657 sua,

577 3684 743 3743 immo
782 3696 903 3738 cum
943 3682 1091 3741 omni
1132 3682 1381 3753 prosapia
1413 3682 1466 3741 in
1498 3680 1727 3741 Veneris
1767 3684 1967 3754 templo
2005 3686 2169 3742 situm

575 3794 697 3833 esse
735 3777 1034 3832 litterarum
1082 3776 1403 3832 auctoritate
1446 3775 1702 3832 declarat.
1744 3795 1762 3829 ι
1810 3776 2046 3849 (Ibid.)
2092 3777 2170 3835 Ea

576 3880 755 3927 autem
784 3871 965 3925 omnia
1008 3884 1071 3925 ex
1104 3870 1297 3941 graecis
1336 3868 1695 3939 proculdubio
1731 3868 2015 3942 desumpta
2042 3880 2171 3927 sunt

577 3966 722 4021 hisce
758 3963 1053 4021 Clementis
1089 3963 1441 4021 Alexandrini
1475 3963 1656 4023 verbis
1688 3983 1701 4020 :
1728 3964 1803 4025 Ἐν
1836 3973 1911 4041 τῷ
1943 3974 2039 4041 νεῷ
2078 3975 2171 4029 τῆς

573 4058 775 4121 Ἀθηνᾶς
809 4060 860 4114 ἕν
889 4061 1146 4131 Λαρίσσῃ,
1172 4059 1224 4113 ἐν
1359 4059 1633 4134 ἀκροπόλει
1664 4061 1821 4135 τάφος
1846 4063 1985 4117 ἐστὶν
2006 4060 2170 4137 ’Δκρι-

575 4157 712 4211 σίου.
742 4152 968 4227 ’Δθηνῄσι
995 4150 1049 4207 δὲ
1084 4153 1137 4207 ἐν
1167 4151 1455 4225 ἀκροπόλει,
1482 4154 1757 4228 Κέκροπος,
1776 4156 1845 4215 ὥς
1880 4177 2034 4229 φησιν
2062 4154 2171 4212 ’Δυ-

576 4250 758 4318 τίοχος
784 4248 836 4300 ἐν
867 4252 940 4317 τῷ
964 4246 1155 4320 ἑννατῷ
1202 4244 1460 4319 ἱστοριῶν.
1498 4247 1552 4300 τί
1579 4243 1642 4303 δή
1677 4244 2014 4320 Ἐριχθόνιος;
2042 4250 2173 4319 οὐχὶ

576 4345 626 4398 ἐν
673 4350 747 4415 τῷ
788 4348 882 4417 νεῷ
906 4349 998 4402 τῆς
1026 4336 1263 4399 Πολιάδος
1305 4336 1638 4403 κεκήδευταις
1659 4336 1914 4417 Ἰμμαρος
1942 4340 1997 4397 δὲ
2027 4342 2052 4396 ὁ
2080 4343 2169 4396 Εὐ-

575 4436 773 4509 μόλπου
803 4438 891 4489 καὶ
914 4435 1147 4509 Δαείρας,
1178 4432 1308 4504 οὐχὶ
1333 4432 1386 4486 ἐν
1414 4438 1487 4504 τῷ
1528 4430 1781 4507 περιϐόλῳ
1823 4438 1917 4488 τοῦ
1947 4432 2168 4490 Ἐλιυσι-

574 4532 685 4584 νίου
714 4534 807 4584 τοῦ
837 4527 942 4584 ὑπὸ
971 4525 1282 4603 ἀκροπόλειέ
1313 4524 1369 4581 αἱ
1399 4524 1454 4585 δέ
1492 4524 1669 4581 Κελεοῦ
1708 4525 2005 4601 θυγάτιρις,
2037 4528 2168 4599 οὐχὶ

575 4622 624 4674 ἐν
639 4620 884 4675 Ἐλευσῖνι
910 4616 1191 4690 ἐθάψαντος
1222 4617 1275 4671 τί
1294 4635 1378 4673 σοι
1399 4615 1667 4689 καταλέγω
1695 4618 1790 4677 τὰς
1817 4614 2165 4693 Ὑπερϐορέων

574 4723 849 4787 γυναῖκαςς
899 4710 1160 4788 ’Υπερόχη
1217 4712 1305 4766 καὶ
1353 4707 1577 4771 Λαοδίκη
1628 4710 1899 4769 κέκλησθον
1928 4725 1941 4737 ·
1996 4713 2046 4767 ἐν
2091 4719 2166 4785 τῷ

576 4809 874 4885 Ἀρτεμισίῳ
893 4808 943 4861 ἐν
969 4807 1106 4878 Δήλῳ
1132 4803 1488 4867 κεκήδευσθονο
1516 4805 1577 4863 τὸ
1612 4801 1666 4859 δὲ
1693 4806 1745 4861 ἓν
1770 4812 1843 4878 τῷ
1868 4802 2168 4867 ’Λπόλλωνος

576 4910 668 4959 τοῦ
721 4902 894 4961 Δηλίου
946 4903 1085 4956 ἐστὶν
1132 4901 1270 4975 ἱερῷ.
1301 4896 1571 4974 Λεάνδριος
1599 4896 1674 4964 δὲ,
1707 4900 1964 4975 Κλέαρχον
1994 4901 2045 4955 ἓν
2082 4911 2171 4957 Μι-

576 4994 712 5068 λήτῳ
732 4995 963 5066 τεθάφθαι
989 4993 1040 5047 ἐν
1061 4999 1133 5065 τῷ
1154 4990 1411 5064 Διδυμαίῳ
1433 4993 1599 5062 φησίν.
1645 4991 1859 5049 ἐνταῦθα
1906 5001 1998 5054 τῆς
2039 5003 2169 5049 Λευ-

580 5090 829 5165 κοφρύνης
860 5087 917 5143 τὸ
945 5092 1181 5159 μνημεῖον
1233 5086 1326 5138 οὐκ
1366 5080 1502 5148 ἄξιον
1553 5085 1837 5160 παρελθεῖν,
1894 5087 2172 5160 ἑπομένους

581 5188 769 5243 Ζήνωνι
783 5184 863 5237 καὶ
885 5176 1105 5251 Μυνδίῳ,
1136 5178 1168 5238 ἢ
1199 5178 1248 5232 ἐν
1275 5184 1349 5250 τῷ
1374 5178 1495 5253 ἱερῷ
1526 5186 1617 5239 τῆς
1645 5176 1936 5253 Ἀρτέμιδος
1962 5182 2012 5235 ἂν
2036 5192 2172 5254 Μαγ-

579 5280 733 5352 νησίᾳ
771 5272 1093 5333 κεκήδευται.
1119 5269 1235 5327 οὐδέ
1264 5273 1354 5344 μέν
1380 5272 1464 5326 τὸν
1494 5271 1542 5326 ἕν
1583 5272 1854 5344 Τελμισσῷ
1874 5274 2048 5347 βωμὸν
2076 5281 2171 5333 τοῦ

578 5368 877 5433 Ἀπόλλωνος
900 5404 917 5431 ,
949 5362 1002 5421 ὃν
1029 5372 1204 5438 μνῆμα
1228 5357 1356 5419 εἶναι
1378 5366 1465 5417 καὶ
1491 5363 1671 5419 τούτου
1708 5364 2034 5436 Τιλμισσόως
2076 5373 2171 5423 τοῦ

581 5463 804 5536 μάντεως
839 5460 1122 5535 ἱστοροῦσι.
1149 5456 1454 5527 Πτολιμαῖος
1482 5452 1538 5512 δὲ
1569 5455 1595 5512 ὁ
1626 5462 1717 5513 τοῦ
1742 5456 2092 5536 Ἀγησάρχου,
2120 5461 2170 5515 ἐν

581 5557 770 5629 πρώτῳ
791 5559 891 5608 τῶν
912 5552 1032 5624 περὶ
1050 5550 1133 5605 τὸν
1151 5549 1490 5623 Φιλοπάτορα,
1510 5548 1560 5602 ἐν
1575 5548 1720 5622 Πάφῳ
1746 5549 1899 5624 λέγει,
1912 5553 1963 5606 ἐν
1983 5559 2057 5625 τῷ
2077 5560 2169 5614 τῆς

578 5648 872 5728 Ἀφροδίτης
897 5649 1019 5725 ἱερῷ
1046 5646 1259 5722 Κινύραν
1285 5667 1340 5703 τι
1367 5648 1455 5701 καὶ
1493 5645 1617 5706 τοὺς
1642 5645 1858 5722 Κινύρου
1885 5646 2172 5717 ἀπογόνους

586 5740 911 5801 κεκηδεῦσθαι
959 5735 1217 5810 (Clemens
1255 5737 1536 5794 Alexandr.
1560 5777 1576 5803 ,
1616 5736 1839 5795 Admon.
1879 5736 1949 5791 ad
1987 5749 2125 5809 gent.
2152 5780 2171 5806 ,

588 5848 708 5906 pag.
733 5831 805 5890 29
831 5831 874 5904 ).
920 5829 1115 5893 Totum
1142 5844 1302 5901 porro
1327 5829 1470 5888 hunc
1494 5828 1792 5893 Clementis
1822 5828 2171 5893 Alexandrini

2191 4573 2250 4647 Ι)

2272 1917 2372 1961 art.
2406 1909 2439 1961 4
2470 1908 2511 1976 ).

2347 1996 2600 2054 Secundo
2620 1998 2889 2054 Arnobius
2906 2009 3139 2069 quatuor
3158 2005 3465 2065 auctorum,
3488 1997 3730 2055 scilicet
3752 1997 3892 2055 Sam

2272 2092 2493 2155 monici,
2523 2090 2734 2156 Granii,
2757 2090 3058 2158 Valeriani,
3080 2101 3139 2147 et
3160 2090 3313 2147 Fabii
3344 2090 3688 2149 testimonio
3710 2091 3896 2161 prohat

2272 2184 2518 2252 Capitolii
2564 2199 2761 2240 nomen
2803 2183 3107 2241 derivatum
3139 2183 3305 2241 fuisse
3331 2183 3401 2245 ab
3439 2183 3666 2241 effosso
3710 2194 3775 2240 et
3812 2183 3892 2238 in-

2272 2290 2434 2335 vento
2463 2279 2513 2335 in
2542 2277 2685 2333 illius
2723 2276 3089 2335 fundamentis
3116 2278 3291 2347 capite
3320 2276 3439 2333 Toli
3460 2317 3476 2344 ,
3510 2292 3695 2348 quem
3728 2293 3765 2334 a
3790 2277 3892 2333 fra-

2276 2372 2370 2427 tris
2393 2370 2477 2429 sui
2497 2371 2669 2427 servis
2695 2370 2935 2427 occisum
2957 2412 2972 2437 ,
2997 2369 3148 2426 cives
3180 2368 3518 2427 inhumatum
3536 2370 3891 2441 reliquerunt
3958 2366 3959 2441 ἡ

2275 2463 2512 2533 (Arnob.
2540 2502 2554 2531 ,
2587 2461 2685 2517 loc.
2715 2463 2803 2517 cit.
2833 2504 2847 2529 ,
2894 2479 3013 2533 pag.
3059 2461 3164 2519 194
3191 2458 3235 2533 ).
3280 2460 3537 2519 Pluribus
3583 2477 3735 2519 vero
3780 2463 3891 2519 aliis

2275 2557 2500 2617 testibus
2550 2557 2604 2613 id
2654 2556 2810 2613 facile
2851 2564 3030 2627 potest
3077 2554 3411 2613 confirmari.
3464 2552 3697 2611 Scribit
3748 2555 3889 2612 enim

2275 2651 2445 2707 Varro
2473 2669 2485 2706 :
2524 2670 2544 2704 ι
2580 2650 2904 2721 Capitolium
2949 2649 3153 2711 dictum
3175 2692 3190 2715 ,
3232 2647 3379 2719 quod
3408 2647 3499 2704 hic
3525 2664 3671 2707 cum
3705 2648 3891 2707 {om

2276 2754 2456 2801 menta
2491 2744 2804 2800 foderentur
2829 2744 2962 2799 tedis
2989 2743 3139 2800 lovis
3173 2753 3335 2813 caput
3360 2741 3675 2799 humanm
3703 2745 3889 2801 inven-

2275 2847 2386 2897 tum
2413 2838 2631 2895 dicitur.
2669 2856 2689 2890 ι
2726 2837 2908 2895 Livius
2948 2851 3078 2893 vero
3106 2853 3127 2892 :
3159 2854 3179 2889 ι
3208 2835 3307 2891 Hic
3342 2835 3689 2907 Capitolium
3726 2850 3833 2904 est,
3861 2857 3880 2890 ι

2276 2933 2466 3004 inquit,
2494 2952 2513 2985 ι
2547 2933 2636 2989 ubi
2667 2934 2937 3005 quondam
2963 2932 3139 3003 capite
3170 2930 3408 2991 humano
3444 2932 3685 2991 invento
3705 2973 3725 2999 ,
3772 2948 3885 2990 res-

2275 3040 2506 3097 ponsum
2532 3035 2619 3082 est
2639 3065 2655 3092 ,
2684 3040 2750 3081 eo
2782 3025 2904 3081 loco
2932 3033 3093 3094 caput
3123 3038 3306 3080 rerum
3328 3063 3345 3091 ,
3371 3037 3771 3095 summamque
3789 3024 3885 3079 im-

2275 3118 2407 3188 perii
2449 3117 2586 3175 fore.
2620 3136 2640 3170 ι
2673 3116 2872 3174 Verum
2900 3117 3019 3175 haec
3057 3115 3230 3175 fusius
3263 3130 3297 3172 a
3336 3114 3601 3188 Dionysio
3639 3115 3883 3173 Halicar-

2197 3184 2246 3253 ο
2276 3184 2471 3271 nasseo
2531 3221 2587 3271 et
2620 3210 2795 3269 Plinio
2833 3218 3143 3275 narrantur,
3172 3223 3314 3280 quos
3347 3184 3500 3265 adire
3538 3208 3782 3269 cuilibet
3806 3209 3881 3265 fa-

2271 3304 2375 3362 cile
2399 3310 2455 3361 et
2490 3314 2797 3375 promptum
2836 3314 2941 3360 est.
2986 3303 3102 3373 Qua
3138 3318 3267 3375 ergo
3298 3303 3510 3359 ratione
3547 3302 3880 3360 Theodorus

2273 3396 2534 3453 Canterus
2572 3395 2771 3468 aliique
2812 3395 3062 3455 nonnulli
3106 3410 3354 3455 asserere
3397 3404 3741 3467 potuerunt,
3783 3397 3878 3453 ho-

2273 3503 2393 3543 rum
2433 3486 2525 3558 qui
2555 3487 2899 3554 meminerit,
2950 3498 3147 3559 praeter
3176 3487 3475 3547 Arnobium
3503 3488 3751 3547 inveniri
3784 3505 3879 3546 ne-

2273 3583 2514 3641 minem?
2536 3579 2633 3638 Cui
2663 3596 2822 3650 porro
2846 3580 3040 3639 honori
3064 3582 3163 3639 fuit
3188 3581 3308 3639 Jovi
3336 3582 3597 3653 templum
3628 3584 3876 3639 omnium

2272 3674 2570 3731 maximum
2601 3672 2799 3729 habere
2831 3688 2940 3729 non
2971 3682 3077 3729 tam
3109 3688 3239 3742 suo,
3267 3684 3428 3744 quam
3460 3673 3708 3730 hominis
3733 3690 3875 3731 mor-

2272 3767 2348 3823 tui
2406 3766 2623 3822 nomine
2686 3764 3009 3823 tedilicatum
3074 3776 3129 3823 et
3173 3766 3586 3836 nuncupatum?
3632 3774 3653 3839 (
3698 3766 3872 3836 Varum,

2271 3860 2359 3915 lib.
2385 3874 2438 3915 tv
2467 3859 2530 3914 de
2562 3858 2710 3931 Ling.
2748 3860 2866 3926 lat.,
2903 3876 3024 3932 pag.
3056 3859 3160 3926 {0;
3203 3859 3337 3929 bin,
3369 3859 3459 3916 lib.
3507 3875 3567 3927 v,
3605 3860 3729 3918 sub.
3756 3863 3873 3929 βπ..

2271 3971 2386 4026 cap.
2418 3955 2527 4023 ὄις
2576 3952 2798 4026 Dionys.
2831 3952 3007 4009 Halic.
3029 3994 3044 4021 ,
3077 3952 3168 4011 lib.
3196 3969 3270 4022 tv,
3309 3970 3432 4025 pag.
3463 3952 3571 4010 257
3597 3963 3649 4009 et
3682 3970 3823 4026 seqq.
3849 3970 3870 4018 ;

2272 4044 2417 4102 Plin.
2444 4088 2459 4113 ,
2490 4046 2580 4103 lib.
2624 4060 2789 4101 xxvut
2850 4043 3041 4099 Natur.
3077 4042 3214 4101 Hist.
3241 4086 3257 4110 ,
3306 4061 3425 4115 cap.
3456 4042 3493 4098 2
3517 4086 3535 4114 ,
3576 4061 3706 4118 pag.
3733 4045 3879 4131 558;1

2271 4136 2447 4205 Cant.,
2482 4137 2569 4193 lib.
2600 4154 2617 4192 ι
2656 4134 2777 4191 Var.
2805 4137 2953 4204 lect.,
2986 4152 3105 4206 cap.
3136 4136 3197 4190 H
3233 4133 3279 4205 .)

2346 4232 2583 4303 Denique
2638 4230 2769 4301 petit
2809 4228 3084 4287 Arnobius
3109 4268 3125 4294 ,
3178 4247 3196 4282 ι
3231 4228 3558 4302 Polyand-ria
3606 4228 3872 4289 Varronis

2269 4325 2462 4396 quibus
2514 4325 2566 4381 in
2622 4323 2837 4393 templis
2884 4323 3277 4395 contegantur?
3316 4344 3336 4377 ι
3372 4322 3603 4397 (Arnob.
3628 4365 3646 4390 ,
3701 4325 3826 4381 ibid.
3852 4367 3870 4391 ,

2271 4433 2389 4488 pag.
2426 4417 2546 4473 194.
2580 4417 2599 4489 )
2641 4414 3027 4485 Polyandrium
3070 4424 3287 4483 autem,
3317 4416 3393 4471 uti
3427 4432 3497 4471 ex
3532 4416 3713 4475 sacris
3750 4432 3870 4488 pro-

2271 4511 2514 4581 fanisque
2588 4509 2944 4579 scriptoribus
3011 4510 3212 4581 liquet,
3259 4510 3410 4567 loeus
3455 4520 3607 4577 erat,
3662 4512 3721 4567 in
3765 4529 3869 4585 quo

2274 4602 2422 4675 plura
2453 4603 2987 4672 hominum-corpora
3009 4603 3428 4673 sepeliebantur.
3458 4602 3669 4660 Sensus
3688 4606 3866 4677 itaque

2275 4697 2493 4755 Arnobii
2538 4704 2621 4752 est
2670 4695 2865 4765 templa
2924 4694 3144 4753 deorum
3196 4709 3316 4751 esse
3373 4696 3683 4751 communia
3736 4698 3867 4754 cuni‘

2276 4790 2500 4846 mortuis
2540 4787 2875 4860 sepultisque
2911 4786 3253 4853 hominibus,
3297 4802 3433 4857 quos
3474 4797 3660 4845 tamen
3690 4790 3749 4847 in
3783 4806 3864 4847 eo-

2277 4882 2525 4940 rumdem
2577 4883 2803 4939 deorum
2841 4881 2994 4937 fastis
3034 4881 3308 4938 ascribere
3339 4882 3457 4939 ausi
3487 4898 3596 4939 non
3628 4885 3860 4940 fuerant.

2274 4976 2332 5033 In
2379 4975 2641 5048 superiori
2690 4989 2853 5047 porro
2904 4972 3283 5029 dissertatione
3329 4975 3669 5031 ostendimus
3713 4976 3860 5046 plura

2276 5068 2442 5126 fuisse
2478 5068 2675 5139 templa
2697 5110 2712 5135 ,
2757 5068 2812 5122 in
2842 5066 3034 5138 quibus
3076 5063 3277 5122 ethnici
3307 5065 3438 5122 deos
3466 5081 3596 5125 suos
3626 5068 3861 5139 sepultos

2273 5176 2394 5217 esse
2430 5160 2603 5230 palam
2633 5157 2999 5230 praedicabant
3026 5155 3045 5228 (
3069 5153 3339 5212 Dissertat.
3377 5156 3433 5211 in
3474 5156 3674 5213 Minue.
3697 5199 3713 5226 ,
3747 5175 3856 5229 cap.

2276 5255 2342 5310 15
2365 5296 2379 5323 ,
2404 5264 2506 5309 art.
2534 5254 2570 5308 2
2596 5254 2641 5325 ).
2686 5251 2815 5320 Quis
2845 5265 2973 5321 ergo
3004 5248 3223 5322 indigne
3259 5265 3379 5304 cum
3408 5248 3656 5307 Arnobio
3683 5263 3859 5308 nostro

2276 5363 2380 5401 non
2410 5344 2548 5401 ferat
2576 5341 2771 5399 talibus
2798 5340 2901 5396 diis
2929 5342 3126 5414 templa
3149 5384 3164 5409 ,
3198 5341 3454 5414 aedesque
3480 5356 3669 5399 sacras
3697 5343 3858 5399 aedifi-

2277 5440 2385 5493 cari
2439 5446 2493 5493 et
2543 5434 2850 5492 consecrari
2872 5475 2888 5502 ,
2922 5449 3041 5504 quae
3062 5434 3164 5489 soli
3202 5434 3314 5491 Deo
3336 5434 3540 5493 viventi
3578 5444 3635 5493 et
3661 5445 3858 5494 aeterno

2276 5531 2577 5589 debentur?
