4000 6272
79 277 209 337 615

704 413 1001 465 Διιτωυιιυε
1038 416 1096 464 llo

79 526 171 578 De
206 535 432 596 templis,
460 545 571 597 qua:
595 533 821 610 humanis
857 534 1117 612 aﬂectibus
1153 543 1236 613 aut
1274 540 1532 615 virtutibus
1555 542 1707 653 imgie

147 605 460 646 consecrata
511 597 725 653 fuerant.
774 601 1004 651 nimirum
1044 601 1245 653 Pietati.
1285 602 1588 653 Concordia.
1651 617 1707 653 a-

147 605 460 661 consecrata
511 597 725 661 fuerant.
774 600 1004 661 nimirum
1044 601 1245 659 Pietati,
1285 602 1588 661 Concordia,
1612 597 1707 653 Sa-

155 656 284 729 luti,
310 658 515 729 Honori,
543 660 743 729 Virtuti,
772 660 1035 729 Felicitati,
1078 656 1325 729 Victoriae,
1370 666 1506 726 Paci,
1538 656 1708 729 Equi—

156 698 284 778 ἱΞῐὲξ
309 698 515 784 ὲΐέῖῖιὶὶί
532 698 793 788 [ὲέέῦἱὶὸὲ
808 698 1325 788 ὥίῖιέἷιὲῗῖεεέἑέἷὲἑῖἒῗ
1340 698 1392 778 ei
1409 698 1709 788 ὗῖιῖυἱῖἓῖἒιῖ

148 795 318 894 Ἑῖεὲἓ
334 786 849 901 ex
889 787 1183 851 templorum
1216 786 1479 842 eversione
1519 786 1707 847 nullum

183 860 194 870 ”
237 860 269 894 s
407 862 432 899 s
527 863 536 896 ι
787 887 798 898 .

183 860 311 894 alSlS
334 860 432 899 (IIIS
448 860 798 899 aeumcanaum.

168 988 301 1047 Non
334 993 466 1050 solis
496 994 811 1056 hominibus
849 998 1107 1068 mortuis,
1143 1002 1238 1059 sed
1269 1003 1513 1060 vivorum
1541 1005 1705 1067 etiam

84 1080 490 1142 affectionibus
522 1096 577 1144 et
598 1091 915 1160 eventibus,
943 1101 1214 1165 tamquam
1241 1097 1386 1151 veris
1412 1096 1540 1166 diis,
1570 1105 1706 1153 tem-

86 1174 187 1243 pla
223 1177 298 1232 ab
325 1178 566 1236 Ethnicis
592 1184 807 1240 condita
843 1195 987 1240 sunt.
1028 1184 1161 1242 Tam
1196 1188 1484 1244 absurdam
1524 1199 1703 1246 autem

89 1277 151 1323 et
180 1284 393 1325 caecam
428 1272 677 1345 illorum,
727 1291 790 1333 ac
820 1277 1087 1349 praecipue
1113 1278 1478 1336 Romanorum
1510 1280 1704 1350 impie-

80 1367 275 1417 tatem
300 1364 367 1419 ab
388 1363 541 1420 initio
560 1369 736 1437 quarti
764 1371 847 1424 sui
878 1371 1000 1426 libri
1027 1372 1298 1428 Arnobius
1325 1374 1404 1429 sic
1432 1375 1700 1445 castigat:

88 1469 111 1502 α
145 1452 505 1528 Interrogare
533 1475 630 1515 vos
657 1460 822 1528 libet,
849 1462 1103 1536 ipsosque
1130 1475 1255 1522 ante
1281 1468 1461 1522 omnia
1495 1466 1702 1523 Roma-

87 1563 231 1617 nos,
266 1551 517 1610 dominos
540 1569 717 1611 rerum
742 1573 803 1613 ac
823 1559 1118 1630 principes,
1152 1570 1403 1617 utrumne
1431 1562 1705 1618 existima-

81 1642 190 1710 tis,
229 1643 516 1713 Pietatem,
549 1649 925 1717 Concordiam,
949 1651 1214 1719 Salutem,
1248 1653 1549 1721 Honorem,
1584 1653 1704 1708 Vir-

85 1744 308 1803 tutem,
372 1737 742 1808 Felicitatem,
796 1750 1099 1815 emteraque
1144 1745 1408 1815 ejusmodi
1459 1747 1699 1813 numina,

81 1829 300 1899 quibus
338 1846 458 1891 aras
486 1832 732 1897 videmus
764 1851 796 1897 a
832 1836 984 1901 vobis
1010 1850 1135 1894 cum
1156 1836 1454 1909 magniﬁcis
1493 1838 1697 1896 extedi-

85 1922 295 1978 licatas
323 1924 583 1991 delubris,
618 1930 725 1983 vim
757 1928 955 1985 habere
983 1930 1242 1997 divinam,
1271 1931 1505 2001 emlique
1534 1933 1589 1988 in
1617 1948 1703 1989 re-

82 2018 358 2089 gionibus
374 2020 615 2093 degere?
646 2041 665 2074 ι
702 2022 955 2096 (Arnob.,
983 2024 1073 2078 lib.
1108 2040 1181 2088 tv,
1208 2042 1330 2099 pag.
1359 2025 1513 2096 127.)
1536 2027 1702 2085 Paulo

83 2120 227 2181 post
258 2129 387 2169 vero
416 2114 613 2184 adjecit
653 2117 886 2189 templa,
932 2113 1190 2185 Victoria,
1232 2116 1390 2173 Pacis
1421 2117 1699 2191 cthqui-

85 2205 224 2259 tatis
246 2247 263 2272 ,
305 2206 373 2261 ab
399 2207 590 2262 iisdem
640 2206 886 2264 Etlmicis
927 2208 1097 2266 fuisse
1128 2209 1379 2268 similiter
1404 2221 1701 2270 exstructa.

86 2298 279 2367 Quam
310 2310 489 2355 autem
520 2301 635 2356 haec
665 2318 791 2358 vera
819 2304 947 2370 sint,
972 2304 1211 2359 breviter
1238 2304 1639 2376 inquirendum.

170 2390 422 2448 Celebris
452 2400 537 2449 est
564 2393 856 2464 paucisque
872 2394 1143 2465 incognita
1170 2394 1285 2452 sive
1309 2396 1558 2466 plebeiae,
1586 2396 1702 2451 sive

89 2486 357 2554 ingenuae
381 2485 660 2555 cujusdam
700 2486 822 2543 illim
846 2488 1070 2544 historia
1090 2530 1106 2557 ,
1132 2504 1252 2559 quae
1280 2497 1511 2545 matrem
1547 2505 1700 2547 suam

88 2575 113 2648 (
155 2575 280 2632 Val.
309 2574 480 2639 Max"
510 2577 599 2632 lib.
631 2594 666 2634 ιι
688 2620 703 2642 .
727 2595 846 2648 cap.
876 2578 939 2645 ὅ,
972 2578 1000 2649 §
1032 2580 1062 2634 7
1083 2621 1098 2646 ,
1132 2597 1252 2653 pag.
1274 2579 1383 2637 268
1412 2590 1461 2636 ct
1485 2597 1621 2654 seqq.
1654 2580 1697 2653 ),

90 2678 198 2724 aut
226 2677 286 2722 ut
313 2669 400 2723 alii
430 2669 683 2737 tradunt,
712 2686 874 2726 suum
898 2680 1107 2741 patrem
1129 2714 1145 2740 ,
1174 2673 1226 2728 in
1254 2688 1471 2730 carcere
1498 2673 1701 2730 consti-

92 2772 305 2831 tutum,
336 2778 405 2819 ne
435 2763 610 2819 inedia
632 2763 1013 2831 conﬁceretur,
1042 2766 1180 2823 lacte
1202 2782 1302 2822 suo
1324 2768 1479 2822 aluit.
1507 2766 1703 2823 Narrat

93 2864 289 2911 autem
328 2854 565 2921 Plinius,
611 2872 676 2912 ac
706 2865 829 2927 post
858 2857 1009 2913 illum
1048 2856 1266 2914 Solinus
1292 2859 1349 2914 in
1379 2860 1501 2914 lacti
1538 2859 1699 2929 huius

94 2948 428 3004 memoriam
460 2948 735 3005 conditum
763 2949 954 3006 eodem
986 2951 1041 3006 in
1068 2966 1309 3020 carcere,
1339 2953 1400 3009 C.
1422 2953 1696 3022 Quinctio,

97 3051 158 3099 et
188 3041 262 3096 Il.
289 3042 460 3098 Acilio
488 3042 829 3110 consulibus,
860 3043 1077 3100 Pietatis
1105 3047 1389 3118 templum,
1418 3047 1510 3104 ubi
1538 3046 1696 3103 thea-

98 3144 254 3193 trum
298 3136 538 3193 Marcelli
583 3147 719 3195 erat.
776 3137 889 3193 Nec
914 3138 1109 3194 desunt
1154 3140 1246 3211 qui
1293 3141 1603 3245 existiment
1634 3141 1697 3197 ῆι.
1724 3167 1778 3245 c

98 3229 199 3287 Iud
257 3232 435 3301 ipsum
478 3247 640 3299 esse,
698 3240 845 3303 quod
900 3231 1128 3289 Marcius
1191 3234 1395 3290 Acilius
1441 3232 1697 3300 Glabrio,

100 3332 165 3379 ut
221 3324 300 3377 ait
366 3323 581 3392 Livius,
652 3325 706 3381 in
754 3324 1152 3395 foroiOlitorio
1198 3328 1431 3397 positum
1484 3327 1701 3382 dedica-

99 3418 182 3471 vit
210 3416 396 3490 (Plin.
418 3461 432 3482 ,
466 3419 503 3473 Ι.
539 3435 577 3473 tt
618 3417 810 3474 Natur.
840 3420 961 3474 hist.
995 3438 1112 3491 cap.
1141 3421 1210 3477 '56
1230 3463 1245 3489 ,
1277 3440 1331 3494 p.
1359 3421 1427 3477 57
1453 3438 1468 3488 ;
1500 3421 1698 3488 Solin.,

101 3509 369 3582 Polyhisl.
395 3552 411 3577 ,
440 3529 559 3581 cap.
591 3513 644 3577 1,
675 3530 793 3585 pag.
824 3514 882 3568 11
916 3531 930 3579 ;
962 3512 1076 3568 Liv.
1103 3558 1118 3582 ,
1151 3513 1242 3593 lib.
1270 3515 1343 3570 ‘0
1367 3556 1383 3579 ,
1416 3532 1531 3586 cap.
1561 3513 1697 3586 51).

179 3602 267 3658 Ab
315 3604 501 3659 eodem
552 3604 705 3660 Livio
747 3605 924 3661 adhuc
975 3607 1279 3678 accepimus
1320 3624 1350 3662 a
1393 3607 1456 3663 C.
1513 3607 1700 3663 Flavio

103 3695 281 3753 tndem
323 3688 623 3753 Consul-dite
667 3700 718 3752 in
757 3714 883 3755 rea
923 3700 1148 3757 Vulcani
1177 3711 1552 3759 consecratam
1582 3744 1596 3767 ,
1646 3712 1700 3757 et

102 3790 272 3846 aliam
293 3832 309 3857 ,
338 3806 497 3860 quam
527 3791 798 3847 Duumviri
818 3834 831 3857 ,
855 3794 926 3853 ad
953 3809 1075 3849 eam
1105 3811 1219 3851 rem
1248 3797 1418 3852 creati
1438 3837 1454 3864 ,
1486 3797 1540 3850 in
1572 3812 1699 3854 arce

102 3883 418 3937 locaverunt
448 3881 468 3955 (
495 3882 671 3949 Idem,
699 3884 791 3941 lib.
824 3901 898 3949 ut,
932 3902 1047 3956 cap.
1073 3887 1176 3954 ιϐ,
1208 3899 1254 3942 ct
1283 3889 1372 3942 tib.
1402 3905 1513 3944 χιιι
1534 3930 1548 3955 ,
1579 3905 1695 3961 cap.

103 3976 177 4030 55
209 3978 248 4043 ).
297 3974 572 4029 Testatum
619 3975 781 4030 etiam
824 3977 1018 4033 Cicero
1046 3978 1174 4033 facit
1196 4021 1210 4044 ,
1244 3977 1401 4035 Cotta
1431 3982 1656 4037 consule
1679 4025 1692 4047 ,

105 4069 368 4137 templum
397 4066 715 4136 Concordiae,
756 4079 957 4125 tactum
982 4071 1051 4127 de
1076 4073 1218 4130 Ctelo
1244 4074 1429 4141 fuisse,
1460 4085 1518 4131 et
1554 4076 1701 4132 illius

102 4176 325 4230 quoque
352 4163 559 4216 mentio
586 4164 638 4217 in
667 4162 856 4219 Dionis
886 4166 1133 4231 historia,
1162 4176 1219 4222 et
1244 4165 1399 4223 fastis
1426 4168 1700 4239 Magistra-

109 4262 261 4305 tuum
289 4268 632 4311 romanorum
661 4254 797 4310 facta
827 4268 909 4311 est
929 4256 1115 4326 (Cicer.
1141 4299 1157 4325 ,
1184 4258 1277 4313 lib.
1332 4275 1371 4313 ll
1413 4260 1477 4314 dc
1508 4259 1694 4315 Natur.

106 4346 253 4401 deor.
278 4389 292 4410 ,
325 4365 444 4419 pag.
483 4348 592 4404 225
614 4390 629 4417 ,
660 4350 755 4405 litt.
792 4350 863 4413 5;
909 4361 956 4405 et
981 4352 1069 4405 lib.
1122 4369 1143 4410 ι
1182 4356 1245 4406 de
1275 4351 1501 4409 Diuinat.
1530 4396 1545 4421 ,
1576 4372 1696 4427 pag.

106 4440 235 4505 252;
265 4439 439 4508 Diom,
473 4442 560 4497 lib.
592 4457 717 4498 κων
768 4442 919 4499 Rom.
944 4444 1090 4511 Itist.,
1114 4463 1235 4518 pag.
1256 4446 1387 4514 275,
1416 4457 1462 4501 et
1479 4458 1601 4503 tom.
1647 4463 1701 4503 ιι

109 4533 356 4602 Autiquit.
388 4551 543 4602 mnu,
576 4552 696 4606 pag.
722 4534 825 4591 189
848 4532 892 4605 ).
924 4535 1288 4602 Quamobrem
1313 4537 1544 4595 canebat
1572 4539 1699 4596 Ovi-
1724 4558 1781 4631 Ι)

111 4628 234 4685 dius
263 4646 276 4681 :

203 4763 277 4815 Te
296 4777 494 4830 quoque
510 4766 761 4830 magnifica
785 4764 1045 4817 Concordia
1067 4765 1262 4830 dedicat
1279 4768 1385 4818 ede

296 4826 448 4887 Livia,
471 4826 616 4892 quam
637 4830 788 4879 cbaro
808 4830 1033 4891 presutit
1054 4828 1137 4879 illa
1158 4831 1280 4879 viro.

636 4909 797 4976 0vid.,
819 4909 902 4964 lib.
923 4927 972 4965 vi
985 4913 1199 4974 Faster"
1214 4919 1324 4966 alltc
1338 4912 1451 4977 ﬁn.)

114 5058 220 5117 Sed
256 5058 370 5115 huic
396 5075 494 5130 pro
533 5061 730 5121 merito
760 5059 950 5116 irridet
971 5069 1023 5116 et
1055 5059 1296 5133 explodit
1327 5061 1690 5132 Augustinus,

113 5167 271 5222 quem
298 5151 445 5207 adire
477 5153 675 5218 poteris
705 5152 724 5226 (
751 5154 909 5226 Aug.,
960 5152 1047 5207 lib.
1078 5168 1135 5209 Ill
1161 5153 1225 5209 de
1253 5150 1425 5220 Civit.,
1450 5170 1566 5228 cap.
1599 5152 1688 5221 25,

114 5260 235 5316 pag.
258 5241 327 5298 82
348 5242 387 5315 ).

1353 285 1418 347 ΙΝ
1456 282 1832 361 ΑΒΝΟΒΙΠΜ,
1867 288 2023 357 CAP.
2063 292 2207 357 XXI.

1727 403 1783 473 Α
1805 409 1994 466 consul
2021 410 2163 467 bello
2194 409 2516 473 Samnitium
2544 424 2790 484 voverat,
2818 432 2850 475 ι
2881 416 2942 477 C.
2975 418 3138 479 Iunio
3158 420 3402 483 Bubulco

3297 308 3401 371 6H

1808 499 2195 563 exaediﬁcatam
2223 502 2392 561 fuisse
2412 546 2429 571 ,
2477 516 2529 562 et
2553 507 2621 563 ab
2644 510 2762 581 ipso
2789 510 3060 573 Dictatore
3092 514 3398 579 dedicatam

1809 591 1827 661 (
1856 589 1992 658 Liv.,
2021 592 2109 649 lib.
2136 610 2210 659 ix,
2235 611 2350 666 cap.
2377 597 2465 664 45,
2497 607 2543 659 et
2567 599 2658 661 lib.
2684 616 2738 666 ι.
2764 617 2882 672 cap.
2912 604 2935 659 1
2963 601 3007 676 ).

1878 685 2072 743 Narrat
2099 698 2362 758 prmerea
2391 690 2534 753 idem
2569 691 2774 759 Livius,
2814 695 2902 757 cui
2931 696 3251 759 Plutarchus
3284 700 3403 757 suf—

1808 779 2088 851 fragatur,
2145 782 2456 841 Marcellum
2503 787 2648 843 bello
2685 788 2891 849 Gallico
2930 792 2998 849 ad
3043 793 3400 867 Clastidium,

1809 870 2014 929 Honori
2038 881 2089 933 ct
2127 871 2319 935 Virtuti
2346 877 2557 937 vovisse
2584 879 2777 947 aedem.
2816 882 2973 952 citius
2998 883 3270 949 dedicatio
3295 889 3398 943 im-

1808 965 1990 1034 pedita
2017 977 2102 1025 est
2126 983 2157 1022 a
2186 971 2535 1039 pontiﬁcibus
2553 1014 2568 1037 ,
2596 974 2690 1043 qui
2716 976 2988 1046 negabant
3017 995 3177 1037 unam
3204 981 3400 1038 cellam

1807 1057 2059 1126 amplius,
2085 1075 2244 1130 quam
2277 1063 2371 1118 uni
2398 1063 2500 1119 deo
2528 1064 2632 1122 rite
2658 1067 2895 1124 dedicari
2926 1069 3090 1143 (Liu.,
3116 1073 3206 1135 lib.
3232 1091 3402 1141 xxvii.

1805 1164 1922 1218 cap.
1952 1149 2065 1217 25,-
2108 1151 2381 1213 Plutarclt.
2409 1198 2423 1219 .
2464 1159 2519 1213 in
2549 1159 2639 1215 sit.
2671 1159 2939 1233 Marcelli.
2982 1183 3102 1238 pag.
3130 1168 3239 1229 5H
3262 1169 3305 1241 ).
3334 1169 3406 1227 At

1809 1241 2056 1299 Valerius
2088 1245 2352 1309 Maximus
2378 1250 2696 1315 testiﬁcatur
2719 1264 3015 1323 memorata
3044 1258 3137 1314 illa
3165 1261 3395 1336 pontiﬁ-

1807 1347 1930 1389 cum
1976 1335 2347 1399 admonitione
2385 1340 2675 1411 eﬂ'ectum;
2727 1356 2783 1407 tu
2831 1346 3111 1411 Marullus
3152 1335 3405 1423 separatis

1807 1428 2004 1487 testibus
2035 1428 2265 1487 Honoris
2292 1449 2355 1488 ac
2390 1433 2596 1497 Virtutis
2622 1438 2903 1498 sitmlacra
2929 1443 3231 1517 statueret(
3272 1443 3391 1503 Val.

1802 1518 1956 1579 Max.
1980 1562 1999 1591 ,
2037 1522 2127 1580 lib.
2154 1538 2172 1580 ι
2197 1564 2213 1591 ,
2244 1523 2350 1598 58,
2383 1543 2503 1598 pag.
2534 1526 2570 1591 9
2596 1528 2642 1603 ).
2679 1529 2974 1604 Utriusque
3009 1544 3190 1597 autem
3221 1539 3403 1612 templi

1805 1616 2133 1677 mentionem
2162 1617 2290 1675 fecit
2319 1618 2626 1693 Vitruvius,
2651 1625 3103 1703 quemadmodum
3138 1629 3393 1703 Symmao

1804 1707 1938 1763 chus
1960 1708 2050 1781 qui
2070 1708 2140 1771 ad
2169 1712 2466 1771 Ausonium
2495 1712 2611 1777 haec
2636 1716 2852 1795 scripsit
2879 1717 2933 1773 in
2965 1720 3127 1783 verba
3154 1742 3169 1779 :
3198 1740 3218 1781 s
3243 1721 3390 1780 Bene

1728 1787 1780 1855 Β
1804 1817 1868 1858 ac
1891 1804 2168 1875 sapienter
2209 1804 2443 1876 majores
2472 1808 2645 1863 nostri
2666 1851 2680 1873 ,
2731 1787 2947 1896 ut‘sunt
2980 1814 3103 1871 alia:
3129 1817 3304 1879 aetatis
3332 1818 3399 1874 il-

1800 1894 1927 1960 lius,
1957 1894 2099 1951 aedes
2128 1894 2334 1953 Honori
2363 1907 2526 1971 atque
2551 1899 2745 1959 Virtuti
2783 1894 3039 1975 gemellas
3054 1906 3286 1978 iunctim
3321 1910 3405 1965 lo-

1802 1993 2025 2051 carant,
2057 1989 2348 2045 commenti
2377 1990 2520 2061 quod
2546 1992 2598 2047 in
2629 2002 2682 2055 te
2704 1993 2940 2058 vidimus
2962 2037 2979 2071 ,
3009 1997 3082 2057 ibi
3104 2013 3225 2057 esse
3256 2017 3399 2075 pra:-

1806 2077 1914 2135 mia
1942 2077 2168 2143 honoris
2187 2124 2202 2148 ,
2240 2080 2326 2139 ubi
2356 2093 2483 2138 sunt
2503 2086 2694 2141 merita
2720 2087 2954 2145 virtutis.
2988 2108 3008 2143 ι
3039 2091 3246 2150 Plinius
3273 2112 3404 2153 vero

1767 2167 1942 2224 ’hanc
1972 2168 2201 2231 Honoris
2244 2184 2292 2228 et
2340 2173 2552 2231 Virtutis
2589 2178 2759 2237 tndem
2800 2181 2869 2239 ab
2908 2181 3242 2256 Vespasiano
3282 2189 3400 2247 Au-

1801 2270 1959 2332 gusto
2000 2264 2302 2323 restitutam
2357 2265 2523 2323 fuisse
2561 2269 2800 2325 tradidit.
2856 2272 3099 2349 Denique
3136 2292 3205 2341 ex
3242 2278 3401 2337 Livio

1802 2369 2016 2408 rursum
2065 2354 2324 2415 discimus
2367 2359 2511 2416 aliud
2552 2362 2806 2433 templum
2857 2363 3077 2424 Virtutis
3104 2385 3135 2424 a
3161 2370 3232 2427 Μ.
3266 2372 3403 2437 hlar-

1802 2449 1978 2517 cello,
2024 2452 2306 2507 memorati
2338 2468 2366 2517 a
2405 2455 2560 2512 nobis
2602 2455 2841 2517 Marcelli
2884 2459 3001 2518 ﬁlio
3026 2503 3042 2530 ,
3083 2462 3150 2523 ad
3184 2476 3397 2536 portam

1803 2540 2072 2611 Capenam
2125 2557 2503 2607 consecratum
2526 2549 2549 2621 (
2588 2547 2786 2609 Vitruv.
2810 2596 2826 2620 ,
2861 2551 2952 2615 lib.
2981 2571 3037 2613 In
3059 2598 3076 2623 ,
3114 2573 3231 2629 cap.
3255 2559 3285 2616 1
3308 2602 3324 2626 ,
3356 2540 3407 2615 et

1804 2634 1896 2690 tib.
1922 2652 2013 2703 vn,
2036 2637 2090 2693 in
2117 2636 2372 2703 Pronum;
2394 2640 2713 2712 summast».
2735 2645 2822 2706 lib.
2848 2661 2888 2711 ι.
2916 2649 3064 2716 epist.
3098 2650 3194 2717 lt;
3229 2650 3399 2722 Plin.,

1803 2726 1891 2787 lib.
1923 2744 2063 2785 xxxv
2091 2727 2286 2789 Natur.
2316 2731 2462 2800 ἡξει..
2488 2749 2607 2807 cap.
2641 2733 2729 2803 10,
2777 2755 2831 2809 p.
2858 2737 3001 2807 224;
3031 2738 3165 2809 Lim,
3196 2742 3287 2803 lib.
3315 2761 3397 2814 is,

1803 2836 1917 2890 cap.
1952 2822 2010 2876 11
2049 2823 2090 2892 ).

1873 2912 1956 2973 Ad
2012 2912 2332 2977 Felicitatem
2375 2919 2518 2990 quod
2555 2932 2802 2993 spectat;
2863 2926 3019 2987 testis
3066 2940 3153 2995 est
3192 2932 3400 2992 Plinius

1799 3002 1942 3100 facta
1992 3006 2162 3069 fuisse
2185 3024 2216 3065 a
2249 3010 2519 3075 Praxitele
2558 3015 2666 3077 duo
2704 3016 2894 3090 signa,
2939 3036 3060 3093 qua:
3085 3036 3210 3085 ante
3238 3028 3400 3100 hujus

1805 3097 2092 3163 Felicitatis
2119 3103 2289 3167 sedem
2330 3107 2505 3174 posita
2548 3107 2810 3192 fuerant(
2839 3111 3021 3183 Plin.,
3053 3118 3144 3174 tib.
3192 3097 3395 3192 xxxiv,

1804 3209 1923 3265 cap.
1950 3194 1985 3249 8
2008 3236 2025 3262 ,
2055 3211 2175 3268 pag.
2206 3196 2310 3257 120
2334 3197 2374 3270 ).
2423 3198 2669 3261 Ciceroni
2699 3191 2879 3269 autem
2902 3207 2951 3265 si
2979 3208 3174 3269 credas
3199 3255 3212 3281 ,
3240 3233 3263 3269 ι
3300 3191 3399 3275 Ille

1803 3287 1867 3347 Ι..
1907 3287 2188 3349 Mummius
2210 3329 2226 3355 .
2256 3292 2415 3355 sicuti
2449 3292 2716 3364 loquitur,
2747 3296 2995 3371 Thespiis
3023 3318 3087 3359 ea
3113 3346 3129 3368 ,
3173 3321 3296 3378 quae
3327 3310 3396 3366 ad

1802 3379 1973 3435 tndem
2005 3379 2304 3441 Felicitatis
2340 3394 2507 3455 sunt,
2545 3396 2856 3461 caeteraqne
2914 3393 3138 3467 profana
3177 3412 3247 3454 ex
3300 3400 3397 3456 illo

1803 3473 2000 3551 oppido
2040 3475 2190 3545 signa
2231 3478 2469 3539 sustulit.
2509 3498 2530 3533 ι
2578 3479 2601 3552 (
2629 3481 2828 3553 ϐίων..
2856 3497 2988 3545 orat.
3020 3504 3103 3559 iv,
3131 3491 3189 3546 in
3225 3491 3394 3563 γαπ,

1802 3582 1921 3637 pag.
1957 3566 2095 3635 160,
2128 3568 2222 3627 lin.
2248 3569 2337 3625 59.
2371 3571 2390 3641 )
2431 3571 2512 3631 Ab
2546 3571 2715 3633 Dione
2740 3591 2937 3647 porro,
2978 3581 3277 3653 Augustino
3297 3626 3312 3653 ,
3341 3598 3399 3644 et

1798 3658 1923 3719 aliis
1954 3658 2147 3719 iactam
2177 3660 2354 3719 adhuc
2376 3662 2610 3734 legimus
2636 3668 2819 3741 templi
2851 3667 3135 3735 Felicitatis
3164 3679 3400 3739 mentio-

1799 3766 1923 3811 nem
1959 3751 2187 3825 (Dion.,
2241 3755 2330 3809 lib.
2395 3772 2519 3815 κων
2569 3757 2770 3817 Hister.
2810 3778 3034 3835 romam,
3080 3784 3204 3841 pag.
3252 3769 3392 3839 278;

1800 3844 2016 3917 August.
2042 3888 2057 3914 ,
2082 3846 2171 3903 lib.
2199 3863 2252 3904 tv
2297 3849 2361 3906 de
2385 3849 2535 3909 Civil.
2562 3891 2581 3921 ,
2629 3870 2746 3930 cap.
2779 3856 2847 3913 18
2873 3868 2921 3914 et
2948 3858 3041 3929 25,
3068 3878 3191 3936 pag.
3218 3865 3322 3929 l00
3350 3874 3398 3926 ct

1803 3936 1967 4011 104).

1874 4032 2217 4095 Posthumius
2240 4046 2421 4101 autem
2445 4082 2460 4113 ,
2486 4042 2533 4099 si
2563 4042 2717 4107 Livio
2746 4046 2914 4117 ﬁdes,
2947 4069 2969 4104 ι
3003 4052 3177 4113 sedem
3203 4055 3395 4123 Victo-

1766 4164 1775 4169 ς
1801 4128 1929 4193 rim,
1976 4144 2136 4199 quinm
2165 4131 2341 4191 aedilis
2365 4135 2573 4195 curulis
2605 4154 2673 4196 ex
2706 4142 3026 4211 mulctatitia
3056 4152 3283 4219 pecunia
3314 4151 3397 4210 ra.

1800 4222 2047 4307 ciendam
2079 4237 2397 4297 curaverat,
2442 4230 2732 4291 dedicavit.
2765 4254 2786 4290 ι
2814 4235 2837 4310 (
2862 4236 2976 4299 Litt.
3002 4280 3018 4306 ,
3048 4241 3140 4299 lib.
3167 4260 3201 4301 ι
3226 4286 3241 4311 ,
3272 4263 3392 4318 cap.

1801 4316 1891 4373 55.
1906 4312 1932 4383 )
1957 4317 2076 4375 Alio
2100 4317 2276 4379 adhuc
2302 4320 2355 4377 in
2388 4320 2528 4378 libro
2549 4324 2681 4380 alias
2708 4326 2940 4400 duplicis
2969 4331 3224 4393 Victoriae
3252 4312 3396 4399 aedes

1803 4407 1886 4465 his
1916 4410 2095 4466 verbis
2138 4426 2529 4473 commemorat
2558 4433 2573 4471 :
2608 4434 2628 4468 ι
2664 4417 2963 4477 Ediculam
2996 4423 3246 4493 Victorias
3284 4432 3395 4488 vir-

1804 4504 1963 4576 ginis,
1994 4522 2162 4580 prope
2183 4508 2353 4565 aedem
2384 4509 2635 4596 Victoria:
2664 4512 2734 4571 Μ.
2766 4514 2990 4574 Porcius
3013 4519 3151 4583 Cito
3175 4523 3395 4585 dedica.

1803 4597 1906 4663 vit,
1949 4598 2170 4657 biennio
2208 4610 2485 4673 postquam
2533 4604 2701 4665 vovit.
2744 4624 2765 4659 ι
2797 4608 2817 4677 (
2845 4607 3029 4677 Idem,
3080 4612 3170 4673 lib.
3221 4632 3388 4688 xxxv,

1801 4708 1919 4764 cap.
1954 4689 2055 4764 9.)
2092 4691 2386 4750 Pausanias
2431 4708 2647 4765 quoque
2669 4735 2687 4762 ,
2733 4706 2787 4752 et
2829 4697 3118 4774 Dionysius
3151 4704 3395 4767 Halicar.

1801 4799 2026 4841 nasseus
2052 4785 2139 4875 de
2159 4784 2397 4849 Victoriae
2421 4786 2549 4849 l‘ano
2575 4787 2866 4859 loquuntur
2889 4791 3154 4867 (Peucon,
3178 4842 3198 4866 ,
3222 4802 3314 4867 lib.
3347 4821 3387 4875 ι,

1800 4892 1920 4947 pag.
1963 4875 2070 4940 20;
2116 4874 2332 4948 Dionys.
2392 4875 2627 4934 Halicar.
2654 4920 2671 4949 ,
2715 4881 2803 4937 lib.
2850 4900 2870 4941 ι
3229 4874 3386 4965 1pm.,

1799 4989 1920 5043 pag.
1963 4970 2035 5029 26
2063 4970 2104 5043 ).
2146 4970 2255 5031 Nos
2282 4972 2445 5031 etiam
2476 4974 2605 5037 alibi
2636 4978 3120 5049 animadvertimus
3139 4985 3389 5060 Symma.

1797 5063 1960 5119 chum
1982 5104 1996 5129 ,
2037 5078 2160 5125 cum
2200 5063 2269 5123 ab
2298 5063 2629 5135 imperatore
2657 5068 3033 5143 Valentiniano
3060 5080 3392 5148 postulasset

1797 5172 1947 5217 aram
1985 5157 2230 5214 Victoriae
2257 5159 2311 5214 in
2340 5160 2491 5216 curia
2520 5162 2769 5235 restitui,
2809 5166 2879 5227 ab
2904 5168 3191 5231 Ambrosio
3219 5172 3389 5235 fuisse

1794 5249 2127 5313 confutatam
2156 5249 2406 5323 (Observ.
2427 5254 2483 5311 in
2513 5255 2749 5314 Ambros.
2769 5299 2788 5328 ,
2816 5262 2968 5331 epist.
2999 5263 3100 5333 18,
3131 5274 3181 5325 οι
3224 5268 3385 5340 sum.

186 5332 374 5391 Cicero
408 5346 587 5391 autem
630 5351 737 5391 non
779 5336 950 5393 solius
978 5337 1304 5407 Concordia,
1344 5340 1439 5395 sed
1481 5338 1693 5396 Virtutis
1796 5344 1965 5405 much.
1996 5344 2179 5413 relat.,
2208 5353 2333 5403 tom.
2363 5346 2465 5421 ιι).

118 5430 275 5486 etiam
301 5470 317 5495 ,
358 5427 619 5497 Honoris,
649 5428 852 5486 Salutis
895 5442 943 5486 et
994 5431 1230 5489 Victoria:
1281 5434 1477 5505 templa
1502 5477 1518 5503 ,
1553 5444 1690 5501 tam.

1873 5435 2138 5501 Dissimus
2159 5445 2427 5508 praeterea
2448 5454 2522 5505 es
2545 5439 2806 5507 Suetonio
2829 5445 3105 5509 conditum
3121 5464 3154 5513 a
3183 5451 3385 5525 Vespa-

118 5540 272 5596 quam
297 5524 546 5578 omnibus
573 5532 697 5579 nota
728 5533 1014 5579 memorat.
1060 5525 1169 5581 Nos
1195 5536 1374 5584 autem
1413 5527 1696 5587 admonuit
1788 5531 1948 5603 siano
1979 5529 2314 5602 lmperatore
2346 5534 2608 5605 templum
2649 5536 2808 5601 Pacis
2830 5580 2846 5605 ,
2894 5540 3011 5603 loro
3035 5524 3340 5615 proximum
3362 5595 3380 5620 ,

122 5618 368 5685 templum
418 5614 652 5670 Honoris
690 5630 718 5668 a
758 5613 827 5669 Μ.
866 5615 1119 5673 Marcello
1165 5619 1327 5675 fuisse
1372 5631 1688 5685 renovatum
1792 5624 1946 5697 cujus
1990 5623 2233 5692 Plinius,
2268 5624 2910 5701 Xipltilinus,.losepuus
2966 5613 3049 5691 et
3075 5636 3167 5701 ειίί
3194 5613 3385 5705 mi;

124 5708 353 5781 (Cicer.,
412 5707 498 5762 lib.
542 5708 581 5762 'u
620 5706 683 5760 de
719 5704 907 5763 Natur.
937 5708 1113 5777 ileon,
1155 5728 1273 5785 pag.
1301 5712 1441 5781 225,
1472 5713 1563 5769 lin.
1589 5712 1689 5786 6).

1794 5733 1945 5783 nere.
1988 5716 2267 5779 Chimenis
2307 5727 2487 5785 autem
2535 5729 2712 5787 statua
2759 5731 3049 5797 attestante
3092 5729 3378 5807 Pausania,

124 5794 294 5857 Livius
323 5816 450 5858 vero
477 5799 751 5856 memoriae
783 5799 1017 5872 prodidit
1059 5802 1230 5861 aedem
1266 5806 1460 5864 Salutis
1483 5848 1499 5877 ,
1529 5823 1686 5880 quam
1793 5810 2018 5871 Romam
2067 5809 2121 5866 in
2164 5808 2321 5869 Pacis
2362 5810 2620 5883 templum
2660 5812 2943 5887 deportata
2973 5794 3060 5879 est
3109 5794 3376 5903 (Sueten;
